4084 6214
2621 338 3237 350 ..Α-...Μ

1366 375 2115 384 .-....__..____.—_——.——_———__-
2258 378 2350 383 -.___
2376 380 2411 383 vv
2526 380 2545 383 νμ
2624 382 2673 385 ,νγ
2711 381 2725 384 ν
2792 382 2857 386 WA.
2880 382 2909 385 μγ
2942 383 3015 387 κγ.-
3046 383 3163 388 τ-μμῌ
3270 386 3537 392 ..τ-..ῄ-μ-

1366 376 1395 381 η.
1403 375 1558 382 -..ηρ-...-
1565 375 1941 382 -ςι--ο-ι--η-
1954 377 2115 384 —_—__-

1534 499 2408 630 PRIEFATIO.

407 833 695 891 Secundus
712 845 939 901 operum
976 829 1228 899 Origenis
1278 836 1455 884 tomus
1484 829 1863 899 complectitur
1888 833 2101 887 residua
2129 830 2249 901 ejus
2276 834 2328 887 in
2365 830 2640 905 Genesim,
2671 838 2722 894 in
2756 839 3020 910 Exodum,
3076 846 3127 901 in
3178 846 3502 916 Leviticum,
3534 852 3587 905 in

339 926 629 990 Numeros,
666 924 719 978 in
750 922 1251 982 Deuteronominm,
1277 921 1330 975 in
1353 919 1537 987 Josue,
1575 922 1628 976 in
1686 921 1930 988 Judices,
1968 924 2021 978 in
2054 925 2223 991 Ruth,
2266 925 2317 980 in
2343 926 2508 982 libros
2530 925 2758 999 Regum,
2783 933 2833 986 iu
2860 932 2985 1000 Job,
3009 950 3074 991 ac
3108 938 3325 994 demum
3359 940 3411 994 in
3439 940 3593 995 Psal-

344 1035 459 1073 mos
482 1012 805 1088 ἐξηγητικά,
839 1015 923 1069 vel
978 1013 1317 1084 ἐξηγητικῶν
1368 1014 1665 1083 fragmenta
1693 1016 1957 1085 quampr

1977 1020 2113 1082 ima,
2151 1019 2345 1087 partim
2394 1019 2506 1089 jam
2540 1022 2680 1092 typis
2736 1039 2958 1091 excusa,
3012 1030 3207 1097 partim
3254 1032 3485 1086 nondum
3539 1035 3590 1090 in

342 1112 518 1165 lucem
556 1108 829 1176 evulgata.
862 1108 992 1174 Quae
1016 1105 1207 1160 Latine
1271 1114 1478 1160 tantmn
1510 1116 1802 1177 supersunt
1828 1123 1893 1162 ex
1930 1107 2376 1176 interpretatione
2410 1110 2609 1175 Ruﬁni,
2643 1128 2705 1167 ea
2736 1115 2801 1168 ad
2836 1126 3075 1173 veterum
3102 1124 3592 1193 manuscriptornm

342 1203 505 1259 ﬁdem
543 1202 919 1257 recensuimus
942 1214 956 1257 :
978 1196 1167 1252 Graeca
1192 1207 1371 1251 autem
1406 1195 1711 1267 fragmenta
1751 1205 1892 1253 unde
1926 1199 1977 1252 in
2015 1200 2156 1254 hanc
2204 1200 2495 1257 editionem
2526 1204 2925 1273 adduxerimus,
2954 1212 3204 1281 specialis
3230 1190 3389 1269 docet
3416 1217 3597 1272 admo-
3648 1190 3651 1191 ν

343 1294 643 1361 nitio,qua:
662 1288 745 1344 vel
778 1291 843 1343 ad
881 1290 1017 1342 imas
1068 1289 1291 1357 paginas
1323 1287 1496 1356 posita
1529 1299 1637 1351 est,
1671 1287 1752 1341 vel
1808 1289 2101 1358 unicuique
2158 1290 2606 1360 Origenianorum
2662 1295 2713 1349 in
2763 1298 3002 1369 singulos
3063 1300 3363 1372 Scriptura:
3420 1322 3593 1362 sacra-

344 1385 515 1439 libros
555 1382 896 1453 ὲξηγητικῶν
926 1380 1231 1435 collectioni
1267 1378 1485 1449 praeﬁxa
1516 1390 1618 1435 est.
1646 1379 1762 1435 Non
1809 1380 1982 1435 levem
2021 1382 2152 1436 mihi
2178 1383 2478 1436 molestiam
2507 1395 2561 1438 et
2584 1386 2821 1443 laborem
2846 1394 3054 1461 peperit
3086 1395 3129 1448 is
3152 1396 3240 1463 qui
3287 1401 3597 1454 necessario

345 1480 626 1534 habendus
661 1478 760 1531 fuit
785 1476 1030 1531 delectus
1057 1491 1247 1529 eorum
1280 1490 1399 1545 qum
1435 1476 1486 1528 in
1516 1475 1735 1530 Catenis
1770 1475 1975 1531 Graecis
2003 1478 2101 1531 sub
2131 1479 2347 1532 nomine
2368 1475 2620 1548 Origcnis
2660 1483 3129 1541 circumferuntur.
3165 1488 3279 1544 Vidi
3319 1492 3596 1561 fragmen-

346 1583 394 1624 ta
426 1574 610 1626 omnia
663 1570 711 1624 ei
747 1568 1005 1638 ascripta,
1063 1576 1176 1621 tum
1205 1581 1328 1636 qua:
1354 1567 1715 1621 Combelisius
1757 1583 1788 1619 e
1828 1566 2049 1622 Catenis
2079 1584 2209 1624 mss.
2244 1568 2669 1637 Parisieusibns,
2708 1588 2819 1629 tum
2850 1593 2970 1646 qua:
2999 1578 3264 1635 Ernestus
3294 1583 3531 1639 Grabins
3565 1602 3596 1639 c

343 1663 562 1718 Catenis
598 1661 990 1731 manuscriptis
1018 1658 1339 1728 Anglicanis
1368 1658 1751 1727 exscripserat.
1789 1658 1884 1712 llla
1913 1660 1981 1713 ab
2014 1659 2226 1715 erudito
2246 1660 2408 1717 Patre
2432 1663 2706 1721 Ludovico
2737 1671 2803 1723 de
2833 1670 3204 1728 Tonrnemine
3235 1673 3468 1740 Jesnita,
3501 1693 3592 1745 pe-

344 1770 439 1810 nes
468 1770 630 1824 quem
664 1763 904 1817 exstant,
945 1767 1158 1807 mecum
1202 1752 1616 1819 perhmnauiter
1645 1750 2043 1805 communicata
2074 1765 2229 1817 sunt;
2263 1755 2375 1812 lucc
2399 1773 2531 1812 vero
2555 1773 2583 1811 a
2614 1758 2950 1816 doctissimis
2978 1763 3170 1833 Anglis
3205 1766 3314 1821 DD.
3360 1767 3593 1821 Valkem

346 1858 400 1903 et
424 1848 643 1903 Bentleo
667 1848 842 1902 amico
865 1861 1089 1915 prorsus
1120 1846 1303 1899 animo
1325 1845 1391 1897 ad
1425 1859 1511 1899 me
1542 1844 1860 1897 transmissa
1887 1854 2035 1898 sunt.
2064 1846 2185 1900 Vidi
2229 1849 2448 1918 insuper
2484 1851 2781 1920 fragmenta
2818 1868 2936 1922 quae
2988 1858 3188 1925 passim
3236 1860 3339 1913 sub
3373 1861 3593 1915 nomine

346 1936 599 2009 Origenis
629 1939 895 1993 habentur
928 1937 982 1991 in
1022 1936 1187 1989 variis
1212 1934 1334 1989 aliis
1363 1934 1673 1990 Graecorum
1707 1932 1927 1986 Patrum
1950 1934 2193 1999 Catenis,
2227 1952 2364 2005 quas
2394 1938 2447 1991 iu
2476 1938 2650 1994 lucem
2685 1941 2985 1996 emiserunt
3018 1945 3333 2012 Cordcrins,
3386 1948 3591 2003 Barba-

349 2048 465 2096 rns,
494 2028 1160 2094 Ghislerius,'Comitolns,
1196 2025 1454 2109 Patritins
1481 2025 1697 2078 Junius-
1739 2035 1795 2079 et
1820 2026 1930 2078 alii.
1966 2025 2075 2081 Sed
2100 2027 2257 2081 valde
2316 2029 2521 2083 incerta
2557 2041 2642 2083 est
2676 2033 2917 2085 onmium
2972 2034 3231 2093 harumce
3262 2041 3590 2097 Catenarum

345 2127 497 2181 ﬁdes.
529 2124 583 2177 in
607 2124 689 2178 his
724 2124 869 2178 enim
904 2121 1121 2175 nomina
1144 2120 1495 2187 scriptorum,
1522 2133 1552 2171 e
1580 2132 1813 2186 quorum
1852 2120 2175 2187 fragmentis
2203 2120 2305 2174 ilhc
2330 2123 2728 2177 consarcinatae
2750 2135 2897 2189 sunt,
2934 2126 3006 2181 ita
3062 2143 3300 2199 persznpe
3348 2134 3488 2189 inter
3534 2151 3594 2188 se

340 2218 766 2281 confunduntur,
787 2224 845 2269 ut
870 2230 988 2283 qua:
1004 2228 1108 2267 una
1136 2209 1571 2279 CatenaOrigeni
1610 2208 1855 2273 ascribit,
1874 2225 1937 2263 ea
1967 2211 2018 2264 in
2044 2210 2215 2265 altera
2244 2212 2488 2282 Didymo,
2508 2223 2601 2266 aut
2632 2214 2888 2281 Eusebio,
2913 2227 3006 2272 aut
3028 2218 3476 2291 Thcodoreto,vel
3497 2229 3588 2282 alii

340 2316 566 2372 cuilibet
602 2312 887 2379 interpreti
912 2313 1243 2363 tribuantur.
1278 2305 1390 2359 Huc
1420 2307 1555 2357 adde
1581 2305 1724 2374 quod
1757 2305 1844 2358 ubi
1881 2306 2118 2361 unanimi
2144 2307 2352 2362 illarum
2385 2322 2655 2364 consensu
2713 2311 2939 2380 aliquod
2971 2314 3331 2386 h-agtnentum
3372 2320 3591 2391 Origeni

342 2412 625 2473 tribuitur,
650 2409 703 2463 id
732 2406 1007 2460 interdum
1042 2401 1125 2457 vel
1150 2402 1217 2457 ad
1256 2399 1568 2465 Eusebium,
1593 2400 1673 2454 vel
1705 2401 1771 2453 ad
1796 2401 2223 2464 Theodoretum,
2252 2402 2335 2457 vel
2363 2402 2429 2457 ad
2453 2405 2616 2458 alium
2641 2407 2940 2473 quemlibet
2965 2411 3287 2479 scriptorem
3320 2418 3594 2484 pertinere

342 2525 410 2565 ει
440 2509 701 2562 horumce
727 2503 945 2557 Patrum
980 2499 1142 2555 editis
1173 2497 1582 2553 commentariis
1610 2512 1715 2551 non
1748 2512 1871 2552 raro
1900 2497 2251 2567 deprehendi.
2281 2497 2645 2566 Quamobrem
2674 2501 2765 2555 illa
2793 2503 2973 2558 omnia
2996 2519 3116 2573 qua:
3153 2517 3271 2560 sunt
3303 2509 3591 2577 ejusmodi,

346 2599 667 2669 negligenda
697 2606 920 2665 prorsus
940 2600 995 2645 et
1018 2590 1322 2644 omittenda
1354 2588 1571 2653 censui;
1600 2597 1796 2643 cratera
1837 2603 1969 2643 vero
1992 2589 2347 2645 exscribenda
2381 2600 2436 2645 et
2470 2592 2597 2645 huic
2630 2592 2853 2647 editioni
2884 2594 3171 2651 inserenda
3203 2598 3471 2664 judicavi,
3508 2605 3592 2659 vel

351 2706 479 2761 qua:
508 2706 570 2745 ex
595 2688 799 2751 Ruﬁni,
831 2683 1165 2753 Hieronymi,
1197 2691 1289 2734 aut
1314 2680 1541 2734 aliorum
1574 2681 1769 2750 priscis
1810 2681 2353 2750 interpretationibus
2378 2683 2632 2753 Origenis
2653 2699 2775 2739 esse
2805 2697 3040 2753 constat,
3075 2691 3157 2745 vel
3181 2707 3301 2760 quae
3354 2692 3581 2765 Origen;

352 2784 496 2839 falso
525 2782 762 2851 ascripta
794 2794 913 2835 esse
952 2773 1318 2831 demonstrari
1364 2774 1553 2842 nequit
1574 2788 1639 2827 ex
1670 2773 1899 2829 aliorum
1926 2773 2146 2828 Patrum
2179 2775 2230 2828 in
2272 2775 2583 2846 Scripturas
2605 2791 2794 2831 sacras
2821 2780 3276 2847 expositionibus.
3314 2785 3591 2853 Ejusmodi

345 2878 777 2949 fragmentorum
811 2890 875 2929 ex
916 2871 1152 2940 Origene
1182 2873 1397 2924 concise
1421 2869 1585 2923 nimis
1616 2877 2000 2936 excerptorum
2035 2866 2369 2937 interruptus
2415 2882 2791 2936 sarpenumero
2823 2879 2908 2926 est
2944 2881 3117 2928 tenor.
3168 2875 3307 2931 Hinc
3332 2878 3594 2949 pleraque

244 3024 251 3031 .
342 2977 481 3029 adeo
507 2974 742 3028 obscura
768 2980 822 3025 et
857 2969 1097 3023 involuta
1127 2975 1275 3032 sunt,
1312 2974 1368 3020 ut
1392 2964 1509 3019 fere
1539 2962 1748 3027 (Edico
1777 2962 2094 3031 conjectore
2118 2962 2415 3031 indigeant.
2446 2961 2502 3016 ld
2529 2979 2713 3019 secum
2738 2965 2782 3019 si
2812 2969 2938 3035 quis
2971 2968 3114 3022 serio
3137 2978 3191 3023 et
3223 2973 3450 3027 candide
3473 2988 3593 3042 per-

346 3069 620 3138 penderit,
644 3064 967 3126 faciliorem,
1003 3062 1079 3116 uti
1111 3076 1293 3130 spero,
1324 3061 1537 3115 veniam
1564 3057 1848 3122 concedet,
1875 3058 1919 3112 si
1953 3058 2021 3111 iis
2054 3057 2107 3110 in
2136 3056 2389 3110 Latinum
2418 3071 2720 3112 sermonem
2749 3062 3023 3117 vertendis
3059 3078 3154 3132 per
3183 3064 3589 3127 festinationem

344 3164 487 3217 forte
515 3174 609 3216 aut
658 3158 1064 3230 incogitantiam
1110 3154 1309 3209 alicubi
1358 3153 1491 3223 lapsi
1541 3168 1748 3207 sumus.
1793 3151 2001 3206 Pl‘iBlCl‘
2048 3152 2477 3207 commentarios
2514 3163 2571 3206 et
2601 3153 2853 3210 bomilias
2881 3173 3017 3226 quas
3043 3160 3094 3213 in
3135 3160 3380 3216 P-salmos
3410 3164 3585 3217 edidit

343 3255 632 3323 Origenes,
668 3251 924 3306 brevibus
948 3248 1109 3302 etiam
1140 3246 1364 3302 scholiis
1411 3244 1736 3298 Psalterium
1791 3242 2099 3297 illustravit.
2145 3241 2272 3297 Htec
2326 3242 2516 3298 Graece
2558 3261 2715 3300 manu
2761 3248 2961 3316 scripta
2994 3252 3225 3307 credidit
3272 3253 3593 3311 Guillelmus

347 3348 557 3402 Caveus
585 3345 884 3399 etiamnum
916 3349 1132 3397 exstare
1191 3338 1243 3391 in
1314 3335 1644 3390 bibliotheca
1702 3332 2105 3389 Vindohouensi
2172 3333 2361 3388 codice
2411 3335 2576 3391 theol.
2625 3352 2691 3391 ex
2745 3338 3099 3407 dispositione
3148 3339 3424 3398 Lambecii
3477 3361 3591 3411 xvi,

351 3438 575 3493 Nesselii
615 3453 791 3502 cccxx,
822 3436 911 3490 ubi
966 3448 1160 3488 revera
1202 3430 1429 3500 singulis
1466 3429 1713 3483 versibus
1754 3443 1782 3481 a
1827 3428 2017 3495 psalmi
2050 3428 2250 3494 tx,10,
2275 3444 2444 3498 usque
2475 3432 2540 3485 ad
2589 3431 2749 3485 {intem
2809 3432 3058 3487 Psalterii
3124 3436 3408 3505 subjuncta
3464 3450 3591 3494 sunt

346 3532 578 3595 scholia,
620 3546 735 3599 qua:
768 3530 821 3583 in
856 3527 963 3581 ﬁne
988 3526 1191 3581 codicis
1217 3521 1435 3591 Origeui
1475 3521 1808 3583 tribuuntur,
1834 3529 1890 3574 et
1947 3521 2202 3574 dicuntur
2253 3523 2603 3589 protopsaltze
2660 3523 2918 3580 Ecclesia:
2978 3526 3257 3596 cujusdam
3314 3531 3594 3590 Cretensis

344 3640 510 3679 manu
541 3623 831 3689 descripta.
864 3619 1080 3674 Illorum
1111 3617 1273 3672 hodie
1301 3628 1467 3684 penes
1497 3629 1581 3668 me
1604 3624 1687 3669 est
1717 3615 2110 3683 apograplmm,
2133 3628 2162 3666 a
2194 3613 2499 3668 clarissimo
2520 3615 2945 3687 doctissimoque
2982 3620 3201 3675 domino
3233 3622 3590 3682 Barteinstein

346 3716 443 3785 qui
473 3729 613 3768 nunc
640 3715 902 3767 Cesareze
937 3709 1204 3777 majestati
1238 3718 1322 3785 est
1350 3723 1379 3761 a
1412 3706 1678 3770 consiliis,
1734 3707 1789 3760 in
1833 3719 1980 3759 meos
2013 3720 2143 3758 usus
2176 3705 2548 3773 descriptum;
2587 3717 2753 3761 totum
2810 3723 2940 3763 vero
2999 3727 3135 3781 opus
3190 3713 3316 3767 illud
3366 3717 3585 3785 Origcui

339 3810 685 3879 suppositum
742 3818 863 3861 esse
916 3802 1003 3858 vel
1039 3804 1164 3859 inde
1199 3803 1334 3857 satis
1363 3801 1554 3871 liquet,
1589 3802 1732 3870 quod
1753 3801 1842 3855 ubi
1889 3799 1955 3853 de
1983 3800 2149 3853 Maria
2182 3798 2426 3870 Virgine,
2473 3800 2558 3855 vel
2589 3800 2677 3854 ubi
2719 3802 2786 3856 de
2817 3801 2977 3859 Patre
3017 3817 3071 3859 et
3121 3806 3257 3862 Filio
3288 3818 3342 3861 et
3384 3808 3588 3880 Spiritu

342 3907 533 3954 sancto
562 3913 749 3952 sermo
779 3908 885 3963 est,
919 3896 1011 3950 illa
1037 3895 1240 3949 diserte
1264 3892 1564 3962 appellatur
1590 3891 1861 3954 θεοτόκος,
1890 3890 2061 3945 Filius
2113 3898 2293 3943 autem
2335 3890 2479 3945 Patri
2504 3891 2788 3962 ὁμοούσιος
2832 3894 3155 3962 praedicatur
3200 3914 3213 3951 :
3264 3914 3382 3967 qua:
3431 3918 3591 3956 voces

345 3991 675 4059 scriptorem
705 4003 809 4043 non
836 3987 1006 4041 solum
1046 3987 1253 4057 synodo
1287 3983 1528 4046 Nicaena,
1567 3982 1658 4035 sed
1684 3991 1739 4035 et
1765 3980 1997 4035 concilio
2021 3979 2295 4049 Ephesino
2326 3981 2683 4037 recentiorem
2711 3995 2964 4055 arguunt.
3002 3987 3084 4040 Ah
3114 3988 3195 4042 his
3224 3990 3388 4058 igitur
3422 3994 3587 4047 eden-

347 4084 431 4135 dis
453 4082 679 4136 scholiis
721 4080 1105 4135 abstinendum
1130 4093 1252 4133 esse
1288 4076 1439 4132 duxi.
1464 4074 1577 4129 Nec
1607 4075 1766 4127 aliam
1796 4083 1997 4127 sortem
2031 4073 2353 4127 habuissent
2387 4084 2497 4128 tres
2527 4076 2653 4129 item
2686 4076 2822 4131 l‘also
2850 4080 3068 4148 ascripti
3107 4081 3426 4135 Adamantio
3465 4085 3587 4138 libri

346 4174 397 4225 in
422 4171 545 4236 Joh,
580 4188 717 4240 quos
750 4172 818 4225 ad
847 4171 1051 4225 calcem
1074 4170 1232 4238 hujus
1264 4167 1393 4221 tomi
1419 4166 1604 4235 rejeci,
1637 4177 1883 4233 quosque
1910 4177 2233 4233 suppressos
2277 4165 2585 4219 maluissem
2610 4205 2625 4229 ,
2666 4167 2709 4220 si
2754 4167 2806 4220 in
2844 4167 3180 4223 Genebrardi
3207 4172 3445 4227 editione
3487 4177 3590 4228 sub

345 4265 601 4333 Origcuis
635 4262 850 4317 nomine
882 4277 982 4313 nou
1014 4258 1519 4313 circumferrentur.
1546 4257 1689 4310 Idem
1726 4252 2129 4320 estojndicium
2163 4258 2228 4311 de
2256 4257 2468 4325 prolixo
2505 4256 2679 4312 altero
2711 4258 2762 4311 in
2823 4269 2992 4314 totum
3041 4261 3235 4316 librum
3291 4263 3390 4319 Job
3435 4282 3587 4321 com-

346 4358 635 4421 mentario,
665 4356 755 4423 qui
793 4355 978 4424 utique
1008 4354 1060 4406 in
1091 4354 1276 4406 eadem
1304 4349 1639 4407 Genebrardi
1673 4347 1910 4407 editione
1939 4348 2040 4401 sub
2060 4352 2326 4405 ementito
2353 4347 2605 4419 Origenis
2649 4351 2867 4406 nomine
2920 4353 3093 4407 tribus
3146 4355 3305 4407 modo
3340 4356 3502 4411 dictis
3533 4360 3586 4412 in

344 4450 446 4508 Job
473 4451 628 4504 libris
655 4448 849 4503 Latine
881 4455 1089 4501 tantttm
1115 4445 1434 4513 subjunctus
1462 4454 1544 4497 est
1571 4458 1637 4496 ex
1666 4443 2118 4512 interpretatione
2146 4441 2412 4496 Joachimi
2444 4440 2707 4497 Perionii.
2734 4442 2912 4511 Ipsum
2944 4445 3159 4512 quidem
3202 4446 3252 4499 in
3288 4447 3393 4501 tlne
3426 4450 3587 4519 hujus

352 4547 479 4600 tomi
516 4545 610 4613 qui
634 4541 962 4611 jamjustam
992 4539 1045 4593 in
1073 4537 1267 4591 molem
1294 4545 1635 4596 excreverat,
1659 4534 1824 4589 edere
1862 4551 1972 4589 non
2009 4534 2187 4599 licuit,
2221 4537 2314 4587 sed
2340 4535 2466 4602 quia
2496 4550 2849 4605 suppressum
2878 4553 3020 4603 aegre
3071 4537 3278 4592 ferrent
3338 4540 3584 4609 plurimi.

355 4638 422 4691 ad
446 4636 586 4690 tertii
618 4636 745 4688 ιυιηί
768 4633 968 4688 calcem
996 4632 1138 4711 typis
1161 4644 1397 4684 cxcusus
1424 4626 1609 4682 Graece
1636 4636 1690 4681 et
1722 4625 1916 4681 Latine
1950 4626 2254 4694 reperietur
2294 4624 2391 4695 (α).

425 4727 551 4781 “me
570 4727 634 4781 de
659 4728 933 4795 operibus,
958 4742 1078 4795 qum
1100 4724 1339 4781 secundo
1370 4723 1471 4777 hoc
1494 4720 1767 4775 volumine
1798 4719 2170 4783 continentur,
2205 4714 2393 4785 paucis
2418 4717 2695 4786 praelatus,
2734 4732 2878 4775 nunc
2924 4734 3102 4788 operae
3151 4722 3382 4791 pretium
3413 4720 3585 4775 factu-

356 4838 477 4877 rum
514 4834 599 4873 me
624 4831 768 4887 puto,
791 4821 837 4874 si
872 4820 1098 4887 vestigia
1153 4832 1404 4887 premens
1464 4814 1763 4870 doctissimi
1798 4812 2056 4883 anonymi
2084 4813 2173 4880 qui
2202 4810 2425 4866 Lutetiae
2456 4811 2785 4866 Parisiorum
2817 4827 2958 4867 anno
2982 4813 3140 4879 1727,
3164 4818 3301 4883 apud
3325 4814 3587 4870 Jacohum

350 4916 606 4977 Vincent,
637 4912 842 4967 Gallice
868 4928 897 4965 a
930 4927 988 4966 se
1014 4920 1069 4966 et
1099 4908 1311 4964 erudite
1350 4905 1722 4971 conscriptum
1757 4919 1823 4957 ex
1850 4902 2094 4956 doctrina
2129 4901 2351 4954 Patrum
2387 4900 2455 4955 de
2504 4915 2663 4955 sensu
2712 4900 2936 4956 litterali
2968 4904 3113 4957 etde
3158 4918 3319 4958 sensu
3357 4904 3585 4973 mystico

346 5007 643 5074 Scriptura!
679 5018 847 5059 sacrae
875 5013 1165 5058 tractatmn
1197 4999 1514 5070 publicavit,
1553 5001 1772 5052 brevem
1803 4996 1978 5064 primo
2008 4994 2294 5049 exhibeam
2344 4994 2486 5049 illius
2513 5004 2864 5065 conspectum
2896 4996 3133 5050 methodi
3168 5012 3330 5065 quam
3365 4998 3431 5049 ad
3500 4998 3584 5052 in-

348 5100 727 5169 terpretandas
758 5097 1062 5164 Scripturas
1088 5095 1190 5149 sibi
1218 5094 1491 5164 propriam
1542 5090 1671 5146 fecit
1700 5089 1963 5160 Origenes
1984 5129 1999 5153 ,
2024 5088 2222 5144 deinde
2259 5088 2404 5142 illam
2436 5087 2773 5144 enucleatius
2807 5089 3092 5157 explicem,
3131 5097 3186 5142 et
3214 5088 3433 5143 disertis
3463 5088 3582 5158 ejus

346 5196 675 5250 testimoniis
703 5191 1068 5260 comprobem.

750 5380 754 5383 γ
794 5306 1103 5385 SynOpsis
1138 5303 1548 5381 Origenianaa
1586 5296 1867 5362 methodi
1903 5295 1979 5357 ad
2014 5295 2485 5373 Seripturarum
2522 5294 3141 5373 interpretationem.

422 5438 493 5491 Ea
520 5436 860 5507 potissimum
886 5434 1228 5501 sequentibus
1257 5434 1406 5486 hisce
1429 5426 1729 5485 enuntiatis
1755 5427 2092 5480 continetur.
2124 5424 2178 5476 l°
2209 5422 2429 5490 Triplex
2465 5430 2547 5476 est
2573 5420 2874 5491 Scriptura:
2907 5438 3119 5484 sensus,
3153 5422 3421 5485 litteratis,
3466 5439 3580 5474 mo.

353 5530 502 5595 ralis,
523 5539 577 5583 et
608 5529 869 5600 mysticus
900 5540 993 5581 seu
1023 5523 1361 5594 allegoricus.
1390 5523 1448 5575 ‘2'
1480 5521 1572 5576 Est
1601 5520 1690 5574 ubi
1721 5517 1872 5572 solus
1907 5515 2197 5579 litteralis;
2229 5522 2313 5567 est
2357 5510 2446 5564 ubi
2477 5513 2623 5566 solus
2670 5514 2893 5569 moralis
2968 5513 3049 5566 vel
3081 5514 3229 5569 solus
3282 5516 3576 5585 mysticus;

420 5648 499 5718 (α)
529 5644 802 5701 Omissum
825 5650 909 5696 est
934 5652 1136 5695 tamen.
1169 5638 1297 5695 Vide
1322 5639 1702 5697 Prtcfationem
1738 5634 1800 5689 ι).
1837 5638 1908 5692 De
1936 5634 1985 5688 la
2016 5632 2129 5687 Rue
2160 5633 2225 5686 ad
2260 5639 2392 5684 tom.
2432 5626 2515 5684 IV.

459 5792 524 5852 ί
590 5776 593 5777 ν
713 5739 983 5798 Paeon.
1018 5734 1138 5795 Gn.
1188 5732 1328 5795 XII.

3231 5724 3258 5775 1

260 5871 583 6112 ιθ)

194 6079 437 6162 Χίνί
