4180 6216
494 265 554 317 Η
1679 269 2047 327 PREFATIO
2085 273 2145 327 Al

2097 273 2177 327 so
2218 274 2381 334 TOM.
2424 279 2489 332 ιι.
3682 301 3748 354 η

490 381 725 449 denique
763 391 845 435 est
869 381 958 436 ubi
994 380 1248 436 litteralis
1276 380 1437 433 simul
1471 389 1527 435 et
1563 382 1824 453 mysticus
1856 397 2051 437 sensus
2084 383 2262 438 locum
2317 386 2541 443 habent.
2572 388 2637 442 5°
2661 388 2718 445 Si
2755 396 3051 460 generatim
3130 414 3215 452 res
3248 412 3543 471 spectetur,
3567 407 3633 460 ad
3667 409 3748 462 in.

490 470 825 526 stitntioucm
859 480 916 528 et
938 472 1366 527 aedificationem
1387 471 1711 541 simplicimn
1744 473 1946 529 sulliclt
1983 474 2233 531 litterulis
2266 492 2479 533 sensus.
2507 480 2566 533 4ο
2597 482 2752 552 Stepe
2785 494 2966 542 tamen
2998 489 3175 545 littera
3208 470 3354 549 inse
3395 496 3558 550 habet
3583 497 3745 561 fama,

484 562 747 627 absurda,
786 578 970 616 secum
1005 564 1326 632 pugnantia,
1366 563 1744 634 impossibilia,
1776 576 1829 619 et
1859 576 2055 622 caetera
2084 566 2422 634 huiusmodi,
2460 571 2602 626 unde
2632 575 2743 629 nati
2772 588 2896 631 sunt
2926 595 3145 636 errores
3181 591 3565 653 propemodum
3614 588 3748 644 inti-

488 653 608 706 niti.
643 653 700 706 5ο
732 652 988 739 Mystieus
1015 668 1108 706 seu
1141 653 1472 722 allegoricus
1503 670 1696 711 sensus
1720 660 2049 713 auctoritate
2076 660 2207 733 Novi
2250 660 2585 716 Testamenti
2612 666 2830 732 nititur,
2864 680 3055 740 estque
3100 652 3320 729 omnino
3366 682 3736 746 necessarius,

482 754 542 797 nt
569 744 635 796 ab
663 744 991 797 adversariis
1021 753 1135 799 tnta
1170 758 1388 799 maneat
1416 749 1617 802 veritas
1638 751 2069 818 Scripturarum,
2101 762 2156 805 et
2185 753 2312 820 ipsae
2344 754 2451 809 Deo
2478 756 2653 824 dignm
2674 758 2998 817 etiiciantur.
3032 763 3096 817 6°
3130 765 3505 824 Diti‘tcillimum
3530 781 3635 833 est,
3674 744 3743 827 ,ιρ

482 839 660 891 dicam
695 835 1045 902 impossibile,
1072 838 1333 907 mystieos
1361 840 1573 906 assequi
1625 854 1817 893 sensus
1847 856 1985 909 quos
2034 842 2086 895 in
2116 857 2173 897 se
2219 843 2602 913 complectitur
2638 847 2948 919 Scriptura.
2997 855 3056 908 7ο
3085 856 3155 912 lis
3182 869 3359 914 tamen
3387 865 3742 930 assequendis

480 929 785 982 conducere
813 942 1014 993 queant
1053 931 1251 997 regula:
1281 940 1569 999 sequentes
1602 949 1614 983 :
1650 930 1891 985 Primum
1930 933 1975 986 si
2004 935 2399 990 eteremonialis
2430 937 2515 992 lex
2550 940 2687 996 adeo
2728 952 2838 997 tota
2870 945 3055 1017 ﬁguris
3086 950 3243 1018 plena
3293 929 3651 1023 existimetur,
3677 968 3739 1011 ut

481 1020 685 1090 singula
713 1019 1116 1090 Seriptnrarnm
1146 1022 1259 1076 loca
1285 1038 1404 1091 qua:
1431 1025 1499 1077 ad
1533 1023 1680 1077 illam
1717 1024 2051 1089 referuntur,
2099 1040 2186 1091 ea,
2244 1041 2313 1081 ne
2365 1036 2472 1084 uno
2505 1033 2722 1100 quidem
2775 1050 3027 1108 excepto,
3090 1058 3193 1097 non
3248 1044 3574 1113 litteraliter,
3640 1019 3734 1105 sed

481 1115 708 1184 mystice
746 1116 951 1167 tantum
978 1115 1351 1184 accipiantur;
1388 1115 1585 1170 deinde
1617 1116 1661 1170 si
1696 1116 2006 1186 ubicunque
2041 1132 2222 1173 sermo
2254 1130 2337 1174 est
2367 1122 2433 1176 de
2483 1121 2808 1193 Jerusalem,
2838 1132 2903 1185 de
2951 1132 3205 1204 Egypto,
3240 1135 3532 1207 Babylone,
3585 1139 3734 1211 Tyro

477 1208 706 1278 aliisque
734 1208 964 1262 terrenis
997 1207 1151 1267 locis,
1176 1218 1343 1260 totutu
1375 1208 1427 1260 id
1461 1206 1729 1262 referatur
1758 1208 1823 1260 ad
1856 1208 2097 1263 caelestia
2126 1210 2241 1265 loca
2270 1253 2284 1277 ,
2313 1227 2433 1281 quae
2460 1215 2764 1271 animarum
2798 1220 2909 1274 sint
2948 1223 3286 1289 habitacula;
3319 1206 3383 1281 ac
3428 1206 3648 1284 demum
3685 1234 3731 1287 si

474 1303 847 1370 mlmysticnm
886 1314 1107 1353 seusmn
1158 1300 1502 1368 ctnil'ugiatnr
1566 1310 1621 1356 et
1689 1300 1971 1357 deseratur
2031 1303 2232 1372 littera,
2265 1307 2476 1376 quoties
2501 1308 2654 1373 falsa,
2681 1311 2884 1367 inutilis
2906 1330 2968 1370 ac
3000 1315 3349 1388 Deoimtigna
3376 1323 3485 1376 visa
3543 1324 3729 1379 fuerit.

477 1395 586 1447 lloe
615 1404 696 1445 est
727 1391 1038 1461 Origeniani
1077 1394 1140 1447 de
1172 1393 1580 1462 interpretamla
1626 1393 1913 1462 Scriptura
1982 1410 2136 1449 sacra
2186 1400 2504 1466 systematis
2556 1400 2957 1472 eontpendium.
2995 1407 3144 1461 Nunc
3204 1413 3545 1470 enucleatius
3598 1416 3729 1472 illud

471 1500 552 1541 est
583 1486 961 1555 explicandum
998 1496 1054 1539 et
1082 1486 1302 1540 disertis
1328 1485 1639 1540 Adamantii
1673 1487 2014 1541 testimoniis
2044 1491 2419 1547 astruendmn.

1241 1605 1432 1658 Αιιτια.
1468 1603 1505 1657 Ι.
1530 1618 1597 1657 εχ
1636 1618 1863 1659 οηιςεΝε
1899 1620 2126 1659 τιιιριεχ
2165 1622 2264 1661 EST
2308 1624 2713 1667 δεηιρτυιιηωι
2754 1629 2962 1670 εεηευς.

545 1740 563 1771 ο
600 1720 857 1774 Sanctam
884 1716 1229 1787 Scripturam
1265 1718 1464 1787 (inquit
1494 1718 1680 1773 bomil.
1705 1718 1738 1772 5
1769 1719 1817 1773 in
1850 1718 2102 1786 Levitic.,
2138 1737 2287 1777 num.
2321 1723 2373 1795 l)
2397 1726 2727 1783 credendum
2769 1740 2852 1784 est
2881 1746 2947 1784 ex
2998 1731 3302 1790 visibilihns
3330 1746 3388 1792 et
3438 1737 3726 1797 invisibili-

467 1812 570 1866 bus
603 1822 880 1878 constare,
916 1812 1077 1865 veluti
1110 1826 1175 1865 ex
1208 1826 1438 1878 corpore
1466 1813 1725 1880 quodam,
1754 1812 1946 1867 littera:
1978 1813 2189 1868 scilicet
2218 1830 2339 1884 quae
2365 1819 2616 1885 videtur;
2644 1832 2699 1876 et
2725 1825 2928 1885 anima,
2985 1840 3180 1881 sensus
3210 1830 3299 1897 qui
3354 1831 3493 1885 intra
3548 1833 3719 1902 ipsam

465 1904 919 1974 deprehenditur;
950 1914 1004 1959 et
1035 1904 1255 1973 spiritu,
1281 1906 1579 1957 secundum
1610 1905 1659 1958 id
1687 1906 1830 1974 quod
1853 1905 2017 1960 etiam
2058 1909 2305 1976 quazdam
2337 1910 2389 1963 in
2414 1926 2472 1966 se
2504 1912 2749 1968 cmlestia
2778 1923 2979 1977 teneat,
3020 1926 3077 1971 ut
3108 1920 3397 1986 Apostolus
3419 1922 3568 1989 dicit,
3593 1925 3721 1994 quia

460 1996 753 2076 exemplari
775 2006 821 2049 et
851 1997 1051 2049 umbra!
1071 1995 1372 2048 deserviunt
1398 1994 1749 2052 caelestium‘.
1783 2015 1801 2048 ι
1853 1995 1952 2051 llic
1973 2012 2173 2068 corpus
2205 2009 2257 2053 et
2286 2002 2469 2056 anima
2509 2020 2671 2057 unmn
2703 2009 3058 2077 eamdemque
3082 2023 3324 2075 sensum,
3360 2028 3549 2082 nempe
3576 2016 3723 2070 liue.

462 2091 659 2155 ralem,
703 2090 1008 2160 designant.
1046 2088 1173 2143 Sola
1210 2089 1353 2145 enim
1386 2104 1479 2158 per
1509 2105 1568 2145 se
1589 2090 1772 2145 littera
1803 2095 1871 2145 ab
1895 2106 1958 2147 eo
1983 2107 2143 2160 quem
2182 2095 2444 2154 continet.
2476 2112 2637 2153 sensu
2667 2088 2877 2155 divulsa
2905 2113 2959 2156 et
2990 2104 3291 2170 abstracta,
3331 2106 3474 2160 aliud
3507 2109 3719 2178 signiti-

465 2200 592 2239 rare
623 2182 832 2251 nequit,
874 2186 1035 2250 quam
1068 2196 1230 2236 voces
1259 2189 1315 2234 et
1368 2181 1555 2245 verba,
1583 2180 1729 2235 nulla
1792 2180 2255 2248 signiﬁcationum
2308 2197 2443 2252 quas
2492 2186 2570 2240 eis
2618 2188 2806 2243 tribuit
2837 2206 2985 2255 usus,
3033 2192 3218 2246 habita
3284 2198 3512 2251 ratione.
3578 2199 3718 2253 Hinc

465 2281 627 2345 igitur
656 2277 833 2347 colligi
862 2285 1044 2347 posset
1084 2276 1351 2344 duplicem
1387 2286 1595 2331 tantum
1628 2278 1697 2333 ab
1754 2276 1988 2347 Origene
2015 2295 2231 2335 sensum
2265 2280 2502 2344 admitti,
2537 2282 2829 2337 litteraletn
2862 2294 2917 2339 et
2963 2286 3252 2357 mysticum
3274 2327 3289 2351 ,
3320 2289 3424 2343 nisi
3481 2306 3541 2345 se
3597 2291 3718 2361 ipse

458 2372 587 2427 aliis
620 2370 673 2425 in
710 2369 847 2425 locis
872 2369 1238 2424 emendasset.
1276 2365 1442 2421 Paulo
1486 2366 1715 2422 inferius
1753 2367 1993 2435 ejusdem
2024 2370 2259 2424 homiliaz
2285 2385 2435 2424 num.
2465 2371 2601 2426 Ssic
2622 2371 2864 2443 loquitur
2925 2394 2939 2431 :
2996 2399 3015 2429 ι
3059 2378 3345 2448 Triplicem
3399 2383 3453 2436 in
3513 2382 3715 2438 divinis

457 2466 761 2538 Scripturis
795 2465 1165 2536 intelligentiae
1195 2477 1337 2531 same
1363 2462 1602 2516 diximus
1627 2464 1862 2526 modum,
1900 2465 2245 2526 historicum,
2278 2465 2536 2519 moralem
2580 2477 2638 2523 et
2691 2472 2979 2541 mysticum
3009 2487 3024 2528 :
3060 2476 3203 2532 unde
3236 2486 3289 2531 et
3316 2493 3511 2547 corpus
3539 2480 3716 2535 inesse

457 2562 532 2619 ei.
564 2571 619 2614 et
651 2560 915 2623 animam,
950 2568 1006 2613 et
1028 2558 1275 2626 spiritum
1307 2556 1692 2612 intelleximus.
1736 2575 1753 2608 ι
1788 2556 1887 2612 Ubi
1917 2559 2067 2613 vides
2099 2574 2329 2627 corpore
2358 2570 2412 2612 et
2439 2560 2621 2613 anima
2658 2577 2765 2616 non
2819 2580 2980 2618 unum
3011 2569 3391 2634 eamdemque,
3421 2572 3495 2624 uti
3523 2585 3713 2639 supra.

459 2654 553 2706 sed
583 2652 857 2721 duplicem
882 2661 935 2705 et
958 2668 987 2704 a
1021 2665 1079 2705 se
1107 2650 1338 2704 invicem
1370 2649 1595 2703 omnino
1622 2650 1916 2704 discretum
1947 2666 2185 2712 sensum,
2220 2665 2411 2719 nempe
2447 2651 2739 2705 litteralem
2764 2666 2816 2708 et
2845 2658 3125 2719 moralem,
3180 2660 3475 2729 designari.
3526 2660 3714 2731 Neque

459 2747 621 2801 aliam
655 2745 978 2800 divisionem
1012 2754 1239 2798 secutus
1266 2754 1349 2796 est
1379 2742 1470 2796 lib.
1514 2756 1566 2794 tv
1595 2740 1675 2795 De
1705 2743 2001 2810 principiis,
2042 2754 2164 2812 pag.
2192 2742 2314 2806 £68,
2348 2743 2436 2796 ubi
2458 2742 2533 2797 ait
2568 2760 2582 2796 :
2613 2761 2632 2794 ι
2667 2743 2954 2801 Trifariam
2995 2750 3155 2817 igitur
3187 2753 3560 2807 describendae
3581 2761 3713 2809 sunt

457 2839 513 2893 in
534 2846 719 2892 mente
748 2846 1062 2889 sanctarum
1111 2834 1418 2889 litterarum
1451 2834 1734 2887 sententiae
1766 2851 1780 2887 :
1814 2844 1871 2886 nt
1904 2833 2208 2901 simplicior
2233 2833 2453 2902 quidem
2478 2834 2545 2886 ab
2592 2834 2706 2904 ipsa
2734 2838 2897 2891 veluti
2929 2854 3093 2894 carne
3118 2841 3439 2910 Scripturae,
3467 2859 3575 2914 quo
3606 2861 3703 2901 no-

460 2929 603 2984 mine
640 2928 857 2983 ohvium
878 2925 1006 2994 ejus
1033 2941 1253 2979 sensum
1285 2923 1648 2993 appellamus;
1673 2922 1765 2991 qui
1792 2937 1917 2976 vero
1951 2921 2288 2990 aliquantum
2331 2924 2658 2989 ascenderit,
2693 2926 2761 2979 ab
2796 2926 2905 2988 ipsa
2931 2931 3330 2996 quodammodo
3358 2933 3538 2989 anima
3558 2935 3702 3005 ejus;

458 3024 737 3089 perlectus
762 3029 1016 3073 autem...
1050 3034 1078 3070 a
1111 3016 1227 3085 lege
1250 3014 1481 3084 spiritali
1508 3014 1802 3067 aediﬁcetur
1831 3013 2077 3066 umbram
2114 3014 2348 3070 habente
2378 3015 2683 3070 futurorum
2713 3017 2997 3071 bonorum.
3033 3018 3097 3073 Ut
3122 3024 3266 3076 enim
3300 3023 3461 3078 homo
3494 3035 3711 3080 constat

457 3128 707 3183 corpore,
739 3111 918 3166 anima
950 3117 1005 3164 et
1027 3109 1241 3178 spiritu,
1276 3108 1345 3160 ita
1368 3109 1422 3161 et
1446 3107 1727 3175 Scriptura
1763 3120 1885 3173 qua:
1913 3105 2097 3159 divina
2124 3106 2527 3174 dispensatione
2559 3107 2612 3161 in
2655 3108 2932 3162 hominum
2954 3109 3180 3165 Salutem
3210 3112 3332 3166 data
3354 3123 3458 3168 est.
3499 3134 3514 3167 ι
3568 3112 3712 3186 Lege

456 3212 698 3278 insuper,
729 3209 775 3261 si
809 3213 983 3271 vacat,
1020 3218 1141 3273 qua:
1174 3211 1359 3272 postea
1394 3199 1597 3255 ibidem
1628 3198 1898 3253 habentur
1924 3214 2075 3253 num.
2111 3199 2177 3252 12
2207 3210 2262 3254 et
2294 3199 2380 3255 l5.

1023 3343 1308 3402 A8110".
1347 3357 1575 3398 meum
1616 3357 1735 3397 ISTE
1777 3355 1966 3395 sessus
2003 3356 2105 3395 non
2145 3354 2338 3404 unique
2377 3355 2672 3396 somnum

1493 3357 1575 3397 .EX
1616 3357 1735 3397 ISTE
1777 3355 1966 3395 SENSUS
2003 3356 2105 3395 NON
2145 3354 2338 3404 UBIQUE
2377 3354 2785 3396 SCRIPTURARUM
2825 3351 3144 3398 ΚΕΡΕΒΙἹὌΙΞ.

532 3491 550 3523 ι
581 3470 849 3538 Quoniam
876 3467 1076 3536 (inquit
1112 3464 1206 3517 lib.
1232 3477 1286 3517 tv
1319 3460 1394 3513 De
1428 3461 1724 3530 principiis,
1760 3474 1908 3512 num.
1939 3456 2025 3528 12)
2054 3455 2348 3527 Scriptura:
2383 3458 2629 3526 quasdam
2653 3467 2796 3523 sunt,
2827 3474 2944 3527 quae
2969 3458 3099 3513 nihil
3130 3459 3328 3515 habent
3350 3473 3699 3533 corporeum,

457 3564 657 3622 alicubi
688 3563 804 3619 sola
837 3561 998 3616 veluti
1029 3558 1211 3611 anima
1247 3565 1302 3609 et
1327 3555 1554 3623 spiritus
1597 3551 1926 3623 quaerendus
1958 3561 2063 3605 est.
2096 3569 2115 3601 ι
2161 3548 2394 3605 Humilia
2433 3561 2619 3606 autem
2646 3554 2926 3607 undecima
2948 3554 3011 3607 in
3041 3552 3328 3621 Numeros,
3363 3558 3452 3611 ubi
3495 3556 3561 3613 de
3595 3559 3711 3628 lege

456 3660 775 3727 οεῑςιιιιηυω
804 3652 1074 3723 primitias
1101 3650 1282 3706 oﬂ'erri
1318 3648 1589 3721 prtecipit,
1619 3647 1825 3705 clarius
1856 3655 2091 3700 mentem
2115 3659 2268 3699 suam
2300 3647 2474 3714 aperit
2518 3646 2602 3701 his
2635 3648 2817 3737 verbis
2852 3663 2865 3700 :
2908 3665 2928 3698 ι
2969 3644 3120 3702 Hanc
3149 3654 3278 3718 ergo
3312 3650 3483 3718 legem
3518 3653 3711 3706 obser-

455 3749 572 3802 vari
607 3748 770 3802 etlam
796 3744 1092 3800 secundum
1121 3744 1359 3796 litteram
1385 3744 1523 3795 sicut
1551 3749 1605 3793 et
1640 3738 1743 3791 alia
1778 3736 2041 3792 nonnulla
2075 3738 2445 3791 necessarium
2479 3748 2629 3804 puto.
2678 3734 2826 3791 Sunt
2869 3740 3017 3791 enim
3045 3738 3323 3806 aliquanta
3357 3741 3492 3809 legis
3546 3757 3701 3795 man-

452 3842 602 3904 data,
625 3854 743 3906 quae
770 3838 934 3890 etiam
967 3833 1103 3887 Novi
1135 3831 1467 3887 Testamenti
1502 3829 1754 3897 discipuli
1786 3830 2093 3883 necessaria
2127 3828 2513 3881 observatione
2538 3829 2874 3882 custodiunt.
2922 3828 3008 3893 Et,
3060 3830 3104 3883 si
3142 3831 3379 3895 videtur,
3439 3832 3589 3901 prius
3638 3836 3708 3887 de

454 3936 520 3989 iis
554 3932 686 4003 ipsis
719 3944 839 3998 quae
862 3930 913 3982 in
939 3926 1056 3997 lege
1079 3925 1298 3995 quidem
1329 3922 1556 3992 scripta,
1592 3922 1686 3975 sed
1717 3930 1896 3974 tamen
1932 3924 1986 3975 in
2020 3916 2326 3983 Evangeliis
2350 3918 2691 3973 observanda
2728 3929 2854 3972 sunt
2877 3957 2892 3983 ,
2928 3932 3109 3974 sermo
3135 3914 3471 3988 moveatur;
3497 3934 3550 3977 et
3580 3939 3703 3978 cum

456 4027 571 4079 haec
620 4019 914 4092 potuerint,
943 4028 1069 4070 tunc
1094 4016 1207 4086 jam
1239 4015 1368 4083 quid
1393 4016 1445 4068 in
1469 4015 1548 4068 eis
1596 4013 1759 4067 etiam
1809 4010 2131 4081 spiritaliter
2154 4009 2343 4064 sentiri
2377 4008 2593 4076 debeat,
2629 4012 2970 4080 requiremus
2995 4029 3009 4075 ;
3039 4023 3163 4067 sunt
3193 4015 3335 4067 enim
3364 4015 3453 4083 qui
3508 4017 3585 4068 ita
3622 4017 3705 4069 di~

454 4122 600 4177 cant,
627 4111 749 4180 quia
785 4110 829 4162 si
867 4107 1074 4175 aliquid
1117 4106 1338 4160 omnino
1359 4104 1762 4159 observandum
1787 4113 1872 4158 est
1893 4103 2188 4158 secundum
2217 4104 2476 4165 litteram,
2506 4116 2603 4155 cur
2651 4116 2757 4157 non
2804 4113 2859 4158 et
2892 4115 3085 4159 cuncta
3115 4106 3444 4161 serVentur?
3470 4103 3527 4159 Si
3577 4122 3707 4163 vero

454 4208 519 4260 ad
557 4202 853 4274 spiritalem
890 4198 1304 4269 intelligentiam
1338 4212 1457 4267 quae
1483 4197 1563 4252 lex
1592 4198 1856 4263 continet,
1886 4196 2171 4249 referenda
2204 4206 2351 4260 sunt,
2399 4194 2540 4247 nihil
2575 4196 2795 4250 omnino
2850 4200 3146 4251 secundum
3178 4198 3436 4263 litteram,
3460 4200 3556 4252 sed
3593 4200 3703 4266 sp-i-

458 4297 689 4351 ritaliter
720 4294 918 4348 debent
952 4292 1205 4347 universa
1236 4292 1495 4346 discerni.
1531 4290 1638 4345 Nos
1666 4305 1798 4345 vero
1836 4291 2120 4358 utriusque
2145 4291 2470 4345 assertionis
2498 4290 2841 4344 insolentiam
2878 4300 3269 4360 temperantes,
3294 4291 3470 4361 qualis
3520 4292 3703 4362 regula

457 4394 509 4444 in
546 4388 917 4457 hujuscemodi
953 4386 1088 4456 legis
1118 4386 1461 4441 sermonibus
1488 4385 1827 4440 observanda
1866 4384 1959 4446 sit,
1990 4400 2055 4438 ex
2097 4389 2427 4439 auctoritate
2451 4384 2758 4439 divinarum
2805 4382 3212 4453 Scripturarmn
3251 4382 3494 4453 proferre
3534 4392 3708 4436 tenta-

456 4486 652 4538 bimus.
701 4500 720 4533 ο
758 4480 847 4534 llla
880 4492 1059 4533 autem
1106 4495 1266 4547 quam
1307 4479 1538 4547 profert,
1569 4477 1756 4546 regula
1811 4478 2062 4544 sequenti
2128 4478 2477 4532 distinetioue
2514 4477 2756 4530 nititur:
2815 4475 3161 4546 Qumcnnqne
3220 4475 3377 4544 legis,
3424 4474 3705 4544 przecepti,

457 4572 777 4637 testimonii,
810 4569 1072 4634 mandati,
1101 4569 1351 4638 justitiae,
1378 4567 1595 4636 judicii,
1618 4577 1749 4631 etc.,
1784 4568 2007 4621 vocibus
2036 4569 2444 4635 exprimuntur,
2467 4583 2527 4620 ea
2553 4568 2734 4620 omnia
2765 4583 2871 4621 non
2896 4578 3023 4621 sunt
3052 4568 3192 4619 inter
3227 4580 3285 4621 se
3306 4566 3704 4620 confundenda.

457 4670 609 4725 Licet
629 4666 773 4722 enim
806 4662 1284 4718 indiscriminatim
1315 4661 1537 4716 nomine
1570 4660 1707 4728 legis
1740 4659 2134 4728 signiﬁcentur,
2164 4661 2306 4713 aliud
2340 4671 2517 4717 tamen
2548 4672 2630 4715 est
2664 4661 2775 4727 lex,
2806 4662 2954 4715 aliud
2984 4660 3318 4721 mandatum,
3338 4670 3440 4716 etc.
3474 4662 3705 4729 Aposto-

456 4764 544 4818 lus
580 4760 798 4830 quidem
841 4756 1008 4826 legem
1033 4755 1278 4808 umbram
1303 4767 1424 4806 esse
1448 4752 1601 4805 docet
1635 4751 1940 4803 futurorum
1974 4749 2238 4803 bonorum
2262 4754 2304 4814 ³,
2331 4763 2387 4805 at
2417 4767 2520 4806 non
2551 4753 2679 4806 item
2716 4752 3050 4819 mandatum,
3083 4763 3192 4806 etc.
3250 4752 3385 4805 liinc
3443 4752 3705 4822 Origenes

453 4856 615 4909 infert
638 4849 899 4922 quidquid
935 4847 1072 4915 legis
1100 4845 1320 4899 nomine
1350 4846 1402 4898 in
1431 4842 1681 4897 Mosaicis
1735 4842 1889 4895 libris
1915 4842 2257 4911 exprimitur,
2301 4842 2351 4895 id
2410 4852 2578 4898 totum
2630 4844 2862 4913 mystico
2903 4858 3064 4897 sensu
3118 4842 3495 4910 exponendum
3546 4860 3698 4908 esse;

451 4963 610 5004 secus
638 4962 765 5000 vero
799 4941 1059 5015 quidquid
1092 4939 1354 5003 mandati,
1385 4937 1703 5000 testimonii,
1758 4934 2244 5006 justititc,judicii,
2285 4944 2417 5000 etc.,
2473 4934 2697 4991 vocibUs
2729 4935 3056 4988 declaratur.
3118 4951 3136 4984 ι
3174 4930 3299 4986 Haec
3335 4949 3464 5003 ergo
3488 4934 3699 5003 singula

454 5040 654 5106 (inquit
675 5040 861 5093 eadem
896 5032 1161 5103 humilia),
1193 5049 1313 5101 qua:
1347 5045 1690 5101 nequaquam
1735 5032 2037 5084 secundum
2086 5027 2322 5081 litteram
2373 5029 2713 5082 observanda
2754 5042 2873 5083 esse
2920 5028 3051 5081 dicit
3080 5027 3386 5095 Apostolus,
3452 5028 3698 5080 invenies

453 5132 635 5187 omnia
674 5133 787 5187 fere
837 5132 973 5202 apud
1008 5130 1245 5201 Moysen:
1269 5129 1367 5184 sub
1427 5128 1557 5198 legis
1612 5125 1766 5181 titulo
1812 5124 2107 5193 designari.
2162 5122 2280 5176 Jnlll
2318 5137 2450 5177 vero
2496 5124 2541 5176 si
2600 5122 2650 5175 in
2688 5138 2755 5177 eo
2788 5122 2932 5190 quod
2962 5121 3096 5176 dicit
3129 5136 3145 5173 :
3184 5118 3307 5173 Non
3338 5119 3559 5181 occides,
3596 5120 3697 5169 mm

453 5230 775 5283 adulterium
806 5230 990 5297 facies,
1018 5246 1119 5282 non
1147 5228 1407 5297 [uraberis
1430 5226 1473 5290 ³,
1505 5233 1559 5278 et
1582 5223 1791 5292 reliqua
1824 5220 2158 5287 huiusmodi,
2186 5234 2291 5273 non
2321 5217 2564 5272 invenies
2592 5218 2846 5286 quoniam
2881 5216 3010 5285 legis
3043 5216 3255 5269 titttlnm
3288 5214 3351 5269 in
3387 5216 3451 5268 iis
3480 5214 3694 5284 praemi-

452 5324 604 5387 serit,
637 5322 730 5375 sed
778 5322 948 5388 magis
997 5320 1112 5373 lucc
1156 5320 1406 5372 mandata
1440 5318 1712 5378 videntur,
1744 5324 1797 5369 et
1822 5314 1942 5368 ideo
1976 5324 2083 5365 n‘on
2118 5311 2430 5364 exinanitttr
2456 5310 2594 5377 apud
2632 5308 2922 5378 discipulos
2945 5306 3217 5377 Evangelii
3266 5307 3531 5376 scriptura
3571 5312 3697 5363 ista.

454 5414 548 5469 sed
589 5410 937 5480 adimpletnr,
966 5410 1112 5475 quia,
1141 5420 1198 5461 ut
1223 5411 1356 5474 dixi,
1388 5423 1493 5462 non
1537 5405 1875 5467 tnandatmn,
1915 5401 2009 5455 sed
2037 5402 2120 5455 lex
2153 5401 2355 5454 dicitur
2407 5400 2605 5453 habere
2638 5399 2881 5453 umbram
2928 5400 3233 5453 luturorum
3294 5400 3583 5455 bauorum.
3632 5402 3698 5456 Et

456 5508 576 5562 ideo
606 5513 717 5558 haec
748 5502 853 5555 nob
878 5520 902 5555 s
931 5501 1224 5553 secundum
1256 5501 1490 5554 litteram
1523 5496 1877 5553 custodienda
1905 5504 2054 5549 sunt.
2083 5492 2221 5559 Quid
2251 5508 2388 5561 Opus
2416 5500 2499 5547 est
2528 5493 2582 5546 in
2615 5492 2701 5546 his
2727 5491 3037 5560 allegoriam
3067 5504 3331 5560 Qttterere,
3392 5507 3517 5546 cum
3564 5494 3698 5548 aedi-

529 5687 549 5719 ‘
587 5684 750 5740 llebr.
786 5699 905 5757 \‘lll,
941 5682 993 5738 5.
1071 5684 1088 5713 ³
1121 5679 1286 5733 llcbr.
1332 5694 1384 5743 ι,
1424 5680 1474 5734 l.
1504 5681 1525 5690 ’
1552 5676 1770 5751 {Exod
1802 5692 1892 5742 xx,
1928 5675 1995 5730 l5
2044 5690 2197 5747 seqq.
