4180 6216
499 294 568 345 ts
1752 285 2126 346 PREFATIO
2161 289 2251 344 AD
2287 289 2452 346 TOM.
2490 290 2553 345 tt.
2748 276 2751 279 “
3688 298 3751 352 u

496 409 623 460 licet
645 404 807 459 etiam
837 399 1054 455 littera?
1081 393 1438 453 Ostendimus
1473 410 1606 465 ergo
1636 396 1883 465 qutcdam
1914 412 2037 452 esse
2067 413 2187 467 quae
2212 400 2438 453 omnino
2478 414 2586 454 non
2651 410 2779 454 sunt
2832 406 3094 458 servanda
3150 407 3449 461 secundum
3510 409 3749 462 litteram

498 484 655 570 legis,
676 509 876 556 etesse
909 497 1155 568 quaedam
1184 510 1303 565 quae
1331 494 1587 563 allegoria
1620 494 1832 562 penitus
1883 494 2172 547 immutare
2201 509 2308 548 non
2355 494 2536 558 debet,
2566 496 2661 549 sed
2691 497 2917 551 omnino
2969 499 3041 551 ita
3099 509 3156 553 ut
3205 500 3504 569 Scriptura:
3564 506 3629 557 de
3685 504 3754 558 iis

500 596 799 659 continent,
833 590 1176 649 observanda
1202 598 1348 649 sunt.
1391 588 1542 642 Nunc
1577 587 1813 657 requiro,
1855 589 1900 642 si
1954 597 2079 642 sunt
2114 588 2297 657 aliqua
2330 604 2451 657 quae
2480 599 2536 645 et
2574 594 2871 645 secundum
2914 593 3147 647 litteram
3194 596 3411 663 quidem
3443 609 3592 652 stare
3623 614 3753 669 pus-

500 695 644 751 sunt,
678 664 984 739 necessario
1012 692 1192 735 tamen
1226 681 1278 734 itt
1311 680 1394 733 eis
1420 679 1677 749 allegoria
1719 680 2069 749 requirenda.
2102 700 2120 732 t
2154 683 2493 750 Argutnettto
2533 692 2616 736 est
2643 684 2692 736 ei
2722 692 2833 735 tum
2862 682 2993 737 illud
3024 686 3166 751 quod
3198 687 3264 739 de
3295 664 3637 745 matrimonio
3669 694 3755 748 di»

497 793 637 840 ctum
669 794 829 851 cst,et
853 783 920 836 ad
949 782 1134 837 Jesum
1164 791 1325 850 atque
1352 780 1651 835 Ecclesia'ut
1682 780 1749 833 ab
1783 780 2045 848 Apostolo
2066 780 2322 846 refertur,
2360 789 2473 834 tum
2507 781 2733 835 historia
2766 781 2954 836 lsntael
2981 790 3035 835 et
3078 783 3247 845 Isaac,
3298 784 3441 853 Agar
3464 797 3518 840 et
3573 786 3749 851 Sane,

496 894 615 946 quae
644 879 934 948 allegorice
968 877 1034 931 ab
1055 879 1246 933 eodem
1274 875 1531 946 Apostolo
1559 877 1855 945 exponitur
1885 893 1897 927 :
1928 886 2041 929 tum
2087 876 2268 930 subdit
2302 893 2316 928 :
2362 894 2381 924 ι
2419 876 2795 943 Ostendimus,
2825 886 2884 929 ut
2918 878 3136 946 opinor,
3185 880 3513 937 auctoritate
3555 883 3751 939 divinze

496 972 813 1041 Scriptor-xc,
845 988 911 1026 ex
940 972 1007 1026 iis
1036 986 1155 1040 quae
1193 971 1243 1025 in
1276 972 1395 1040 lege
1415 973 1617 1040 scripta
1656 980 1807 1034 sunt,
1832 971 2008 1039 aliqua
2043 970 2261 1038 penitus
2285 970 2606 1041 refugienda
2631 986 2776 1035 esse,
2801 982 2857 1026 et
2882 973 3144 1036 cavenda.
3177 989 3246 1029 ne
3275 977 3571 1031 secundum
3601 978 3749 1035 litte.

496 1077 608 1114 ram
638 1062 705 1114 alt
735 1062 1024 1134 Evangelii
1043 1062 1322 1131 discipulis
1357 1062 1750 1127 observentur;
1780 1062 2026 1131 quaedam
2051 1075 2182 1115 vero
2218 1061 2532 1117 omnintode
2556 1073 2615 1117 ut
2652 1063 2851 1133 scripta
2899 1074 3027 1118 sunt
3064 1065 3353 1120 obtinenda
3386 1083 3403 1134 ;
3432 1068 3534 1124 alia
3572 1082 3750 1125 autem

496 1154 695 1208 habere
719 1155 936 1222 quidem
968 1130 1261 1210 secundum
1300 1154 1541 1209 litteram
1570 1155 1857 1209 veritatem
1888 1155 1994 1217 sui,
2030 1154 2273 1219 recipere
2301 1164 2482 1211 tamen
2516 1157 2722 1210 utiliter
2763 1167 2840 1211 ρι’
2869 1158 3180 1213 necessario
3203 1160 3367 1213 etiam
3394 1161 3748 1232 allegoricum

474 1260 729 1301 sensum.
771 1246 886 1300 Erit
918 1260 1049 1315 ergo
1075 1245 1185 1315 jam
1209 1246 1466 1315 sapientis
1489 1245 1681 1300 scriltze
1710 1253 1766 1297 et
1793 1244 1971 1299 edocti
1998 1245 2066 1298 de
2100 1259 2268 1313 regno
2298 1245 2412 1311 Dei,
2450 1248 2540 1315 qui
2581 1247 2721 1301 sciat
2768 1247 2836 1302 de
2885 1250 3158 1304 thesauris
3196 1250 3281 1305 Itis
3311 1254 3560 1320 proferre
3611 1272 3747 1311 nova

488 1347 544 1391 et
576 1347 757 1391 vetera
778 1380 793 1404 ,
820 1338 961 1391 scire
977 1337 1246 1405 quomodo
1280 1338 1332 1390 in
1374 1351 1701 1405 unoquoque
1738 1336 1861 1389 loco
1893 1335 2193 1404 Scripturae
2219 1348 2313 1391 aut
2336 1335 2558 1404 abjiciat
2586 1339 2801 1407 penitus
2828 1340 3165 1397 occidentem
3199 1342 3455 1408 litteram.
3492 1357 3582 1402 aut
3605 1363 3740 1402 con-

490 1427 1000 1483 ﬂrmetontuimode
1028 1437 1086 1482 ut
1125 1427 1424 1488 utilem,ac
1489 1426 1854 1480 necessariam
1889 1428 2080 1496 probet
2101 1428 2295 1484 litterae
2333 1430 2671 1494 doctrinam;
2712 1440 2825 1496 aut,
2872 1444 3127 1488 manente
3153 1435 3404 1502 historia,
3439 1451 3746 1509 opportune

487 1529 541 1571 et
570 1519 829 1573 decenter
860 1518 1168 1573 introducat
1208 1519 1372 1572 etiam
1405 1519 1696 1589 mysticum
1732 1533 2009 1573 sensuum
2046 1520 2110 1575 Et
2145 1524 2337 1591 paucis
2366 1524 2705 1592 interjcctis:
2738 1544 2757 1576 ι
2789 1524 2957 1595 Igitttr
2983 1543 3048 1581 ex
3081 1528 3165 1582 Itis
3218 1544 3341 1597 qua:
3399 1533 3742 1600 protulimus,

486 1614 692 1683 paucis,
722 1615 765 1666 si
792 1615 884 1680 qui
928 1621 1054 1666 sunt
1098 1613 1326 1667 studiosi
1365 1614 1414 1665 itt
1444 1613 1740 1683 Scripturis
1762 1615 1979 1678 divinis,
2023 1616 2277 1684 perfacile
2306 1618 2560 1683 colligere
2587 1629 2837 1688 poterunt
2860 1621 3026 1675 etiam
3072 1630 3400 1678 ceterorum
3430 1625 3744 1681 distinctio-

485 1725 601 1764 nes.
639 1709 873 1777 Sapiens
898 1707 1040 1761 enim
1068 1708 1111 1762 si
1149 1709 1352 1771 audiat,
1382 1709 1581 1777 inquit,
1620 1711 1867 1774 verbum,
1896 1728 2001 1764 nou
2034 1714 2210 1766 solum
2240 1713 2503 1779 laudabit,
2529 1718 2625 1770 scd
2656 1725 2711 1769 et
2745 1716 2963 1785 adjiciet
2992 1716 3061 1770 ad
3097 1716 3248 1771 illud.
3289 1716 3429 1783 Quid
3472 1718 3687 1787 adjiciet
3720 1723 3745 1775 τ

487 1805 558 1858 Ut
584 1806 838 1860 discutiat
863 1815 917 1859 et
941 1804 1210 1859 discernat
1235 1806 1286 1858 itt
1311 1805 1541 1875 singulis
1570 1806 1875 1875 quibusque
1900 1807 2155 1885 capitulis
2188 1808 2347 1879 legis,
2379 1810 2468 1863 ubi
2557 1810 2810 1882 fugienda
2843 1811 2913 1865 sit
2952 1810 3083 1882 legis
3124 1811 3302 1866 littera
3329 1852 3345 1874 .
3389 1814 3481 1868 ubi
3532 1815 3738 1885 ample-

498 1898 723 1963 ctenda,
750 1900 840 1953 ubi
880 1899 1038 1953 etiam
1074 1900 1311 1953 narratio
1344 1900 1586 1954 historiae
1614 1916 1737 1953 cum
1782 1903 2007 1971 mystica
2050 1872 2388 1972 e‘xpositione
2418 1907 2724 1959 conveniat.
2762 1906 3014 1961 Christus
3052 1908 3197 1961 enim
3234 1922 3334 1963 nos
3380 1909 3615 1963 redemit
3672 1912 3744 1964 de

486 1985 771 2042 maledicto
793 1988 946 2059 legis,
976 2006 1080 2044 non
1116 2006 1215 2045 nos
1245 1991 1481 2045 redemit
1519 1991 1586 2043 de
1611 1991 1899 2046 maledicto
1932 1993 2191 2057 mandati,
2236 2010 2335 2048 nec
2365 1999 2433 2049 de
2462 1996 2745 2049 maledicto
2769 1998 3090 2062 testimonii,
3129 2013 3229 2051 nec
3253 1999 3318 2053 de
3342 2000 3627 2054 maledicto
3653 2000 3743 2071 ju-

480 2079 761 2143 diciorunt,
788 2081 882 2134 sed
914 2082 979 2135 de
1014 2081 1304 2137 maledicto
1344 2082 1511 2151 legis;
1543 2083 1595 2136 id
1616 2092 1721 2148 est,
1755 2098 1821 2137 ne
1850 2083 2078 2152 subjecti
2103 2100 2350 2139 essemus
2380 2086 2784 2141 circumcisioni
2816 2086 3022 2152 carnis,
3057 2102 3158 2141 nec
3193 2089 3561 2143 observationi
3599 2092 3739 2144 Salt-

479 2169 754 2236 bntorttm,
785 2174 1013 2244 aliisque
1038 2176 1226 2229 horum
1249 2177 1542 2243 similibus,
1570 2192 1691 2247 qua:
1720 2194 1826 2232 non
1860 2179 1912 2231 in
1948 2179 2239 2243 mandatis,
2275 2181 2369 2235 sed
2396 2180 2449 2235 in
2484 2180 2607 2249 lege
2631 2181 2887 2236 discenda
2917 2190 3049 2235 sunt
3080 2183 3407 2237 contineri.»
3444 2183 3519 2238 Ex
3547 2186 3736 2239 horum

474 2266 859 2334 principiorum
893 2268 1033 2321 serie
1060 2268 1343 2340 Origenes,
1367 2271 1585 2338 quando
1617 2281 1940 2326 accuratum
1963 2271 2029 2326 de
2070 2273 2303 2341 mystico
2344 2287 2508 2327 sensu
2538 2274 2736 2328 habere
2778 2273 2890 2326 vult
2920 2287 3253 2338 sermonem,
3301 2276 3526 2329 vocibus
3562 2278 3737 2329 utitur

471 2359 625 2410 valde
650 2360 937 2421 restrictis,
965 2371 1022 2413 ttt
1048 2376 1171 2414 cunt
1201 2362 1423 2415 Itontilia
1462 2362 1649 2429 quinta
1689 2362 1740 2415 itt
1766 2361 2069 2418 chiticum
2111 2364 2186 2417 ait
2210 2363 2551 2432 Scripturaut
2589 2382 2607 2416 ι
2654 2364 2899 2434 quaedam
2926 2366 2981 2417 itt
3022 2378 3086 2418 se
3110 2364 3355 2420 coelestia
3391 2368 3727 2432 continere,t

469 2458 526 2503 et
550 2450 641 2506 lib.
668 2465 722 2504 tv
737 2450 815 2504 De
844 2453 1138 2519 principiis,
1177 2471 1195 2504 ι
1232 2453 1666 2521 dispensationes
1691 2454 1954 2522 quasdam
1984 2454 2240 2524 mysticas
2268 2453 2497 2508 indicari
2528 2470 2623 2522 per
2656 2455 3024 2523 Scripturasu

1174 2570 1365 2623 Anrtc.
1406 2567 1493 2622 Ill.
1528 2581 1594 2622 DE
1618 2583 1912 2623 UTILITATE
1952 2584 2020 2624 ετ
2053 2584 2407 2623 Ριιιεετιικτιρι
2442 2582 2634 2624 sessus
2671 2585 3016 2627 LITTERALIS.

542 2681 620 2735 Ex
658 2683 892 2752 Origene
923 2683 1016 2737 lib.
1037 2698 1095 2738 tv
1124 2682 1197 2737 De
1223 2684 1516 2753 principiis,
1544 2697 1700 2738 num.
1732 2683 2142 2748 12,1itteralem
2176 2698 2400 2739 sensum
2440 2701 2458 2735 ι
2496 2686 2660 2739 etiam
2689 2700 2785 2753 per
2809 2700 2867 2739 se
2898 2684 3086 2741 utilem
3111 2700 3230 2741 esse
3279 2702 3458 2755 posse,
3494 2697 3728 2743 testatur

467 2789 656 2829 comm
688 2775 972 2829 tmtltitndo
1003 2778 1093 2845 qui
1131 2777 1361 2847 ingenue
1396 2786 1452 2831 et
1474 2775 1796 2844 simpliciter
1819 2776 2195 2830 crediderunt.
2238 2794 2256 2827 t
2302 2773 2505 2827 Ibidem
2536 2776 2635 2830 sub
2662 2774 2823 2829 linem
2856 2791 3007 2830 num.
3045 2776 3132 2839 14,
3163 2787 3451 2847 postquam
3484 2777 3727 2847 singula-

470 2867 562 2919 tim
598 2871 875 2923 enarravit
907 2870 960 2925 itt
991 2886 1100 2940 quo
1142 2871 1392 2926 litteralis
1424 2886 1618 2925 sensus
1656 2871 1942 2936 consistat,
1966 2871 2045 2925 sic
2068 2870 2348 2925 concludit
2376 2887 2389 2922 :
2422 2889 2439 2921 ι
2471 2870 2523 2922 ld
2552 2870 3047 2940 ettintpropositum
3076 2870 3194 2936 fuit,
3223 2882 3278 2924 ut
3305 2875 3478 2942 ipsum
3507 2890 3726 2942 quoque

466 2960 834 3026 spiritualium
870 2963 1269 3024 indumentum,
1307 2964 1358 3017 id
1391 2973 1491 3024 est,
1519 2964 1663 3032 quod
1696 2964 1746 3017 itt
1779 2961 2083 3031 Scripturis
2110 2977 2438 3031 corporeum
2470 2969 2578 3024 est,
2618 2962 2669 3015 itt
2704 2962 2888 3017 multis
2922 2978 3025 3016 non
3052 2962 3120 3017 sit
3153 2963 3361 3026 inutile,
3397 2966 3490 3019 sed
3526 2967 3724 3021 multos

467 3054 660 3122 possit,
697 3064 959 3123 quantum
992 3071 1222 3126 capaces
1248 3067 1397 3119 sunt,
1423 3058 1675 3111 meliores
1721 3055 1959 3110 edicere.
1998 3072 2018 3106 t
2054 3054 2254 3108 Eodem
2291 3052 2410 3107 fere
2449 3052 2610 3106 modo
2638 3053 2961 3108 diluitCelsi
2991 3053 3290 3109 calumnias
3316 3055 3410 3110 lib.
3446 3072 3496 3109 tv
3527 3071 3718 3113 contra

466 3147 837 3215 impudentem
900 3148 1048 3201 illum
1106 3149 1472 3218 Epicureum,
1509 3148 1752 3203 nunt.49
1796 3167 1810 3203 :
1849 3166 1866 3199 ι
1904 3146 2055 3212 Quod
2108 3145 2155 3200 si
2206 3144 2450 3213 legisset,
2496 3144 2690 3213 inquit,
2747 3156 2960 3200 nostras
3027 3160 3183 3215 a-quo
3243 3147 3423 3202 animo
3478 3149 3723 3218 Scriptu-

466 3254 573 3301 ras,
606 3257 709 3293 tton
744 3241 971 3295 dixisset
1001 3241 1185 3311 utique
1211 3259 1298 3296 eas
1328 3258 1431 3295 non
1452 3257 1607 3307 posse
1639 3240 1952 3309 allegoriam
1999 3241 2131 3305 pati.
2189 3237 2377 3307 Neque
2406 3236 2551 3291 enim
2584 3250 2650 3292 ex
2681 3236 2903 3291 historia
2937 3237 3071 3307 ipsa,
3103 3239 3196 3292 sed
3231 3254 3298 3293 ex
3334 3241 3636 3309 prnpltctiis
3669 3245 3718 3295 iu

466 3331 657 3395 quibus
682 3330 920 3386 historia:
954 3342 1265 3397 narrantur,
1288 3346 1622 3401 cognoscere
1652 3342 1734 3386 est
1765 3346 1886 3398 qua:
1914 3332 2024 3384 sint
2054 3329 2314 3392 historiae,
2358 3343 2479 3399 quae
2504 3342 2570 3383 co
2602 3328 2708 3382 line
2739 3327 2954 3397 scriptze
2978 3339 3103 3382 sunt
3160 3339 3215 3384 ttt
3240 3330 3513 3400 allegoriis
3538 3333 3718 3400 expli-

467 3432 721 3474 carentur
757 3442 771 3477 :
800 3426 943 3491 quod
969 3426 1371 3492 sapientissime
1403 3427 1681 3494 provisum
1712 3433 1816 3487 est,
1867 3434 1924 3477 ut
1976 3432 2029 3476 et
2079 3422 2311 3491 simplici
2348 3420 2587 3476 Iidelium
2618 3420 2798 3491 vulgo,
2826 3429 2882 3474 et
2912 3420 2978 3473 iis
3006 3420 3199 3488 paucis
3231 3422 3717 3493 convenirent,qwi

466 3530 554 3569 res
589 3515 752 3568 altius
776 3523 830 3569 et
865 3519 1160 3584 prudenter
1186 3516 1422 3569 scrutari
1457 3515 1677 3577 vellent,
1707 3524 1801 3567 attt
1836 3521 2119 3582 possent.)
2151 3514 2216 3566 Et
2244 3511 2381 3565 libro
2412 3512 2609 3579 primo,
2645 3526 2794 3564 num.
2830 3509 2890 3563 18
2924 3527 2939 3563 :
2975 3510 3155 3580 (Age,
3201 3511 3375 3576 Celse,
3429 3515 3614 3583 profer
3662 3518 3714 3571 iu

465 3608 699 3660 medium
726 3607 869 3671 Lini,
904 3600 1109 3669 Musaei,
1134 3605 1335 3673 Orphei
1371 3614 1646 3675 poemata,
1675 3615 1730 3659 et
1760 3606 2086 3675 Pherecydis
2139 3603 2439 3658 historiam.
2471 3602 2736 3669 Compara
2775 3601 2890 3655 lucc
2922 3603 3125 3672 scripta
3183 3620 3309 3659 cum
3341 3605 3541 3676 Moysis
3577 3609 3714 3678 legi-

462 3702 581 3765 bus,
624 3699 840 3752 illorum
866 3699 1123 3754 historias
1158 3713 1280 3751 cum
1308 3699 1423 3766 ejus
1454 3699 1722 3763 historiis,
1755 3695 1995 3763 murales
2019 3697 2234 3750 illorum
2282 3693 2504 3763 regulas
2538 3710 2660 3748 cum
2705 3692 2821 3759 ejus
2854 3693 3066 3763 legibus
3097 3703 3152 3765 et
3176 3698 3480 3766 praeceptis.
3512 3698 3710 3754 Consi-

456 3793 587 3846 dera
618 3801 736 3845 utra
762 3793 873 3846 sola
900 3793 1131 3846 lectione
1154 3792 1431 3846 auditores
1464 3807 1493 3843 a
1531 3789 1679 3844 vitiis
1710 3803 1969 3851 avocare,
1998 3795 2118 3840 utra
2138 3786 2190 3840 in
2214 3801 2439 3855 pravum
2468 3785 2725 3839 indurare
2761 3786 2932 3855 magis
2959 3785 3198 3841 valeant.
3225 3788 3289 3841 Et
3318 3790 3504 3843 animo
3534 3796 3710 3846 tecum

453 3883 630 3952 cogita
675 3891 798 3936 tuos
828 3880 948 3935 illos
978 3882 1273 3949 scriptores
1304 3879 1503 3932 nullam
1536 3892 1672 3945 pene
1715 3877 2022 3944 vulgarium
2064 3876 2327 3929 lectorum
2385 3874 2641 3930 habuisse
2692 3874 2985 3938 rationem,
3032 3876 3124 3930 sed
3164 3891 3319 3931 suam
3365 3877 3430 3931 iis
3474 3879 3605 3933 solis
3659 3893 3719 3934 ut

458 3989 619 4028 vocas
648 3975 1040 4043 philosophiam
1075 3973 1382 4042 scripsisse,
1412 3973 1503 4041 qui
1542 3969 1859 4039 trupologiis
1893 3968 2039 4020 illaut
2084 3967 2471 4038 allegoriisque
2515 3967 2859 4034 interpretari
2906 3968 3128 4022 scirent.
3159 3969 3230 4023 At
3282 3968 3498 4040 Moyses
3572 3973 3718 4028 haud

452 4085 614 4123 secus
641 4084 704 4121 ac
734 4078 992 4122 strenuus
1020 4077 1229 4129 orator,
1265 4067 1356 4134 qui
1392 4067 1625 4135 aliquant
1656 4064 1877 4117 dicendi
1912 4064 2143 4132 ligurum
2176 4060 2473 4115 meditatus
2508 4060 2714 4115 nullum
2753 4060 2978 4114 verbum
3013 4061 3219 4130 profert
3246 4063 3393 4132 quod
3436 4066 3705 4135 duplicent

452 4177 674 4215 sensum
708 4162 908 4214 habere
944 4175 1049 4213 non
1082 4161 1272 4230 possit,
1319 4161 1369 4211 in
1402 4158 1514 4211 suis
1539 4156 1779 4223 quinque
1804 4155 1959 4213 libris
1992 4154 2239 4208 eamdem
2264 4152 2586 4207 observavit
2612 4150 2850 4222 regulam
2882 4191 2896 4215 ,
2945 4153 3016 4206 ita
3051 4166 3112 4205 ut
3150 4167 3322 4222 neque
3377 4152 3717 4213 htultitudini

451 4254 763 4309 Judmurnm
785 4256 877 4325 qui
908 4255 1026 4321 eius
1058 4254 1267 4323 legibus
1294 4252 1648 4321 regebantur,
1681 4248 1895 4302 dederit
1927 4247 1980 4300 itt
2018 4247 2259 4299 moribus
2286 4244 2546 4313 peccandi
2599 4244 2810 4310 locum;
2853 4258 3028 4314 neque
3060 4246 3437 4315 sagacioribus
3482 4247 3708 4302 lectori-

456 4351 555 4405 bus
583 4353 673 4419 qtti
714 4353 821 4402 rari
847 4358 995 4413 sunt,
1034 4346 1467 4413 legislatorisque
1496 4342 1834 4394 voluntatem
1865 4341 2122 4407 indagare
2148 4338 2481 4403 valentibus,
2513 4337 2705 4391 altiora
2737 4337 3116 4406 pcrscrutandi
3148 4338 3373 4392 materia
3409 4339 3658 4395 defuerit.
3686 4360 3705 4390 t

455 4446 517 4498 Et
547 4446 741 4497 iterum
777 4442 873 4495 lib.
904 4455 978 4504 tv,
1014 4455 1163 4492 num.
1190 4438 1259 4492 50
1292 4454 1308 4489 :
1346 4455 1363 4486 ι
1393 4434 1751 4504 lneptissinta,
1786 4434 1985 4501 inquit,
2018 4432 2127 4486 imo
2154 4430 2337 4501 potius
2394 4430 2556 4498 intpia
2586 4446 2704 4497 qua:
2743 4427 2915 4483 Graeci
2964 4427 3185 4484 fabulati
3221 4440 3367 4485 sunt.
3396 4430 3587 4485 Nostra
3614 4448 3713 4485 au-

458 4551 563 4591 tem
588 4538 749 4590 etiam
778 4534 1170 4603 simpliciorum
1196 4530 1526 4583 multitudini
1566 4535 1692 4581 sunt
1730 4525 2141 4579 accommodata
2179 4541 2194 4578 :
2235 4522 2333 4578 sed
2364 4521 2524 4589 hujus
2565 4522 2743 4590 captui
2772 4536 2829 4575 se
2873 4530 3243 4590 attemperare
3292 4536 3396 4575 non
3452 4534 3713 4577 curarunt

457 4631 766 4683 Graecarum
809 4625 1119 4679 fabularum
1146 4632 1419 4677 auctores.
1460 4621 1607 4677 Unde
1637 4637 1741 4673 tttttt
1777 4621 2051 4675 imntcrito
2083 4634 2234 4675 csua
2268 4619 2541 4689 republica
2584 4616 2733 4673 Plato
2784 4615 3001 4670 fabulas
3043 4615 3307 4683 ejusmodi
3358 4626 3411 4671 et
3459 4627 3703 4686 poemata
3754 4676 3757 4677 ν

459 4721 800 4777 extertttinat.
843 4737 862 4769 t

762 4841 946 4894 Anrtc.
990 4836 1078 4894 IV.
1120 4851 1187 4892 DE
1228 4852 1423 4892 FALSIS.
1464 4851 1717 4892 nsuntns
1755 4852 1932 4901 noue
1974 4850 2391 4891 turosstetuaos
2422 4849 2544 4898 qua
2576 4849 2630 4887 IN
2672 4847 2730 4888 se
2767 4846 3040 4888 CONTINET
3080 4845 3393 4886 SCRIPTURA.

532 4954 643 5010 lloc
674 4967 755 5009 est
783 4957 1029 5027 Origettis
1058 4958 1380 5027 principium
1414 4958 1655 5010 omnium
1686 4956 1920 5010 maxime
1950 4955 2298 5024 stupendum,
2329 4955 2586 5023 quodque
2639 4950 2896 5020 majorem
2952 4964 3139 5005 secum
3190 4947 3481 5015 perniciem
3520 4944 3707 4999 alfcrt.

456 5047 630 5113 Ipsum
665 5048 1093 5103 ittdiscrintinate
1126 5050 1189 5101 ad
1217 5064 1433 5103 omnem
1462 5048 1825 5117 Scripturam,
1848 5049 1950 5103 hoc
1984 5056 2093 5109 est,
2114 5047 2179 5098 ad
2213 5056 2508 5113 utrumque
2542 5042 2953 5097 Testamentum
2970 5049 3027 5095 et
3057 5038 3124 5093 ad
3152 5034 3394 5105 singulas
3425 5035 3709 5105 utriusque

453 5141 789 5196 Testanteuti
817 5152 1023 5212 partes,
1057 5147 1121 5198 ad
1149 5147 1317 5214 leges,
1340 5146 1407 5199 ad
1447 5155 1739 5214 praecepta,
1771 5143 1837 5196 ad
1868 5142 2215 5197 narrationes
2245 5139 2561 5203 historicas,
2598 5146 2656 5191 et
2704 5137 2771 5191 ad
2804 5137 2954 5205 ipsas
2983 5148 3154 5203 usque
3184 5130 3495 5201 propltetias
3519 5143 3707 5186 exten-

453 5236 554 5289 dit.
588 5233 856 5300 Quoniam
904 5249 1031 5287 vero
1077 5236 1336 5302 prolixam
1373 5235 1608 5305 postulat
1653 5233 1918 5288 articulus
1956 5232 2059 5287 iste
2113 5231 2573 5300 disquisitionem,
2623 5228 2679 5283 in
2736 5228 2919 5297 plures
2952 5224 3105 5279 illum
3130 5224 3499 5293 paragraphos
3549 5241 3703 5281 seca-

455 5329 653 5383 I-itttus.

454 5439 482 5505 ᾗ
525 5440 562 5491 l.
588 5439 678 5493 Ea:
708 5440 935 5511 Origene
964 5439 1245 5505 Scriptura
1268 5454 1422 5492 sacra
1454 5450 1560 5512 tam
1596 5435 1735 5512 Noui
1768 5451 1925 5512 quam
1972 5430 2512 5512 Veterisfcstqmeuli
2536 5430 2825 5512 secundum
2854 5428 3130 5485 lstteralem
3177 5444 3386 5484 sensum
3418 5425 3699 5493 ﬁdelium,

1432 5506 1597 5559 multa
1636 5499 1791 5559 habet
1815 5505 1976 5574 falsa,
2002 5503 2232 5556 absurda
2262 5512 2305 5555 et
2333 5499 2701 5569 impossibilia.

526 5621 865 5678 Paradosnm
896 5621 1025 5675 illud
1061 5620 1214 5673 nobis
1248 5620 1498 5687 proponit
1527 5618 1665 5671 libro
1694 5632 1747 5671 tv
1782 5617 1856 5670 De
1887 5615 2178 5683 principiis,
2222 5631 2368 5668 num.
2406 5614 2472 5666 I5
2499 5622 2554 5668 et
2583 5612 2672 5679 16,
2701 5614 2784 5669 his
2815 5614 2997 5669 verbis
3037 5632 3050 5667 :
3089 5633 3107 5666 ι
3154 5612 3418 5683 Quoniam
3455 5614 3497 5667 si
3556 5608 3691 5679 legis

453 5719 663 5774 utilitas
695 5730 751 5774 et
777 5720 1035 5773 varietate
1067 5715 1345 5771 oltlcctans
1383 5712 1621 5767 historiae
1653 5712 1825 5767 series
1851 5701 2056 5779 ubique
2087 5725 2144 5767 se
2184 5709 2460 5780 proderet,
2488 5724 2593 5766 non
2628 5708 2813 5779 utique
2848 5707 3269 5765 crcdidissemus
3331 5703 3476 5766 aliud
3539 5700 3701 5772 quid-
