4180 6216
451 220 522 275 l5
977 223 983 229 ‘
1737 219 2102 282 PREFATIO

2080 224 2111 282 3
2149 225 2240 280 Αι)
2278 199 2441 281 ron.
2482 222 2548 280 ιι.
3664 238 3731 306 ιδ

449 334 574 386 dam
614 341 812 404 praeter
851 331 905 387 id
943 331 1089 404 quod
1111 331 1333 389 obvimn
1367 338 1474 400 est,
1502 331 1558 388 in
1586 330 1898 403 Scripturis
1925 333 2160 406 intelligi
2187 349 2370 407 posse;
2408 335 2618 390 idcirco
2648 332 2744 390 Dei
2769 330 3006 390 Verbum
3032 335 3085 391 in
3134 337 3253 406 lege
3288 352 3353 394 ac
3382 337 3611 396 historia
3641 344 3732 396 ln-

451 426 667 494 tarponi
707 425 925 481 curavit
963 425 1289 481 oll'endicula
1320 434 1377 481 et
1416 425 1779 496 impossibilia
1805 430 2085 498 quaedam.
2128 444 2195 484 ne
2223 428 2470 484 dictione
2493 427 2630 483 nihil
2650 436 2848 497 preter
2877 426 3193 484 illecebram
3223 428 3461 487 habente
3487 431 3729 500 deliniti,

445 529 502 573 et
528 519 661 573 nihil
692 519 800 576 Deo
837 520 1063 590 dignum
1083 520 1453 586 addiscentes,
1487 522 1708 579 tandem
1746 536 1777 575 a
1803 521 2077 591 dogmatis
2102 521 2445 589 recedamus,
2486 531 2581 576 aut
2629 520 2786 575 nudae
2841 519 3042 577 litterae
3100 520 3316 592 penitus
3358 522 3727 590 adhaerentes,

449 614 587 669 nihil
614 614 851 669 divinius
877 613 1266 684 percipianms.
1303 613 1437 670 Illud
1471 624 1738 685 praeterea
1760 616 2046 672 sciendqu
2076 626 2160 672 est
2197 635 2211 672 :
2240 616 2376 673 Cum
2407 631 2475 671 eo
2508 616 2783 688 praecipue
2810 626 3021 687 spectet
3049 617 3143 672 Dei
3183 618 3421 674 Verbum
3452 628 3513 674 ut
3560 619 3729 675 intel-

455 705 695 774 ﬁgentia:
716 707 981 778 spiritalis
1008 709 1457 777 consequentiam
1480 708 1754 765 custodiat
1788 710 1843 764 in
1878 709 2041 765 rebus
2066 710 2239 781 gestis
2265 719 2320 764 et
2350 709 2607 780 gerendis
2636 747 2653 774 ,
2691 709 2785 763 ubi
2816 710 3114 766 secundum
3144 709 3429 766 historiam
3460 712 3730 781 quaepiam

451 802 658 857 invenit
688 818 808 872 qua:
832 802 1048 857 arcanis
1079 802 1197 856 istis
1218 802 1623 857 accommodari
1649 812 1893 871 possent,
1923 802 2033 857 illis
2062 819 2194 858 usus
2229 813 2338 866 est,
2374 801 2561 857 multis
2587 802 2869 858 occultans
2893 803 3282 859 abstrusiorem
3314 820 3535 860 sensum
3567 822 3582 871 ;
3638 804 3730 861 ubi

449 909 578 947 vero
611 892 967 961 explananda;
997 892 1069 947 illi
1108 892 1435 961 spiritalium
1462 894 1789 949 connexioni
1823 908 1929 948 non
1961 894 2321 949 conveniebat
2349 902 2622 948 certarum
2658 895 3019 964 quarumdam
3045 909 3225 950 rerum
3266 897 3518 964 historia,
3552 901 3725 956 inter-

433 984 617 1038 seruit
647 982 933 1051 Scriptura
969 983 1211 1038 historia:
1238 983 1383 1053 quod
1414 984 1618 1040 factum
1652 1000 1758 1040 non
1785 994 1928 1051 erat,
1955 985 2064 1041 itno
2099 986 2391 1055 aliquando
2414 988 2556 1055 quod
2590 986 2707 1039 ﬁeri
2749 1001 2853 1040 non
2882 996 3133 1056 poterat;
3166 989 3503 1060 quandoque
3542 1004 3726 1050 autem

430 1075 588 1143 qule
616 1085 831 1143 poterat
857 1074 1077 1145 quidem
1110 1073 1250 1136 ﬁeri,
1277 1074 1372 1128 sed
1420 1083 1597 1129 tamen
1630 1073 1830 1129 factum
1869 1089 1975 1129 non
2008 1084 2112 1129 est.
2146 1076 2357 1130 Accidit
2388 1077 2552 1129 etiam
2585 1076 2885 1141 interdum,
2941 1088 2999 1130 ut
3038 1092 3228 1145 paucae
3281 1079 3587 1148 interiectae
3613 1087 3728 1141 sint,

444 1172 715 1227 dictiones
744 1171 987 1236 veritati,
1020 1171 1065 1224 si
1099 1170 1168 1224 ad
1200 1184 1399 1240 corpus
1432 1179 1663 1239 spectes,
1701 1185 1807 1225 non
1839 1180 2247 1226 consentaneae.
2278 1173 2373 1226 Est
2402 1171 2492 1225 ubi
2530 1171 2710 1225 nmltas
2745 1171 3056 1240 hujnsmodi
3082 1184 3231 1228 sunt.
3260 1174 3405 1229 ldem
3435 1177 3549 1235 fere
3569 1181 3727 1251 judi-

427 1265 587 1318 rcimn
620 1264 686 1316 de
716 1262 833 1332 lege
861 1261 1149 1317 ferendum
1178 1270 1280 1328 est,
1316 1261 1405 1316 ubi
1442 1275 1585 1332 sazpe
1608 1261 1888 1332 quidpiam
1926 1262 2196 1331 reperitur
2230 1278 2325 1332 per
2362 1278 2422 1318 se
2458 1263 2591 1317 utile
2613 1272 2665 1317 et
2690 1264 3027 1333 temporibus
3054 1264 3189 1335 legis
3219 1269 3589 1339 conveniens;
3619 1274 3728 1329 ali-

444 1357 666 1418 quando
690 1364 874 1410 autem
906 1354 1052 1409 nulla
1089 1365 1314 1425 apparet
1336 1356 1565 1409 utilitas.
1608 1355 1748 1422 Quin
1774 1365 1830 1410 et
1870 1355 2145 1410 interdum
2179 1357 2573 1425 prmeipiuntur
2604 1356 2987 1426 impossibilia,
3012 1370 3066 1413 et
3102 1361 3152 1414 id
3198 1363 3421 1430 quidem
3449 1380 3514 1419 eo
3536 1369 3723 1423 consi-

447 1451 545 1515 lio,
577 1460 637 1505 ut
659 1451 747 1519 qui
769 1451 1082 1521 sagaciores
1112 1460 1166 1505 et
1195 1451 1250 1506 in
1279 1465 1460 1505 rerum
1488 1451 1846 1519 inquisitione
1871 1452 2116 1506 acriores
2138 1462 2290 1516 sunt,
2331 1468 2453 1507 sese
2484 1469 2665 1507 rerum
2708 1454 3035 1523 scriptarum
3067 1458 3492 1515 considerationi
3559 1473 3725 1533 atque

446 1541 849 1612 investigationi
890 1543 1111 1610 dantes,
1163 1542 1263 1597 sibi
1297 1543 1533 1598 maxime
1563 1546 1943 1611 persuadeant,
1974 1545 2197 1615 dignum
2235 1545 2341 1600 Deo
2386 1545 2438 1599 in
2474 1545 2581 1599 illis
2606 1546 2768 1600 rebus
2793 1561 3011 1600 sensum
3059 1550 3229 1618 quaeri
3278 1564 3551 1620 oportere.
3603 1554 3721 1612 Non

445 1635 623 1689 solum
658 1644 839 1689 autem
872 1634 939 1690 de
983 1634 1050 1690 iis
1074 1650 1194 1703 qua:
1228 1637 1517 1690 adventum
1542 1635 1744 1692 Christi
1777 1646 2194 1706 praecesserunt,
2218 1636 2333 1692 haec
2356 1636 2592 1707 Spiritus
2620 1647 2842 1691 sanctus
2869 1638 3205 1705 procuravit,
3236 1643 3328 1696 sed
3365 1653 3548 1713 utpote
3580 1647 3722 1702 idem

445 1729 608 1783 unius
635 1729 991 1798 ejusdemque
1038 1728 1128 1783 Dei
1163 1729 1422 1799 Spiritus,
1450 1730 1589 1785 idem
1626 1730 1679 1784 in
1703 1729 2014 1801 Evangeliis
2043 1741 2098 1785 et
2133 1730 2504 1800 apostolorum
2534 1731 2755 1799 scriptis
2782 1730 2909 1785 fecit
2937 1745 2953 1784 :
2982 1746 3105 1785 cum
3155 1748 3253 1787 nec
3301 1734 3389 1788 illa
3420 1739 3722 1792 secundum

444 1824 783 1896 corporalem
813 1839 1032 1879 sensum
1056 1825 1277 1879 omnino
1316 1826 1587 1880 sinceram
1619 1825 1855 1896 habeant
1886 1826 2169 1881 historiam
2198 1840 2389 1880 eorum
2437 1841 2557 1894 quae
2599 1835 2855 1880 contexta
2896 1835 3046 1889 sunt,
3074 1834 3131 1880 et
3194 1836 3371 1883 tamen
3422 1828 3564 1884 facta
3616 1845 3723 1886 non

446 1892 609 1979 sunt;
647 1928 746 1968 nec
794 1914 944 1983 leges
977 1922 1031 1967 et
1060 1922 1329 1983 prmeepta
1359 1913 1597 1983 habeant
1637 1892 1840 1969 rationi
1880 1926 2279 1969 consentanea.
2326 1933 2347 1967 ι
2384 1892 2551 1969 Suam
2606 1914 2803 1969 deinde
2845 1917 3172 1970 sententiam
3218 1928 3467 1973 astruere
3528 1921 3724 1975 nititur

448 2012 635 2065 multis
665 2011 964 2081 Scriptura:
1002 2011 1135 2067 locis
1157 2026 1279 2080 quae
1301 2017 1488 2080 postea
1517 2009 1755 2063 exatnini
1792 2020 1983 2065 nostro
2033 2009 2410 2078 sulijicientur.
2448 2010 2700 2078 Ejusdem
2737 2011 2860 2065 libri
2914 2026 3065 2065 num.
3128 2013 3161 2067 8
3205 2022 3261 2068 et
3307 2014 3362 2080 9,
3418 2026 3705 2085 postquam

427 2101 783 2158 'fundamenti
804 2104 1110 2158 iloeohanc
1138 2118 1258 2173 quae
1281 2111 1433 2156 extra
1471 2102 1899 2157 controversiam
1927 2112 2035 2167 est,
2073 2102 2356 2157 veritatem
2390 2104 2597 2173 posuit,
2627 2118 2694 2157 ex
2733 2102 3073 2172 ignoratione
3103 2109 3198 2159 vite
3221 2122 3326 2173 qua
3357 2107 3721 2162 insistendum

444 2197 510 2249 sit
546 2199 694 2250 utad
731 2195 1139 2264 Scripturarum
1172 2193 1596 2262 intelligentiam
1624 2196 2002 2265 perveniatur,
2041 2205 2201 2252 natos
2221 2210 2343 2251 esse
2367 2210 2587 2249 errores
2611 2194 2877 2260 inﬁnitos,
2930 2197 2982 2250 in
3020 2198 3327 2262 exemplum
3373 2199 3591 2253 adducit
3619 2199 3723 2255 Ju-

442 2291 612 2355 dzeos,
640 2290 952 2356 htereticos,
982 2287 1384 2358 nonnullosque
1416 2289 1498 2343 sui
1534 2290 1795 2359 temporis
1817 2290 2180 2355 Christianos,
2213 2299 2271 2345 ut
2298 2290 2351 2344 in
2375 2289 2597 2344 litterali
2637 2290 3045 2359 Scripturarum
3072 2276 3528 2363 interpretatione
3556 2296 3719 2349 sitam

440 2399 568 2441 esse
607 2387 804 2455 probet
828 2384 1017 2438 falsam
1046 2384 1210 2439 istam
1233 2384 1378 2437 via-m
1405 2398 1526 2453 qua:
1556 2386 1623 2437 ad
1655 2384 2013 2454 praecipitium
2065 2386 2233 2441 ducit.
2264 2403 2283 2437 ι
2325 2384 2455 2439 Duri
2485 2384 2671 2449 corde,
2701 2384 2900 2453 inquit,
2934 2394 2988 2439 et
3018 2385 3200 2440 idiota:
3251 2386 3341 2455 qui
3374 2403 3403 2441 e
3430 2387 3719 2443 circumci-

443 2480 600 2535 sione
626 2485 776 2540 sunt,
802 2476 1213 2545 prophetiarum
1239 2488 1358 2544 quae.
1405 2474 1471 2528 de
1528 2471 1745 2527 Christo
1777 2474 2077 2539 l0qnuntur
2127 2476 2419 2530 dictionem
2478 2475 2632 2543 sequi
2678 2490 2737 2529 se
2798 2476 3198 2542 existimantes,
3258 2480 3311 2531 in
3379 2478 3721 2536 Salvatorem

444 2581 692 2627 nostrum
733 2585 840 2625 non
866 2567 1254 2632 crediderunt;
1286 2578 1339 2622 et
1368 2582 1496 2621 cum
1527 2568 1771 2623 sensibili
1811 2568 1969 2622 modo
1993 2583 2098 2622 non
2131 2568 2617 2637 cernerentipsum
2651 2567 2978 2637 praedicasse
3025 2570 3259 2639 captivis
3313 2574 3722 2643 remissionem,

442 2679 621 2734 neque
646 2662 952 2717 aediﬁcasse
985 2676 1131 2724 eam,
1160 2675 1323 2729 quam
1344 2674 1476 2714 vere
1508 2661 1740 2716 credunt
1768 2674 1894 2714 esse
1945 2658 2221 2713 civitatem
2254 2659 2372 2725 Dei,
2404 2672 2585 2727 neque
2630 2661 3032 2715 exterminasse
3068 2676 3262 2716 currus
3320 2661 3603 2732 Ephraim,
3660 2675 3717 2719 et

442 2773 643 2827 equum
666 2756 733 2811 de
756 2752 1084 2817 Jerusalem,
1117 2766 1291 2821 neque
1314 2751 1569 2821 butyrum
1594 2759 1647 2806 et
1676 2751 1780 2805 mel
1802 2750 2135 2815 comedisse,
2174 2764 2351 2819 neque
2380 2749 2699 2819 priusquam
2743 2759 2935 2804 nosset
2998 2760 3094 2805 aut
3137 2751 3364 2822 eligeret
3416 2755 3581 2819 mala,
3609 2755 3723 2809 ele-

441 2850 589 2918 gisse
614 2848 814 2904 bonum
841 2862 857 2911 ;
898 2845 1004 2901 rati
1034 2844 1265 2914 insuper
1297 2857 1419 2897 esse
1446 2858 1473 2897 a
1508 2844 1788 2914 prophetis
1823 2842 2141 2911 praedictum
2179 2840 2297 2896 fore
2331 2850 2389 2895 ut
2418 2841 2579 2911 lupus
2608 2842 2812 2896 animal
2843 2843 3153 2912 quadrupes
3190 2858 3314 2899 cum
3343 2861 3482 2914 agno
3527 2861 3716 2915 pasce-

440 2952 614 3008 eetur,
650 2940 850 3010 pardus
869 2954 1002 2994 cum
1022 2937 1204 2993 'htedo
1230 2937 1636 3000 stabularctur;
1668 2934 1887 2998 vitulus,
1918 2943 2108 2988 taurus
2139 2942 2194 2987 et
2239 2932 2324 2987 leo
2363 2932 2526 2988 simul
2560 2942 2920 3002 pascerentur
2940 2942 2997 2988 et
3021 2950 3051 2988 a
3079 2937 3309 3006 puerulo
3338 2937 3715 3004 ducerentur;

443 3032 540 3088 bos
573 3042 628 3087 et
651 3047 811 3087 ursus
834 3044 941 3086 una
972 3030 1232 3100 pabulum
1264 3035 1563 3090 sumerent,
1593 3041 1780 3080 eorum
1807 3025 2055 3097 parvulis
2082 3026 2244 3081 simul
2273 3025 2566 3093 educatis;
2602 3026 2688 3081 leo
2710 3041 2929 3096 quoque
2961 3038 3019 3081 ut
3071 3029 3169 3083 bos
3196 3030 3349 3098 palea
3374 3041 3713 3099 vesceretur;

446 3125 580 3179 nihil
614 3123 896 3179 horumtin
924 3122 1042 3192 ejus
1074 3138 1235 3192 quem
1264 3120 1540 3175 Christum
1566 3120 1862 3185 credimus,
1896 3118 2130 3174 adventu
2177 3119 2513 3175 sensibiliter
2538 3129 2825 3176 cernentes
2849 3121 3074 3184 lactmn,
3126 3122 3416 3179 llatninum
3470 3138 3716 3181 nostrum

443 3219 631 3276 Jesum
656 3226 865 3271 tantum
894 3215 1050 3270 abest
1082 3224 1139 3268 ut
1164 3213 1495 3282 receperint,
1533 3220 1593 3266 ut
1626 3212 1804 3280 potius
1826 3225 1952 3265 eum
1986 3219 2243 3279 tanquam
2284 3226 2404 3266 sese
2453 3222 2646 3267 contra
2708 3212 2795 3281 jus
2855 3212 3136 3269 Christum
3190 3217 3533 3286 praalicaret,
3567 3224 3718 3276 cruci

445 3312 737 3368 aﬂixerint,
772 3308 1023 3363 llmretici
1054 3316 1234 3363 autem
1268 3305 1510 3376 legentes
1551 3322 1566 3360 :
1608 3304 1754 3375 Ignis
1781 3302 1985 3358 exarsit
2004 3318 2069 3356 ea:
2098 3304 2180 3356 ira
2211 3302 2393 3369 inea";
2424 3313 2516 3361 et:
2552 3305 2662 3375 Ego
2715 3306 2859 3362 Deus
2907 3310 3186 3365 aemulator
3242 3311 3463 3368 reddens
3505 3304 3743 3385 peccata

445 3413 655 3476 patrum
686 3402 741 3454 in
772 3398 913 3469 ﬁlios
940 3399 994 3452 in
1023 3398 1236 3451 tertiam
1266 3406 1312 3450 et
1339 3405 1585 3466 quartam
1621 3394 2014 3465 generationem
2034 3394 2088 3459 ';
2128 3403 2185 3449 et
2218 3414 2230 3449 :
2280 3392 2504 3450 Paenitet
2535 3413 2618 3450 me
2648 3400 2863 3455 unxisse
2899 3400 3038 3456 Saul
3071 3405 3123 3455 in
3160 3404 3402 3472 regem“;
3430 3416 3486 3461 et
3526 3427 3540 3464 :
3606 3409 3719 3480 Ego

444 3497 709 3555 Dominus
738 3494 940 3563 faciens
964 3507 1148 3561 pacem
1176 3502 1223 3545 et
1245 3504 1431 3544 creans
1459 3488 1681 3555 mala”;
1707 3499 1762 3543 et
1791 3487 1899 3541 alio
1916 3486 2042 3543 loco
2066 3503 2087 3543 :
2118 3487 2239 3542 Non
2256 3497 2331 3543 est
2360 3489 2630 3543 malumin
2659 3490 2867 3547 ciuitate
2890 3496 3031 3564 quod
3062 3512 3165 3549 non
3188 3497 3366 3564 fecerit
3398 3499 3652 3557 Dominus
3675 3508 3719 3571 κς

439 3602 499 3647 et
537 3588 665 3644 illud
696 3588 921 3656 insuper
953 3600 968 3636 :
998 3583 1394 3638 Descenderam
1419 3582 1560 3636 mala
1592 3598 1623 3636 a
1654 3580 1886 3635 Domino
1919 3583 1975 3635 in
2002 3593 2182 3651 portas
2206 3579 2583 3636 Jerusalem”:
2613 3592 2706 3639 et:
2738 3583 2975 3653 Spiritus
3008 3589 3179 3642 malus
3214 3606 3246 3643 a
3280 3590 3389 3645 Deo
3417 3595 3718 3663 suﬂ‘ocabat

444 3682 577 3739 Saul
600 3684 680 3749 ‘°;
709 3691 765 3736 et
793 3681 880 3736 his
910 3677 1111 3735 similia
1137 3678 1530 3747 propemodum
1565 3675 1800 3740 inﬁnita,
1834 3691 2033 3746 negare
2064 3677 2279 3746 quidem
2307 3690 2403 3747 eas
2445 3690 2566 3730 esse
2613 3676 2706 3732 Dei
2748 3676 3068 3748 Scripturas
3100 3696 3207 3733 non
3256 3683 3374 3735 ausi
3419 3694 3570 3747 sunt,
3623 3688 3717 3740 sed

444 3774 591 3830 illius
613 3789 776 3845 quem
805 3771 977 3827 Judtei
1010 3768 1218 3833 colunt,
1245 3765 1523 3820 Creatoris
1562 3778 1659 3819 eas
1689 3780 1811 3819 esse
1843 3766 1967 3827 rati,
2001 3766 2159 3833 quasi
2204 3764 2562 3832 imperfectus
2591 3752 2691 3819 n'ec
2722 3771 2897 3820 bonus
2924 3776 3070 3821 esset
3122 3767 3213 3821 ille
3259 3769 3533 3832 conditor,
3569 3772 3720 3825 arbi-

442 3868 574 3922 trati
610 3874 735 3921 sunt
756 3862 1044 3916 advenisse
1075 3858 1421 3914 Salvatorem
1452 3854 1543 3924 qui
1574 3853 1961 3924 perfectiorem
1992 3853 2350 3908 annuntiat-et
2387 3852 2577 3916 Deum,
2607 3870 2770 3922 quem
2803 3856 2990 3910 dicunt
3016 3872 3124 3911 non
3165 3872 3289 3912 esse
3317 3861 3505 3913 mundi
3560 3863 3719 3930 opili-

443 3974 588 4021 cem,
614 3958 667 4010 in
694 3954 875 4008 varias
901 3966 963 4007 ea
998 3951 1063 4006 de
1109 3964 1168 4003 re
1200 3947 1408 4014 abrepti
1448 3945 1783 4009 sententias;
1810 3953 1864 3998 et
1891 3953 2177 4014 postquam
2210 3960 2238 3998 a
2273 3945 2539 4001 Creatore
2576 3946 2669 4013 qui
2699 3956 2784 3999 est
2826 3947 3102 4017 ingenitus
3137 3949 3284 4004 solus
3309 3950 3470 4015 Deus,
3503 3952 3718 4007 defece-

446 4058 601 4113 iunt,
634 4046 905 4118 ﬁgmentis
932 4044 1296 4102 adhaeserunt,
1326 4036 1884 4108 excogitatislictitiis
1924 4035 2325 4106 hypothesibus
2352 4036 2650 4090 secundmn
2683 4051 2822 4105 quas
2869 4039 3013 4092 facta
3057 4054 3179 4094 esse
3209 4050 3405 4110 putant
3454 4042 3715 4106 visibilia,

446 4154 500 4199 et
530 4142 635 4197 alia
668 4139 921 4211 quaedam
953 4134 1276 4198 invisibilia,
1309 4147 1431 4203 qua:
1453 4132 1639 4185 animo
1660 4130 1764 4185 sibi
1792 4130 2091 4185 tinxerunt.
2112 4129 2428 4197 Quinetiam
2450 4128 2814 4197 simpliciores
2846 4132 3110 4193 nonnulli.
3150 4137 3243 4203 qui
3278 4150 3336 4189 se
3372 4135 3440 4189 de
3471 4134 3714 4193 Ecclesia

447 4252 572 4294 esse
592 4231 1197 4307 gloriantur,Creatore
1230 4229 1449 4299 quidem
1482 4224 1689 4280 nullum
1730 4224 1992 4294 majorem
2026 4226 2367 4291 existimant,
2394 4238 2582 4277 sanam
2615 4223 2718 4277 hac
2745 4225 2796 4277 in
2838 4240 2900 4278 re
2940 4226 3175 4296 amplexi
3227 4230 3585 4296 sententiam;
3618 4246 3714 4283 ve-

450 4344 573 4383 rum
606 4342 667 4382 ea
702 4325 771 4380 de
804 4326 924 4395 ipso
948 4320 1313 4391 suspicantur,
1349 4331 1467 4387 qua:
1507 4331 1575 4371 ne
1612 4316 1678 4370 de
1699 4315 1925 4371 homine
1956 4316 2177 4385 quidem
2204 4315 2584 4371 crudelissimo
2608 4324 2663 4369 et
2701 4315 3061 4384 injustissimo
3085 4317 3337 4386 cogitare
3373 4318 3457 4375 fas
3506 4321 3598 4374 sit.
3645 4321 3715 4376 lis

445 4435 629 4481 autem
661 4420 916 4475 omnibus
940 4416 1085 4472 nulla
1126 4413 1388 4469 falsarum
1431 4411 1771 4481 opinionum,
1798 4410 1946 4466 nulla
1981 4409 2279 4480 impietatis
2323 4419 2382 4465 et
2426 4410 2748 4464 stolidarum
2780 4411 2846 4465 de
2891 4412 2999 4465 Deo
3050 4426 3363 4467 sermonum
3408 4429 3569 4468 causa
3596 4432 3716 4471 esse

445 4518 553 4573 alia
600 4516 840 4579 videtur,
878 4527 1042 4583 quam
1093 4508 1383 4579 Scriptura
1427 4522 1534 4563 non
1588 4506 1889 4562 secundum
1947 4505 2252 4578 spiritalem
2297 4519 2516 4562 sensum
2577 4505 2881 4572 intellecta,
2926 4507 3021 4563 sed
3070 4509 3366 4563 secundum
3422 4509 3713 4566 litteralcm

446 4620 690 4682 accepta.

451 4729 481 4803 ᾗ
524 4726 587 4782 ll.
627 4723 711 4778 Ea:
740 4722 967 4803 Origene
997 4721 1050 4773 in
1082 4715 1458 4803 ﬂosaicalege
1503 4715 1673 4803 inulla
1702 4724 1824 4803 sunt
1862 4731 1984 4803 qua;
2033 4714 2250 4798 litterali
2292 4724 2699 4803 sensunaccepta
2747 4715 2955 4803 nullam.
3000 4716 3189 4803 habent
3239 4716 3449 4803 seriem,
3512 4719 3716 4802 nullam

524 4784 972 4863 consequentiam,
1000 4790 1092 4845 sed
1121 4790 1298 4858 potius
1320 4784 1669 4856 impassibitia
1698 4793 1844 4855 sunt,
1876 4784 2074 4841 rationi
2119 4786 2416 4853 contraria,
2447 4784 2556 4840 Deo
2587 4784 2825 4857 indigna,
2858 4797 2905 4840 et
2939 4786 3135 4856 legibus
3184 4803 3326 4840 mere
3355 4791 3601 4844 Immanis
3630 4792 3715 4844 in-

518 4868 737 4937 feriata.

522 4987 647 5045 Lib.
680 5002 756 5042 vit
786 4993 975 5039 contra
1003 4980 1238 5043 Celsum,
1272 4992 1423 5032 num.
1452 4976 1524 5032 20
1554 4986 1611 5031 et
1643 4976 1737 5045 21,
1774 4977 2002 5045 objectis
2047 4976 2116 5031 ab
2170 4976 2275 5031 hoc
2323 4974 2589 5046 Epicureo
2622 4982 2817 5030 contra
2872 4973 3043 5043 legem
3078 4971 3366 5028 Mosaicam
3399 4988 3507 5029 non
3559 4972 3717 5028 aliter

452 5080 771 5149 respondet,
797 5093 960 5145 quam
994 5071 1278 5142 repudiato
1310 5067 1529 5123 litterali
1559 5082 1749 5122 sensu.
1814 5088 1832 5120 ι
1860 5069 1990 5123 Dico
2020 5069 2207 5139 igitur,
2248 5068 2444 5136 inquit,
2475 5068 2647 5138 legem
2673 5067 2940 5137 duplicem
2973 5080 3111 5131 esse,
3149 5064 3373 5120 alteram
3404 5065 3712 5127 litteralem,

454 5168 797 5243 spiritualem
835 5167 1091 5228 alteram,
1143 5171 1201 5216 ut
1234 5160 1348 5231 jam
1397 5168 1526 5211 ante
1560 5172 1659 5211 nos
1690 5158 1911 5227 quidam
1946 5159 2272 5214 docuerunt.
2337 5157 2648 5214 Litteralem
2691 5172 2794 5212 non
2850 5166 2957 5211 tam
2998 5172 3096 5212 nos
3142 5172 3303 5227 quam
3339 5156 3479 5211 Dens
3512 5155 3628 5222 ipse
3660 5156 3710 5209 in

453 5280 563 5322 uno
592 5278 622 5319 e
652 5259 936 5333 prophetis
980 5258 1212 5326 loquens
1256 5262 1417 5308 vocat
1456 5250 1670 5320 judicia
1719 5268 1822 5306 non
1871 5251 2028 5313 bona,
2078 5260 2337 5319 prtecepta
2369 5266 2472 5304 non
2505 5254 2637 5303 bona
2661 5250 2739 5317 ¹¹;
2775 5250 3076 5318 spiritualis
3113 5266 3243 5305 vero
3289 5247 3430 5316 apud
3462 5247 3712 5300 eumdem

452 5354 777 5429 prophetam
810 5348 1113 5418 appellatur
1142 5362 1171 5398 a
1202 5343 1312 5397 Deo
1332 5342 1543 5411 judicia
1572 5341 1729 5404 bona,
1757 5346 2019 5410 prwcepta
2040 5338 2176 5391 bona
2204 5340 2266 5391 ¹².
2299 5337 2460 5394 Certe
2484 5339 2747 5408 propheta
2780 5341 2965 5395 eodem
2990 5340 3042 5393 in
3067 5338 3187 5394 loco
3213 5354 3395 5429 secum
3420 5337 3715 5407 pugnantia

453 5463 561 5503 non
596 5446 749 5501 dicit.
791 5445 969 5512 Atque
999 5442 1164 5496 etiam
1196 5441 1270 5496 illi
1306 5439 1511 5494 Paulus
1542 5443 1809 5493 consonat
1842 5431 1972 5486 dum
2001 5430 2081 5486 ait
2110 5430 2363 5496 litteram,
2397 5445 2520 5501 qua:
2552 5431 2693 5487 idem
2723 5441 2805 5487 est
2832 5446 2896 5486 ac
2928 5444 3121 5486 sensus
3144 5428 3417 5494 litteralis,
3449 5429 3710 5493 occidere,

522 5646 553 5684 κ
592 5642 796 5697 .lerem.
833 5656 922 5705 xv,
960 5639 1048 5694 Μ.
1125 5640 1144 5669 ⁵
1194 5636 1364 5690 Exod.
1418 5651 1509 5698 xx,
1548 5635 1607 5690 5.
1680 5635 1701 5665 ⁸
1754 5631 1793 5705 ιν
1825 5632 1981 5705 Begu
2002 5646 2097 5705 av,
2134 5633 2220 5689 ll.
2296 5634 2316 5665 "
2350 5632 2452 5689 lsa.
2486 5647 2610 5701 XLV,
2643 5631 2696 5689 7.
2772 5633 2794 5666 ⁸
2832 5633 3020 5690 Amos.
3053 5645 3137 5699 tu,
3167 5629 3222 5686 6.
3299 5630 3323 5664 ’
3351 5629 3514 5687 Mich.
3548 5628 3710 5701 1,12.

454 5717 538 5773 "l
572 5715 701 5786 lleg.
734 5700 1010 5781 xvntplu.
1089 5710 1130 5743 “
1159 5707 1357 5763 Ezech.
1392 5720 1483 5773 xx,
1508 5705 1599 5760 25.
1678 5705 1723 5736 ¹²
1758 5700 1929 5772 ιδια.;
1953 5700 2046 5756 2i.
