4180 6216
417 362 491 420 Π
1692 347 2067 409 ΡΒᾹΞΕΑΤΙΟ

2051 351 2067 407 )
2106 348 2197 405 AD
2231 343 2398 404 ΤΟΜ.
2441 342 2507 398 ll.
3633 330 3702 379 ⁸⁸

419 491 477 535 et
504 479 773 549 spiritum,
800 479 890 548 qui
919 479 1059 535 idem
1088 475 1366 548 signiﬁcat
1390 489 1454 531 ac
1487 488 1680 530 sensus
1705 470 2029 541 spiritualis,
2066 466 2334 534 viviﬁcure
2359 461 2427 516 ⁸³.
2467 455 2624 527 Apud
2656 452 2883 553 Paulum
2912 450 3076 553 ξεί-ξαν
3105 447 3463 553 ίιηγεξηξξςθεξ
3492 444 3694 552 ξῖιηηξίί

424 572 493 626 iis
523 539 645 641 qua:
670 539 1168 640 apud-prophetam,
1199 568 1473 625 contraria
1521 565 1623 622 sibi
1658 539 1779 619 esse
1813 562 1980 618 videri
2013 574 2075 631 pe

2045 565 2254 614 essent.
2316 553 2453 608 Nam
2488 546 2945 620 quemadmodum
2975 539 3222 595 Ezechiel
3249 540 3403 604 dicit,
3449 540 3542 594 hic
3572 539 3696 637 qui-

425 628 554 718 deni
585 681 599 717 :
633 628 764 717 Dedi
791 628 867 717 ei;
888 628 1102 732 judicia
1133 678 1239 716 non
1279 661 1414 715 bona
1446 668 1497 713 et
1519 666 1781 727 prazcepta
1815 670 1922 708 non
1948 653 2082 707 bona
2108 653 2163 706 in
2186 651 2377 721 quibus
2418 662 2522 699 non
2564 644 2725 697 vivent
2754 640 2830 702 τις
2867 634 2980 737 illic
3010 650 3136 690 vero
3172 652 3197 737 ι·
3223 632 3358 736 Dedi
3395 628 3697 737 eisjudicia

423 759 557 809 bona
579 764 631 809 et
669 723 932 825 prtecepta
967 760 1101 809 bona
1145 756 1200 808 in
1232 755 1421 824 quibus
1444 723 1613 807 eicient
1642 750 1685 784 ⁸⁸
1713 765 1728 813 ;
1767 748 1847 803 sic
1883 746 2085 801 l‘aulus
2116 745 2205 799 ubi
2241 743 2413 813 legem
2450 737 2741 795 litteralem
2772 731 3086 825 deprimere
3109 726 3247 825 vult,
3428 723 3486 825 Si
3520 730 3706 825 autem

420 815 741 903 ministratio
770 815 959 903 martis
993 848 1183 902 litteris
1212 815 1512 916 deformata
1542 845 1594 899 in
1646 842 1932 912 lapidibus,
1965 841 2067 911 fuit
2098 840 2152 893 in
2187 837 2382 908 gloria,
2414 836 2494 888 ita
2530 842 2586 885 ut
2619 846 2721 884 non
2749 834 2958 920 possent
2992 823 3264 920 intendere
3290 818 3395 920 filii
3420 815 3611 920 Israel.
3641 817 3695 916 in

420 927 614 1008 faciem
649 940 851 1010 Moysis
881 953 1093 1011 propter
1117 911 1345 1011 gloriam
1390 936 1563 993 vultus
1593 936 1709 1006 ejus
1731 949 1851 1003 qua:
1881 940 2208 994 evacuatur;
2254 926 2516 1000 quamodo
2547 940 2649 977 non
2683 919 2854 988 magis
2884 914 3207 1017 ministratio
3251 911 3474 1017 spiritus
3510 911 3703 1017 erit'ii:

417 995 588 1101 gloria
619 1033 706 1088 ⁸θῖ
743 995 1435 1090 υυὺίιθυιιθηιᾎάιηίτειυι·
1464 1038 1520 1085 et
1562 995 1831 1099 approbat
1863 1026 2063 1096 legem,
2097 1024 2242 1078 illam
2266 995 2625 1091 Vspiritualem
2659 1021 2819 1068 vocat
2864 1028 2879 1064 :
2915 1007 3147 1101 Scimus,
3193 1002 3394 1073 inquit,
3441 1000 3572 1071 quia
3613 995 3697 1101 les

417 1097 717 1191 spiritantia
763 1138 840 1179 est
864 1126 927 1180 ".
966 1125 1115 1178 Illam
1150 1124 1318 1179 etiam
1382 1097 1655 1193 approbat
1692 1120 1796 1175 hoc
1830 1119 1952 1173 loco
1998 1134 2013 1172 :
2060 1114 2248 1183 Itaque
2274 1112 2359 1165 lea:
2392 1108 2605 1181 quidem
2648 1114 2855 1164 sancta,
2894 1110 2963 1193 et
2988 1097 3301 1193 mandatum
3336 1102 3603 1193 sanctum,
3649 1097 3698 1140 et

412 1188 646 1285 justum,
696 1228 743 1269 et
779 1218 971 1271 bonum
996 1217 1061 1269 ¹⁸.
1104 1215 1260 1270 Nunc
1299 1215 1345 1269 si
1380 1188 1547 1269 verba
1597 1212 1732 1282 legis
1757 1210 1922 1280 justis
1956 1206 2181 1263 divitias
2225 1202 2572 1273 pollicemur,
2601 1196 2789 1252 Celsus
2814 1192 3151 1285 occidentem
3182 1188 3416 1285 lit-teram
3449 1191 3696 1285 secutus,

420 1276 488 1365 de
519 1276 679 1364 caecis
715 1310 870 1365 hisce
903 1309 1108 1365 divitiis
1134 1306 1554 1377 promissionem
1588 1276 1860 1370 inielli—gat
1894 1318 1909 1354 :
1956 1314 2055 1353 nos
2087 1297 2236 1351 illam
2270 1293 2544 1364 pertinere
2578 1289 2806 1343 dicimus
2848 1283 2914 1337 ad
2949 1282 3069 1381 illas
3099 1279 3320 1381 divitias
3349 1292 3469 1347 qua:
3503 1276 3697 1381 oculos

422 1406 617 1458 mentis
639 1412 870 1466 acuunt,
916 1410 973 1456 et
1023 1370 1221 1471 quibus
1248 1399 1401 1452 dives
1435 1396 1497 1449 ﬁt
1540 1394 1740 1463 aliquis
1766 1394 1821 1446 in
1850 1391 1990 1445 omni
2021 1392 2175 1445 verbo
2206 1398 2253 1442 et
2284 1388 2338 1440 in
2377 1384 2520 1440 omni
2540 1382 2772 1476 'scientia
2800 1379 2862 1431 ¹⁹.
2889 1397 2907 1429 ι
2949 1376 3059 1476 Ιξᾶθε
3094 1375 3271 1476 minus
3305 1382 3489 1443 aperte
3514 1370 3696 1425 homi-

418 1497 489 1552 lia
523 1500 581 1553 lt
621 1499 674 1552 in
712 1497 961 1551 Exodum
994 1468 1146 1548 suam
1181 1507 1244 1546 ea
1287 1491 1354 1546 de
1383 1504 1443 1544 re
1476 1498 1712 1543 mentem
1744 1486 1990 1540 declarat
2020 1485 2107 1539 his
2134 1481 2320 1537 verbis
2355 1498 2371 1535 :
2419 1499 2437 1532 ι
2464 1478 2521 1533 Si
2540 1468 2673 1545 'quis
2702 1485 2786 1529 est
2826 1472 2917 1543 qui
2962 1471 3145 1542 legens
3176 1468 3413 1539 Moysem
3446 1479 3692 1521 murmu-

421 1602 504 1645 rat
531 1592 797 1646 adversus
818 1602 967 1650 eum,
994 1592 1049 1638 et
1075 1582 1321 1653 displicet
1343 1581 1390 1636 ei
1415 1581 1496 1637 lex
1528 1594 1648 1649 qua:
1672 1577 1967 1633 secundum
1994 1577 2231 1630 litteram
2269 1574 2473 1643 scripta
2498 1580 2603 1633 est,
2628 1568 2771 1638 quod
2799 1566 2852 1619 in
2879 1564 3062 1618 multis
3088 1577 3195 1616 non
3226 1560 3443 1615 videtur
3470 1572 3694 1653 servare

418 1678 901 1749 consequentiam,
951 1651 1188 1729 ostendit
1222 1675 1269 1728 ei
1313 1672 1523 1743 Moyses
1551 1679 1782 1740 petram,
1834 1684 1954 1737 quae
1983 1679 2068 1724 est
2098 1667 2373 1732 Christus,
2424 1674 2477 1719 et
2515 1660 2737 1716 adducit
2762 1672 2889 1713 eum
2918 1655 2986 1711 ad
3021 1656 3217 1749 ipsam,
3255 1662 3313 1707 ut
3360 1652 3484 1749 inde
3527 1651 3693 1749 bibat

417 1781 479 1827 et
514 1744 729 1825 reﬁciat
758 1766 906 1822 sitim
953 1779 1126 1819 suam.
1156 1782 1175 1816 i
1232 1762 1429 1817 Verum
1464 1776 1593 1817 ecce
1638 1777 1703 1818 ex
1738 1761 1963 1818 humilia
1993 1759 2225 1829 septima
2266 1759 2319 1811 in
2349 1755 2648 1811 Leviticum
2677 1752 2904 1806 alterum
2949 1748 3128 1805 locum
3158 1745 3314 1818 longe
3348 1744 3573 1815 majoris
3598 1759 3694 1798 au-

423 1864 597 1918 daciae
627 1881 641 1917 :
681 1879 699 1913 ‹
725 1860 782 1916 Si
829 1859 1183 1922 assideamus,
1231 1858 1426 1927 inquit,
1461 1857 1681 1921 litterae,
1729 1866 1784 1911 et
1813 1855 2110 1911 secundum
2144 1854 2249 1908 hoc
2298 1851 2382 1906 vel
2417 1849 2562 1919 quod
2591 1845 2813 1911 Judzeis,
2863 1843 2952 1898 vel
2985 1844 3038 1899 id
3066 1841 3211 1911 quod
3258 1839 3419 1910 vulgo
3454 1839 3691 1900 videtur,

422 1956 760 2024 accipiamus
787 1968 910 2025 qua:
938 1953 989 2006 in
1022 1951 1133 2021 lege
1161 1951 1369 2020 scripta
1398 1958 1551 2017 sunt,
1582 1949 1851 2005 erubesco
1879 1947 2067 2002 dicere
2093 1957 2151 2000 et
2177 1943 2429 1998 conﬁteri
2461 1940 2590 2010 quia
2628 1939 2764 1992 tales
2792 1938 2941 2007 leges
2966 1934 3183 1990 dederit
3208 1933 3373 2025 heus.
3417 1929 3694 2025 \iidehun—

424 2059 514 2103 tur
543 2020 685 2103 enim
712 2020 886 2115 magis
914 2020 1189 2112 elegantes
1211 2050 1266 2098 et
1294 2042 1659 2099 rationabiles
1685 2042 1968 2098 hominum
1995 2039 2165 2111 leges,
2194 2034 2345 2091 verbi
2376 2033 2572 2104 gratia,
2609 2030 2694 2085 vel
2716 2027 3106 2089 Romanorum,
3138 2022 3221 2076 vel
3251 2020 3690 2086 Atheniensium,

420 2139 504 2194 vel
536 2138 1097 2193 Lacedaemoniorum.
1129 2154 1147 2187 ι

670 2253 697 2323 ς
746 2252 834 2306 lll.
886 2251 1090 2305 Eadem
1116 2248 1376 2320 principia
1401 2245 1470 2300 ad
1502 2243 1734 2315 plurima
1767 2238 1969 2296 Veteris
2002 2236 2321 2293 Testamenti
2347 2246 2608 2305 prtvcepta
2639 2235 2704 2289 ab
2738 2235 2962 2306 Origene
2985 2236 3471 2291 accommodantur.

492 2365 727 2421 llomilia
765 2372 961 2433 quarta
995 2363 1052 2418 in
1082 2372 1251 2431 caput
1278 2370 1489 2416 sextum
1518 2358 1747 2413 Levitici
1776 2354 2056 2425 explicans
2094 2354 2201 2409 ista
2234 2352 2403 2408 verba
2437 2369 2451 2407 :
2485 2350 2794 2422 Quicunque
2838 2353 3066 2423 tetigerit
3110 2352 3470 2422 sanctiﬁcata.
3505 2361 3552 2411 et
3583 2352 3692 2422 ipse

418 2456 865 2524 sanctiﬁcabitur,
916 2455 995 2509 ait
1028 2472 1042 2508 :
1084 2473 1102 2506 ς
1128 2453 1482 2509 Redeuudum
1515 2457 1602 2504 est
1631 2448 1792 2504 nobis
1821 2450 1888 2502 ad
1922 2446 2297 2516 expositiones
2330 2444 2675 2511 evangelicas
2710 2453 2880 2515 atque
2916 2444 3266 2515 apostolicas,
3316 2457 3374 2499 ut
3402 2443 3489 2498 lex
3520 2444 3695 2512 possit

423 2548 681 2617 intelligi.
747 2545 859 2601 Nisi
898 2545 1043 2600 enim
1072 2544 1324 2600 velamen
1357 2541 1649 2597 abstulerit
1698 2539 2055 2609 Evangelium
2102 2537 2171 2593 de
2220 2536 2362 2592 facie
2393 2536 2589 2606 Moysi,
2623 2552 2731 2591 non
2764 2546 2942 2606 potest
2990 2535 3163 2592 videri
3197 2536 3379 2592 vultus
3420 2534 3559 2605 ejus,
3592 2551 3699 2592 nec-

422 2655 621 2695 sensus
649 2640 768 2709 ejus
800 2637 1052 2708 intelligi.
1115 2635 1253 2692 Vide
1285 2650 1419 2702 ergo
1461 2635 1731 2703 quomodo
1760 2634 1813 2689 in
1841 2631 2084 2687 Ecclesia
2118 2629 2486 2700 apostolorum
2514 2629 2765 2700 discipuli
2799 2631 2994 2685 adsunt
3024 2630 3111 2685 his
3143 2646 3266 2701 mue
3293 2631 3505 2704 Moyses
3538 2631 3687 2686 scri-

420 2732 551 2800 psit,
586 2741 644 2785 et
666 2730 970 2785 defendunt
994 2744 1056 2785 ea
1089 2729 1231 2797 quod
1256 2735 1310 2783 et
1339 2726 1737 2782 rationabiliter
1760 2726 1973 2797 impleri
2002 2733 2228 2794 queant,
2266 2732 2322 2778 et
2350 2723 2752 2779 rationabiliter
2782 2726 2983 2795 scripta
3020 2725 3164 2791 sint;
3210 2724 3522 2781 Judzeorum
3555 2738 3686 2779 vero

422 2801 679 2876 doctores
720 2831 775 2875 et
825 2818 1190 2890 impossibilia
1223 2820 1340 2875 haec
1369 2829 1425 2875 et
1453 2818 1876 2887 irrationabilia,
1907 2828 2202 2888 sequentes
2235 2816 2496 2881 litteram,
2531 2816 2759 2871 faciunt.
2791 2838 2811 2871 ο
2859 2817 3100 2874 Ulterius
3127 2819 3305 2874 adhuc
3329 2818 3688 2889 progreditur

423 2909 648 2964 homilia
674 2909 962 2980 sequenti:
992 2926 1011 2959 ι
1036 2908 1162 2964 [iam
1185 2910 1386 2973 omnia,
1418 2910 1620 2980 inquit,
1644 2911 1748 2964 nisi
1777 2908 1883 2965 alio
1912 2923 2080 2964 sensu
2107 2906 2443 2977 accipiamus
2468 2922 2632 2976 quam
2662 2908 2859 2964 littcrm
2884 2918 3087 2977 textus,
3119 2911 3262 2966 sicut
3284 2910 3398 2981 jam
3425 2910 3685 2970 diximus,

422 3015 548 3053 cum
585 2999 639 3053 in
672 3000 916 3055 Ecclesia
952 3002 1272 3066 recitantur,
1327 3002 1668 3057 obstaculum
1706 3002 1880 3074 magis
1928 3013 1984 3058 et
2034 3002 2443 3057 subversionem
2473 3001 2799 3056 Christianae
2850 3002 3119 3073 religioni,
3175 3018 3337 3072 quam
3417 3003 3685 3057 rationem

372 3134 375 3137 η
418 3078 950 3162 aediﬁcationemque
1001 3092 1364 3162 praestabunt.
1395 3114 1414 3147 ι
1474 3094 1605 3149 Item
1638 3094 1732 3150 lib.
1759 3110 1810 3148 Iv
1846 3093 1919 3146 De
1947 3093 2249 3162 principiis,
2300 3109 2449 3149 num.
2480 3091 2569 3158 17,
2601 3090 2705 3145 alia
2741 3091 2877 3163 legis
2914 3104 3182 3163 praecepta
3231 3093 3421 3158 refert,
3469 3107 3589 3162 qua:
3614 3091 3682 3147 ad
3730 3092 3733 3093 ⁷

421 3185 664 3241 litteram
698 3197 855 3258 putat
886 3187 972 3242 vel
1003 3204 1110 3242 non
1142 3188 1360 3253 debere,
1410 3190 1495 3245 vel
1545 3206 1651 3245 non
1683 3206 1844 3260 posse
1895 3189 2127 3244 servari.
2192 3207 2210 3241 ι
2234 3186 2292 3242 Si
2326 3188 2390 3241 ad
2427 3186 2595 3257 leges,
2644 3186 2834 3255 inquit,
2864 3188 3029 3241 etiam
3067 3187 3333 3243 Mosaicus
3378 3186 3689 3250 veniamus,

421 3282 691 3352 plurimas,
723 3284 767 3337 si
799 3285 866 3338 ad
900 3285 1137 3340 litteram
1166 3285 1519 3342 observanda:
1548 3294 1701 3348 sunt,
1731 3284 2074 3350 absurdum;
2125 3285 2246 3339 aliae
2276 3281 2610 3351 impossibile
2642 3282 2982 3352 principium.
3036 3282 3344 3338 Absurdum
3381 3290 3467 3334 est
3502 3281 3686 3334 vultu-

424 3388 546 3426 rum
585 3389 736 3427 csum
766 3377 1067 3444 prohiberi,
1106 3394 1231 3432 cum
1262 3390 1418 3433 nemo
1451 3391 1521 3429 ne
1551 3386 1796 3430 extrema
1823 3376 2039 3445 quidem
2069 3384 2296 3444 urgente
2331 3375 2473 3429 fame
2503 3389 2569 3429 eo
2598 3374 2793 3429 adduci
2826 3373 3084 3443 potuerit,
3118 3384 3177 3426 ut
3207 3373 3273 3427 ad
3307 3372 3448 3426 istud
3482 3370 3687 3426 animal

420 3465 768 3537 cunfugeret.
832 3469 968 3524 Octo
996 3472 1205 3525 dierum
1239 3464 1477 3525 infantes
1508 3483 1617 3523 non
1649 3469 1970 3522 circumcisi
2001 3468 2359 3523 exterminari
2388 3483 2419 3522 e
2450 3482 2652 3538 genere
2679 3482 2775 3522 suo
2800 3467 3082 3535 jubentur,
3110 3483 3233 3521 cum
3268 3467 3445 3538 potius
3479 3468 3524 3522 si
3555 3466 3684 3537 quid

422 3558 493 3611 de
523 3559 607 3613 his
643 3559 710 3612 ad
742 3560 983 3614 litteram
1028 3563 1317 3617 servandis
1370 3561 1727 3616 sanciendum
1763 3573 1903 3624 erat,
1940 3563 2160 3632 praecipi
2215 3571 2496 3630 oporteret
2527 3570 2586 3615 ut
2631 3576 2818 3615 eorum
2857 3571 3112 3630 parentes
3143 3562 3226 3616 vel
3253 3576 3442 3615 eorum
3482 3561 3683 3617 altores

421 3653 896 3709 interﬁcerentur.
931 3655 1089 3710 Nunc
1121 3665 1302 3709 autem
1357 3654 1433 3711 ait
1464 3653 1749 3722 Scriptura
1783 3670 1797 3707 :
1831 3652 2017 3708 Omnis
2059 3670 2172 3707 mas
2215 3654 2617 3707 incircumcisus
2647 3652 2738 3723 qui
2771 3669 2874 3706 non
2903 3652 3308 3707 circmncidetur
3356 3663 3537 3708 octavo
3574 3656 3683 3721 die,

418 3751 605 3814 peribit
653 3749 717 3801 de
769 3748 962 3817 popula
1015 3748 1200 3804 sua".
1244 3747 1397 3813 Quod
1429 3747 1477 3800 si
1532 3746 1885 3816 impossibilia
1930 3762 2051 3817 qua:
2080 3746 2197 3814 lege
2227 3746 2641 3816 prmcipiuntur,
2694 3745 2856 3800 vultis
2883 3760 3133 3813 noscere,
3179 3748 3684 3806 animadvertamus

421 3838 800 3909 tragelaphum
831 3854 897 3892 ex
929 3838 996 3893 iis
1026 3853 1147 3893 esse.
1178 3837 1549 3891 animantibus
1574 3849 1695 3905 quae
1722 3837 2026 3892 consistere
2062 3838 2115 3891 in
2150 3851 2329 3889 rerum
2362 3846 2551 3890 natura
2605 3851 2710 3889 non
2768 3844 2995 3905 possunt
3032 3855 3045 3891 :
3082 3853 3240 3908 quem
3283 3849 3461 3897 tamen
3500 3852 3559 3898 ut
3583 3860 3681 3915 pu-

421 3946 540 3986 rum
564 3929 721 3999 jubet
744 3946 843 3985 nos
874 3930 1087 4001 Moyses
1115 3931 1333 3986 oﬁ‘erre.
1377 3931 1651 4002 Gryphem
1689 3946 1966 4001 nunquam
2018 3932 2265 3986 auditum
2294 3942 2380 3987 est
2410 3935 2477 3987 ab
2508 3932 2727 3987 homine
2755 3941 2974 4003 captum
3008 3948 3131 3989 esse
3162 3951 3177 3989 :
3213 3952 3373 4005 quem
3405 3938 3678 3995 nihilomi-

425 4036 528 4075 nus
563 4022 650 4077 edi
684 4030 834 4077 vetat
869 4022 1166 4095 legislator.
1213 4022 1321 4078 Sed
1356 4031 1412 4078 et
1445 4022 1944 4078 celebratissimum
1984 4020 2280 4078 Sabbatum
2312 4023 2361 4077 ei
2395 4024 2489 4093 qui
2524 4032 2784 4079 accurate
2813 4026 3166 4093 perpenderit
3196 4027 3311 4081 haec
3341 4030 3502 4084 verba
3532 4047 3547 4084 :
3580 4028 3683 4086 Se-

422 4113 608 4167 debitis
642 4114 786 4167 domi
813 4125 998 4168 vestrae
1023 4115 1235 4185 singuli,
1268 4130 1417 4168 nemo
1451 4122 1676 4168 uestrum
1699 4125 1849 4167 exeat
1876 4130 1904 4167 e
1932 4112 2046 4167 loco
2080 4131 2179 4168 suo
2213 4115 2300 4169 die
2325 4114 2548 4183 septima
2571 4114 2640 4181 η,
2673 4114 2942 4170 videbitur
2989 4132 3094 4172 non
3131 4133 3292 4188 posse
3329 4120 3396 4173 ad
3434 4120 3674 4177 litteram

424 4204 726 4271 observari,
754 4220 880 4259 cum
914 4205 1119 4259 nullum
1147 4205 1349 4259 animal
1378 4221 1475 4276 per
1506 4214 1673 4260 totam
1704 4204 1847 4259 diem
1878 4205 2165 4260 immotum
2190 4206 2382 4261 sedere
2416 4216 2601 4275 queat.
2625 4225 2644 4257 ι

378 4368 379 4371 η
422 4316 454 4391 5
494 4318 582 4374 IV.
625 4317 711 4373 Ea:
746 4320 988 4399 Origenis
1020 4330 1188 4376 mente
1220 4322 1276 4375 in
1319 4321 1493 4399 Veteri
1518 4321 1848 4399 Testamento
1876 4323 2122 4391 quwdam
2158 4331 2229 4399 ut
2266 4332 2410 4399 gesta
2442 4334 2754 4399 narrantur,
2797 4338 2914 4392 qua:
2944 4330 3117 4378 tamen
3149 4341 3416 4399 nunquam
3444 4328 3678 4399 contige-

686 4402 841 4456 runt;
870 4393 977 4445 alia
1007 4409 1125 4462 qute
1150 4402 1304 4462 prout
1334 4392 1659 4459 referuntur,
1684 4391 1824 4460 falsa
1848 4405 1999 4457 sunt,
2022 4409 2085 4447 ac
2114 4391 2334 4463 proinde
2364 4393 2584 4447 litterati
2628 4409 2781 4447 sensu
2810 4391 2913 4446 non
2952 4403 3069 4447 sunt
3103 4391 3427 4463 accipienda.

491 4503 826 4574 Argumento
872 4507 1102 4576 primum
1134 4508 1240 4563 erit
1274 4507 1327 4562 id
1374 4508 1518 4578 quod
1551 4506 1773 4562 homilia
1806 4516 1962 4562 sexta
2017 4508 2073 4562 in
2105 4507 2361 4562 Genesim
2398 4508 2465 4563 de
2496 4508 2723 4564 historia
2755 4505 2904 4564 Sane
2949 4519 3002 4564 et
3029 4511 3346 4569 Abimelech
3371 4518 3677 4571 adnotavit.

431 4609 453 4644 ι
476 4593 606 4659 Quae
647 4597 825 4661 nobis,
859 4598 1060 4666 inquit,
1090 4598 1378 4652 aediﬁcatio
1404 4594 1510 4654 erit
1542 4597 1869 4668 legentibus,
1921 4599 2196 4653 Abraham
2230 4608 2437 4652 tantum
2467 4599 2860 4670 patriarcham,
2889 4615 2995 4654 non
3030 4601 3203 4656 solum
3238 4611 3523 4660 mentitum
3555 4624 3680 4665 esse

426 4684 743 4744 Abimelech
772 4689 907 4760 regi,
938 4689 1032 4745 sed
1065 4699 1122 4745 et
1150 4690 1466 4760 pudicitiam
1497 4692 1749 4762 conjugis
1776 4692 2119 4763 prodidisse?
2160 4688 2298 4760 Quid
2332 4711 2428 4748 nos
2459 4694 2693 4749 aediﬁcat
2728 4695 2862 4750 tanti
2902 4697 3223 4766 patriarcha:
3252 4717 3409 4766 uxor,
3443 4705 3487 4757 si
3517 4715 3675 4774 pute-

428 4790 519 4835 tnr
545 4785 1096 4841 coutaminationihus
1128 4786 1374 4855 exposita
1410 4801 1509 4855 per
1532 4787 1942 4843 conniventiam
1976 4788 2324 4843 maritalem?
2379 4786 2503 4844 llaec
2530 4787 2700 4844 Judaei
2735 4801 2946 4860 putent,
2994 4794 3120 4848 etsi
3155 4794 3248 4862 qui
3282 4810 3406 4851 cum
3436 4798 3519 4853 eis
3547 4809 3676 4855 sunt

422 4873 622 4931 littera:
654 4877 835 4944 amici,
870 4894 977 4935 non
1028 4881 1276 4951 spiritus.
1307 4900 1327 4935 ι
1358 4881 1656 4938 Historiam
1692 4881 1954 4938 Rebeccae
1977 4898 2144 4953 quam
2192 4885 2358 4939 refert
2382 4884 2605 4941 homilia
2640 4885 2708 4940 lO
2757 4887 2810 4941 in
2845 4888 3096 4944 eumdem
3145 4888 3423 4947 Geneseos
3450 4892 3671 4961 librum,

421 4967 529 5024 hac
554 4970 624 5025 ad
657 4972 937 5029 auditores
959 4973 1391 5047 interrogatione
1421 4976 1696 5033 concludit
1730 4991 1745 5030 :
1781 4996 1800 5029 ι
1828 4976 1953 5033 Haec
1986 4977 2198 5033 fabulas
2224 4977 2430 5048 putatis
2459 4994 2603 5044 esse,
2655 4990 2711 5035 et
2737 4980 2996 5036 historias
3028 4998 3253 5037 narrare
3286 4986 3338 5037 in
3374 4984 3671 5055 Scripturis

422 5058 689 5130 Spiritum
718 5063 1014 5119 sanctum?
1042 5100 1059 5117 .
1083 5099 1102 5118 .
1131 5103 1147 5120 .
1209 5064 1364 5136 Saepe
1385 5067 1500 5137 jam
1526 5065 1636 5121 dixi
1668 5066 1811 5135 quod
1846 5066 1903 5120 in
1932 5066 2020 5121 his
2054 5081 2160 5120 non
2190 5068 2431 5123 historiae
2462 5079 2778 5135 narrantur,
2810 5070 2904 5125 sed
2939 5071 3198 5140 mysteria
3228 5081 3617 5133 contexuntur.
3640 5076 3667 5132 ι

420 5153 660 5221 ldipsum
694 5155 1032 5224 paradoxum
1080 5156 1324 5214 obtrudit
1352 5159 1573 5214 homilia
1610 5158 1784 5227 prima
1815 5160 1869 5214 in
1901 5159 2147 5216 Exodum
2175 5174 2190 5213 :
2229 5176 2248 5210 ι
2275 5158 2389 5215 Νοη
2436 5162 2612 5225 nobis,
2669 5161 2866 5230 inquit,
2901 5160 3016 5215 haec
3045 5161 3112 5215 ad
3144 5162 3426 5221 historiam
3457 5171 3663 5241 scripta
3752 5146 3753 5149 Ἴ

422 5255 573 5309 sunt,
602 5263 779 5317 neque
804 5249 1103 5319 putandum
1134 5260 1216 5306 est
1240 5252 1408 5308 libros
1452 5254 1666 5309 divinos
1697 5251 2080 5327 Egyptiorum
2132 5242 2281 5323 gesta
2311 5268 2555 5309 narrare.
2606 5253 2713 5309 Sed
2748 5268 2869 5323 qua:
2902 5253 3104 5324 scripta
3138 5265 3289 5324 sunt,
3323 5257 3401 5313 ad.
3422 5273 3662 5318 nostram

419 5340 733 5396 doctrinam
780 5342 981 5412 scripta
1008 5350 1154 5396 sunt.
1181 5361 1200 5394 ι
1266 5343 1332 5399 Et
1359 5344 1579 5401 homilia
1611 5348 1663 5401 in
1695 5346 1945 5402 eumdem
1996 5345 2195 5400 librmn
2233 5346 2493 5407 secunda.
2537 5344 2625 5399 ubi
2655 5346 2721 5399 de
2744 5343 3019 5416 Egyptiis
3068 5348 3456 5406 obstetricibus
3484 5368 3665 5408 sermo

419 5440 507 5485 est
538 5445 557 5487 :
599 5450 620 5484 ‹
647 5432 732 5499 Si,
763 5433 960 5503 inquit,
990 5433 1285 5488 secundum
1321 5436 1563 5492 historiae
1594 5436 1965 5493 narrationem
1995 5435 2336 5505 suscipienda
2364 5444 2547 5491 essent
2573 5451 2693 5506 quze
2718 5436 2926 5505 scripta
2961 5450 3117 5503 sunt.
3147 5442 3363 5497 videtur
3392 5442 3495 5498 huc
3523 5447 3666 5515 quod

418 5522 557 5578 dicit
590 5524 898 5596 Scriptura,
947 5526 1071 5597 quia
1108 5542 1212 5581 non
1259 5527 1507 5582 fecerunt
1553 5528 1879 5585 obstetrices
1919 5528 2218 5585 secundum
2252 5528 2395 5599 quod
2441 5538 2776 5598 praeceperat
2820 5530 2901 5587 eis
2950 5548 3044 5588 rex
3072 5530 3314 5605 Egypti,
3361 5545 3507 5590 stare
3553 5553 3661 5594 non

497 5678 615 5761 ’.χει
644 5682 1026 5761 Cor.__m,“6._
1080 5685 1125 5717 “
1158 5684 1353 5761 Ezech2
1380 5701 1480 5761 _xx,
1702 5688 1744 5761 ξ’
1774 5687 2052 5761 Ιὺὶιίκὲι.
2151 5690 2193 5723 ¹⁶
2232 5690 2269 5747 11
2299 5690 2426 5749 Cor.
2455 5704 2535 5760 III,
2578 5690 2631 5761 7,
2664 5691 2717 5751 8.
2797 5692 2839 5725 "
2866 5693 3022 5751 Rom.
3049 5692 3250 5760 tx,,l5.
3324 5693 3670 5756 “‘lb'ttl-..L2.

422 5748 475 5783 ”
504 5749 677 5811 lCur.
712 5769 749 5822 I,
779 5755 831 5809 5.
910 5757 954 5788 ὀ
988 5755 1125 5812 Gen.
1163 5772 1293 5824 xvu,
1334 5755 1420 5811 M.
1467 5748 1538 5789 ”²¹
1570 5756 1740 5815 Exod.
1776 5775 1891 5825 xvi,
1917 5759 2007 5816 29.
