4180 6216
539 318 608 375 19
1782 320 2149 377 PREFATIO
2188 322 2277 375 AD
2318 324 2476 379 TOM.
2520 324 2582 379 ll.
3705 328 3776 380 ΞΟ

535 448 712 504 ρωεο.
745 454 762 485 ι
809 435 873 489 Et
904 446 1186 508 postquam
1219 438 1397 505 inepta
1429 452 1654 506 prorsus
1681 452 1745 491 ac
1773 436 1909 490 futili
1941 436 2241 491 subtilitate
2274 439 2323 490 id
2348 441 2577 507 probare
2600 450 2828 495 conatus
2852 449 2953 506 est,
2987 444 3065 495 sic
3097 442 3267 498 infert
3303 460 3317 497 :
3354 460 3372 495 ε
3400 441 3524 497 Hinc
3558 442 3771 496 interim

537 536 759 592 propter
784 541 880 582 eos
913 529 1002 596 qui
1033 527 1192 581 amici
1226 538 1351 582 sunt
1385 529 1599 593 litterae,
1635 539 1688 583 et
1721 545 1824 583 non
1857 539 2046 598 ptttant
2079 530 2247 599 legem
2286 531 2582 599 spiritalem
2612 548 2753 596 esse,
2784 543 2837 587 et
2862 534 3182 603 spiritaliter
3206 534 3627 602 intelligendam.
3669 533 3775 588 Sed

531 633 627 671 nos
661 620 754 689 qui
781 621 958 674 omnia
991 636 1111 688 quae
1136 622 1336 691 scripta
1365 634 1513 685 sunt,
1552 639 1657 677 non
1691 638 1789 692 pro
1820 623 2226 677 narrationibus
2250 626 2658 693 antiquitatum,
2692 626 2786 680 sed
2810 642 2906 695 pro
2934 627 3223 695 disciplina
3248 635 3301 680 et
3331 626 3560 679 utilitate
3591 634 3773 677 nostra

528 708 818 764 didicimus
843 712 1063 781 scripta,
1097 714 1210 767 hinc
1246 731 1363 782 quae
1388 716 1658 784 leguntur,
1695 716 1856 769 etiam
1892 729 2034 768 nunc
2060 714 2175 769 fieri
2213 716 2263 769 in
2304 718 2404 771 hoc
2432 718 2657 781 mundo,
2689 720 2779 786 qui
2810 717 3078 789 Egyptus
3106 717 3399 788 figuraliter
3424 716 3645 780 dicitur,
3678 716 3772 771 sed

529 801 580 853 in
615 816 940 871 unoquoque
969 816 1210 859 nostrum
1241 807 1695 875 deprehendimus
1720 845 1735 861 .
1764 846 1777 860 .
1807 844 1823 861 .
1866 804 1979 859 Hoc
2008 805 2051 858 si
2086 806 2157 858 ita
2190 808 2509 877 accipiatur,
2547 822 2603 862 ttt
2654 809 2911 877 scriptum
2942 820 3044 875 est,
3078 824 3184 864 non
3218 808 3388 863 solum
3418 808 3551 861 nihil
3581 820 3773 861 conse-

523 896 783 963 quentize,
819 898 915 951 sed
948 910 1001 952 et
1035 901 1313 953 inanitatis
1347 902 1546 953 habere
1579 899 1870 969 plurimum
1922 897 2216 953 videbitur.
2243 920 2260 951 ι
2313 900 2486 954 Aliam
2527 900 2789 968 triumphi
2825 902 3106 955 materiam
3158 901 3423 969 reperisse
3466 913 3525 952 se
3565 899 3772 967 putavit

524 985 578 1036 in
610 994 799 1040 ortavo
833 996 887 1043 et
936 1005 1079 1042 nono
1124 990 1290 1045 Josue
1323 992 1618 1059 capitibus,
1651 992 1741 1044 tibi
1778 990 1939 1046 Josne
1968 994 2173 1047 dicitur
2204 1007 2272 1046 ex
2300 1007 2560 1060 expresso
2590 991 2680 1047 Dei
2716 1001 2770 1047 et
2809 992 3007 1064 Moysis
3040 996 3295 1047 mandato
3329 994 3594 1062 integrum
3629 990 3768 1044 Deu-

522 1078 882 1131 teronomium
936 1080 987 1133 in
1021 1082 1289 1152 lapidibus
1321 1084 1685 1153 inscripsisse.
1751 1105 1768 1134 ι
1794 1085 2074 1150 Quomodo
2105 1087 2303 1156 (inquit
2334 1086 2554 1140 humilia
2589 1086 2623 1140 9
2674 1087 2726 1139 in
2760 1084 2945 1155 Josue)
2992 1088 3229 1155 potuerit
3264 1096 3371 1140 tam
3419 1098 3671 1155 magnum
3703 1082 3767 1135 li-

520 1169 680 1221 hrum
711 1170 795 1224 vel
825 1172 1227 1239 assistentibus,
1279 1178 1360 1232 vel
1411 1179 1860 1247 permanentibus
1898 1180 1967 1233 ibi
2002 1181 2126 1235 filiis
2158 1181 2317 1234 Israel
2356 1182 2691 1246 describere,
2725 1184 2795 1236 ita
2852 1194 2909 1236 nt
2954 1198 3060 1236 non
3109 1181 3451 1237 discederent
3491 1193 3769 1248 usquequo

520 1263 791 1329 scriptura
825 1274 902 1320 t0t
935 1283 1185 1323 versuum
1228 1271 1510 1327 ﬁniretur?
1548 1273 1645 1328 Vel
1679 1277 1845 1331 etiam
1880 1282 2156 1347 quomodo
2191 1280 2469 1347 potuerint
2503 1279 2706 1349 lapides
2737 1279 2923 1332 altaris
2961 1279 3105 1334 ferre
3141 1286 3249 1332 tam
3284 1277 3462 1348 magni
3492 1274 3614 1329 libri
3646 1288 3771 1328 con-

519 1355 854 1410 tinentiam?
910 1360 1102 1414 Dicant
1149 1364 1279 1417 mihi
1330 1366 1416 1420 isti
1447 1380 1750 1424 assertores
1781 1369 1974 1424 littera:
2009 1369 2203 1434 Judaei,
2255 1371 2346 1440 qui
2381 1372 2632 1441 spiritum
2668 1372 2799 1440 legis
2840 1373 3113 1441 ignorant,
3165 1373 3434 1445 quomodo
3465 1368 3516 1421 in
3553 1368 3653 1422 hoc
3682 1367 3767 1421 hi-

516 1448 704 1501 rlOl'iiB
729 1450 930 1506 veritas
957 1454 1383 1513 demonstratur.
1410 1478 1429 1511 ι
1467 1461 1585 1515 Alia
1608 1464 1877 1532 ejusmodi
1906 1466 2152 1534 exetnpla
2183 1464 2388 1536 profert
2421 1466 2515 1519 lib.
2543 1481 2594 1520 tv
2623 1465 2696 1519 De
2722 1468 3017 1537 principiis,
3050 1482 3199 1523 num.
3238 1465 3305 1519 i6
3337 1488 3348 1521 :
3386 1483 3404 1515 ι
3430 1465 3560 1531 Quis
3582 1464 3764 1534 igitur,

516 1540 712 1609 inquit,
742 1558 892 1599 sanae
930 1550 1124 1605 mentis
1151 1552 1546 1610 exiStimaverit
1582 1559 1816 1627 primam
1843 1569 1901 1615 et
1930 1561 2224 1615 secundam
2259 1570 2310 1614 et
2340 1562 2559 1614 tertiam
2590 1562 2755 1626 diem,
2790 1572 2843 1615 et
2876 1575 3181 1629 vesperam,
3212 1568 3265 1613 et
3297 1574 3454 1612 mane
3481 1559 3598 1611 sine
3629 1557 3763 1620 sole,

516 1632 665 1699 luna,
690 1646 745 1689 et
773 1636 971 1705 stellis,
1008 1650 1061 1695 et
1092 1657 1211 1696 eam
1245 1659 1365 1713 qua:
1401 1646 1561 1702 veluti
1594 1650 1766 1719 prima
1798 1660 1941 1715 erat,
1967 1651 2110 1705 diem
2142 1652 2265 1706 sine
2294 1651 2435 1706 etelo
2466 1650 2675 1705 fuisse?
2710 1652 2840 1717 Quis
2864 1653 3001 1707 adeo
3049 1650 3299 1712 stolidus,
3328 1661 3385 1703 ιιι
3414 1660 3562 1719 putet
3595 1649 3760 1701 Deum

516 1740 665 1779 more
686 1726 921 1785 hominis
951 1733 1202 1799 agricola:
1222 1737 1495 1805 plautasse
1526 1741 1740 1796 hortum
1794 1744 1845 1796 in
1875 1743 2024 1798 Eden
2077 1742 2143 1795 ad
2169 1744 2458 1806 orientem,
2495 1744 2584 1797 ubi
2620 1742 2820 1815 lignum
2854 1742 2975 1796 vita:
3002 1742 3242 1811 posuerit
3273 1743 3417 1810 quod
3448 1740 3548 1795 sub
3578 1738 3764 1791 oculos

513 1828 570 1871 et
614 1834 808 1875 sensus
840 1825 1083 1891 caderet,
1116 1839 1174 1882 ιιι
1205 1831 1296 1899 qui
1328 1834 1609 1902 corporeis
1638 1834 1896 1890 dentibus
1945 1836 2178 1890 fructum
2226 1843 2523 1907 gustasset,
2556 1835 2720 1888 vitam
2758 1834 2880 1887 inde
2915 1835 3203 1901 reciperet,
3235 1842 3290 1887 et
3324 1845 3512 1884 rursus
3557 1829 3681 1883 boni
3710 1837 3766 1879 et

513 1910 639 1964 mali
673 1916 945 1986 particeps
974 1919 1151 1982 ﬁeret.
1202 1926 1292 1992 qui
1341 1924 1574 1979 fructum
1605 1942 1670 1980 ex
1706 1928 1808 1982 hac
1847 1928 2047 1983 arbore
2072 1928 2389 1996 decerptum
2421 1926 2784 1983 comedisset?
2839 1927 2902 1979 Et
2932 1942 3051 1979 cum
3081 1925 3221 1979 Deus
3256 1924 3481 1977 meridle
3510 1924 3561 1975 in
3604 1936 3762 1991 para-

509 2000 627 2055 diso
659 2006 940 2062 ambulare
986 2010 1205 2077 dicitur,
1249 2026 1306 2069 et
1333 2015 1506 2069 Adam
1538 2017 1638 2072 sub
1680 2020 1880 2075 arbore
1912 2020 2251 2083 delitescere,
2289 2019 2557 2073 neminem
2594 2019 2833 2076 arbitror
2860 2018 3109 2073 dubitare.
3157 2018 3240 2071 his
3273 2020 3500 2084 ligttrate
3533 2030 3634 2084 per
3659 2028 3759 2082 ap-

511 2106 788 2155 parentem
822 2095 1130 2166 historiam,
1161 2118 1279 2169 qua:
1311 2115 1487 2159 tamen
1515 2108 1873 2177 corporaliter
1905 2125 2011 2163 non
2039 2111 2357 2178 contigerit,
2388 2109 2636 2177 quzedam
2673 2110 2899 2164 indicari
2935 2110 3211 2181 mysteria.
3262 2109 3397 2163 Cain
3426 2120 3639 2175 quoque
3674 2119 3759 2159 rc-

508 2182 708 2237 redens
735 2201 763 2238 a
824 2203 1116 2259 conspectu
1156 2195 1269 2256 Dei,
1329 2198 1617 2252 manifeste
1650 2201 1985 2267 prudentem
2038 2199 2296 2254 lectorem
2329 2209 2508 2253 movet
2562 2209 2619 2254 ut
2649 2201 2890 2269 requirat
2923 2202 3053 2271 quid
3098 2200 3263 2254 facies
3295 2199 3388 2253 Dei
3441 2198 3534 2261 sit,
3567 2207 3620 2249 et
3651 2212 3759 2267 quo

506 2294 665 2331 sensu
699 2283 821 2349 quis
854 2286 1005 2339 exire
1055 2289 1223 2355 possit
1267 2289 1336 2342 ab
1365 2307 1449 2344 ea.
1518 2292 1622 2347 Sed
1657 2293 1787 2362 quid
1828 2294 2022 2347 attinet
2051 2295 2203 2364 plura
2241 2294 2444 2359 dicere,
2498 2309 2621 2348 cum
2657 2294 2937 2348 innumera
2983 2291 3246 2363 ejusmodi
3302 2292 3504 2361 scripta
3534 2291 3755 2361 quidem

505 2385 625 2423 esse
653 2381 907 2442 tanquam
948 2391 1097 2449 gesta
1129 2381 1357 2446 fuerint;
1395 2399 1499 2438 non
1529 2396 1677 2456 gesta
1725 2401 1853 2439 vero
1879 2396 1942 2440 ut
1978 2388 2154 2441 littera
2184 2395 2366 2451 sonat,
2415 2386 2613 2457 quivis,
2646 2388 2806 2440 modo
2840 2402 2946 2441 non
2981 2387 3138 2457 plane
3162 2385 3331 2455 stipes
3360 2384 3452 2450 sit,
3500 2383 3758 2451 colligere

506 2467 695 2531 possit.
719 2486 737 2518 ι

503 2605 532 2675 §
590 2604 763 2683 V.__Irt
793 2607 967 2663 littera
1012 2622 1060 2664 et
1090 2613 1326 2665 historiis
1370 2613 1682 2681 evangelici:
1710 2614 1946 2667 admittit
1977 2614 2225 2683 Origenes
2264 2611 2560 2675 mendacia,
2585 2621 2632 2663 et
2662 2612 2709 2683 ei
2747 2612 3058 2664 videbantur
3090 2612 3421 2680 evangelista:
3451 2614 3592 2682 facta
3620 2629 3755 2665 non-

573 2678 718 2729 nulla
746 2678 860 2732 loco
906 2699 1010 2733 non
1039 2699 1136 2735 suo
1172 2700 1416 2736 narrasse
1449 2678 1519 2736 εί
1540 2686 1917 2753 interpolusse;
1952 2678 2262 2737 alia'antem
2296 2691 2349 2734 ut
2379 2695 2521 2750 gesta
2552 2681 2810 2746 retulisse,
2845 2698 2963 2751 qua:
3001 2694 3174 2735 tamen
3222 2678 3486 2751 nunquam
3525 2685 3759 2752 contige-

573 2757 719 2801 runt.

578 2877 596 2909 ι
624 2858 703 2911 Ad
740 2858 1188 2927 approbationem
1226 2860 1418 2915 horum
1456 2860 1659 2930 (inquit
1708 2860 1896 2914 homil.
1922 2859 1955 2912 6
1991 2860 2042 2913 in
2078 2859 2294 2929 Isaiam)
2328 2870 2385 2915 et
2427 2862 2656 2917 alterius
2701 2863 2889 2932 scripti
2939 2862 3007 2916 de
3046 2862 3337 2933 Evangelio
3387 2865 3751 2919 testimonium

503 2950 862 3019 proferemus,
898 2953 1039 3019 quod
1067 2952 1221 3021 juxta
1254 2967 1350 3007 eos
1399 2954 1490 3022 qui
1543 2963 1750 3006 tantum
1787 2952 2026 3007 litteram
2069 2967 2395 3022 sequuntur,
2434 2956 2774 3009 mendacium
2808 2964 2911 3011 est.
2968 2956 3107 3010 Dicit
3135 2955 3391 3010 Salvator
3413 2965 3468 3010 et
3496 2955 3754 3008 Dominus

503 3058 688 3101 noster
716 3049 781 3099 ad
812 3046 1106 3117 discipulos
1140 3048 1191 3100 in
1230 3046 1521 3117 Evangelio
1551 3047 1855 3101 secundum
1892 3047 2161 3102 Joannem
2193 3066 2207 3101 :
2236 3049 2298 3103 Si
2347 3050 2705 3114 credideritis,
2737 3066 2839 3102 non
2870 3051 3040 3103 solum
3059 3065 3177 3121 qua:
3206 3066 3297 3118 ego
3328 3049 3492 3118 facio,
3520 3046 3751 3116 facietis,

501 3138 590 3192 sed
617 3149 664 3192 et
696 3140 901 3209 majora
948 3142 1133 3193 horum
1167 3139 1374 3207 facietis
1396 3141 1462 3194 ".
1504 3139 1795 3194 Videamus
1824 3155 1954 3211 ergo
1990 3141 2032 3194 si
2082 3140 2285 3209 majora
2318 3142 2498 3211 aliqua
2527 3142 2760 3196 fecerint
2792 3142 3065 3210 discipuli.
3100 3143 3238 3208 Quid
3274 3141 3445 3210 majus
3473 3148 3556 3194 est
3587 3156 3747 3207 quant

502 3242 772 3287 mortuum
804 3233 1106 3287 suscitare?
1132 3232 1285 3299 Quis,
1316 3247 1418 3286 non
1452 3233 1573 3287 dico
1603 3242 1867 3296 nostrum,
1906 3234 1999 3287 sed
2035 3234 2430 3301 apostolorum,
2469 3243 2740 3287 mortuum
2777 3234 3103 3287 suscitavit?
3147 3233 3336 3287 Refert
3368 3234 3591 3287 historia
3622 3232 3746 3300 quia

499 3322 699 3378 Paulus
726 3324 1029 3394 Eutychum
1066 3324 1413 3379 resuscitavit
1452 3340 1480 3377 a
1515 3327 1766 3390 mortuis,
1803 3335 1858 3380 et
1892 3325 2088 3379 Petrus
2122 3324 2399 3391 Tabitam,
2445 3341 2565 3394 qua:
2602 3326 2997 3395 interpretatur
3044 3328 3264 3381 Dorcas.
3326 3328 3433 3381 Ista
3484 3336 3663 3379 autem
3696 3338 3752 3381 et

499 3416 601 3470 alia
634 3416 942 3487 hujusmodi
976 3418 1205 3471 inveniri
1234 3428 1482 3487 possunt.
1527 3417 1629 3473 Ubi
1665 3427 1789 3473 sunt
1823 3420 2066 3488 tnajora?
2114 3420 2219 3475 Sed
2251 3429 2305 3473 et
2342 3435 2516 3475 caecos
2552 3419 2804 3474 Salvator
2843 3419 2969 3474 fecit
3002 3434 3221 3474 rursum
3254 3420 3460 3482 videre,
3496 3428 3572 3482 et,
3607 3420 3748 3487 quod

501 3514 676 3580 majus
708 3524 814 3578 est,
844 3530 939 3568 eos
974 3514 1063 3583 qui
1098 3514 1177 3568 sic
1208 3515 1320 3568 nati
1358 3515 1596 3569 fuerunt.
1655 3514 1957 3570 Exhibeant
1995 3534 2131 3587 quos
2162 3532 2337 3571 caecos
2367 3519 2434 3572 ab
2465 3528 2621 3571 utero
2651 3516 2898 3571 manilms
2939 3516 3305 3586 apostolorum
3341 3524 3561 3569 curatos
3587 3528 3747 3583 aspe-

500 3607 701 3662 xerint.
743 3606 810 3662 Et
844 3607 947 3661 alia
985 3607 1196 3662 inﬁnita
1233 3615 1413 3677 potest
1441 3608 1507 3662 de
1541 3606 1837 3677 Evangelia
1864 3609 2111 3665 invenire
2145 3610 2237 3678 qui
2265 3610 2480 3680 quaerit,
2528 3609 2654 3677 quia
2685 3624 2861 3677 neque
2887 3607 3113 3678 apostoli
3144 3607 3226 3661 his
3259 3609 3460 3676 majora
3500 3606 3750 3667 fecerint,

499 3713 675 3767 neque
705 3714 891 3753 eorum
922 3714 1288 3754 successores.
1330 3697 1532 3753 Verum
1565 3714 1743 3754 sermo
1772 3699 2066 3768 Scriptura:
2094 3702 2208 3756 tale
2239 3702 2496 3771 quiddam
2533 3699 2744 3754 locutus
2767 3709 2849 3753 est
2880 3716 2894 3753 :
2927 3698 3020 3752 llis
3053 3713 3172 3767 quae
3205 3713 3305 3766 ego
3336 3698 3461 3761 feci,
3492 3713 3752 3765 corpora-

500 3790 639 3846 libus
675 3804 769 3845 vos
801 3787 1003 3855 majora
1054 3787 1291 3842 facietis.
1347 3788 1456 3857 Ego
1486 3788 1585 3842 feci
1638 3804 1923 3858 resurgere
1957 3805 2024 3842 ex
2058 3791 2285 3844 mortuis
2313 3789 2696 3859 corporaliter,
2751 3801 2846 3841 vos
2881 3801 3164 3854 resurgere
3192 3786 3401 3840 facietis
3426 3801 3494 3840 ex
3521 3790 3749 3843 mortuis

496 3880 831 3951 spiritaliter.
877 3879 987 3947 Ego
1021 3879 1179 3932 caecis
1213 3878 1468 3932 sensibile
1513 3878 1613 3931 hoc
1675 3877 1855 3931 lumen
1909 3878 2077 3932 infudi
2115 3902 2126 3935 :
2156 3895 2253 3934 vos
2278 3878 2574 3948 spiritalem
2604 3879 2778 3932 lucem
2827 3892 2934 3930 non
2962 3876 3268 3930 videntibus
3297 3876 3517 3932 dabitis.
3563 3876 3746 3949 Usque

498 3977 564 4031 ad
599 3975 740 4029 hanc
768 3984 949 4028 autem
983 3974 1125 4027 diem
1162 3974 1275 4027 ha-c
1312 3972 1516 4039 majora
1565 3972 1718 4040 signa
1750 3972 2124 4040 corporalibus
2158 3988 2278 4043 qua:
2308 3972 2437 4026 fecit
2460 3971 2642 4035 Jesus,
2687 3984 2787 4039 ego
2820 3969 2975 4023 video
3008 3968 3122 4022 fieri
3154 3982 3251 4037 per
3278 3969 3624 4027 ﬁdelissimos
3659 3975 3747 4028 di-

496 4068 734 4139 scipulos
764 4068 914 4124 .lesu.
938 4088 956 4119 ι
1027 4064 1197 4122 Tomo
1233 4067 1517 4121 undecimo
1552 4067 1603 4121 in
1634 4065 1896 4121 Joannem
1960 4068 2172 4122 dubitat
2212 4083 2280 4122 an
2332 4080 2518 4122 revera
2552 4066 2800 4121 Christus
2846 4065 3147 4119 vendentes
3181 4079 3211 4119 e
3244 4064 3445 4134 templo
3479 4067 3742 4137 ejererit:

502 4181 522 4214 ι
545 4162 599 4216 Si
631 4171 832 4225 tamen,
864 4159 1059 4229 inquit,
1094 4161 1205 4215 Ita-c
1232 4159 1456 4214 historia
1490 4159 1738 4231 contigit.
1763 4179 1782 4212 ι
1823 4159 2106 4215 Dubitandi
2141 4174 2329 4214 ansam
2365 4159 2490 4214 inde
2519 4160 2706 4223 sumit,
2736 4160 2880 4227 quod
2909 4157 3053 4228 apud
3081 4156 3219 4213 alios
3244 4168 3356 4212 tres
3385 4161 3745 4226 evangelistas

497 4260 799 4327 ingressum
830 4254 954 4309 Jesu
994 4254 1196 4308 Christi
1228 4254 1279 4307 in
1307 4253 1605 4308 Jerusalem
1657 4255 1770 4309 htec
1804 4253 2035 4309 historia
2072 4253 2330 4323 excipiat,
2363 4270 2392 4306 ιι
2426 4252 2637 4308 Joanne
2662 4266 2793 4306 vero
2840 4250 3200 4319 conjungatur
3234 4251 3471 4321 ejusdem
3502 4253 3680 4307 itineri
3714 4272 3745 4308 e

494 4350 714 4409 Galilaea
752 4352 805 4405 in
836 4349 1134 4404 Jerusalem
1171 4357 1292 4419 post
1332 4349 1653 4403 miraculum
1690 4350 1741 4403 in
1777 4350 1980 4419 nuptiis
2030 4359 2327 4419 patratum.
2385 4349 2441 4403 In
2473 4348 2726 4403 confesso
2760 4361 2901 4402 nunc
2928 4355 3013 4399 est
3055 4346 3195 4415 apud
3228 4359 3420 4401 omnes
3450 4346 3530 4400 bis
3561 4362 3588 4399 a
3616 4346 3743 4401 Jesu
3816 4400 3819 4403 γ

500 4448 797 4499 vendentes
827 4460 857 4500 e
910 4443 1110 4513 templo
1150 4443 1355 4512 ejectos
1407 4443 1596 4510 fuisse,
1653 4446 1727 4499 uti
1763 4445 1931 4515 liquet
1964 4461 2029 4500 ex
2063 4446 2244 4500 verbis
2276 4444 2738 4513 evangelistarmn
2788 4443 2932 4497 inter
2958 4455 3017 4495 se
3064 4440 3294 4495 collatis.
3347 4439 3523 4493 Aliter
3556 4449 3737 4493 tamen

496 4538 667 4592 sentit
693 4538 980 4607 Origenes,
1016 4552 1113 4591 nec
1145 4538 1259 4592 fieri
1292 4552 1452 4606 posse
1477 4537 1777 4601 existimat,
1807 4547 1867 4590 ιιι
1898 4537 2384 4592 contradictionem
2417 4536 2686 4604 ejusmodi
2715 4536 2982 4604 quispiam
3016 4543 3314 4598 removeat,
3367 4532 3604 4601 quandin
3656 4532 3741 4585 hi-

496 4629 702 4685 storico
735 4629 916 4683 sensui
953 4630 1273 4685 adhaerebit.
1328 4628 1495 4699 Negat
1526 4629 1620 4685 lib.
1649 4646 1699 4684 tv
1732 4629 1808 4684 De
1837 4622 2136 4700 principiis,
2182 4647 2331 4685 num.
2358 4631 2447 4695 16,
2492 4629 2771 4685 Christum
2800 4645 2829 4681 a
2867 4627 3084 4682 diabolo
3118 4625 3442 4680 translatum
3479 4624 3646 4679 fuisse
3688 4625 3741 4677 in

494 4720 770 4775 excelsum
824 4732 1082 4785 montem,
1138 4722 1282 4774 unde
1331 4737 1437 4774 uno
1467 4731 1738 4775 momento
1783 4724 1966 4776 omnia
1994 4724 2145 4778 orbis
2190 4730 2463 4779 terrarum
2495 4736 2661 4790 regna
2695 4722 2795 4775 sub
2821 4721 3009 4775 oculos
3042 4720 3158 4788 ejus
3193 4718 3509 4788 subjecerit.
3552 4737 3570 4769 ι
3601 4719 3739 4772 Sex-

493 4822 650 4866 rcnta
677 4811 809 4876 alia,
845 4812 1040 4882 inquit,
1076 4814 1161 4867 his
1192 4813 1388 4866 similia
1422 4814 1471 4867 in
1502 4813 1809 4885 Evangeliis
1836 4820 2127 4871 observare
2154 4816 2279 4872 licet
2310 4815 2572 4869 attentius
2604 4814 2803 4883 legenti
2842 4831 2856 4866 :
2892 4813 3034 4865 unde
3063 4810 3278 4879 colliget
3301 4812 3367 4865 iis
3392 4826 3513 4881 qua:
3546 4826 3741 4863 secun-

495 4908 623 4961 dum
670 4907 906 4961 litteram
941 4919 1089 4979 gesta
1143 4915 1293 4974 sunt,
1325 4907 1430 4961 alia
1471 4919 1679 4964 attexta
1731 4925 1852 4965 esse
1882 4927 2000 4979 qua-
2050 4927 2156 4966 non
2204 4912 2565 4981 contigerunt.
2594 4928 2613 4961 ι
2672 4908 2867 4962 Durius
2908 4907 3088 4959 adhuc
3126 4906 3365 4974 loquitur
3395 4915 3450 4960 et
3481 4906 3735 4971 majorem

496 4997 776 5065 paradoxa
808 5014 906 5053 suo
937 4998 1348 5068 amplitudinem
1384 4997 1576 5053 tribuit
1625 5011 1756 5055 tom.
1790 5017 1819 5054 κ
1851 5001 1903 5055 in
1937 5000 2124 5067 Joan.,
2176 5019 2324 5057 num.
2351 5002 2407 5066 2,
2465 5002 2553 5055 ubi
2588 5002 2657 5054 de
2688 5013 2901 5054 recessu
2936 4997 3062 5052 Jesu
3110 4998 3162 5051 in
3192 4997 3465 5053 Galilaeam
3495 5000 3610 5052 ha-c
3638 4998 3736 5049 ad-

497 5097 688 5141 notat:
720 5106 738 5137 ι
768 5089 1034 5144 llarumce
1066 5106 1245 5144 rerum
1279 5091 1562 5145 veritatem
1592 5092 1753 5146 sitam
1803 5108 1924 5148 esse
1957 5109 2181 5149 necesse
2209 5104 2294 5147 est
2329 5095 2381 5148 in
2412 5110 2571 5148 sensu
2604 5090 2832 5162 spiritali
2859 5107 2874 5155 ;
2926 5100 3019 5143 aut
3044 5090 3089 5143 si
3114 5090 3461 5144 dissonantia
3490 5103 3593 5141 non
3625 5087 3734 5140 sol-

494 5180 660 5244 vitur,
713 5184 1070 5236 recedendum
1122 5193 1206 5238 est
1250 5200 1276 5235 a
1316 5185 1419 5238 fide
1464 5184 1900 5255 Evangeliornm,
1941 5199 2196 5256 tanquam
2231 5205 2352 5258 qua:
2384 5203 2510 5243 vere
2545 5203 2651 5241 non
2699 5187 2809 5240 sint
2834 5185 3033 5252 scripta
3080 5200 3177 5252 per
3220 5183 3501 5252 Spiritum,
3559 5195 3736 5249 neque

493 5272 605 5329 sint
637 5270 927 5338 diviniora,
956 5290 1129 5345 neque
1156 5280 1363 5347 Optimo
1393 5280 1586 5334 ordine
1617 5293 2002 5335 commentata.
2070 5283 2310 5353 Utroque
2336 5284 2482 5337 enim
2517 5281 2676 5335 modo
2716 5279 2915 5333 dicitur
2944 5277 3229 5345 Scriptura
3264 5276 3511 5331 ordinata
3545 5273 3733 5326 fuisse.

493 5364 594 5431 Qui
629 5366 774 5419 enim
827 5367 1096 5435 recipiunt
1140 5384 1378 5442 quatuor
1409 5373 1721 5446 Evangelia,
1772 5391 1873 5431 nec
1903 5377 2223 5432 existimant
2271 5384 2621 5446 apparentem
2653 5374 3057 5429 dissonantium
3082 5385 3324 5440 anagoge
3350 5367 3593 5434 dissolvi,
3629 5367 3737 5420 sol-

495 5467 626 5511 vant
661 5458 948 5527 pne-fictas
978 5475 1006 5512 a
1042 5462 1198 5515 nobis
1229 5464 1593 5522 dubitationes
1637 5469 1704 5523 de
1752 5471 2113 5540 quadraginta
2161 5469 2356 5524 diebus
2388 5466 2730 5532 tentationis,
2764 5465 2858 5536 qui
2888 5465 3114 5519 minime
3143 5460 3334 5515 'locum
3384 5460 3583 5515 habere
3608 5475 3737 5529 pns-

494 5558 624 5603 sunt
658 5550 797 5618 apud
823 5547 1107 5606 Joannem.
1173 5554 1381 5622 Dicant,
1419 5561 1637 5630 quando
1680 5559 1844 5617 fuerit
1872 5560 2030 5619 Jesns
2063 5561 2392 5635 Capharnai.
2432 5559 2565 5615 Nam
2596 5561 2639 5614 si
2683 5569 2805 5629 post
2834 5572 2929 5613 sex
2960 5572 2989 5612 a
3023 5555 3291 5626 baptismo
3316 5569 3415 5609 suo
3464 5554 3600 5619 dies,
3634 5551 3731 5605 Ῐυίι

560 5729 604 5759 ’³
638 5730 793 5788 Juan.
835 5748 943 5795 xrv,
982 5732 1063 5787 l2.
