  <div class='ocr_page' id='page_1' title='image "/cluster/home/n/w/nwhite01/storage/ocr_20150623/12/hvd.32044052796216/016.png"; bbox 0 0 4180 6216; ppageno 0'>
   <div class='ocr_carea' id='block_1_1' title="bbox 425 307 2076 400">
    <p class='ocr_par' dir='ltr' id='par_1_1' title="bbox 425 317 2076 400">
     <span class='ocr_line' id='line_1_1' title="bbox 425 317 2076 400; baseline -0.002 -23"><span class='ocrx_word' id='word_1_1' title='bbox 425 345 489 400; x_wconf 59' lang='grc' dir='ltr'><strong>ρ,</strong></span> <span class='ocrx_word' id='word_1_2' title='bbox 1727 317 2076 377; x_wconf 60' lang='grc' dir='ltr'><strong>ΡΒᾸἚΑΤΙ(</strong></span> 
     </span>
    </p>
   </div>
   <div class='ocr_carea' id='block_1_2' title="bbox 2035 307 3686 400">
    <p class='ocr_par' dir='ltr' id='par_1_2' title="bbox 2036 307 3686 378">
     <span class='ocr_line' id='line_1_2' title="bbox 2036 307 3686 378; baseline -0.008 -5"><span class='ocrx_word' id='word_1_3' title='bbox 2036 317 2099 373; x_wconf 85' lang='grc' dir='ltr'><strong>ιο</strong></span> <span class='ocrx_word' id='word_1_4' title='bbox 2137 318 2229 372; x_wconf 80' lang='lat' dir='ltr'><strong>AD</strong></span> <span class='ocrx_word' id='word_1_5' title='bbox 2265 314 2426 372; x_wconf 79' lang='lat' dir='ltr'><strong>Ton.</strong></span> <span class='ocrx_word' id='word_1_6' title='bbox 2460 311 2523 369; x_wconf 84' lang='lat' dir='ltr'><strong>ll.</strong></span> <span class='ocrx_word' id='word_1_7' title='bbox 3615 307 3686 378; x_wconf 69' lang='lat' dir='ltr'><strong>se</strong></span> 
     </span>
    </p>
   </div>
   <div class='ocr_carea' id='block_1_3' title="bbox 433 434 3686 529">
    <p class='ocr_par' dir='ltr' id='par_1_3' title="bbox 433 434 3686 529">
     <span class='ocr_line' id='line_1_3' title="bbox 433 434 3686 529; baseline -0.01 -16"><span class='ocrx_word' id='word_1_8' title='bbox 433 458 765 529; x_wconf 82' lang='lat' dir='ltr'><strong>C-apharnal,</strong></span> <span class='ocrx_word' id='word_1_9' title='bbox 795 471 915 511; x_wconf 88' lang='lat' dir='ltr'><strong>cum</strong></span> <span class='ocrx_word' id='word_1_10' title='bbox 962 461 1119 510; x_wconf 78' lang='lat' dir='ltr'><strong>sexta</strong></span> <span class='ocrx_word' id='word_1_11' title='bbox 1146 452 1234 506; x_wconf 88' lang='lat' dir='ltr'><strong>die</strong></span> <span class='ocrx_word' id='word_1_12' title='bbox 1263 449 1462 517; x_wconf 80' lang='lat' dir='ltr'><strong>factum</strong></span> <span class='ocrx_word' id='word_1_13' title='bbox 1498 448 1567 503; x_wconf 83' lang='lat' dir='ltr'><strong>sit</strong></span> <span class='ocrx_word' id='word_1_14' title='bbox 1618 440 1669 500; x_wconf 86' lang='lat' dir='ltr'><strong>in</strong></span> <span class='ocrx_word' id='word_1_15' title='bbox 1698 446 1902 515; x_wconf 76' lang='lat' dir='ltr'><strong>nuptiis</strong></span> <span class='ocrx_word' id='word_1_16' title='bbox 1938 445 1989 497; x_wconf 91' lang='lat' dir='ltr'><strong>in</strong></span> <span class='ocrx_word' id='word_1_17' title='bbox 2018 443 2164 499; x_wconf 85' lang='lat' dir='ltr'><strong>Cana</strong></span> <span class='ocrx_word' id='word_1_18' title='bbox 2191 440 2423 493; x_wconf 63' lang='lat' dir='ltr'><strong>Galilsete</strong></span> <span class='ocrx_word' id='word_1_19' title='bbox 2475 434 2813 529; x_wconf 79' lang='lat' dir='ltr'><strong>miraculum.</strong></span> <span class='ocrx_word' id='word_1_20' title='bbox 2852 435 3192 529; x_wconf 77' lang='lat' dir='ltr'><strong>perspicuum</strong></span> <span class='ocrx_word' id='word_1_21' title='bbox 3229 442 3332 529; x_wconf 75' lang='lat' dir='ltr'><strong>cst,</strong></span> <span class='ocrx_word' id='word_1_22' title='bbox 3364 444 3538 529; x_wconf 80' lang='lat' dir='ltr'><strong>neque</strong></span> <span class='ocrx_word' id='word_1_23' title='bbox 3566 440 3686 483; x_wconf 83' lang='lat' dir='ltr'><strong>tcu—</strong></span> 
     </span>
    </p>
   </div>
   <div class='ocr_carea' id='block_1_4' title="bbox 438 526 3687 618">
    <p class='ocr_par' dir='ltr' id='par_1_4' title="bbox 438 526 3687 618">
     <span class='ocr_line' id='line_1_4' title="bbox 438 526 3687 618; baseline -0.01 -8"><span class='ocrx_word' id='word_1_24' title='bbox 438 526 613 610; x_wconf 77' lang='lat' dir='ltr'><strong>tatum</strong></span> <span class='ocrx_word' id='word_1_25' title='bbox 644 551 828 610; x_wconf 88' lang='lat' dir='ltr'><strong>fuisse.</strong></span> <span class='ocrx_word' id='word_1_26' title='bbox 860 562 1040 618; x_wconf 89' lang='lat' dir='ltr'><strong>neque</strong></span> <span class='ocrx_word' id='word_1_27' title='bbox 1087 545 1141 599; x_wconf 90' lang='lat' dir='ltr'><strong>in</strong></span> <span class='ocrx_word' id='word_1_28' title='bbox 1174 541 1402 597; x_wconf 79' lang='lat' dir='ltr'><strong>Nazaris</strong></span> <span class='ocrx_word' id='word_1_29' title='bbox 1433 539 1624 602; x_wconf 84' lang='lat' dir='ltr'><strong>fuisse.</strong></span> <span class='ocrx_word' id='word_1_30' title='bbox 1660 552 1839 606; x_wconf 86' lang='lat' dir='ltr'><strong>neque</strong></span> <span class='ocrx_word' id='word_1_31' title='bbox 1869 535 2135 591; x_wconf 92' lang='lat' dir='ltr'><strong>Joannem</strong></span> <span class='ocrx_word' id='word_1_32' title='bbox 2172 531 2428 584; x_wconf 86' lang='lat' dir='ltr'><strong>traditum</strong></span> <span class='ocrx_word' id='word_1_33' title='bbox 2460 529 2647 583; x_wconf 88' lang='lat' dir='ltr'><strong>fuisse.</strong></span> <span class='ocrx_word' id='word_1_34' title='bbox 2672 545 2693 578; x_wconf 69' lang='grc' dir='ltr'><strong>ι</strong></span> <span class='ocrx_word' id='word_1_35' title='bbox 2752 527 2806 579; x_wconf 79' lang='lat' dir='ltr'><strong>Et</strong></span> <span class='ocrx_word' id='word_1_36' title='bbox 2840 526 3005 593; x_wconf 49' lang='lat' dir='ltr'><strong>paulo»</strong></span> <span class='ocrx_word' id='word_1_37' title='bbox 3026 537 3147 594; x_wconf 91' lang='lat' dir='ltr'><strong>post</strong></span> <span class='ocrx_word' id='word_1_38' title='bbox 3176 545 3187 578; x_wconf 87' lang='lat'><strong>:</strong></span> <span class='ocrx_word' id='word_1_39' title='bbox 3222 545 3240 579; x_wconf 71' lang='grc' dir='ltr'>ι</span> <span class='ocrx_word' id='word_1_40' title='bbox 3265 526 3416 595; x_wconf 94' lang='lat' dir='ltr'><strong>Quod</strong></span> <span class='ocrx_word' id='word_1_41' title='bbox 3447 526 3491 580; x_wconf 92' lang='lat' dir='ltr'><strong>si</strong></span> <span class='ocrx_word' id='word_1_42' title='bbox 3518 526 3687 618; x_wconf 80' lang='lat' dir='ltr'><strong>inter-</strong></span> 
     </span>
    </p>
   </div>
   <div class='ocr_carea' id='block_1_5' title="bbox 438 617 3693 717">
    <p class='ocr_par' dir='ltr' id='par_1_5' title="bbox 438 617 3693 717">
     <span class='ocr_line' id='line_1_5' title="bbox 438 617 3693 717; baseline -0.01 -16"><span class='ocrx_word' id='word_1_43' title='bbox 438 646 751 717; x_wconf 79' lang='lat' dir='ltr'><strong>rogantibus</strong></span> <span class='ocrx_word' id='word_1_44' title='bbox 779 641 931 695; x_wconf 87' lang='lat' dir='ltr'><strong>nobis</strong></span> <span class='ocrx_word' id='word_1_45' title='bbox 955 617 1173 709; x_wconf 87' lang='lat' dir='ltr'><strong>quando</strong></span> <span class='ocrx_word' id='word_1_46' title='bbox 1204 636 1436 705; x_wconf 89' lang='lat' dir='ltr'><strong>primum</strong></span> <span class='ocrx_word' id='word_1_47' title='bbox 1469 631 1568 687; x_wconf 88' lang='lat' dir='ltr'><strong>fuit</strong></span> <span class='ocrx_word' id='word_1_48' title='bbox 1601 632 1654 686; x_wconf 92' lang='lat' dir='ltr'><strong>in</strong></span> <span class='ocrx_word' id='word_1_49' title='bbox 1685 630 2005 699; x_wconf 83' lang='lat' dir='ltr'><strong>Capharnao</strong></span> <span class='ocrx_word' id='word_1_50' title='bbox 2034 625 2306 687; x_wconf 73' lang='lat' dir='ltr'><strong>Christus,</strong></span> <span class='ocrx_word' id='word_1_51' title='bbox 2342 624 2433 691; x_wconf 89' lang='lat' dir='ltr'><strong>qui</strong></span> <span class='ocrx_word' id='word_1_52' title='bbox 2469 623 2759 717; x_wconf 73' lang='lat' dir='ltr'><strong>lectionem</strong></span> <span class='ocrx_word' id='word_1_53' title='bbox 2791 619 3043 717; x_wconf 53' lang='lat' dir='ltr'><strong>Matthini</strong></span> <span class='ocrx_word' id='word_1_54' title='bbox 3074 619 3529 717; x_wconf 52' lang='lat' dir='ltr'><strong>reliquerit-mque</strong></span> <span class='ocrx_word' id='word_1_55' title='bbox 3556 617 3693 670; x_wconf 80' lang='lat' dir='ltr'><strong>duo-</strong></span> 
     </span>
    </p>
   </div>
   <div class='ocr_carea' id='block_1_6' title="bbox 439 712 3692 806">
    <p class='ocr_par' dir='ltr' id='par_1_6' title="bbox 439 712 3692 806">
     <span class='ocr_line' id='line_1_6' title="bbox 439 712 3692 806; baseline -0.01 -13"><span class='ocrx_word' id='word_1_56' title='bbox 439 712 556 799; x_wconf 72' lang='lat' dir='ltr'><strong>rum</strong></span> <span class='ocrx_word' id='word_1_57' title='bbox 610 743 934 806; x_wconf 85' lang='lat' dir='ltr'><strong>sequuntur,</strong></span> <span class='ocrx_word' id='word_1_58' title='bbox 973 734 1179 796; x_wconf 87' lang='lat' dir='ltr'><strong>dicent,</strong></span> <span class='ocrx_word' id='word_1_59' title='bbox 1228 738 1349 799; x_wconf 86' lang='lat' dir='ltr'><strong>post</strong></span> <span class='ocrx_word' id='word_1_60' title='bbox 1386 727 1765 785; x_wconf 88' lang='lat' dir='ltr'><strong>tentationcm,</strong></span> <span class='ocrx_word' id='word_1_61' title='bbox 1814 722 2030 791; x_wconf 91' lang='lat' dir='ltr'><strong>quando</strong></span> <span class='ocrx_word' id='word_1_62' title='bbox 2087 721 2273 775; x_wconf 88' lang='lat' dir='ltr'><strong>relicta</strong></span> <span class='ocrx_word' id='word_1_63' title='bbox 2312 718 2583 774; x_wconf 78' lang='lat' dir='ltr'><strong>Nazareth</strong></span> <span class='ocrx_word' id='word_1_64' title='bbox 2635 716 2909 786; x_wconf 77' lang='lat' dir='ltr'><strong>profectus</strong></span> <span class='ocrx_word' id='word_1_65' title='bbox 2961 713 3227 779; x_wconf 86' lang='lat' dir='ltr'><strong>habitavit</strong></span> <span class='ocrx_word' id='word_1_66' title='bbox 3259 712 3310 765; x_wconf 93' lang='lat' dir='ltr'><strong>in</strong></span> <span class='ocrx_word' id='word_1_67' title='bbox 3345 712 3692 806; x_wconf 65' lang='lat' dir='ltr'><strong>(Sapharum),</strong></span> 
     </span>
    </p>
   </div>
   <div class='ocr_carea' id='block_1_7' title="bbox 436 804 3692 900">
    <p class='ocr_par' dir='ltr' id='par_1_7' title="bbox 436 804 3692 900">
     <span class='ocr_line' id='line_1_7' title="bbox 436 804 3692 900; baseline -0.009 -14"><span class='ocrx_word' id='word_1_68' title='bbox 436 847 555 900; x_wconf 81' lang='lat' dir='ltr'><strong>qua:</strong></span> <span class='ocrx_word' id='word_1_69' title='bbox 586 841 669 886; x_wconf 90' lang='lat' dir='ltr'><strong>est</strong></span> <span class='ocrx_word' id='word_1_70' title='bbox 694 804 910 883; x_wconf 14' lang='lat' dir='ltr'><strong>icivitas</strong></span> <span class='ocrx_word' id='word_1_71' title='bbox 940 826 1211 881; x_wconf 79' lang='lat' dir='ltr'><strong>maritima</strong></span> <span class='ocrx_word' id='word_1_72' title='bbox 1239 839 1254 888; x_wconf 90' lang='lat'><strong>;</strong></span> <span class='ocrx_word' id='word_1_73' title='bbox 1303 820 1570 891; x_wconf 90' lang='lat' dir='ltr'><strong>quomodo</strong></span> <span class='ocrx_word' id='word_1_74' title='bbox 1620 814 1785 875; x_wconf 82' lang='lat' dir='ltr'><strong>simul</strong></span> <span class='ocrx_word' id='word_1_75' title='bbox 1812 830 2000 869; x_wconf 91' lang='lat' dir='ltr'><strong>verum</strong></span> <span class='ocrx_word' id='word_1_76' title='bbox 2049 828 2169 867; x_wconf 84' lang='lat' dir='ltr'><strong>esse</strong></span> <span class='ocrx_word' id='word_1_77' title='bbox 2216 813 2401 867; x_wconf 85' lang='lat' dir='ltr'><strong>dicent</strong></span> <span class='ocrx_word' id='word_1_78' title='bbox 2434 820 2487 865; x_wconf 90' lang='lat' dir='ltr'><strong>et</strong></span> <span class='ocrx_word' id='word_1_79' title='bbox 2516 811 2644 865; x_wconf 89' lang='lat' dir='ltr'><strong>illud</strong></span> <span class='ocrx_word' id='word_1_80' title='bbox 2676 810 2817 878; x_wconf 90' lang='lat' dir='ltr'><strong>quod</strong></span> <span class='ocrx_word' id='word_1_81' title='bbox 2851 810 2990 878; x_wconf 91' lang='lat' dir='ltr'><strong>apud</strong></span> <span class='ocrx_word' id='word_1_82' title='bbox 3025 806 3337 861; x_wconf 77' lang='lat' dir='ltr'><strong>Mattlueum</strong></span> <span class='ocrx_word' id='word_1_83' title='bbox 3369 813 3423 857; x_wconf 89' lang='lat' dir='ltr'><strong>et</strong></span> <span class='ocrx_word' id='word_1_84' title='bbox 3451 804 3692 872; x_wconf 66' lang='lat' dir='ltr'><strong>Marcum</strong></span> 
     </span>
    </p>
   </div>
   <div class='ocr_carea' id='block_1_8' title="bbox 434 898 3695 990">
    <p class='ocr_par' dir='ltr' id='par_1_8' title="bbox 434 898 3695 990">
     <span class='ocr_line' id='line_1_8' title="bbox 434 898 3695 990; baseline -0.01 -10"><span class='ocrx_word' id='word_1_85' title='bbox 434 898 644 982; x_wconf 81' lang='lat' dir='ltr'><strong>dictum</strong></span> <span class='ocrx_word' id='word_1_86' title='bbox 675 932 778 990; x_wconf 86' lang='lat' dir='ltr'><strong>est,</strong></span> <span class='ocrx_word' id='word_1_87' title='bbox 813 922 999 979; x_wconf 88' lang='lat' dir='ltr'><strong>Jesum</strong></span> <span class='ocrx_word' id='word_1_88' title='bbox 1027 919 1320 977; x_wconf 83' lang='lat' dir='ltr'><strong>secessisse</strong></span> <span class='ocrx_word' id='word_1_89' title='bbox 1351 919 1405 971; x_wconf 92' lang='lat' dir='ltr'><strong>iu</strong></span> <span class='ocrx_word' id='word_1_90' title='bbox 1437 914 1739 976; x_wconf 74' lang='lat' dir='ltr'><strong>Galilaeam,</strong></span> <span class='ocrx_word' id='word_1_91' title='bbox 1771 920 2025 979; x_wconf 86' lang='lat' dir='ltr'><strong>tanquam</strong></span> <span class='ocrx_word' id='word_1_92' title='bbox 2067 908 2157 976; x_wconf 89' lang='lat' dir='ltr'><strong>qui</strong></span> <span class='ocrx_word' id='word_1_93' title='bbox 2188 908 2430 961; x_wconf 88' lang='lat' dir='ltr'><strong>audisset</strong></span> <span class='ocrx_word' id='word_1_94' title='bbox 2460 904 2724 965; x_wconf 77' lang='lat' dir='ltr'><strong>Joannem</strong></span> <span class='ocrx_word' id='word_1_95' title='bbox 2762 904 3019 957; x_wconf 86' lang='lat' dir='ltr'><strong>traditum</strong></span> <span class='ocrx_word' id='word_1_96' title='bbox 3052 902 3252 966; x_wconf 85' lang='lat' dir='ltr'><strong>fuisse;</strong></span> <span class='ocrx_word' id='word_1_97' title='bbox 3284 909 3333 952; x_wconf 81' lang='lat' dir='ltr'><strong>et</strong></span> <span class='ocrx_word' id='word_1_98' title='bbox 3367 898 3516 957; x_wconf 88' lang='lat' dir='ltr'><strong>illud,</strong></span> <span class='ocrx_word' id='word_1_99' title='bbox 3552 899 3695 963; x_wconf 86' lang='lat' dir='ltr'><strong>quod</strong></span> 
     </span>
    </p>
   </div>
   <div class='ocr_carea' id='block_1_9' title="bbox 434 988 3696 1094">
    <p class='ocr_par' dir='ltr' id='par_1_9' title="bbox 434 988 3696 1094">
     <span class='ocr_line' id='line_1_9' title="bbox 434 988 3696 1094; baseline -0.01 -18"><span class='ocrx_word' id='word_1_100' title='bbox 434 1025 671 1094; x_wconf 87' lang='lat' dir='ltr'><strong>positum</strong></span> <span class='ocrx_word' id='word_1_101' title='bbox 709 988 793 1073; x_wconf 82' lang='lat' dir='ltr'><strong>est</strong></span> <span class='ocrx_word' id='word_1_102' title='bbox 843 1018 986 1087; x_wconf 89' lang='lat' dir='ltr'><strong>apud</strong></span> <span class='ocrx_word' id='word_1_103' title='bbox 1035 1014 1325 1079; x_wconf 80' lang='lat' dir='ltr'><strong>Joannem,</strong></span> <span class='ocrx_word' id='word_1_104' title='bbox 1378 1008 1618 1064; x_wconf 89' lang='lat' dir='ltr'><strong>nondum</strong></span> <span class='ocrx_word' id='word_1_105' title='bbox 1672 1006 1841 1061; x_wconf 84' lang='lat' dir='ltr'><strong>fuisse</strong></span> <span class='ocrx_word' id='word_1_106' title='bbox 1876 1003 2177 1071; x_wconf 86' lang='lat' dir='ltr'><strong>Baptistam</strong></span> <span class='ocrx_word' id='word_1_107' title='bbox 2214 1002 2522 1068; x_wconf 75' lang='lat' dir='ltr'><strong>conjectura</strong></span> <span class='ocrx_word' id='word_1_108' title='bbox 2553 1000 2606 1055; x_wconf 89' lang='lat' dir='ltr'><strong>in</strong></span> <span class='ocrx_word' id='word_1_109' title='bbox 2654 1014 2957 1066; x_wconf 88' lang='lat' dir='ltr'><strong>carcerem,</strong></span> <span class='ocrx_word' id='word_1_110' title='bbox 2989 997 3083 1059; x_wconf 75' lang='lat' dir='ltr'><strong>sed</strong></span> <span class='ocrx_word' id='word_1_111' title='bbox 3114 994 3396 1094; x_wconf 64' lang='lat' dir='ltr'><strong>baptizare</strong></span> <span class='ocrx_word' id='word_1_112' title='bbox 3432 992 3487 1094; x_wconf 79' lang='lat' dir='ltr'><strong>in</strong></span> <span class='ocrx_word' id='word_1_113' title='bbox 3518 988 3696 1043; x_wconf 69' lang='grc' dir='ltr'>Ᾱίιιοη</span> 
     </span>
    </p>
   </div>
   <div class='ocr_carea' id='block_1_10' title="bbox 435 1086 3698 1186">
    <p class='ocr_par' dir='ltr' id='par_1_10' title="bbox 435 1086 3698 1186">
     <span class='ocr_line' id='line_1_10' title="bbox 435 1086 3698 1186; baseline -0.01 -19"><span class='ocrx_word' id='word_1_114' title='bbox 435 1086 582 1186; x_wconf 60' lang='lat' dir='ltr'><strong>iuxta</strong></span> <span class='ocrx_word' id='word_1_115' title='bbox 610 1110 819 1167; x_wconf 89' lang='lat' dir='ltr'><strong>Salim?</strong></span> <span class='ocrx_word' id='word_1_116' title='bbox 869 1086 918 1165; x_wconf 90' lang='lat' dir='ltr'><strong>id</strong></span> <span class='ocrx_word' id='word_1_117' title='bbox 949 1106 1089 1177; x_wconf 87' lang='lat' dir='ltr'><strong>quod</strong></span> <span class='ocrx_word' id='word_1_118' title='bbox 1124 1104 1343 1173; x_wconf 91' lang='lat' dir='ltr'><strong>ponitur</strong></span> <span class='ocrx_word' id='word_1_119' title='bbox 1374 1109 1494 1170; x_wconf 91' lang='lat' dir='ltr'><strong>post</strong></span> <span class='ocrx_word' id='word_1_120' title='bbox 1525 1097 1869 1169; x_wconf 85' lang='lat' dir='ltr'><strong>mansionem</strong></span> <span class='ocrx_word' id='word_1_121' title='bbox 1903 1095 2115 1150; x_wconf 84' lang='lat' dir='ltr'><strong>Domini</strong></span> <span class='ocrx_word' id='word_1_122' title='bbox 2154 1093 2207 1147; x_wconf 92' lang='lat' dir='ltr'><strong>in</strong></span> <span class='ocrx_word' id='word_1_123' title='bbox 2241 1092 2588 1161; x_wconf 84' lang='lat' dir='ltr'><strong>Capharnao,</strong></span> <span class='ocrx_word' id='word_1_124' title='bbox 2638 1100 2689 1146; x_wconf 88' lang='lat' dir='ltr'><strong>et</strong></span> <span class='ocrx_word' id='word_1_125' title='bbox 2713 1100 2832 1157; x_wconf 90' lang='lat' dir='ltr'><strong>post</strong></span> <span class='ocrx_word' id='word_1_126' title='bbox 2861 1104 3150 1144; x_wconf 88' lang='lat' dir='ltr'><strong>ascensum</strong></span> <span class='ocrx_word' id='word_1_127' title='bbox 3185 1086 3257 1139; x_wconf 88' lang='lat' dir='ltr'><strong>ad</strong></span> <span class='ocrx_word' id='word_1_128' title='bbox 3282 1086 3698 1155; x_wconf 74' lang='lat' dir='ltr'><strong>Jcrosolymamo</strong></span> 
     </span>
    </p>
   </div>
   <div class='ocr_carea' id='block_1_11' title="bbox 441 1181 3722 1277">
    <p class='ocr_par' dir='ltr' id='par_1_11' title="bbox 441 1181 3722 1277">
     <span class='ocr_line' id='line_1_11' title="bbox 441 1181 3722 1277; baseline -0.01 -12"><span class='ocrx_word' id='word_1_129' title='bbox 441 1181 677 1277; x_wconf 82' lang='lat' dir='ltr'><strong>indeque</strong></span> <span class='ocrx_word' id='word_1_130' title='bbox 711 1206 777 1258; x_wconf 90' lang='lat' dir='ltr'><strong>ad</strong></span> <span class='ocrx_word' id='word_1_131' title='bbox 806 1202 1043 1257; x_wconf 78' lang='lat' dir='ltr'><strong>Judzcam</strong></span> <span class='ocrx_word' id='word_1_132' title='bbox 1076 1200 1417 1259; x_wconf 84' lang='lat' dir='ltr'><strong>descensum,</strong></span> <span class='ocrx_word' id='word_1_133' title='bbox 1472 1200 1526 1247; x_wconf 88' lang='lat' dir='ltr'><strong>et</strong></span> <span class='ocrx_word' id='word_1_134' title='bbox 1558 1200 1678 1262; x_wconf 90' lang='lat' dir='ltr'><strong>post</strong></span> <span class='ocrx_word' id='word_1_135' title='bbox 1711 1191 1913 1245; x_wconf 90' lang='lat' dir='ltr'><strong>multas</strong></span> <span class='ocrx_word' id='word_1_136' title='bbox 1945 1189 2081 1242; x_wconf 85' lang='lat' dir='ltr'><strong>alias</strong></span> <span class='ocrx_word' id='word_1_137' title='bbox 2117 1188 2234 1255; x_wconf 83' lang='lat' dir='ltr'><strong>ejus</strong></span> <span class='ocrx_word' id='word_1_138' title='bbox 2263 1188 2527 1242; x_wconf 85' lang='lat' dir='ltr'><strong>actiones.</strong></span> <span class='ocrx_word' id='word_1_139' title='bbox 2556 1185 2759 1240; x_wconf 72' lang='lat' dir='ltr'><strong>sPOt‘t‘O</strong></span> <span class='ocrx_word' id='word_1_140' title='bbox 2777 1183 3150 1253; x_wconf 79' lang='lat' dir='ltr'><strong>Evangelistas</strong></span> <span class='ocrx_word' id='word_1_141' title='bbox 3179 1182 3280 1235; x_wconf 90' lang='lat' dir='ltr'><strong>hac</strong></span> <span class='ocrx_word' id='word_1_142' title='bbox 3314 1181 3425 1233; x_wconf 80' lang='lat' dir='ltr'><strong>sola</strong></span> <span class='ocrx_word' id='word_1_143' title='bbox 3467 1192 3722 1235; x_wconf 76' lang='lat' dir='ltr'><strong>excusa-‘</strong></span> 
     </span>
    </p>
   </div>
   <div class='ocr_carea' id='block_1_12' title="bbox 441 1277 3703 1370">
    <p class='ocr_par' dir='ltr' id='par_1_12' title="bbox 441 1277 3703 1370">
     <span class='ocr_line' id='line_1_12' title="bbox 441 1277 3703 1370; baseline -0.01 -10"><span class='ocrx_word' id='word_1_144' title='bbox 441 1308 588 1361; x_wconf 86' lang='lat' dir='ltr'><strong>tione</strong></span> <span class='ocrx_word' id='word_1_145' title='bbox 617 1302 871 1370; x_wconf 83' lang='lat' dir='ltr'><strong>dignatur</strong></span> <span class='ocrx_word' id='word_1_146' title='bbox 905 1296 1103 1350; x_wconf 82' lang='lat' dir='ltr'><strong>ibidem</strong></span> <span class='ocrx_word' id='word_1_147' title='bbox 1131 1296 1380 1352; x_wconf 67' lang='lat' dir='ltr'><strong>num.4:t</strong></span> <span class='ocrx_word' id='word_1_148' title='bbox 1408 1289 1524 1344; x_wconf 85' lang='lat' dir='ltr'><strong>Non</strong></span> <span class='ocrx_word' id='word_1_149' title='bbox 1555 1285 1894 1357; x_wconf 79' lang='lat' dir='ltr'><strong>reprehendo</strong></span> <span class='ocrx_word' id='word_1_150' title='bbox 1923 1295 2105 1338; x_wconf 86' lang='lat' dir='ltr'><strong>autem</strong></span> <span class='ocrx_word' id='word_1_151' title='bbox 2139 1285 2284 1352; x_wconf 86' lang='lat' dir='ltr'><strong>ipsos</strong></span> <span class='ocrx_word' id='word_1_152' title='bbox 2327 1282 2510 1350; x_wconf 91' lang='lat' dir='ltr'><strong>aliquo</strong></span> <span class='ocrx_word' id='word_1_153' title='bbox 2540 1288 2699 1350; x_wconf 90' lang='lat' dir='ltr'><strong>pacto</strong></span> <span class='ocrx_word' id='word_1_154' title='bbox 2728 1280 3130 1349; x_wconf 84' lang='lat' dir='ltr'><strong>trausposuisse</strong></span> <span class='ocrx_word' id='word_1_155' title='bbox 3163 1278 3230 1331; x_wconf 91' lang='lat' dir='ltr'><strong>ad</strong></span> <span class='ocrx_word' id='word_1_156' title='bbox 3263 1277 3550 1330; x_wconf 84' lang='lat' dir='ltr'><strong>utilitatem</strong></span> <span class='ocrx_word' id='word_1_157' title='bbox 3585 1289 3703 1345; x_wconf 77' lang='lat' dir='ltr'><strong>my-</strong></span> 
     </span>
    </p>
   </div>
   <div class='ocr_carea' id='block_1_13' title="bbox 438 1370 3699 1455">
    <p class='ocr_par' dir='ltr' id='par_1_13' title="bbox 438 1370 3699 1455">
     <span class='ocr_line' id='line_1_13' title="bbox 438 1370 3699 1455; baseline -0.009 -4"><span class='ocrx_word' id='word_1_158' title='bbox 438 1398 590 1455; x_wconf 69' lang='lat' dir='ltr'><strong>sticaa</strong></span> <span class='ocrx_word' id='word_1_159' title='bbox 615 1388 1078 1450; x_wconf 87' lang='lat' dir='ltr'><strong>considerationis</strong></span> <span class='ocrx_word' id='word_1_160' title='bbox 1121 1387 1312 1438; x_wconf 90' lang='lat' dir='ltr'><strong>harum</strong></span> <span class='ocrx_word' id='word_1_161' title='bbox 1361 1396 1567 1441; x_wconf 86' lang='lat' dir='ltr'><strong>rerum,</strong></span> <span class='ocrx_word' id='word_1_162' title='bbox 1617 1378 1693 1441; x_wconf 91' lang='lat' dir='ltr'><strong>id,</strong></span> <span class='ocrx_word' id='word_1_163' title='bbox 1742 1376 1883 1443; x_wconf 89' lang='lat' dir='ltr'><strong>quod</strong></span> <span class='ocrx_word' id='word_1_164' title='bbox 1916 1377 2198 1443; x_wconf 85' lang='lat' dir='ltr'><strong>(quantum</strong></span> <span class='ocrx_word' id='word_1_165' title='bbox 2225 1377 2417 1429; x_wconf 89' lang='lat' dir='ltr'><strong>attinet</strong></span> <span class='ocrx_word' id='word_1_166' title='bbox 2447 1376 2512 1425; x_wconf 90' lang='lat' dir='ltr'><strong>ad</strong></span> <span class='ocrx_word' id='word_1_167' title='bbox 2558 1374 2861 1435; x_wconf 87' lang='lat' dir='ltr'><strong>historiam)</strong></span> <span class='ocrx_word' id='word_1_168' title='bbox 2894 1375 2995 1426; x_wconf 88' lang='lat' dir='ltr'><strong>alio</strong></span> <span class='ocrx_word' id='word_1_169' title='bbox 3023 1372 3180 1427; x_wconf 90' lang='lat' dir='ltr'><strong>modo</strong></span> <span class='ocrx_word' id='word_1_170' title='bbox 3219 1374 3422 1426; x_wconf 89' lang='lat' dir='ltr'><strong>factum</strong></span> <span class='ocrx_word' id='word_1_171' title='bbox 3485 1370 3699 1436; x_wconf 85' lang='lat' dir='ltr'><strong>fuerat;</strong></span> 
     </span>
    </p>
   </div>
   <div class='ocr_carea' id='block_1_14' title="bbox 437 1470 3703 1559">
    <p class='ocr_par' dir='ltr' id='par_1_14' title="bbox 437 1470 3703 1559">
     <span class='ocr_line' id='line_1_14' title="bbox 437 1470 3703 1559; baseline -0.006 -19"><span class='ocrx_word' id='word_1_172' title='bbox 437 1492 511 1559; x_wconf 78' lang='lat' dir='ltr'><strong>ita</strong></span> <span class='ocrx_word' id='word_1_173' title='bbox 534 1487 757 1559; x_wconf 90' lang='lat' dir='ltr'><strong>utquod</strong></span> <span class='ocrx_word' id='word_1_174' title='bbox 784 1499 892 1538; x_wconf 92' lang='lat' dir='ltr'><strong>uno</strong></span> <span class='ocrx_word' id='word_1_175' title='bbox 918 1482 1039 1535; x_wconf 92' lang='lat' dir='ltr'><strong>loco</strong></span> <span class='ocrx_word' id='word_1_176' title='bbox 1062 1480 1265 1532; x_wconf 84' lang='lat' dir='ltr'><strong>factum</strong></span> <span class='ocrx_word' id='word_1_177' title='bbox 1292 1476 1492 1535; x_wconf 90' lang='lat' dir='ltr'><strong>fuerat,</strong></span> <span class='ocrx_word' id='word_1_178' title='bbox 1527 1482 1788 1539; x_wconf 85' lang='lat' dir='ltr'><strong>tanquam</strong></span> <span class='ocrx_word' id='word_1_179' title='bbox 1824 1471 1875 1523; x_wconf 92' lang='lat' dir='ltr'><strong>in</strong></span> <span class='ocrx_word' id='word_1_180' title='bbox 1901 1470 2005 1521; x_wconf 91' lang='lat' dir='ltr'><strong>alio</strong></span> <span class='ocrx_word' id='word_1_181' title='bbox 2032 1482 2243 1540; x_wconf 82' lang='lat' dir='ltr'><strong>gestum</strong></span> <span class='ocrx_word' id='word_1_182' title='bbox 2276 1472 2370 1535; x_wconf 89' lang='lat' dir='ltr'><strong>sit,</strong></span> <span class='ocrx_word' id='word_1_183' title='bbox 2411 1479 2728 1534; x_wconf 90' lang='lat' dir='ltr'><strong>narrarent;</strong></span> <span class='ocrx_word' id='word_1_184' title='bbox 2761 1479 2815 1522; x_wconf 80' lang='lat' dir='ltr'><strong>et</strong></span> <span class='ocrx_word' id='word_1_185' title='bbox 2846 1471 2984 1538; x_wconf 90' lang='lat' dir='ltr'><strong>quod</strong></span> <span class='ocrx_word' id='word_1_186' title='bbox 3015 1484 3121 1523; x_wconf 91' lang='lat' dir='ltr'><strong>uno</strong></span> <span class='ocrx_word' id='word_1_187' title='bbox 3154 1478 3419 1538; x_wconf 89' lang='lat' dir='ltr'><strong>tempore,</strong></span> <span class='ocrx_word' id='word_1_188' title='bbox 3449 1478 3703 1537; x_wconf 86' lang='lat' dir='ltr'><strong>tauquam</strong></span> 
     </span>
    </p>
   </div>
   <div class='ocr_carea' id='block_1_15' title="bbox 438 1564 3703 1649">
    <p class='ocr_par' dir='ltr' id='par_1_15' title="bbox 438 1564 3703 1649">
     <span class='ocr_line' id='line_1_15' title="bbox 438 1564 3703 1649; baseline -0.007 -8"><span class='ocrx_word' id='word_1_189' title='bbox 438 1585 493 1641; x_wconf 75' lang='lat' dir='ltr'><strong>in</strong></span> <span class='ocrx_word' id='word_1_190' title='bbox 523 1584 667 1649; x_wconf 89' lang='lat' dir='ltr'><strong>alio;</strong></span> <span class='ocrx_word' id='word_1_191' title='bbox 701 1591 758 1635; x_wconf 90' lang='lat' dir='ltr'><strong>et</strong></span> <span class='ocrx_word' id='word_1_192' title='bbox 792 1577 925 1633; x_wconf 88' lang='lat' dir='ltr'><strong>illud</strong></span> <span class='ocrx_word' id='word_1_193' title='bbox 956 1572 1102 1642; x_wconf 90' lang='lat' dir='ltr'><strong>quod</strong></span> <span class='ocrx_word' id='word_1_194' title='bbox 1132 1585 1238 1623; x_wconf 90' lang='lat' dir='ltr'><strong>nuo</strong></span> <span class='ocrx_word' id='word_1_195' title='bbox 1266 1568 1425 1622; x_wconf 90' lang='lat' dir='ltr'><strong>modo</strong></span> <span class='ocrx_word' id='word_1_196' title='bbox 1463 1566 1868 1635; x_wconf 87' lang='lat' dir='ltr'><strong>pronuntiatmn</strong></span> <span class='ocrx_word' id='word_1_197' title='bbox 1893 1564 2087 1630; x_wconf 83' lang='lat' dir='ltr'><strong>fuerat,</strong></span> <span class='ocrx_word' id='word_1_198' title='bbox 2115 1582 2235 1620; x_wconf 87' lang='lat' dir='ltr'><strong>cum</strong></span> <span class='ocrx_word' id='word_1_199' title='bbox 2266 1566 2499 1635; x_wconf 90' lang='lat' dir='ltr'><strong>quadam</strong></span> <span class='ocrx_word' id='word_1_200' title='bbox 2528 1565 2850 1619; x_wconf 87' lang='lat' dir='ltr'><strong>alterationc</strong></span> <span class='ocrx_word' id='word_1_201' title='bbox 2874 1565 3161 1619; x_wconf 86' lang='lat' dir='ltr'><strong>referrent.</strong></span> <span class='ocrx_word' id='word_1_202' title='bbox 3190 1565 3531 1634; x_wconf 84' lang='lat' dir='ltr'><strong>Propositum</strong></span> <span class='ocrx_word' id='word_1_203' title='bbox 3560 1566 3703 1620; x_wconf 86' lang='lat' dir='ltr'><strong>enim</strong></span> 
     </span>
    </p>
   </div>
   <div class='ocr_carea' id='block_1_16' title="bbox 442 1661 3705 1736">
    <p class='ocr_par' dir='ltr' id='par_1_16' title="bbox 442 1661 3705 1736">
     <span class='ocr_line' id='line_1_16' title="bbox 442 1661 3705 1736; baseline -0.007 0"><span class='ocrx_word' id='word_1_204' title='bbox 442 1680 549 1736; x_wconf 82' lang='lat' dir='ltr'><strong>illis</strong></span> <span class='ocrx_word' id='word_1_205' title='bbox 565 1688 686 1736; x_wconf 91' lang='lat' dir='ltr'><strong>erat</strong></span> <span class='ocrx_word' id='word_1_206' title='bbox 708 1688 838 1729; x_wconf 90' lang='lat' dir='ltr'><strong>vera</strong></span> <span class='ocrx_word' id='word_1_207' title='bbox 859 1682 1088 1725; x_wconf 88' lang='lat' dir='ltr'><strong>narrare</strong></span> <span class='ocrx_word' id='word_1_208' title='bbox 1106 1675 1160 1719; x_wconf 91' lang='lat' dir='ltr'><strong>et</strong></span> <span class='ocrx_word' id='word_1_209' title='bbox 1184 1664 1537 1732; x_wconf 89' lang='lat' dir='ltr'><strong>spiritualiter</strong></span> <span class='ocrx_word' id='word_1_210' title='bbox 1553 1670 1608 1715; x_wconf 89' lang='lat' dir='ltr'><strong>et</strong></span> <span class='ocrx_word' id='word_1_211' title='bbox 1642 1661 2028 1730; x_wconf 90' lang='lat' dir='ltr'><strong>corporaliter,</strong></span> <span class='ocrx_word' id='word_1_212' title='bbox 2052 1662 2141 1715; x_wconf 87' lang='lat' dir='ltr'><strong>ubi</strong></span> <span class='ocrx_word' id='word_1_213' title='bbox 2169 1663 2391 1727; x_wconf 88' lang='lat' dir='ltr'><strong>liceret;</strong></span> <span class='ocrx_word' id='word_1_214' title='bbox 2427 1662 2514 1716; x_wconf 90' lang='lat' dir='ltr'><strong>ubi</strong></span> <span class='ocrx_word' id='word_1_215' title='bbox 2541 1669 2721 1730; x_wconf 78' lang='lat' dir='ltr'><strong>autem</strong></span> <span class='ocrx_word' id='word_1_216' title='bbox 2744 1676 2853 1716; x_wconf 87' lang='lat' dir='ltr'><strong>non</strong></span> <span class='ocrx_word' id='word_1_217' title='bbox 2884 1662 3231 1733; x_wconf 82' lang='lat' dir='ltr'><strong>contingebat</strong></span> <span class='ocrx_word' id='word_1_218' title='bbox 3255 1672 3566 1731; x_wconf 82' lang='lat' dir='ltr'><strong>utrumque,</strong></span> <span class='ocrx_word' id='word_1_219' title='bbox 3594 1679 3705 1715; x_wconf 86' lang='lat' dir='ltr'><strong>rem</strong></span> 
     </span>
    </p>
   </div>
   <div class='ocr_carea' id='block_1_17' title="bbox 444 1751 3694 1840">
    <p class='ocr_par' dir='ltr' id='par_1_17' title="bbox 444 1751 3694 1840">
     <span class='ocr_line' id='line_1_17' title="bbox 444 1751 3694 1840; baseline -0.005 -15"><span class='ocrx_word' id='word_1_220' title='bbox 444 1770 703 1840; x_wconf 68' lang='lat' dir='ltr'><strong>praeferre</strong></span> <span class='ocrx_word' id='word_1_221' title='bbox 733 1762 1062 1834; x_wconf 79' lang='lat' dir='ltr'><strong>spiritualem</strong></span> <span class='ocrx_word' id='word_1_222' title='bbox 1087 1757 1160 1811; x_wconf 90' lang='lat' dir='ltr'><strong>rei</strong></span> <span class='ocrx_word' id='word_1_223' title='bbox 1182 1770 1467 1825; x_wconf 63' lang='lat' dir='ltr'><strong>corporeae,</strong></span> <span class='ocrx_word' id='word_1_224' title='bbox 1488 1761 1695 1808; x_wconf 85' lang='lat' dir='ltr'><strong>servata</strong></span> <span class='ocrx_word' id='word_1_225' title='bbox 1721 1766 1863 1818; x_wconf 59' lang='lat' dir='ltr'><strong>saepe</strong></span> <span class='ocrx_word' id='word_1_226' title='bbox 1886 1751 2109 1805; x_wconf 79' lang='lat' dir='ltr'><strong>veritate</strong></span> <span class='ocrx_word' id='word_1_227' title='bbox 2133 1751 2392 1821; x_wconf 87' lang='lat' dir='ltr'><strong>spirituali</strong></span> <span class='ocrx_word' id='word_1_228' title='bbox 2418 1753 2468 1805; x_wconf 88' lang='lat' dir='ltr'><strong>in</strong></span> <span class='ocrx_word' id='word_1_229' title='bbox 2494 1755 2757 1823; x_wconf 78' lang='lat' dir='ltr'><strong>corporali</strong></span> <span class='ocrx_word' id='word_1_230' title='bbox 2785 1756 2864 1827; x_wconf 85' lang='lat' dir='ltr'><strong>(ut</strong></span> <span class='ocrx_word' id='word_1_231' title='bbox 2889 1755 3079 1824; x_wconf 82' lang='lat' dir='ltr'><strong>aliquis</strong></span> <span class='ocrx_word' id='word_1_232' title='bbox 3110 1756 3332 1823; x_wconf 84' lang='lat' dir='ltr'><strong>diceret)</strong></span> <span class='ocrx_word' id='word_1_233' title='bbox 3360 1758 3658 1813; x_wconf 87' lang='lat' dir='ltr'><strong>mendacio.</strong></span> <span class='ocrx_word' id='word_1_234' title='bbox 3675 1779 3694 1809; x_wconf 73' lang='grc' dir='ltr'><strong>ιι</strong></span> 
     </span>
    </p>
   </div>
   <div class='ocr_carea' id='block_1_18' title="bbox 1507 1837 2609 1907">
    <p class='ocr_par' dir='ltr' id='par_1_18' title="bbox 1507 1837 2609 1907">
     <span class='ocr_line' id='line_1_18' title="bbox 1507 1837 2609 1907; baseline 0.003 -17"><span class='ocrx_word' id='word_1_235' title='bbox 1507 1837 1535 1907; x_wconf 66' lang='grc' dir='ltr'><strong>ς</strong></span> <span class='ocrx_word' id='word_1_236' title='bbox 1573 1837 1659 1892; x_wconf 84' lang='lat' dir='ltr'><strong>Vl.</strong></span> <span class='ocrx_word' id='word_1_237' title='bbox 1701 1837 1776 1891; x_wconf 87' lang='lat' dir='ltr'><strong>De</strong></span> <span class='ocrx_word' id='word_1_238' title='bbox 1811 1841 2080 1907; x_wconf 67' lang='lat' dir='ltr'><strong>praeceptis</strong></span> <span class='ocrx_word' id='word_1_239' title='bbox 2121 1838 2253 1892; x_wconf 82' lang='lat' dir='ltr'><strong>Novi</strong></span> <span class='ocrx_word' id='word_1_240' title='bbox 2293 1840 2609 1893; x_wconf 82' lang='lat' dir='ltr'><strong>Tcstomeuti</strong></span> 
     </span>
    </p>
   </div>
   <div class='ocr_carea' id='block_1_19' title="bbox 511 1928 3701 2003">
    <p class='ocr_par' dir='ltr' id='par_1_19' title="bbox 511 1928 3701 2003">
     <span class='ocr_line' id='line_1_19' title="bbox 511 1928 3701 2003; baseline -0.001 -15"><span class='ocrx_word' id='word_1_241' title='bbox 511 1934 632 1988; x_wconf 88' lang='lat' dir='ltr'><strong>Lib.</strong></span> <span class='ocrx_word' id='word_1_242' title='bbox 659 1945 709 1987; x_wconf 88' lang='lat' dir='ltr'><strong>tv</strong></span> <span class='ocrx_word' id='word_1_243' title='bbox 746 1931 820 1985; x_wconf 87' lang='lat' dir='ltr'><strong>De</strong></span> <span class='ocrx_word' id='word_1_244' title='bbox 854 1928 1146 1999; x_wconf 76' lang='lat' dir='ltr'><strong>principiis,</strong></span> <span class='ocrx_word' id='word_1_245' title='bbox 1179 1944 1332 1987; x_wconf 91' lang='lat' dir='ltr'><strong>num.</strong></span> <span class='ocrx_word' id='word_1_246' title='bbox 1365 1929 1455 1995; x_wconf 84' lang='lat' dir='ltr'><strong>l8,</strong></span> <span class='ocrx_word' id='word_1_247' title='bbox 1502 1931 1835 2000; x_wconf 83' lang='lat' dir='ltr'><strong>probaturus</strong></span> <span class='ocrx_word' id='word_1_248' title='bbox 1862 1931 2067 1999; x_wconf 89' lang='lat' dir='ltr'><strong>aliquot</strong></span> <span class='ocrx_word' id='word_1_249' title='bbox 2097 1948 2216 1987; x_wconf 87' lang='lat' dir='ltr'><strong>esse</strong></span> <span class='ocrx_word' id='word_1_250' title='bbox 2248 1932 2383 1985; x_wconf 77' lang='lat' dir='ltr'><strong>Novi</strong></span> <span class='ocrx_word' id='word_1_251' title='bbox 2412 1934 2751 1988; x_wconf 84' lang='lat' dir='ltr'><strong>Testamenti</strong></span> <span class='ocrx_word' id='word_1_252' title='bbox 2799 1943 3061 2003; x_wconf 71' lang='lat' dir='ltr'><strong>prmeepta</strong></span> <span class='ocrx_word' id='word_1_253' title='bbox 3092 1946 3119 1984; x_wconf 93' lang='lat' dir='ltr'><strong>a</strong></span> <span class='ocrx_word' id='word_1_254' title='bbox 3148 1932 3345 1999; x_wconf 90' lang='lat' dir='ltr'><strong>quibus</strong></span> <span class='ocrx_word' id='word_1_255' title='bbox 3369 1932 3546 1985; x_wconf 91' lang='lat' dir='ltr'><strong>omnis</strong></span> <span class='ocrx_word' id='word_1_256' title='bbox 3578 1947 3701 1986; x_wconf 87' lang='lat' dir='ltr'><strong>sen-</strong></span> 
     </span>
    </p>
   </div>
   <div class='ocr_carea' id='block_1_20' title="bbox 438 2020 3701 2094">
    <p class='ocr_par' dir='ltr' id='par_1_20' title="bbox 438 2020 3701 2094">
     <span class='ocr_line' id='line_1_20' title="bbox 438 2020 3701 2094; baseline -0.002 -12"><span class='ocrx_word' id='word_1_257' title='bbox 438 2041 533 2082; x_wconf 80' lang='lat' dir='ltr'><strong>sus</strong></span> <span class='ocrx_word' id='word_1_258' title='bbox 563 2024 854 2079; x_wconf 90' lang='lat' dir='ltr'><strong>historicus</strong></span> <span class='ocrx_word' id='word_1_259' title='bbox 888 2023 958 2076; x_wconf 88' lang='lat' dir='ltr'><strong>ita</strong></span> <span class='ocrx_word' id='word_1_260' title='bbox 994 2020 1321 2086; x_wconf 84' lang='lat' dir='ltr'><strong>excluditur,</strong></span> <span class='ocrx_word' id='word_1_261' title='bbox 1349 2033 1406 2077; x_wconf 91' lang='lat' dir='ltr'><strong>nt</strong></span> <span class='ocrx_word' id='word_1_262' title='bbox 1434 2025 1546 2079; x_wconf 88' lang='lat' dir='ltr'><strong>sola</strong></span> <span class='ocrx_word' id='word_1_263' title='bbox 1586 2026 1638 2079; x_wconf 91' lang='lat' dir='ltr'><strong>in</strong></span> <span class='ocrx_word' id='word_1_264' title='bbox 1679 2024 1786 2078; x_wconf 91' lang='lat' dir='ltr'><strong>illis</strong></span> <span class='ocrx_word' id='word_1_265' title='bbox 1818 2024 2177 2094; x_wconf 84' lang='lat' dir='ltr'><strong>intelligentia</strong></span> <span class='ocrx_word' id='word_1_266' title='bbox 2212 2026 2476 2094; x_wconf 88' lang='lat' dir='ltr'><strong>spiritalis</strong></span> <span class='ocrx_word' id='word_1_267' title='bbox 2509 2027 2800 2094; x_wconf 77' lang='lat' dir='ltr'><strong>qruerenda</strong></span> <span class='ocrx_word' id='word_1_268' title='bbox 2837 2027 2932 2089; x_wconf 91' lang='lat' dir='ltr'><strong>sit,</strong></span> <span class='ocrx_word' id='word_1_269' title='bbox 2985 2025 3063 2078; x_wconf 90' lang='lat' dir='ltr'><strong>sic</strong></span> <span class='ocrx_word' id='word_1_270' title='bbox 3096 2024 3351 2078; x_wconf 88' lang='lat' dir='ltr'><strong>disserit:</strong></span> <span class='ocrx_word' id='word_1_271' title='bbox 3385 2022 3541 2078; x_wconf 72' lang='lat' dir='ltr'><strong>«Jam</strong></span> <span class='ocrx_word' id='word_1_272' title='bbox 3576 2041 3701 2078; x_wconf 71' lang='lat' dir='ltr'><strong>vera</strong></span> 
     </span>
    </p>
   </div>
   <div class='ocr_carea' id='block_1_21' title="bbox 433 2117 3702 2191">
    <p class='ocr_par' dir='ltr' id='par_1_21' title="bbox 433 2117 3702 2191">
     <span class='ocr_line' id='line_1_21' title="bbox 433 2117 3702 2191; baseline -0.002 -16"><span class='ocrx_word' id='word_1_273' title='bbox 433 2122 481 2176; x_wconf 84' lang='lat' dir='ltr'><strong>si</strong></span> <span class='ocrx_word' id='word_1_274' title='bbox 517 2122 584 2173; x_wconf 90' lang='lat' dir='ltr'><strong>ad</strong></span> <span class='ocrx_word' id='word_1_275' title='bbox 613 2117 959 2186; x_wconf 84' lang='lat' dir='ltr'><strong>Evangelium</strong></span> <span class='ocrx_word' id='word_1_276' title='bbox 995 2117 1276 2169; x_wconf 85' lang='lat' dir='ltr'><strong>veniamus</strong></span> <span class='ocrx_word' id='word_1_277' title='bbox 1310 2126 1361 2170; x_wconf 89' lang='lat' dir='ltr'><strong>et</strong></span> <span class='ocrx_word' id='word_1_278' title='bbox 1393 2118 1593 2170; x_wconf 89' lang='lat' dir='ltr'><strong>similia</strong></span> <span class='ocrx_word' id='word_1_279' title='bbox 1630 2118 1996 2187; x_wconf 85' lang='lat' dir='ltr'><strong>requiramus,</strong></span> <span class='ocrx_word' id='word_1_280' title='bbox 2026 2121 2153 2187; x_wconf 90' lang='lat' dir='ltr'><strong>quid</strong></span> <span class='ocrx_word' id='word_1_281' title='bbox 2188 2136 2217 2174; x_wconf 93' lang='lat' dir='ltr'><strong>a</strong></span> <span class='ocrx_word' id='word_1_282' title='bbox 2262 2120 2473 2176; x_wconf 88' lang='lat' dir='ltr'><strong>ratione</strong></span> <span class='ocrx_word' id='word_1_283' title='bbox 2509 2121 2679 2191; x_wconf 82' lang='lat' dir='ltr'><strong>magis</strong></span> <span class='ocrx_word' id='word_1_284' title='bbox 2715 2120 2975 2182; x_wconf 88' lang='lat' dir='ltr'><strong>alienum,</strong></span> <span class='ocrx_word' id='word_1_285' title='bbox 3019 2136 3181 2187; x_wconf 87' lang='lat' dir='ltr'><strong>quam</strong></span> <span class='ocrx_word' id='word_1_286' title='bbox 3216 2119 3397 2172; x_wconf 91' lang='lat' dir='ltr'><strong>istud:</strong></span> <span class='ocrx_word' id='word_1_287' title='bbox 3429 2117 3702 2172; x_wconf 63' lang='lat' dir='ltr'><strong>Nautium</strong></span> 
     </span>
    </p>
   </div>
   <div class='ocr_carea' id='block_1_22' title="bbox 429 2208 3701 2284">
    <p class='ocr_par' dir='ltr' id='par_1_22' title="bbox 429 2208 3701 2284">
     <span class='ocr_line' id='line_1_22' title="bbox 429 2208 3701 2284; baseline 0 -19"><span class='ocrx_word' id='word_1_288' title='bbox 429 2227 525 2281; x_wconf 86' lang='lat' dir='ltr'><strong>per</strong></span> <span class='ocrx_word' id='word_1_289' title='bbox 571 2212 706 2264; x_wconf 82' lang='lat' dir='ltr'><strong>viam</strong></span> <span class='ocrx_word' id='word_1_290' title='bbox 739 2208 1099 2263; x_wconf 84' lang='lat' dir='ltr'><strong>salutaveritis</strong></span> <span class='ocrx_word' id='word_1_291' title='bbox 1123 2209 1194 2270; x_wconf 78' lang='grc'><strong>’³,</strong></span> <span class='ocrx_word' id='word_1_292' title='bbox 1224 2208 1365 2277; x_wconf 89' lang='lat' dir='ltr'><strong>quod</strong></span> <span class='ocrx_word' id='word_1_293' title='bbox 1396 2210 1653 2279; x_wconf 81' lang='lat' dir='ltr'><strong>apostolis</strong></span> <span class='ocrx_word' id='word_1_294' title='bbox 1682 2212 2005 2281; x_wconf 62' lang='lat' dir='ltr'><strong>praecepisse</strong></span> <span class='ocrx_word' id='word_1_295' title='bbox 2033 2212 2377 2268; x_wconf 86' lang='lat' dir='ltr'><strong>Salvatorem</strong></span> <span class='ocrx_word' id='word_1_296' title='bbox 2427 2213 2790 2284; x_wconf 87' lang='lat' dir='ltr'><strong>simpliciores</strong></span> <span class='ocrx_word' id='word_1_297' title='bbox 2820 2212 3173 2267; x_wconf 80' lang='lat' dir='ltr'><strong>existimant?</strong></span> <span class='ocrx_word' id='word_1_298' title='bbox 3222 2212 3284 2266; x_wconf 85' lang='lat' dir='ltr'><strong>Et</strong></span> <span class='ocrx_word' id='word_1_299' title='bbox 3324 2228 3447 2266; x_wconf 85' lang='lat' dir='ltr'><strong>cum</strong></span> <span class='ocrx_word' id='word_1_300' title='bbox 3483 2214 3701 2267; x_wconf 73' lang='lat' dir='ltr'><strong>dexteri</strong></span> 
     </span>
    </p>
   </div>
   <div class='ocr_carea' id='block_1_23' title="bbox 432 2305 3704 2381">
    <p class='ocr_par' dir='ltr' id='par_1_23' title="bbox 432 2305 3704 2381">
     <span class='ocr_line' id='line_1_23' title="bbox 432 2305 3704 2381; baseline -0.002 -19"><span class='ocrx_word' id='word_1_301' title='bbox 432 2307 653 2362; x_wconf 83' lang='lat' dir='ltr'><strong>maxilla</strong></span> <span class='ocrx_word' id='word_1_302' title='bbox 690 2305 900 2375; x_wconf 88' lang='lat' dir='ltr'><strong>percuti</strong></span> <span class='ocrx_word' id='word_1_303' title='bbox 936 2305 1156 2369; x_wconf 90' lang='lat' dir='ltr'><strong>dicitur,</strong></span> <span class='ocrx_word' id='word_1_304' title='bbox 1194 2321 1279 2360; x_wconf 90' lang='lat' dir='ltr'><strong>res</strong></span> <span class='ocrx_word' id='word_1_305' title='bbox 1304 2316 1391 2359; x_wconf 91' lang='lat' dir='ltr'><strong>est</strong></span> <span class='ocrx_word' id='word_1_306' title='bbox 1419 2322 1447 2359; x_wconf 88' lang='lat' dir='ltr'><strong>a</strong></span> <span class='ocrx_word' id='word_1_307' title='bbox 1486 2305 1771 2359; x_wconf 76' lang='lat' dir='ltr'><strong>verisimili</strong></span> <span class='ocrx_word' id='word_1_308' title='bbox 1810 2323 2031 2376; x_wconf 84' lang='lat' dir='ltr'><strong>prorsus</strong></span> <span class='ocrx_word' id='word_1_309' title='bbox 2060 2309 2385 2375; x_wconf 85' lang='lat' dir='ltr'><strong>abhorrens,</strong></span> <span class='ocrx_word' id='word_1_310' title='bbox 2418 2326 2541 2363; x_wconf 88' lang='lat' dir='ltr'><strong>cum</strong></span> <span class='ocrx_word' id='word_1_311' title='bbox 2574 2309 2753 2363; x_wconf 90' lang='lat' dir='ltr'><strong>omnis</strong></span> <span class='ocrx_word' id='word_1_312' title='bbox 2783 2309 2873 2379; x_wconf 89' lang='lat' dir='ltr'><strong>qui</strong></span> <span class='ocrx_word' id='word_1_313' title='bbox 2903 2309 3164 2378; x_wconf 75' lang='lat' dir='ltr'><strong>pcrmrtit,</strong></span> <span class='ocrx_word' id='word_1_314' title='bbox 3201 2308 3302 2362; x_wconf 89' lang='lat' dir='ltr'><strong>nisi</strong></span> <span class='ocrx_word' id='word_1_315' title='bbox 3341 2318 3528 2381; x_wconf 87' lang='lat' dir='ltr'><strong>natura</strong></span> <span class='ocrx_word' id='word_1_316' title='bbox 3559 2324 3704 2362; x_wconf 81' lang='lat' dir='ltr'><strong>mau-</strong></span> 
     </span>
    </p>
   </div>
   <div class='ocr_carea' id='block_1_24' title="bbox 431 2399 3702 2473">
    <p class='ocr_par' dir='ltr' id='par_1_24' title="bbox 431 2399 3702 2473">
     <span class='ocr_line' id='line_1_24' title="bbox 431 2399 3702 2473; baseline -0.001 -17"><span class='ocrx_word' id='word_1_317' title='bbox 431 2415 529 2456; x_wconf 91' lang='lat' dir='ltr'><strong>cus</strong></span> <span class='ocrx_word' id='word_1_318' title='bbox 562 2399 753 2462; x_wconf 88' lang='lat' dir='ltr'><strong>fuerit,</strong></span> <span class='ocrx_word' id='word_1_319' title='bbox 791 2399 1015 2452; x_wconf 79' lang='lat' dir='ltr'><strong>dextera</strong></span> <span class='ocrx_word' id='word_1_320' title='bbox 1051 2414 1211 2452; x_wconf 91' lang='lat' dir='ltr'><strong>manu</strong></span> <span class='ocrx_word' id='word_1_321' title='bbox 1250 2399 1534 2453; x_wconf 83' lang='lat' dir='ltr'><strong>sinistram</strong></span> <span class='ocrx_word' id='word_1_322' title='bbox 1571 2400 1838 2453; x_wconf 76' lang='lat' dir='ltr'><strong>maxillam</strong></span> <span class='ocrx_word' id='word_1_323' title='bbox 1882 2400 2061 2458; x_wconf 81' lang='lat' dir='ltr'><strong>feriat.</strong></span> <span class='ocrx_word' id='word_1_324' title='bbox 2110 2402 2293 2472; x_wconf 87' lang='lat' dir='ltr'><strong>Neque</strong></span> <span class='ocrx_word' id='word_1_325' title='bbox 2319 2413 2499 2473; x_wconf 86' lang='lat' dir='ltr'><strong>potest</strong></span> <span class='ocrx_word' id='word_1_326' title='bbox 2529 2418 2594 2458; x_wconf 79' lang='lat' dir='ltr'><strong>ex</strong></span> <span class='ocrx_word' id='word_1_327' title='bbox 2627 2402 2922 2472; x_wconf 86' lang='lat' dir='ltr'><strong>Evangelio</strong></span> <span class='ocrx_word' id='word_1_328' title='bbox 2952 2401 3155 2471; x_wconf 89' lang='lat' dir='ltr'><strong>percipi</strong></span> <span class='ocrx_word' id='word_1_329' title='bbox 3183 2416 3292 2471; x_wconf 90' lang='lat' dir='ltr'><strong>quo</strong></span> <span class='ocrx_word' id='word_1_330' title='bbox 3317 2409 3477 2471; x_wconf 89' lang='lat' dir='ltr'><strong>pacto</strong></span> <span class='ocrx_word' id='word_1_331' title='bbox 3516 2402 3702 2455; x_wconf 73' lang='lat' dir='ltr'><strong>dexter</strong></span> 
     </span>
    </p>
   </div>
   <div class='ocr_carea' id='block_1_25' title="bbox 432 2493 3702 2568">
    <p class='ocr_par' dir='ltr' id='par_1_25' title="bbox 432 2493 3702 2568">
     <span class='ocr_line' id='line_1_25' title="bbox 432 2493 3702 2568; baseline -0.001 -17"><span class='ocrx_word' id='word_1_332' title='bbox 432 2495 625 2551; x_wconf 90' lang='lat' dir='ltr'><strong>oculus</strong></span> <span class='ocrx_word' id='word_1_333' title='bbox 650 2493 936 2549; x_wconf 78' lang='lat' dir='ltr'><strong>oﬂ‘ensioni</strong></span> <span class='ocrx_word' id='word_1_334' title='bbox 966 2494 1054 2547; x_wconf 88' lang='lat' dir='ltr'><strong>sit.</strong></span> <span class='ocrx_word' id='word_1_335' title='bbox 1120 2494 1188 2550; x_wconf 89' lang='lat' dir='ltr'><strong>Ut</strong></span> <span class='ocrx_word' id='word_1_336' title='bbox 1223 2495 1366 2550; x_wconf 90' lang='lat' dir='ltr'><strong>enim</strong></span> <span class='ocrx_word' id='word_1_337' title='bbox 1398 2496 1762 2551; x_wconf 88' lang='lat' dir='ltr'><strong>concedamus</strong></span> <span class='ocrx_word' id='word_1_338' title='bbox 1796 2513 1957 2566; x_wconf 80' lang='lat' dir='ltr'><strong>posse</strong></span> <span class='ocrx_word' id='word_1_339' title='bbox 1983 2500 2293 2568; x_wconf 88' lang='lat' dir='ltr'><strong>quempiam</strong></span> <span class='ocrx_word' id='word_1_340' title='bbox 2324 2498 2561 2554; x_wconf 89' lang='lat' dir='ltr'><strong>videndo</strong></span> <span class='ocrx_word' id='word_1_341' title='bbox 2610 2499 2993 2562; x_wconf 83' lang='lat' dir='ltr'><strong>scandalizari,</strong></span> <span class='ocrx_word' id='word_1_342' title='bbox 3030 2513 3128 2552; x_wconf 89' lang='lat' dir='ltr'><strong>cur</strong></span> <span class='ocrx_word' id='word_1_343' title='bbox 3169 2513 3294 2552; x_wconf 92' lang='lat' dir='ltr'><strong>cum</strong></span> <span class='ocrx_word' id='word_1_344' title='bbox 3322 2498 3428 2552; x_wconf 90' lang='lat' dir='ltr'><strong>duo</strong></span> <span class='ocrx_word' id='word_1_345' title='bbox 3453 2497 3594 2552; x_wconf 89' lang='lat' dir='ltr'><strong>oculi</strong></span> <span class='ocrx_word' id='word_1_346' title='bbox 3626 2502 3702 2547; x_wconf 70' lang='lat' dir='ltr'><strong>vi-</strong></span> 
     </span>
    </p>
   </div>
   <div class='ocr_carea' id='block_1_26' title="bbox 433 2587 3703 2664">
    <p class='ocr_par' dir='ltr' id='par_1_26' title="bbox 433 2587 3703 2664">
     <span class='ocr_line' id='line_1_26' title="bbox 433 2587 3703 2664; baseline 0 -22"><span class='ocrx_word' id='word_1_347' title='bbox 433 2589 618 2652; x_wconf 87' lang='lat' dir='ltr'><strong>deant,</strong></span> <span class='ocrx_word' id='word_1_348' title='bbox 650 2590 855 2641; x_wconf 90' lang='lat' dir='ltr'><strong>crimen</strong></span> <span class='ocrx_word' id='word_1_349' title='bbox 893 2588 944 2641; x_wconf 92' lang='lat' dir='ltr'><strong>in</strong></span> <span class='ocrx_word' id='word_1_350' title='bbox 991 2587 1240 2642; x_wconf 80' lang='lat' dir='ltr'><strong>dextrum</strong></span> <span class='ocrx_word' id='word_1_351' title='bbox 1288 2588 1722 2644; x_wconf 88' lang='lat' dir='ltr'><strong>transferemlum</strong></span> <span class='ocrx_word' id='word_1_352' title='bbox 1752 2592 1875 2646; x_wconf 88' lang='lat' dir='ltr'><strong>est?</strong></span> <span class='ocrx_word' id='word_1_353' title='bbox 1911 2592 2042 2659; x_wconf 86' lang='lat' dir='ltr'><strong>Quis</strong></span> <span class='ocrx_word' id='word_1_354' title='bbox 2067 2594 2233 2648; x_wconf 88' lang='lat' dir='ltr'><strong>etiam</strong></span> <span class='ocrx_word' id='word_1_355' title='bbox 2268 2594 2589 2664; x_wconf 86' lang='lat' dir='ltr'><strong>sibimetipsi</strong></span> <span class='ocrx_word' id='word_1_356' title='bbox 2634 2593 2879 2649; x_wconf 86' lang='lat' dir='ltr'><strong>infensus</strong></span> <span class='ocrx_word' id='word_1_357' title='bbox 2908 2594 3050 2662; x_wconf 80' lang='lat' dir='ltr'><strong>quod</strong></span> <span class='ocrx_word' id='word_1_358' title='bbox 3081 2594 3282 2648; x_wconf 88' lang='lat' dir='ltr'><strong>viderit</strong></span> <span class='ocrx_word' id='word_1_359' title='bbox 3323 2593 3606 2646; x_wconf 84' lang='lat' dir='ltr'><strong>mulierem</strong></span> <span class='ocrx_word' id='word_1_360' title='bbox 3635 2593 3703 2644; x_wconf 88' lang='lat' dir='ltr'><strong>ad</strong></span> 
     </span>
    </p>
   </div>
   <div class='ocr_carea' id='block_1_27' title="bbox 434 2683 3702 2757">
    <p class='ocr_par' dir='ltr' id='par_1_27' title="bbox 434 2683 3702 2757">
     <span class='ocr_line' id='line_1_27' title="bbox 434 2683 3702 2757; baseline 0.001 -19"><span class='ocrx_word' id='word_1_361' title='bbox 434 2683 930 2752; x_wconf 86' lang='lat' dir='ltr'><strong>concupiscendum</strong></span> <span class='ocrx_word' id='word_1_362' title='bbox 961 2698 1103 2747; x_wconf 88' lang='lat' dir='ltr'><strong>eam,</strong></span> <span class='ocrx_word' id='word_1_363' title='bbox 1137 2700 1359 2739; x_wconf 88' lang='lat' dir='ltr'><strong>causam</strong></span> <span class='ocrx_word' id='word_1_364' title='bbox 1397 2700 1653 2756; x_wconf 84' lang='lat' dir='ltr'><strong>regerens</strong></span> <span class='ocrx_word' id='word_1_365' title='bbox 1680 2687 1733 2739; x_wconf 92' lang='lat' dir='ltr'><strong>in</strong></span> <span class='ocrx_word' id='word_1_366' title='bbox 1762 2704 1924 2741; x_wconf 91' lang='lat' dir='ltr'><strong>unum</strong></span> <span class='ocrx_word' id='word_1_367' title='bbox 1956 2690 2210 2744; x_wconf 78' lang='lat' dir='ltr'><strong>dextrum</strong></span> <span class='ocrx_word' id='word_1_368' title='bbox 2240 2691 2478 2755; x_wconf 90' lang='lat' dir='ltr'><strong>oculum,</strong></span> <span class='ocrx_word' id='word_1_369' title='bbox 2510 2691 2710 2744; x_wconf 90' lang='lat' dir='ltr'><strong>merito</strong></span> <span class='ocrx_word' id='word_1_370' title='bbox 2738 2690 2882 2744; x_wconf 91' lang='lat' dir='ltr'><strong>hunc</strong></span> <span class='ocrx_word' id='word_1_371' title='bbox 2908 2693 3081 2757; x_wconf 88' lang='lat' dir='ltr'><strong>ipsum</strong></span> <span class='ocrx_word' id='word_1_372' title='bbox 3108 2688 3409 2755; x_wconf 75' lang='lat' dir='ltr'><strong>abiecerit?</strong></span> <span class='ocrx_word' id='word_1_373' title='bbox 3437 2688 3702 2743; x_wconf 72' lang='lat' dir='ltr'><strong>Praeterea</strong></span> 
     </span>
    </p>
   </div>
   <div class='ocr_carea' id='block_1_28' title="bbox 433 2777 3703 2854">
    <p class='ocr_par' dir='ltr' id='par_1_28' title="bbox 433 2777 3703 2854">
     <span class='ocr_line' id='line_1_28' title="bbox 433 2777 3703 2854; baseline 0.001 -23"><span class='ocrx_word' id='word_1_374' title='bbox 433 2777 726 2844; x_wconf 82' lang='lat' dir='ltr'><strong>Apostolus</strong></span> <span class='ocrx_word' id='word_1_375' title='bbox 762 2778 1006 2848; x_wconf 65' lang='lat' dir='ltr'><strong>praecipit</strong></span> <span class='ocrx_word' id='word_1_376' title='bbox 1052 2779 1238 2833; x_wconf 86' lang='lat' dir='ltr'><strong>dicens</strong></span> <span class='ocrx_word' id='word_1_377' title='bbox 1288 2799 1303 2832; x_wconf 92' lang='lat'><strong>:</strong></span> <span class='ocrx_word' id='word_1_378' title='bbox 1338 2780 1693 2834; x_wconf 75' lang='lat' dir='ltr'><strong>Circumcisus</strong></span> <span class='ocrx_word' id='word_1_379' title='bbox 1721 2781 1914 2852; x_wconf 78' lang='lat' dir='ltr'><strong>aliquis</strong></span> <span class='ocrx_word' id='word_1_380' title='bbox 1946 2794 2163 2838; x_wconf 79' lang='lat' dir='ltr'><strong>vocatus</strong></span> <span class='ocrx_word' id='word_1_381' title='bbox 2187 2785 2309 2839; x_wconf 82' lang='lat' dir='ltr'><strong>est?</strong></span> <span class='ocrx_word' id='word_1_382' title='bbox 2354 2803 2459 2841; x_wconf 85' lang='lat' dir='ltr'><strong>non</strong></span> <span class='ocrx_word' id='word_1_383' title='bbox 2494 2788 2724 2838; x_wconf 80' lang='lat' dir='ltr'><strong>adducat</strong></span> <span class='ocrx_word' id='word_1_384' title='bbox 2754 2786 3075 2854; x_wconf 68' lang='lat' dir='ltr'><strong>pra&#39;putium</strong></span> <span class='ocrx_word' id='word_1_385' title='bbox 3100 2784 3167 2838; x_wconf 73' lang='lat'><strong>“.</strong></span> <span class='ocrx_word' id='word_1_386' title='bbox 3211 2784 3447 2839; x_wconf 86' lang='lat' dir='ltr'><strong>Primum</strong></span> <span class='ocrx_word' id='word_1_387' title='bbox 3476 2783 3703 2853; x_wconf 78' lang='lat' dir='ltr'><strong>quilibet</strong></span> 
     </span>
    </p>
   </div>
   <div class='ocr_carea' id='block_1_29' title="bbox 432 2866 3709 2949">
    <p class='ocr_par' dir='ltr' id='par_1_29' title="bbox 432 2866 3709 2949">
     <span class='ocr_line' id='line_1_29' title="bbox 432 2866 3709 2949; baseline 0.001 -26"><span class='ocrx_word' id='word_1_388' title='bbox 432 2866 552 2925; x_wconf 66' lang='lat' dir='ltr'><strong>hac</strong></span> <span class='ocrx_word' id='word_1_389' title='bbox 586 2870 684 2924; x_wconf 88' lang='lat' dir='ltr'><strong>abs</strong></span> <span class='ocrx_word' id='word_1_390' title='bbox 715 2885 773 2924; x_wconf 88' lang='lat' dir='ltr'><strong>re</strong></span> <span class='ocrx_word' id='word_1_391' title='bbox 800 2881 1109 2942; x_wconf 69' lang='lat' dir='ltr'><strong>praeterque</strong></span> <span class='ocrx_word' id='word_1_392' title='bbox 1138 2873 1476 2942; x_wconf 90' lang='lat' dir='ltr'><strong>propositum</strong></span> <span class='ocrx_word' id='word_1_393' title='bbox 1508 2874 1692 2929; x_wconf 87' lang='lat' dir='ltr'><strong>dicere</strong></span> <span class='ocrx_word' id='word_1_394' title='bbox 1721 2874 2038 2944; x_wconf 83' lang='lat' dir='ltr'><strong>Apostolum</strong></span> <span class='ocrx_word' id='word_1_395' title='bbox 2068 2879 2291 2933; x_wconf 80' lang='lat' dir='ltr'><strong>videbit.</strong></span> <span class='ocrx_word' id='word_1_396' title='bbox 2354 2878 2489 2932; x_wconf 86' lang='lat' dir='ltr'><strong>Nam</strong></span> <span class='ocrx_word' id='word_1_397' title='bbox 2524 2878 2797 2949; x_wconf 86' lang='lat' dir='ltr'><strong>quomodo</strong></span> <span class='ocrx_word' id='word_1_398' title='bbox 2825 2879 2891 2932; x_wconf 89' lang='lat' dir='ltr'><strong>de</strong></span> <span class='ocrx_word' id='word_1_399' title='bbox 2920 2878 3125 2948; x_wconf 89' lang='lat' dir='ltr'><strong>nuptiis</strong></span> <span class='ocrx_word' id='word_1_400' title='bbox 3154 2886 3203 2930; x_wconf 93' lang='lat' dir='ltr'><strong>et</strong></span> <span class='ocrx_word' id='word_1_401' title='bbox 3234 2876 3482 2930; x_wconf 86' lang='lat' dir='ltr'><strong>castitate</strong></span> <span class='ocrx_word' id='word_1_402' title='bbox 3514 2873 3709 2944; x_wconf 60' lang='lat' dir='ltr'><strong>praeci»</strong></span> 
     </span>
    </p>
   </div>
   <div class='ocr_carea' id='block_1_30' title="bbox 434 2965 3707 3044">
    <p class='ocr_par' dir='ltr' id='par_1_30' title="bbox 434 2965 3707 3044">
     <span class='ocr_line' id='line_1_30' title="bbox 434 2965 3707 3044; baseline 0.001 -27"><span class='ocrx_word' id='word_1_403' title='bbox 434 2965 590 3033; x_wconf 87' lang='lat' dir='ltr'><strong>piens</strong></span> <span class='ocrx_word' id='word_1_404' title='bbox 621 2981 725 3019; x_wconf 90' lang='lat' dir='ltr'><strong>non</strong></span> <span class='ocrx_word' id='word_1_405' title='bbox 774 2967 1023 3022; x_wconf 87' lang='lat' dir='ltr'><strong>videatur</strong></span> <span class='ocrx_word' id='word_1_406' title='bbox 1056 2968 1169 3021; x_wconf 62' lang='lat' dir='ltr'><strong>haec</strong></span> <span class='ocrx_word' id='word_1_407' title='bbox 1207 2978 1411 3023; x_wconf 89' lang='lat' dir='ltr'><strong>temere</strong></span> <span class='ocrx_word' id='word_1_408' title='bbox 1465 2969 1892 3038; x_wconf 87' lang='lat' dir='ltr'><strong>interposuisse?</strong></span> <span class='ocrx_word' id='word_1_409' title='bbox 1931 2972 2134 3026; x_wconf 88' lang='lat' dir='ltr'><strong>Deinde</strong></span> <span class='ocrx_word' id='word_1_410' title='bbox 2166 2974 2287 3043; x_wconf 88' lang='lat' dir='ltr'><strong>quis</strong></span> <span class='ocrx_word' id='word_1_411' title='bbox 2324 2989 2555 3044; x_wconf 84' lang='lat' dir='ltr'><strong>peccare</strong></span> <span class='ocrx_word' id='word_1_412' title='bbox 2588 2973 2737 3027; x_wconf 91' lang='lat' dir='ltr'><strong>illum</strong></span> <span class='ocrx_word' id='word_1_413' title='bbox 2769 2974 2992 3039; x_wconf 82' lang='lat' dir='ltr'><strong>dixerit,</strong></span> <span class='ocrx_word' id='word_1_414' title='bbox 3046 2973 3137 3041; x_wconf 91' lang='lat' dir='ltr'><strong>qui</strong></span> <span class='ocrx_word' id='word_1_415' title='bbox 3168 2971 3402 3027; x_wconf 77' lang='lat' dir='ltr'><strong>vitanda:</strong></span> <span class='ocrx_word' id='word_1_416' title='bbox 3430 2969 3707 3025; x_wconf 74' lang='lat' dir='ltr'><strong>obScceni-</strong></span> 
     </span>
    </p>
   </div>
   <div class='ocr_carea' id='block_1_31' title="bbox 435 3058 3699 3135">
    <p class='ocr_par' dir='ltr' id='par_1_31' title="bbox 435 3058 3699 3135">
     <span class='ocr_line' id='line_1_31' title="bbox 435 3058 3699 3135; baseline 0 -20"><span class='ocrx_word' id='word_1_417' title='bbox 435 3064 564 3116; x_wconf 90' lang='lat' dir='ltr'><strong>tatis</strong></span> <span class='ocrx_word' id='word_1_418' title='bbox 591 3075 949 3130; x_wconf 88' lang='lat' dir='ltr'><strong>causa,quam</strong></span> <span class='ocrx_word' id='word_1_419' title='bbox 988 3058 1179 3129; x_wconf 85' lang='lat' dir='ltr'><strong>vulgus</strong></span> <span class='ocrx_word' id='word_1_420' title='bbox 1210 3061 1620 3115; x_wconf 88' lang='lat' dir='ltr'><strong>circumcisioni</strong></span> <span class='ocrx_word' id='word_1_421' title='bbox 1668 3062 1853 3118; x_wconf 85' lang='lat' dir='ltr'><strong>inesse</strong></span> <span class='ocrx_word' id='word_1_422' title='bbox 1882 3073 2059 3132; x_wconf 89' lang='lat' dir='ltr'><strong>putat,</strong></span> <span class='ocrx_word' id='word_1_423' title='bbox 2100 3080 2383 3128; x_wconf 88' lang='lat' dir='ltr'><strong>revocare,</strong></span> <span class='ocrx_word' id='word_1_424' title='bbox 2416 3066 2461 3119; x_wconf 91' lang='lat' dir='ltr'><strong>si</strong></span> <span class='ocrx_word' id='word_1_425' title='bbox 2492 3065 2606 3119; x_wconf 83' lang='lat' dir='ltr'><strong>fieri</strong></span> <span class='ocrx_word' id='word_1_426' title='bbox 2636 3075 2837 3133; x_wconf 87' lang='lat' dir='ltr'><strong>potest,</strong></span> <span class='ocrx_word' id='word_1_427' title='bbox 2876 3064 3196 3135; x_wconf 61' lang='lat' dir='ltr'><strong>praeputium</strong></span> <span class='ocrx_word' id='word_1_428' title='bbox 3231 3074 3461 3119; x_wconf 83' lang='lat' dir='ltr'><strong>conatus</strong></span> <span class='ocrx_word' id='word_1_429' title='bbox 3494 3061 3699 3118; x_wconf 85' lang='lat' dir='ltr'><strong>fuerit?</strong></span> 
     </span>
    </p>
   </div>
   <div class='ocr_carea' id='block_1_32' title="bbox 432 3152 3704 3227">
    <p class='ocr_par' dir='ltr' id='par_1_32' title="bbox 432 3152 3704 3227">
     <span class='ocr_line' id='line_1_32' title="bbox 432 3152 3704 3227; baseline -0.001 -17"><span class='ocrx_word' id='word_1_430' title='bbox 432 3155 558 3211; x_wconf 65' lang='lat' dir='ltr'><strong>llaec</strong></span> <span class='ocrx_word' id='word_1_431' title='bbox 608 3154 791 3208; x_wconf 89' lang='lat' dir='ltr'><strong>omnia</strong></span> <span class='ocrx_word' id='word_1_432' title='bbox 840 3167 869 3205; x_wconf 89' lang='lat' dir='ltr'><strong>a</strong></span> <span class='ocrx_word' id='word_1_433' title='bbox 899 3152 1057 3217; x_wconf 76' lang='lat' dir='ltr'><strong>nobis</strong></span> <span class='ocrx_word' id='word_1_434' title='bbox 1107 3153 1249 3207; x_wconf 85' lang='lat' dir='ltr'><strong>dicta</strong></span> <span class='ocrx_word' id='word_1_435' title='bbox 1284 3162 1435 3216; x_wconf 88' lang='lat' dir='ltr'><strong>sunt,</strong></span> <span class='ocrx_word' id='word_1_436' title='bbox 1495 3160 1551 3207; x_wconf 92' lang='lat' dir='ltr'><strong>ut</strong></span> <span class='ocrx_word' id='word_1_437' title='bbox 1599 3155 1953 3209; x_wconf 86' lang='lat' dir='ltr'><strong>ostendamus</strong></span> <span class='ocrx_word' id='word_1_438' title='bbox 2002 3171 2107 3209; x_wconf 90' lang='lat' dir='ltr'><strong>non</strong></span> <span class='ocrx_word' id='word_1_439' title='bbox 2142 3171 2204 3211; x_wconf 89' lang='lat' dir='ltr'><strong>ea</strong></span> <span class='ocrx_word' id='word_1_440' title='bbox 2238 3157 2349 3211; x_wconf 91' lang='lat' dir='ltr'><strong>sola</strong></span> <span class='ocrx_word' id='word_1_441' title='bbox 2400 3171 2521 3227; x_wconf 69' lang='lat' dir='ltr'><strong>qua:</strong></span> <span class='ocrx_word' id='word_1_442' title='bbox 2548 3156 2724 3212; x_wconf 81' lang='lat' dir='ltr'><strong>littera</strong></span> <span class='ocrx_word' id='word_1_443' title='bbox 2765 3158 3006 3223; x_wconf 81' lang='lat' dir='ltr'><strong>exhibet,</strong></span> <span class='ocrx_word' id='word_1_444' title='bbox 3058 3156 3396 3225; x_wconf 90' lang='lat' dir='ltr'><strong>propositum</strong></span> <span class='ocrx_word' id='word_1_445' title='bbox 3434 3154 3603 3209; x_wconf 88' lang='lat' dir='ltr'><strong>fuisse</strong></span> <span class='ocrx_word' id='word_1_446' title='bbox 3648 3164 3704 3207; x_wconf 91' lang='lat' dir='ltr'><strong>et</strong></span> 
     </span>
    </p>
   </div>
   <div class='ocr_carea' id='block_1_33' title="bbox 428 3246 3705 3323">
    <p class='ocr_par' dir='ltr' id='par_1_33' title="bbox 428 3246 3705 3323">
     <span class='ocr_line' id='line_1_33' title="bbox 428 3246 3705 3323; baseline -0.002 -20"><span class='ocrx_word' id='word_1_447' title='bbox 428 3265 549 3319; x_wconf 76' lang='lat' dir='ltr'><strong>qua:</strong></span> <span class='ocrx_word' id='word_1_448' title='bbox 581 3263 767 3305; x_wconf 84' lang='lat' dir='ltr'><strong>sacras</strong></span> <span class='ocrx_word' id='word_1_449' title='bbox 795 3246 953 3302; x_wconf 84' lang='lat' dir='ltr'><strong>nobis</strong></span> <span class='ocrx_word' id='word_1_450' title='bbox 998 3246 1207 3301; x_wconf 85' lang='lat' dir='ltr'><strong>litteras</strong></span> <span class='ocrx_word' id='word_1_451' title='bbox 1253 3246 1423 3311; x_wconf 90' lang='lat' dir='ltr'><strong>dedit,</strong></span> <span class='ocrx_word' id='word_1_452' title='bbox 1456 3246 1654 3301; x_wconf 64' lang='lat' dir='ltr'><strong>divinae</strong></span> <span class='ocrx_word' id='word_1_453' title='bbox 1681 3248 1866 3302; x_wconf 90' lang='lat' dir='ltr'><strong>virtuti</strong></span> <span class='ocrx_word' id='word_1_454' title='bbox 1900 3250 2216 3319; x_wconf 84' lang='lat' dir='ltr'><strong>explicare:</strong></span> <span class='ocrx_word' id='word_1_455' title='bbox 2261 3251 2463 3323; x_wconf 90' lang='lat' dir='ltr'><strong>quippe</strong></span> <span class='ocrx_word' id='word_1_456' title='bbox 2507 3266 2627 3321; x_wconf 74' lang='lat' dir='ltr'><strong>qua:</strong></span> <span class='ocrx_word' id='word_1_457' title='bbox 2666 3251 2935 3306; x_wconf 90' lang='lat' dir='ltr'><strong>interdum</strong></span> <span class='ocrx_word' id='word_1_458' title='bbox 2992 3250 3287 3304; x_wconf 88' lang='lat' dir='ltr'><strong>secundum</strong></span> <span class='ocrx_word' id='word_1_459' title='bbox 3321 3248 3559 3301; x_wconf 84' lang='lat' dir='ltr'><strong>litteram</strong></span> <span class='ocrx_word' id='word_1_460' title='bbox 3605 3248 3705 3300; x_wconf 84' lang='lat' dir='ltr'><strong>mi-</strong></span> 
     </span>
    </p>
   </div>
   <div class='ocr_carea' id='block_1_34' title="bbox 433 3340 3704 3417">
    <p class='ocr_par' dir='ltr' id='par_1_34' title="bbox 433 3340 3704 3417">
     <span class='ocr_line' id='line_1_34' title="bbox 433 3340 3704 3417; baseline 0 -22"><span class='ocrx_word' id='word_1_461' title='bbox 433 3345 579 3397; x_wconf 88' lang='lat' dir='ltr'><strong>nime</strong></span> <span class='ocrx_word' id='word_1_462' title='bbox 630 3357 757 3397; x_wconf 83' lang='lat' dir='ltr'><strong>vera</strong></span> <span class='ocrx_word' id='word_1_463' title='bbox 790 3343 925 3404; x_wconf 91' lang='lat' dir='ltr'><strong>sint,</strong></span> <span class='ocrx_word' id='word_1_464' title='bbox 962 3341 1057 3396; x_wconf 88' lang='lat' dir='ltr'><strong>sed</strong></span> <span class='ocrx_word' id='word_1_465' title='bbox 1108 3351 1163 3395; x_wconf 90' lang='lat' dir='ltr'><strong>et</strong></span> <span class='ocrx_word' id='word_1_466' title='bbox 1192 3340 1429 3395; x_wconf 81' lang='lat' dir='ltr'><strong>absurda</strong></span> <span class='ocrx_word' id='word_1_467' title='bbox 1466 3349 1523 3395; x_wconf 91' lang='lat' dir='ltr'><strong>et</strong></span> <span class='ocrx_word' id='word_1_468' title='bbox 1554 3341 1951 3408; x_wconf 89' lang='lat' dir='ltr'><strong>impossibilia;</strong></span> <span class='ocrx_word' id='word_1_469' title='bbox 1990 3354 2100 3398; x_wconf 90' lang='lat' dir='ltr'><strong>tum</strong></span> <span class='ocrx_word' id='word_1_470' title='bbox 2151 3356 2356 3401; x_wconf 84' lang='lat' dir='ltr'><strong>attexta</strong></span> <span class='ocrx_word' id='word_1_471' title='bbox 2390 3363 2511 3403; x_wconf 88' lang='lat' dir='ltr'><strong>esse</strong></span> <span class='ocrx_word' id='word_1_472' title='bbox 2539 3346 2793 3401; x_wconf 87' lang='lat' dir='ltr'><strong>nonnulla</strong></span> <span class='ocrx_word' id='word_1_473' title='bbox 2841 3361 3021 3400; x_wconf 91' lang='lat' dir='ltr'><strong>rerum</strong></span> <span class='ocrx_word' id='word_1_474' title='bbox 3062 3358 3335 3417; x_wconf 74' lang='lat' dir='ltr'><strong>gestarum</strong></span> <span class='ocrx_word' id='word_1_475' title='bbox 3369 3344 3617 3398; x_wconf 83' lang='lat' dir='ltr'><strong>historiae</strong></span> <span class='ocrx_word' id='word_1_476' title='bbox 3651 3354 3704 3395; x_wconf 85' lang='lat' dir='ltr'><strong>ct</strong></span> 
     </span>
    </p>
   </div>
   <div class='ocr_carea' id='block_1_35' title="bbox 433 3429 2116 3501">
    <p class='ocr_par' dir='ltr' id='par_1_35' title="bbox 433 3429 2116 3501">
     <span class='ocr_line' id='line_1_35' title="bbox 433 3429 2116 3501; baseline 0.002 -18"><span class='ocrx_word' id='word_1_477' title='bbox 433 3430 506 3485; x_wconf 85' lang='lat' dir='ltr'><strong>iis</strong></span> <span class='ocrx_word' id='word_1_478' title='bbox 538 3430 747 3498; x_wconf 80' lang='lat' dir='ltr'><strong>legibus</strong></span> <span class='ocrx_word' id='word_1_479' title='bbox 773 3445 893 3497; x_wconf 76' lang='lat' dir='ltr'><strong>qua:</strong></span> <span class='ocrx_word' id='word_1_480' title='bbox 923 3430 1219 3484; x_wconf 89' lang='lat' dir='ltr'><strong>secundum</strong></span> <span class='ocrx_word' id='word_1_481' title='bbox 1257 3430 1493 3484; x_wconf 89' lang='lat' dir='ltr'><strong>litteram</strong></span> <span class='ocrx_word' id='word_1_482' title='bbox 1530 3429 1683 3482; x_wconf 90' lang='lat' dir='ltr'><strong>utilia</strong></span> <span class='ocrx_word' id='word_1_483' title='bbox 1720 3434 2062 3501; x_wconf 79' lang='lat' dir='ltr'><strong>praecipiunt.</strong></span> <span class='ocrx_word' id='word_1_484' title='bbox 2098 3454 2116 3486; x_wconf 75' lang='grc' dir='ltr'><strong><em>ι</em></strong></span> 
     </span>
    </p>
   </div>
   <div class='ocr_carea' id='block_1_36' title="bbox 435 3544 3704 3619">
    <p class='ocr_par' dir='ltr' id='par_1_36' title="bbox 435 3544 3704 3619">
     <span class='ocr_line' id='line_1_36' title="bbox 435 3544 3704 3619; baseline -0.001 -22"><span class='ocrx_word' id='word_1_485' title='bbox 435 3544 930 3619; x_wconf 14' lang='grc' dir='ltr'><strong>εἵηνυυῖῇονεηι</strong></span> <span class='ocrx_word' id='word_1_486' title='bbox 975 3545 1111 3619; x_wconf 81' lang='lat' dir='ltr'><strong>hanc</strong></span> <span class='ocrx_word' id='word_1_487' title='bbox 1143 3546 1437 3619; x_wconf 83' lang='lat' dir='ltr'><strong>doctrinam</strong></span> <span class='ocrx_word' id='word_1_488' title='bbox 1472 3546 1748 3619; x_wconf 76' lang='lat' dir='ltr'><strong>paululum</strong></span> <span class='ocrx_word' id='word_1_489' title='bbox 1778 3549 2001 3613; x_wconf 83' lang='lat' dir='ltr'><strong>emollit,</strong></span> <span class='ocrx_word' id='word_1_490' title='bbox 2048 3566 2204 3618; x_wconf 77' lang='lat' dir='ltr'><strong>seque</strong></span> <span class='ocrx_word' id='word_1_491' title='bbox 2244 3549 2493 3619; x_wconf 79' lang='lat' dir='ltr'><strong>adversus</strong></span> <span class='ocrx_word' id='word_1_492' title='bbox 2536 3564 2624 3601; x_wconf 87' lang='lat' dir='ltr'><strong>eos</strong></span> <span class='ocrx_word' id='word_1_493' title='bbox 2655 3548 2890 3616; x_wconf 77' lang='lat' dir='ltr'><strong>defendit</strong></span> <span class='ocrx_word' id='word_1_494' title='bbox 2925 3548 3014 3619; x_wconf 79' lang='lat' dir='ltr'><strong>qui</strong></span> <span class='ocrx_word' id='word_1_495' title='bbox 3064 3547 3232 3612; x_wconf 75' lang='lat' dir='ltr'><strong>ipsum</strong></span> <span class='ocrx_word' id='word_1_496' title='bbox 3280 3546 3603 3619; x_wconf 69' lang='lat' dir='ltr'><strong>pessumduti</strong></span> <span class='ocrx_word' id='word_1_497' title='bbox 3644 3546 3704 3619; x_wconf 77' lang='lat' dir='ltr'><strong>in</strong></span> 
     </span>
    </p>
   </div>
   <div class='ocr_carea' id='block_1_37' title="bbox 506 3614 3701 3681">
    <p class='ocr_par' dir='ltr' id='par_1_37' title="bbox 506 3614 3701 3681">
     <span class='ocr_line' id='line_1_37' title="bbox 506 3614 3701 3681; baseline -0.001 -13"><span class='ocrx_word' id='word_1_498' title='bbox 506 3615 802 3681; x_wconf 85' lang='lat' dir='ltr'><strong>Scripturis</strong></span> <span class='ocrx_word' id='word_1_499' title='bbox 838 3630 1017 3666; x_wconf 84' lang='lat' dir='ltr'><strong>sensus</strong></span> <span class='ocrx_word' id='word_1_500' title='bbox 1066 3614 1307 3666; x_wconf 75' lang='lat' dir='ltr'><strong>litterulis</strong></span> <span class='ocrx_word' id='word_1_501' title='bbox 1335 3615 1555 3668; x_wconf 81' lang='lat' dir='ltr'><strong>crimine</strong></span> <span class='ocrx_word' id='word_1_502' title='bbox 1614 3620 1954 3669; x_wconf 85' lang='lat' dir='ltr'><strong>accusabant.</strong></span> <span class='ocrx_word' id='word_1_503' title='bbox 2015 3614 2235 3671; x_wconf 72' lang='lat' dir='ltr'><strong>Sensum</strong></span> <span class='ocrx_word' id='word_1_504' title='bbox 2267 3618 2541 3670; x_wconf 84' lang='lat' dir='ltr'><strong>litteralem</strong></span> <span class='ocrx_word' id='word_1_505' title='bbox 2576 3619 2631 3669; x_wconf 87' lang='lat' dir='ltr'><strong>in</strong></span> <span class='ocrx_word' id='word_1_506' title='bbox 2670 3614 2901 3669; x_wconf 71' lang='lat' dir='ltr'><strong>maxima</strong></span> <span class='ocrx_word' id='word_1_507' title='bbox 2937 3614 3227 3677; x_wconf 70' lang='lat' dir='ltr'><strong>Scriptura:</strong></span> <span class='ocrx_word' id='word_1_508' title='bbox 3255 3628 3402 3681; x_wconf 81' lang='lat' dir='ltr'><strong>parte</strong></span> <span class='ocrx_word' id='word_1_509' title='bbox 3445 3615 3701 3678; x_wconf 78' lang='lat' dir='ltr'><strong>admittit,</strong></span> 
     </span>
    </p>
   </div>
   <div class='ocr_carea' id='block_1_38' title="bbox 502 3683 1428 3752">
    <p class='ocr_par' dir='ltr' id='par_1_38' title="bbox 502 3683 1428 3752">
     <span class='ocr_line' id='line_1_38' title="bbox 502 3683 1428 3752; baseline -0.002 -13"><span class='ocrx_word' id='word_1_510' title='bbox 502 3688 597 3740; x_wconf 85' lang='lat' dir='ltr'><strong>sed</strong></span> <span class='ocrx_word' id='word_1_511' title='bbox 635 3683 828 3752; x_wconf 83' lang='lat' dir='ltr'><strong>ubique</strong></span> <span class='ocrx_word' id='word_1_512' title='bbox 857 3683 1007 3736; x_wconf 85' lang='lat' dir='ltr'><strong>illum</strong></span> <span class='ocrx_word' id='word_1_513' title='bbox 1043 3700 1147 3737; x_wconf 89' lang='lat' dir='ltr'><strong>non</strong></span> <span class='ocrx_word' id='word_1_514' title='bbox 1172 3685 1428 3750; x_wconf 80' lang='lat' dir='ltr'><strong>agnoscit.</strong></span> 
     </span>
    </p>
   </div>
   <div class='ocr_carea' id='block_1_39' title="bbox 506 3797 3704 3884">
    <p class='ocr_par' dir='ltr' id='par_1_39' title="bbox 506 3797 3704 3884">
     <span class='ocr_line' id='line_1_39' title="bbox 506 3797 3704 3884; baseline 0.002 -31"><span class='ocrx_word' id='word_1_515' title='bbox 506 3820 527 3853; x_wconf 75' lang='grc' dir='ltr'>ι</span> <span class='ocrx_word' id='word_1_516' title='bbox 552 3800 629 3856; x_wconf 79' lang='lat' dir='ltr'><strong>Ne</strong></span> <span class='ocrx_word' id='word_1_517' title='bbox 657 3801 784 3871; x_wconf 83' lang='lat' dir='ltr'><strong>quis</strong></span> <span class='ocrx_word' id='word_1_518' title='bbox 812 3814 943 3854; x_wconf 84' lang='lat' dir='ltr'><strong>vero</strong></span> <span class='ocrx_word' id='word_1_519' title='bbox 973 3799 1175 3869; x_wconf 88' lang='lat' dir='ltr'><strong>(inquit</strong></span> <span class='ocrx_word' id='word_1_520' title='bbox 1205 3799 1307 3853; x_wconf 91' lang='lat' dir='ltr'><strong>lib.</strong></span> <span class='ocrx_word' id='word_1_521' title='bbox 1337 3815 1391 3853; x_wconf 88' lang='lat' dir='ltr'><strong>tv</strong></span> <span class='ocrx_word' id='word_1_522' title='bbox 1418 3799 1496 3854; x_wconf 88' lang='lat' dir='ltr'><strong>De</strong></span> <span class='ocrx_word' id='word_1_523' title='bbox 1518 3801 1816 3871; x_wconf 75' lang='lat' dir='ltr'><strong>principiis,</strong></span> <span class='ocrx_word' id='word_1_524' title='bbox 1856 3814 2007 3853; x_wconf 91' lang='lat' dir='ltr'><strong>num.</strong></span> <span class='ocrx_word' id='word_1_525' title='bbox 2040 3799 2130 3870; x_wconf 84' lang='grc'><strong>19)</strong></span> <span class='ocrx_word' id='word_1_526' title='bbox 2165 3814 2266 3853; x_wconf 89' lang='lat' dir='ltr'><strong>nos</strong></span> <span class='ocrx_word' id='word_1_527' title='bbox 2298 3800 2607 3867; x_wconf 87' lang='lat' dir='ltr'><strong>suspicetur</strong></span> <span class='ocrx_word' id='word_1_528' title='bbox 2637 3798 2687 3851; x_wconf 94' lang='lat' dir='ltr'><strong>in</strong></span> <span class='ocrx_word' id='word_1_529' title='bbox 2737 3797 2994 3853; x_wconf 88' lang='lat' dir='ltr'><strong>onmibus</strong></span> <span class='ocrx_word' id='word_1_530' title='bbox 3046 3799 3100 3855; x_wconf 90' lang='lat' dir='ltr'><strong>id</strong></span> <span class='ocrx_word' id='word_1_531' title='bbox 3132 3800 3338 3867; x_wconf 89' lang='lat' dir='ltr'><strong>dicere,</strong></span> <span class='ocrx_word' id='word_1_532' title='bbox 3385 3801 3584 3857; x_wconf 90' lang='lat' dir='ltr'><strong>nullam</strong></span> <span class='ocrx_word' id='word_1_533' title='bbox 3612 3805 3704 3884; x_wconf 66' lang='lat' dir='ltr'><strong>lti-</strong></span> 
     </span>
    </p>
   </div>
   <div class='ocr_carea' id='block_1_40' title="bbox 429 3892 3702 3969">
    <p class='ocr_par' dir='ltr' id='par_1_40' title="bbox 429 3892 3702 3969">
     <span class='ocr_line' id='line_1_40' title="bbox 429 3892 3702 3969; baseline 0 -15"><span class='ocrx_word' id='word_1_534' title='bbox 429 3897 658 3955; x_wconf 87' lang='lat' dir='ltr'><strong>storiam</strong></span> <span class='ocrx_word' id='word_1_535' title='bbox 693 3894 1011 3964; x_wconf 79' lang='lat' dir='ltr'><strong>contigisse,</strong></span> <span class='ocrx_word' id='word_1_536' title='bbox 1046 3895 1300 3963; x_wconf 88' lang='lat' dir='ltr'><strong>quoniam</strong></span> <span class='ocrx_word' id='word_1_537' title='bbox 1329 3894 1511 3963; x_wconf 89' lang='lat' dir='ltr'><strong>aliqua</strong></span> <span class='ocrx_word' id='word_1_538' title='bbox 1550 3910 1657 3948; x_wconf 90' lang='lat' dir='ltr'><strong>non</strong></span> <span class='ocrx_word' id='word_1_539' title='bbox 1689 3895 1952 3965; x_wconf 84' lang='lat' dir='ltr'><strong>contigit,</strong></span> <span class='ocrx_word' id='word_1_540' title='bbox 2015 3904 2071 3948; x_wconf 93' lang='lat' dir='ltr'><strong>et</strong></span> <span class='ocrx_word' id='word_1_541' title='bbox 2099 3893 2301 3948; x_wconf 90' lang='lat' dir='ltr'><strong>nullam</strong></span> <span class='ocrx_word' id='word_1_542' title='bbox 2332 3892 2505 3961; x_wconf 83' lang='lat' dir='ltr'><strong>legem</strong></span> <span class='ocrx_word' id='word_1_543' title='bbox 2532 3893 2600 3947; x_wconf 90' lang='lat' dir='ltr'><strong>ad</strong></span> <span class='ocrx_word' id='word_1_544' title='bbox 2645 3894 2883 3949; x_wconf 89' lang='lat' dir='ltr'><strong>litteram</strong></span> <span class='ocrx_word' id='word_1_545' title='bbox 2915 3910 3036 3950; x_wconf 90' lang='lat' dir='ltr'><strong>esse</strong></span> <span class='ocrx_word' id='word_1_546' title='bbox 3062 3897 3413 3964; x_wconf 78' lang='lat' dir='ltr'><strong>servandam,</strong></span> <span class='ocrx_word' id='word_1_547' title='bbox 3445 3904 3702 3969; x_wconf 90' lang='lat' dir='ltr'><strong>quoniam</strong></span> 
     </span>
    </p>
   </div>
   <div class='ocr_carea' id='block_1_41' title="bbox 430 3985 3704 4061">
    <p class='ocr_par' dir='ltr' id='par_1_41' title="bbox 430 3985 3704 4061">
     <span class='ocr_line' id='line_1_41' title="bbox 430 3985 3704 4061; baseline 0.001 -17"><span class='ocrx_word' id='word_1_548' title='bbox 430 3991 612 4061; x_wconf 89' lang='lat' dir='ltr'><strong>aliqua</strong></span> <span class='ocrx_word' id='word_1_549' title='bbox 637 3986 936 4043; x_wconf 88' lang='lat' dir='ltr'><strong>secundum</strong></span> <span class='ocrx_word' id='word_1_550' title='bbox 985 3986 1223 4041; x_wconf 90' lang='lat' dir='ltr'><strong>litteram</strong></span> <span class='ocrx_word' id='word_1_551' title='bbox 1256 3995 1351 4039; x_wconf 90' lang='lat' dir='ltr'><strong>aut</strong></span> <span class='ocrx_word' id='word_1_552' title='bbox 1380 3988 1619 4041; x_wconf 89' lang='lat' dir='ltr'><strong>absurda</strong></span> <span class='ocrx_word' id='word_1_553' title='bbox 1671 3996 1765 4040; x_wconf 85' lang='lat' dir='ltr'><strong>aut</strong></span> <span class='ocrx_word' id='word_1_554' title='bbox 1801 3986 2162 4057; x_wconf 88' lang='lat' dir='ltr'><strong>impossibilia</strong></span> <span class='ocrx_word' id='word_1_555' title='bbox 2193 3986 2470 4055; x_wconf 70' lang='lat' dir='ltr'><strong>praecipit;</strong></span> <span class='ocrx_word' id='word_1_556' title='bbox 2528 3985 2609 4041; x_wconf 90' lang='lat' dir='ltr'><strong>vel</strong></span> <span class='ocrx_word' id='word_1_557' title='bbox 2641 4000 2763 4055; x_wconf 66' lang='lat' dir='ltr'><strong>quae</strong></span> <span class='ocrx_word' id='word_1_558' title='bbox 2791 3987 2855 4041; x_wconf 92' lang='lat' dir='ltr'><strong>de</strong></span> <span class='ocrx_word' id='word_1_559' title='bbox 2885 3988 3170 4043; x_wconf 83' lang='lat' dir='ltr'><strong>Salvatore</strong></span> <span class='ocrx_word' id='word_1_560' title='bbox 3202 3991 3402 4061; x_wconf 89' lang='lat' dir='ltr'><strong>scripta</strong></span> <span class='ocrx_word' id='word_1_561' title='bbox 3434 4003 3582 4058; x_wconf 89' lang='lat' dir='ltr'><strong>sunt,</strong></span> <span class='ocrx_word' id='word_1_562' title='bbox 3616 4008 3704 4048; x_wconf 90' lang='lat' dir='ltr'><strong>se-</strong></span> 
     </span>
    </p>
   </div>
   <div class='ocr_carea' id='block_1_42' title="bbox 430 4080 3700 4154">
    <p class='ocr_par' dir='ltr' id='par_1_42' title="bbox 430 4080 3700 4154">
     <span class='ocr_line' id='line_1_42' title="bbox 430 4080 3700 4154; baseline 0.001 -15"><span class='ocrx_word' id='word_1_563' title='bbox 430 4082 668 4139; x_wconf 90' lang='lat' dir='ltr'><strong>cundum</strong></span> <span class='ocrx_word' id='word_1_564' title='bbox 714 4081 1003 4137; x_wconf 87' lang='lat' dir='ltr'><strong>litteralem</strong></span> <span class='ocrx_word' id='word_1_565' title='bbox 1033 4096 1254 4136; x_wconf 89' lang='lat' dir='ltr'><strong>sensum</strong></span> <span class='ocrx_word' id='word_1_566' title='bbox 1303 4097 1410 4135; x_wconf 90' lang='lat' dir='ltr'><strong>non</strong></span> <span class='ocrx_word' id='word_1_567' title='bbox 1444 4097 1565 4138; x_wconf 89' lang='lat' dir='ltr'><strong>esse</strong></span> <span class='ocrx_word' id='word_1_568' title='bbox 1592 4097 1755 4143; x_wconf 86' lang='lat' dir='ltr'><strong>vera;</strong></span> <span class='ocrx_word' id='word_1_569' title='bbox 1802 4091 1900 4134; x_wconf 90' lang='lat' dir='ltr'><strong>aut</strong></span> <span class='ocrx_word' id='word_1_570' title='bbox 1933 4081 2137 4135; x_wconf 89' lang='lat' dir='ltr'><strong>nullam</strong></span> <span class='ocrx_word' id='word_1_571' title='bbox 2172 4080 2343 4149; x_wconf 89' lang='lat' dir='ltr'><strong>ipsius</strong></span> <span class='ocrx_word' id='word_1_572' title='bbox 2372 4081 2543 4149; x_wconf 81' lang='lat' dir='ltr'><strong>legem</strong></span> <span class='ocrx_word' id='word_1_573' title='bbox 2576 4090 2631 4134; x_wconf 92' lang='lat' dir='ltr'><strong>et</strong></span> <span class='ocrx_word' id='word_1_574' title='bbox 2662 4091 2989 4150; x_wconf 75' lang='lat' dir='ltr'><strong>praeceptum</strong></span> <span class='ocrx_word' id='word_1_575' title='bbox 3017 4085 3225 4138; x_wconf 85' lang='lat' dir='ltr'><strong>servari</strong></span> <span class='ocrx_word' id='word_1_576' title='bbox 3259 4096 3535 4154; x_wconf 79' lang='lat' dir='ltr'><strong>Oportere,</strong></span> <span class='ocrx_word' id='word_1_577' title='bbox 3564 4090 3700 4141; x_wconf 80' lang='lat' dir='ltr'><strong>dit-i-</strong></span> 
     </span>
    </p>
   </div>
   <div class='ocr_carea' id='block_1_43' title="bbox 429 4172 3701 4245">
    <p class='ocr_par' dir='ltr' id='par_1_43' title="bbox 429 4172 3701 4245">
     <span class='ocr_line' id='line_1_43' title="bbox 429 4172 3701 4245; baseline 0 -14"><span class='ocrx_word' id='word_1_578' title='bbox 429 4193 551 4232; x_wconf 88' lang='lat' dir='ltr'><strong>mus</strong></span> <span class='ocrx_word' id='word_1_579' title='bbox 600 4174 889 4230; x_wconf 85' lang='lat' dir='ltr'><strong>manifeste</strong></span> <span class='ocrx_word' id='word_1_580' title='bbox 927 4175 979 4228; x_wconf 91' lang='lat' dir='ltr'><strong>in</strong></span> <span class='ocrx_word' id='word_1_581' title='bbox 1008 4173 1331 4245; x_wconf 87' lang='lat' dir='ltr'><strong>quibusdam</strong></span> <span class='ocrx_word' id='word_1_582' title='bbox 1362 4176 1601 4231; x_wconf 66' lang='lat' dir='ltr'><strong>historiae</strong></span> <span class='ocrx_word' id='word_1_583' title='bbox 1634 4175 1921 4229; x_wconf 88' lang='lat' dir='ltr'><strong>veritatem</strong></span> <span class='ocrx_word' id='word_1_584' title='bbox 1955 4175 2114 4229; x_wconf 93' lang='lat' dir='ltr'><strong>nobis</strong></span> <span class='ocrx_word' id='word_1_585' title='bbox 2141 4188 2405 4243; x_wconf 73' lang='lat' dir='ltr'><strong>apparere</strong></span> <span class='ocrx_word' id='word_1_586' title='bbox 2448 4191 2461 4226; x_wconf 92' lang='lat'>:</span> <span class='ocrx_word' id='word_1_587' title='bbox 2503 4172 2653 4227; x_wconf 87' lang='lat' dir='ltr'><strong>verbi</strong></span> <span class='ocrx_word' id='word_1_588' title='bbox 2690 4173 2887 4243; x_wconf 86' lang='lat' dir='ltr'><strong>gratia,</strong></span> <span class='ocrx_word' id='word_1_589' title='bbox 2918 4173 3215 4241; x_wconf 82' lang='lat' dir='ltr'><strong>Abraham,</strong></span> <span class='ocrx_word' id='word_1_590' title='bbox 3259 4177 3412 4234; x_wconf 87' lang='lat' dir='ltr'><strong>Isaac</strong></span> <span class='ocrx_word' id='word_1_591' title='bbox 3442 4188 3496 4233; x_wconf 91' lang='lat' dir='ltr'><strong>et</strong></span> <span class='ocrx_word' id='word_1_592' title='bbox 3527 4178 3701 4236; x_wconf 87' lang='lat' dir='ltr'><strong>Jacoh</strong></span> 
     </span>
    </p>
   </div>
   <div class='ocr_carea' id='block_1_44' title="bbox 430 4263 3702 4340">
    <p class='ocr_par' dir='ltr' id='par_1_44' title="bbox 430 4263 3702 4340">
     <span class='ocr_line' id='line_1_44' title="bbox 430 4263 3702 4340; baseline 0.001 -18"><span class='ocrx_word' id='word_1_593' title='bbox 430 4284 553 4322; x_wconf 90' lang='lat' dir='ltr'><strong>cum</strong></span> <span class='ocrx_word' id='word_1_594' title='bbox 586 4283 693 4321; x_wconf 91' lang='lat' dir='ltr'><strong>una</strong></span> <span class='ocrx_word' id='word_1_595' title='bbox 723 4282 819 4321; x_wconf 87' lang='lat' dir='ltr'><strong>sua</strong></span> <span class='ocrx_word' id='word_1_596' title='bbox 850 4281 1288 4337; x_wconf 89' lang='lat' dir='ltr'><strong>unumquemque</strong></span> <span class='ocrx_word' id='word_1_597' title='bbox 1317 4282 1492 4322; x_wconf 81' lang='lat' dir='ltr'><strong>uxore</strong></span> <span class='ocrx_word' id='word_1_598' title='bbox 1520 4267 1574 4320; x_wconf 90' lang='lat' dir='ltr'><strong>in</strong></span> <span class='ocrx_word' id='word_1_599' title='bbox 1606 4266 1805 4335; x_wconf 91' lang='lat' dir='ltr'><strong>duplici</strong></span> <span class='ocrx_word' id='word_1_600' title='bbox 1839 4265 2094 4334; x_wconf 82' lang='lat' dir='ltr'><strong>spelunca</strong></span> <span class='ocrx_word' id='word_1_601' title='bbox 2130 4265 2372 4334; x_wconf 85' lang='lat' dir='ltr'><strong>sepultos</strong></span> <span class='ocrx_word' id='word_1_602' title='bbox 2398 4279 2523 4319; x_wconf 88' lang='lat' dir='ltr'><strong>esse</strong></span> <span class='ocrx_word' id='word_1_603' title='bbox 2572 4265 2624 4318; x_wconf 94' lang='lat' dir='ltr'><strong>in</strong></span> <span class='ocrx_word' id='word_1_604' title='bbox 2661 4263 2934 4331; x_wconf 88' lang='lat' dir='ltr'><strong>Hebrom;</strong></span> <span class='ocrx_word' id='word_1_605' title='bbox 2970 4266 3188 4321; x_wconf 90' lang='lat' dir='ltr'><strong>Sichem</strong></span> <span class='ocrx_word' id='word_1_606' title='bbox 3218 4265 3457 4338; x_wconf 91' lang='lat' dir='ltr'><strong>Josepho</strong></span> <span class='ocrx_word' id='word_1_607' title='bbox 3491 4271 3543 4324; x_wconf 92' lang='lat' dir='ltr'><strong>in</strong></span> <span class='ocrx_word' id='word_1_608' title='bbox 3575 4288 3702 4340; x_wconf 88' lang='lat' dir='ltr'><strong>por-</strong></span> 
     </span>
    </p>
   </div>
   <div class='ocr_carea' id='block_1_45' title="bbox 432 4358 3698 4441">
    <p class='ocr_par' dir='ltr' id='par_1_45' title="bbox 432 4358 3698 4441">
     <span class='ocr_line' id='line_1_45' title="bbox 432 4358 3698 4441; baseline 0.003 -27"><span class='ocrx_word' id='word_1_609' title='bbox 432 4363 631 4416; x_wconf 90' lang='lat' dir='ltr'><strong>tionem</strong></span> <span class='ocrx_word' id='word_1_610' title='bbox 662 4377 783 4416; x_wconf 88' lang='lat' dir='ltr'><strong>esse</strong></span> <span class='ocrx_word' id='word_1_611' title='bbox 814 4362 1166 4424; x_wconf 85' lang='lat' dir='ltr'><strong>attributam;</strong></span> <span class='ocrx_word' id='word_1_612' title='bbox 1202 4360 1501 4416; x_wconf 77' lang='lat' dir='ltr'><strong>Jerusalem</strong></span> <span class='ocrx_word' id='word_1_613' title='bbox 1541 4361 1888 4430; x_wconf 90' lang='lat' dir='ltr'><strong>metropolim</strong></span> <span class='ocrx_word' id='word_1_614' title='bbox 1922 4370 2043 4415; x_wconf 82' lang='lat' dir='ltr'><strong>esse</strong></span> <span class='ocrx_word' id='word_1_615' title='bbox 2073 4358 2293 4441; x_wconf 72' lang='lat' dir='ltr'><strong>Judtete,</strong></span> <span class='ocrx_word' id='word_1_616' title='bbox 2323 4361 2374 4414; x_wconf 93' lang='lat' dir='ltr'><strong>in</strong></span> <span class='ocrx_word' id='word_1_617' title='bbox 2419 4375 2523 4428; x_wconf 90' lang='lat' dir='ltr'><strong>qua</strong></span> <span class='ocrx_word' id='word_1_618' title='bbox 2556 4375 2586 4413; x_wconf 86' lang='lat' dir='ltr'><strong>a</strong></span> <span class='ocrx_word' id='word_1_619' title='bbox 2616 4358 2906 4415; x_wconf 89' lang='lat' dir='ltr'><strong>Salomone</strong></span> <span class='ocrx_word' id='word_1_620' title='bbox 2951 4363 3275 4417; x_wconf 77' lang='lat' dir='ltr'><strong>aedificatum</strong></span> <span class='ocrx_word' id='word_1_621' title='bbox 3310 4366 3412 4420; x_wconf 89' lang='lat' dir='ltr'><strong>fuit</strong></span> <span class='ocrx_word' id='word_1_622' title='bbox 3442 4370 3698 4438; x_wconf 86' lang='lat' dir='ltr'><strong>templum</strong></span> 
     </span>
    </p>
   </div>
   <div class='ocr_carea' id='block_1_46' title="bbox 430 4454 3696 4532">
    <p class='ocr_par' dir='ltr' id='par_1_46' title="bbox 430 4454 3696 4532">
     <span class='ocr_line' id='line_1_46' title="bbox 430 4454 3696 4532; baseline 0.003 -24"><span class='ocrx_word' id='word_1_623' title='bbox 430 4454 547 4519; x_wconf 88' lang='lat' dir='ltr'><strong>Dei,</strong></span> <span class='ocrx_word' id='word_1_624' title='bbox 588 4464 645 4510; x_wconf 91' lang='lat' dir='ltr'><strong>et</strong></span> <span class='ocrx_word' id='word_1_625' title='bbox 691 4455 797 4509; x_wconf 84' lang='lat' dir='ltr'><strong>alia</strong></span> <span class='ocrx_word' id='word_1_626' title='bbox 853 4467 1133 4511; x_wconf 82' lang='lat' dir='ltr'><strong>sexcenta.</strong></span> <span class='ocrx_word' id='word_1_627' title='bbox 1193 4456 1359 4512; x_wconf 82' lang='lat' dir='ltr'><strong>Multo</strong></span> <span class='ocrx_word' id='word_1_628' title='bbox 1402 4458 1549 4512; x_wconf 91' lang='lat' dir='ltr'><strong>enim</strong></span> <span class='ocrx_word' id='word_1_629' title='bbox 1597 4457 1745 4526; x_wconf 88' lang='lat' dir='ltr'><strong>plura</strong></span> <span class='ocrx_word' id='word_1_630' title='bbox 1800 4466 1927 4511; x_wconf 92' lang='lat' dir='ltr'><strong>sunt</strong></span> <span class='ocrx_word' id='word_1_631' title='bbox 1976 4459 2273 4511; x_wconf 85' lang='lat' dir='ltr'><strong>secundum</strong></span> <span class='ocrx_word' id='word_1_632' title='bbox 2329 4456 2612 4510; x_wconf 90' lang='lat' dir='ltr'><strong>historiam</strong></span> <span class='ocrx_word' id='word_1_633' title='bbox 2647 4471 2800 4522; x_wconf 84' lang='lat' dir='ltr'><strong>vera,</strong></span> <span class='ocrx_word' id='word_1_634' title='bbox 2841 4473 3002 4525; x_wconf 81' lang='lat' dir='ltr'><strong>quam</strong></span> <span class='ocrx_word' id='word_1_635' title='bbox 3040 4475 3163 4528; x_wconf 69' lang='lat' dir='ltr'><strong>qua:</strong></span> <span class='ocrx_word' id='word_1_636' title='bbox 3198 4476 3344 4515; x_wconf 89' lang='lat' dir='ltr'><strong>mere</strong></span> <span class='ocrx_word' id='word_1_637' title='bbox 3388 4464 3696 4532; x_wconf 85' lang='lat' dir='ltr'><strong>spiritualia</strong></span> 
     </span>
    </p>
   </div>
   <div class='ocr_carea' id='block_1_47' title="bbox 431 4549 3693 4622">
    <p class='ocr_par' dir='ltr' id='par_1_47' title="bbox 431 4549 3693 4622">
     <span class='ocr_line' id='line_1_47' title="bbox 431 4549 3693 4622; baseline 0.002 -17"><span class='ocrx_word' id='word_1_638' title='bbox 431 4552 538 4606; x_wconf 86' lang='lat' dir='ltr'><strong>illis</strong></span> <span class='ocrx_word' id='word_1_639' title='bbox 570 4560 777 4607; x_wconf 79' lang='lat' dir='ltr'><strong>attexta</strong></span> <span class='ocrx_word' id='word_1_640' title='bbox 812 4560 963 4606; x_wconf 89' lang='lat' dir='ltr'><strong>sunt.</strong></span> <span class='ocrx_word' id='word_1_641' title='bbox 1013 4551 1245 4605; x_wconf 78' lang='lat' dir='ltr'><strong>Rursum</strong></span> <span class='ocrx_word' id='word_1_642' title='bbox 1294 4552 1418 4619; x_wconf 91' lang='lat' dir='ltr'><strong>quis</strong></span> <span class='ocrx_word' id='word_1_643' title='bbox 1458 4553 1675 4607; x_wconf 88' lang='lat' dir='ltr'><strong>inlicias</strong></span> <span class='ocrx_word' id='word_1_644' title='bbox 1726 4554 1848 4606; x_wconf 91' lang='lat' dir='ltr'><strong>ierit</strong></span> <span class='ocrx_word' id='word_1_645' title='bbox 1884 4552 2197 4605; x_wconf 86' lang='lat' dir='ltr'><strong>mandatum</strong></span> <span class='ocrx_word' id='word_1_646' title='bbox 2248 4551 2349 4606; x_wconf 89' lang='lat' dir='ltr'><strong>hoc</strong></span> <span class='ocrx_word' id='word_1_647' title='bbox 2392 4566 2405 4602; x_wconf 91' lang='lat'><strong>:</strong></span> <span class='ocrx_word' id='word_1_648' title='bbox 2453 4549 2675 4606; x_wconf 84' lang='lat' dir='ltr'><strong>Honora</strong></span> <span class='ocrx_word' id='word_1_649' title='bbox 2711 4561 2908 4619; x_wconf 84' lang='lat' dir='ltr'><strong>patrem</strong></span> <span class='ocrx_word' id='word_1_650' title='bbox 2940 4561 3086 4607; x_wconf 81' lang='lat' dir='ltr'><strong>tuum</strong></span> <span class='ocrx_word' id='word_1_651' title='bbox 3118 4563 3167 4609; x_wconf 81' lang='lat' dir='ltr'><strong>et</strong></span> <span class='ocrx_word' id='word_1_652' title='bbox 3194 4565 3411 4610; x_wconf 86' lang='lat' dir='ltr'><strong>matrem</strong></span> <span class='ocrx_word' id='word_1_653' title='bbox 3438 4568 3606 4622; x_wconf 86' lang='lat' dir='ltr'><strong>tuam,</strong></span> <span class='ocrx_word' id='word_1_654' title='bbox 3636 4571 3693 4614; x_wconf 88' lang='lat' dir='ltr'><strong>ut</strong></span> 
     </span>
    </p>
   </div>
   <div class='ocr_carea' id='block_1_48' title="bbox 434 4646 3691 4718">
    <p class='ocr_par' dir='ltr' id='par_1_48' title="bbox 434 4646 3691 4718">
     <span class='ocr_line' id='line_1_48' title="bbox 434 4646 3691 4718; baseline 0.003 -21"><span class='ocrx_word' id='word_1_655' title='bbox 434 4646 558 4699; x_wconf 81' lang='lat' dir='ltr'><strong>bene</strong></span> <span class='ocrx_word' id='word_1_656' title='bbox 592 4647 658 4699; x_wconf 86' lang='lat' dir='ltr'><strong>sit</strong></span> <span class='ocrx_word' id='word_1_657' title='bbox 685 4647 779 4699; x_wconf 85' lang='lat' dir='ltr'><strong>tibi</strong></span> <span class='ocrx_word' id='word_1_658' title='bbox 800 4647 871 4712; x_wconf 79' lang='lat'><strong>&quot;,</strong></span> <span class='ocrx_word' id='word_1_659' title='bbox 899 4649 1063 4701; x_wconf 89' lang='lat' dir='ltr'><strong>etiam</strong></span> <span class='ocrx_word' id='word_1_660' title='bbox 1093 4648 1211 4702; x_wconf 91' lang='lat' dir='ltr'><strong>sine</strong></span> <span class='ocrx_word' id='word_1_661' title='bbox 1238 4647 1429 4703; x_wconf 89' lang='lat' dir='ltr'><strong>altiore</strong></span> <span class='ocrx_word' id='word_1_662' title='bbox 1460 4647 1813 4718; x_wconf 78' lang='lat' dir='ltr'><strong>intelligentia</strong></span> <span class='ocrx_word' id='word_1_663' title='bbox 1844 4648 1976 4702; x_wconf 91' lang='lat' dir='ltr'><strong>utile</strong></span> <span class='ocrx_word' id='word_1_664' title='bbox 2002 4663 2123 4702; x_wconf 87' lang='lat' dir='ltr'><strong>esse</strong></span> <span class='ocrx_word' id='word_1_665' title='bbox 2150 4663 2214 4703; x_wconf 89' lang='lat' dir='ltr'><strong>ac</strong></span> <span class='ocrx_word' id='word_1_666' title='bbox 2250 4647 2597 4714; x_wconf 84' lang='lat' dir='ltr'><strong>servandum,</strong></span> <span class='ocrx_word' id='word_1_667' title='bbox 2637 4648 2875 4701; x_wconf 82' lang='lat' dir='ltr'><strong>maxime</strong></span> <span class='ocrx_word' id='word_1_668' title='bbox 2902 4663 3021 4702; x_wconf 89' lang='lat' dir='ltr'><strong>cmn</strong></span> <span class='ocrx_word' id='word_1_669' title='bbox 3052 4649 3252 4705; x_wconf 72' lang='lat' dir='ltr'><strong>Paulus</strong></span> <span class='ocrx_word' id='word_1_670' title='bbox 3283 4651 3475 4706; x_wconf 86' lang='lat' dir='ltr'><strong>iisdem</strong></span> <span class='ocrx_word' id='word_1_671' title='bbox 3506 4655 3691 4707; x_wconf 87' lang='lat' dir='ltr'><strong>verbis</strong></span> 
     </span>
    </p>
   </div>
   <div class='ocr_carea' id='block_1_49' title="bbox 434 4738 3695 4815">
    <p class='ocr_par' dir='ltr' id='par_1_49' title="bbox 434 4738 3695 4815">
     <span class='ocr_line' id='line_1_49' title="bbox 434 4738 3695 4815; baseline 0.003 -24"><span class='ocrx_word' id='word_1_672' title='bbox 434 4738 562 4792; x_wconf 86' lang='lat' dir='ltr'><strong>illud</strong></span> <span class='ocrx_word' id='word_1_673' title='bbox 596 4741 1033 4796; x_wconf 84' lang='lat' dir='ltr'><strong>commendarit?</strong></span> <span class='ocrx_word' id='word_1_674' title='bbox 1070 4742 1207 4809; x_wconf 84' lang='lat' dir='ltr'><strong>Quid</strong></span> <span class='ocrx_word' id='word_1_675' title='bbox 1239 4744 1433 4797; x_wconf 86' lang='lat' dir='ltr'><strong>attinet</strong></span> <span class='ocrx_word' id='word_1_676' title='bbox 1464 4744 1652 4799; x_wconf 88' lang='lat' dir='ltr'><strong>dicere</strong></span> <span class='ocrx_word' id='word_1_677' title='bbox 1680 4745 1747 4799; x_wconf 88' lang='lat' dir='ltr'><strong>de</strong></span> <span class='ocrx_word' id='word_1_678' title='bbox 1776 4744 1988 4798; x_wconf 61' lang='lat' dir='ltr'><strong>caeteris</strong></span> <span class='ocrx_word' id='word_1_679' title='bbox 2014 4756 2030 4795; x_wconf 88' lang='lat'><strong>:</strong></span> <span class='ocrx_word' id='word_1_680' title='bbox 2060 4741 2184 4796; x_wconf 87' lang='lat' dir='ltr'><strong>Non</strong></span> <span class='ocrx_word' id='word_1_681' title='bbox 2213 4742 2572 4808; x_wconf 73' lang='lat' dir='ltr'><strong>mare/iuberis,</strong></span> <span class='ocrx_word' id='word_1_682' title='bbox 2616 4759 2719 4796; x_wconf 88' lang='lat' dir='ltr'><strong>non</strong></span> <span class='ocrx_word' id='word_1_683' title='bbox 2750 4744 2977 4807; x_wconf 80' lang='lat' dir='ltr'><strong>occides,</strong></span> <span class='ocrx_word' id='word_1_684' title='bbox 3013 4761 3114 4798; x_wconf 85' lang='lat' dir='ltr'><strong>non</strong></span> <span class='ocrx_word' id='word_1_685' title='bbox 3144 4746 3346 4813; x_wconf 77' lang='lat' dir='ltr'><strong>furtum</strong></span> <span class='ocrx_word' id='word_1_686' title='bbox 3378 4746 3562 4815; x_wconf 78' lang='lat' dir='ltr'><strong>facies,</strong></span> <span class='ocrx_word' id='word_1_687' title='bbox 3594 4765 3695 4801; x_wconf 88' lang='lat' dir='ltr'><strong>non</strong></span> 
     </span>
    </p>
   </div>
   <div class='ocr_carea' id='block_1_50' title="bbox 428 4834 3693 4909">
    <p class='ocr_par' dir='ltr' id='par_1_50' title="bbox 428 4834 3693 4909">
     <span class='ocr_line' id='line_1_50' title="bbox 428 4834 3693 4909; baseline 0.002 -24"><span class='ocrx_word' id='word_1_688' title='bbox 428 4834 569 4888; x_wconf 83' lang='lat' dir='ltr'><strong>dices</strong></span> <span class='ocrx_word' id='word_1_689' title='bbox 604 4834 799 4905; x_wconf 84' lang='lat' dir='ltr'><strong>falsum</strong></span> <span class='ocrx_word' id='word_1_690' title='bbox 831 4838 1184 4897; x_wconf 86' lang='lat' dir='ltr'><strong>testimonium</strong></span> <span class='ocrx_word' id='word_1_691' title='bbox 1216 4839 1300 4891; x_wconf 70' lang='grc' dir='ltr'><strong>ὀἳ</strong></span> <span class='ocrx_word' id='word_1_692' title='bbox 1346 4841 1556 4893; x_wconf 79' lang='lat' dir='ltr'><strong>Rursus</strong></span> <span class='ocrx_word' id='word_1_693' title='bbox 1587 4839 1641 4892; x_wconf 91' lang='lat' dir='ltr'><strong>in</strong></span> <span class='ocrx_word' id='word_1_694' title='bbox 1676 4837 1964 4908; x_wconf 87' lang='lat' dir='ltr'><strong>Evangelio</strong></span> <span class='ocrx_word' id='word_1_695' title='bbox 1992 4838 2246 4892; x_wconf 91' lang='lat' dir='ltr'><strong>mandata</strong></span> <span class='ocrx_word' id='word_1_696' title='bbox 2278 4838 2524 4904; x_wconf 76' lang='lat' dir='ltr'><strong>quaedam</strong></span> <span class='ocrx_word' id='word_1_697' title='bbox 2561 4838 2765 4906; x_wconf 89' lang='lat' dir='ltr'><strong>scripta</strong></span> <span class='ocrx_word' id='word_1_698' title='bbox 2796 4849 2945 4902; x_wconf 92' lang='lat' dir='ltr'><strong>sunt,</strong></span> <span class='ocrx_word' id='word_1_699' title='bbox 2973 4840 3042 4892; x_wconf 88' lang='lat' dir='ltr'><strong>de</strong></span> <span class='ocrx_word' id='word_1_700' title='bbox 3072 4842 3270 4908; x_wconf 67' lang='lat' dir='ltr'><strong>quilius</strong></span> <span class='ocrx_word' id='word_1_701' title='bbox 3299 4856 3404 4894; x_wconf 89' lang='lat' dir='ltr'><strong>non</strong></span> <span class='ocrx_word' id='word_1_702' title='bbox 3432 4840 3693 4909; x_wconf 66' lang='lat' dir='ltr'><strong>quaaritur</strong></span> 
     </span>
    </p>
   </div>
   <div class='ocr_carea' id='block_1_51' title="bbox 424 4931 3695 5005">
    <p class='ocr_par' dir='ltr' id='par_1_51' title="bbox 424 4931 3695 5005">
     <span class='ocr_line' id='line_1_51' title="bbox 424 4931 3695 5005; baseline 0.001 -19"><span class='ocrx_word' id='word_1_703' title='bbox 424 4933 606 5003; x_wconf 84' lang='lat' dir='ltr'><strong>sintne</strong></span> <span class='ocrx_word' id='word_1_704' title='bbox 653 4932 720 4985; x_wconf 90' lang='lat' dir='ltr'><strong>ad</strong></span> <span class='ocrx_word' id='word_1_705' title='bbox 752 4932 986 4989; x_wconf 88' lang='lat' dir='ltr'><strong>litteram</strong></span> <span class='ocrx_word' id='word_1_706' title='bbox 1035 4937 1303 4990; x_wconf 81' lang='lat' dir='ltr'><strong>servanda</strong></span> <span class='ocrx_word' id='word_1_707' title='bbox 1349 4952 1521 4991; x_wconf 88' lang='lat' dir='ltr'><strong>necne</strong></span> <span class='ocrx_word' id='word_1_708' title='bbox 1561 4953 1576 4990; x_wconf 89' lang='lat'><strong>:</strong></span> <span class='ocrx_word' id='word_1_709' title='bbox 1620 4936 1921 5005; x_wconf 86' lang='lat' dir='ltr'><strong>cujusmodi</strong></span> <span class='ocrx_word' id='word_1_710' title='bbox 1961 4934 2090 4989; x_wconf 93' lang='lat' dir='ltr'><strong>illud</strong></span> <span class='ocrx_word' id='word_1_711' title='bbox 2121 4944 2205 4990; x_wconf 92' lang='lat' dir='ltr'><strong>est</strong></span> <span class='ocrx_word' id='word_1_712' title='bbox 2234 4954 2246 4989; x_wconf 83' lang='lat'><strong>;</strong></span> <span class='ocrx_word' id='word_1_713' title='bbox 2275 4931 2386 5004; x_wconf 85' lang='lat' dir='ltr'><strong>Ego</strong></span> <span class='ocrx_word' id='word_1_714' title='bbox 2435 4935 2555 4988; x_wconf 83' lang='lat' dir='ltr'><strong>dico</strong></span> <span class='ocrx_word' id='word_1_715' title='bbox 2590 4934 2754 4997; x_wconf 85' lang='lat' dir='ltr'><strong>vobis,</strong></span> <span class='ocrx_word' id='word_1_716' title='bbox 2800 4935 3099 5002; x_wconf 71' lang='lat' dir='ltr'><strong>quicunque</strong></span> <span class='ocrx_word' id='word_1_717' title='bbox 3128 4936 3296 4988; x_wconf 84' lang='lat' dir='ltr'><strong>iratus</strong></span> <span class='ocrx_word' id='word_1_718' title='bbox 3332 4935 3494 5004; x_wconf 79' lang='lat' dir='ltr'><strong>fuerit</strong></span> <span class='ocrx_word' id='word_1_719' title='bbox 3536 4935 3695 5002; x_wconf 77' lang='lat' dir='ltr'><strong>fratri</strong></span> 
     </span>
    </p>
   </div>
   <div class='ocr_carea' id='block_1_52' title="bbox 425 5028 3691 5102">
    <p class='ocr_par' dir='ltr' id='par_1_52' title="bbox 425 5028 3691 5102">
     <span class='ocr_line' id='line_1_52' title="bbox 425 5028 3691 5102; baseline 0.001 -21"><span class='ocrx_word' id='word_1_720' title='bbox 425 5042 522 5082; x_wconf 89' lang='lat' dir='ltr'><strong>suo</strong></span> <span class='ocrx_word' id='word_1_721' title='bbox 545 5028 614 5095; x_wconf 69' lang='grc' dir='ltr'><strong>π,</strong></span> <span class='ocrx_word' id='word_1_722' title='bbox 646 5036 701 5083; x_wconf 91' lang='lat' dir='ltr'><strong>et</strong></span> <span class='ocrx_word' id='word_1_723' title='bbox 729 5045 854 5099; x_wconf 66' lang='lat' dir='ltr'><strong>quae.</strong></span> <span class='ocrx_word' id='word_1_724' title='bbox 884 5042 1209 5099; x_wconf 89' lang='lat' dir='ltr'><strong>sequuntur.</strong></span> <span class='ocrx_word' id='word_1_725' title='bbox 1254 5032 1317 5086; x_wconf 84' lang='lat' dir='ltr'><strong>Et</strong></span> <span class='ocrx_word' id='word_1_726' title='bbox 1345 5051 1357 5086; x_wconf 91' lang='lat'>:</span> <span class='ocrx_word' id='word_1_727' title='bbox 1385 5031 1499 5102; x_wconf 85' lang='lat' dir='ltr'><strong>Ego</strong></span> <span class='ocrx_word' id='word_1_728' title='bbox 1544 5033 1660 5086; x_wconf 87' lang='lat' dir='ltr'><strong>dico</strong></span> <span class='ocrx_word' id='word_1_729' title='bbox 1690 5033 1833 5086; x_wconf 83' lang='lat' dir='ltr'><strong>vobis</strong></span> <span class='ocrx_word' id='word_1_730' title='bbox 1864 5048 1968 5085; x_wconf 90' lang='lat' dir='ltr'><strong>non</strong></span> <span class='ocrx_word' id='word_1_731' title='bbox 1993 5032 2183 5100; x_wconf 81' lang='lat' dir='ltr'><strong>jurare</strong></span> <span class='ocrx_word' id='word_1_732' title='bbox 2210 5031 2420 5084; x_wconf 88' lang='lat' dir='ltr'><strong>omnino</strong></span> <span class='ocrx_word' id='word_1_733' title='bbox 2445 5030 2513 5083; x_wconf 77' lang='grc'><strong>’⁸.</strong></span> <span class='ocrx_word' id='word_1_734' title='bbox 2569 5028 2636 5083; x_wconf 83' lang='grc' dir='ltr'><strong>Ει</strong></span> <span class='ocrx_word' id='word_1_735' title='bbox 2678 5030 3091 5084; x_wconf 89' lang='lat' dir='ltr'><strong>custodiendum</strong></span> <span class='ocrx_word' id='word_1_736' title='bbox 3128 5038 3209 5082; x_wconf 90' lang='lat' dir='ltr'><strong>est</strong></span> <span class='ocrx_word' id='word_1_737' title='bbox 3245 5028 3377 5082; x_wconf 90' lang='lat' dir='ltr'><strong>illud</strong></span> <span class='ocrx_word' id='word_1_738' title='bbox 3406 5029 3648 5099; x_wconf 82' lang='lat' dir='ltr'><strong>Apostoli</strong></span> <span class='ocrx_word' id='word_1_739' title='bbox 3676 5046 3691 5085; x_wconf 89' lang='lat'><strong>:</strong></span> 
     </span>
    </p>
   </div>
   <div class='ocr_carea' id='block_1_53' title="bbox 426 5124 3689 5199">
    <p class='ocr_par' dir='ltr' id='par_1_53' title="bbox 426 5124 3689 5199">
     <span class='ocr_line' id='line_1_53' title="bbox 426 5124 3689 5199; baseline -0.001 -19"><span class='ocrx_word' id='word_1_740' title='bbox 426 5124 686 5193; x_wconf 83' lang='lat' dir='ltr'><strong>Corripite</strong></span> <span class='ocrx_word' id='word_1_741' title='bbox 714 5128 999 5197; x_wconf 85' lang='lat' dir='ltr'><strong>inquietos,</strong></span> <span class='ocrx_word' id='word_1_742' title='bbox 1040 5131 1389 5184; x_wconf 87' lang='lat' dir='ltr'><strong>consolamini</strong></span> <span class='ocrx_word' id='word_1_743' title='bbox 1420 5130 1807 5199; x_wconf 80' lang='lat' dir='ltr'><strong>pusillanimes,</strong></span> <span class='ocrx_word' id='word_1_744' title='bbox 1836 5130 2084 5197; x_wconf 80' lang='lat' dir='ltr'><strong>suscipite</strong></span> <span class='ocrx_word' id='word_1_745' title='bbox 2112 5128 2374 5196; x_wconf 78' lang='lat' dir='ltr'><strong>inﬁrmos,</strong></span> <span class='ocrx_word' id='word_1_746' title='bbox 2402 5127 2662 5196; x_wconf 85' lang='lat' dir='ltr'><strong>patientes</strong></span> <span class='ocrx_word' id='word_1_747' title='bbox 2692 5135 2854 5179; x_wconf 83' lang='lat' dir='ltr'><strong>estote</strong></span> <span class='ocrx_word' id='word_1_748' title='bbox 2897 5127 2966 5178; x_wconf 86' lang='lat' dir='ltr'><strong>ad</strong></span> <span class='ocrx_word' id='word_1_749' title='bbox 3015 5139 3194 5178; x_wconf 83' lang='lat' dir='ltr'><strong>omnes</strong></span> <span class='ocrx_word' id='word_1_750' title='bbox 3219 5124 3294 5189; x_wconf 83' lang='grc'><strong>²⁹;</strong></span> <span class='ocrx_word' id='word_1_751' title='bbox 3341 5125 3552 5180; x_wconf 88' lang='lat' dir='ltr'><strong>tametsi</strong></span> <span class='ocrx_word' id='word_1_752' title='bbox 3598 5128 3689 5197; x_wconf 91' lang='lat' dir='ltr'><strong>qui</strong></span> 
     </span>
    </p>
   </div>
   <div class='ocr_carea' id='block_1_54' title="bbox 425 5214 3691 5292">
    <p class='ocr_par' dir='ltr' id='par_1_54' title="bbox 425 5214 3691 5292">
     <span class='ocr_line' id='line_1_54' title="bbox 425 5214 3691 5292; baseline 0 -21"><span class='ocrx_word' id='word_1_753' title='bbox 425 5232 511 5271; x_wconf 90' lang='lat' dir='ltr'><strong>res</strong></span> <span class='ocrx_word' id='word_1_754' title='bbox 541 5217 707 5272; x_wconf 89' lang='lat' dir='ltr'><strong>altius</strong></span> <span class='ocrx_word' id='word_1_755' title='bbox 744 5230 1080 5284; x_wconf 88' lang='lat' dir='ltr'><strong>scrutantur,</strong></span> <span class='ocrx_word' id='word_1_756' title='bbox 1108 5237 1435 5291; x_wconf 90' lang='lat' dir='ltr'><strong>componere</strong></span> <span class='ocrx_word' id='word_1_757' title='bbox 1464 5222 1676 5292; x_wconf 85' lang='lat' dir='ltr'><strong>possint</strong></span> <span class='ocrx_word' id='word_1_758' title='bbox 1710 5222 2053 5277; x_wconf 90' lang='lat' dir='ltr'><strong>altitudinem</strong></span> <span class='ocrx_word' id='word_1_759' title='bbox 2081 5219 2362 5290; x_wconf 74' lang='lat' dir='ltr'><strong>sapientia:</strong></span> <span class='ocrx_word' id='word_1_760' title='bbox 2393 5220 2488 5274; x_wconf 91' lang='lat' dir='ltr'><strong>Dei</strong></span> <span class='ocrx_word' id='word_1_761' title='bbox 2538 5232 2659 5273; x_wconf 92' lang='lat' dir='ltr'><strong>cum</strong></span> <span class='ocrx_word' id='word_1_762' title='bbox 2693 5216 2916 5270; x_wconf 84' lang='lat' dir='ltr'><strong>litterali</strong></span> <span class='ocrx_word' id='word_1_763' title='bbox 2960 5214 3340 5270; x_wconf 87' lang='lat' dir='ltr'><strong>mandatorum</strong></span> <span class='ocrx_word' id='word_1_764' title='bbox 3372 5232 3555 5273; x_wconf 89' lang='lat' dir='ltr'><strong>sensu.</strong></span> <span class='ocrx_word' id='word_1_765' title='bbox 3590 5215 3691 5272; x_wconf 84' lang='lat' dir='ltr'><strong>Ve-</strong></span> 
     </span>
    </p>
   </div>
   <div class='ocr_carea' id='block_1_55' title="bbox 424 5311 3687 5388">
    <p class='ocr_par' dir='ltr' id='par_1_55' title="bbox 424 5311 3687 5388">
     <span class='ocr_line' id='line_1_55' title="bbox 424 5311 3687 5388; baseline -0.002 -20"><span class='ocrx_word' id='word_1_766' title='bbox 424 5324 729 5371; x_wconf 87' lang='lat' dir='ltr'><strong>rumtamen</strong></span> <span class='ocrx_word' id='word_1_767' title='bbox 761 5317 853 5388; x_wconf 89' lang='lat' dir='ltr'><strong>qui</strong></span> <span class='ocrx_word' id='word_1_768' title='bbox 884 5317 1143 5370; x_wconf 89' lang='lat' dir='ltr'><strong>attentius</strong></span> <span class='ocrx_word' id='word_1_769' title='bbox 1173 5317 1383 5387; x_wconf 81' lang='lat' dir='ltr'><strong>legerit,</strong></span> <span class='ocrx_word' id='word_1_770' title='bbox 1435 5319 1490 5375; x_wconf 91' lang='lat' dir='ltr'><strong>in</strong></span> <span class='ocrx_word' id='word_1_771' title='bbox 1523 5319 1798 5375; x_wconf 86' lang='lat' dir='ltr'><strong>nonnullis</strong></span> <span class='ocrx_word' id='word_1_772' title='bbox 1827 5318 2086 5387; x_wconf 79' lang='lat' dir='ltr'><strong>ambiget,</strong></span> <span class='ocrx_word' id='word_1_773' title='bbox 2122 5331 2220 5371; x_wconf 90' lang='lat' dir='ltr'><strong>nec</strong></span> <span class='ocrx_word' id='word_1_774' title='bbox 2249 5318 2366 5373; x_wconf 81' lang='lat' dir='ltr'><strong>sine</strong></span> <span class='ocrx_word' id='word_1_775' title='bbox 2399 5315 2568 5370; x_wconf 91' lang='lat' dir='ltr'><strong>multo</strong></span> <span class='ocrx_word' id='word_1_776' title='bbox 2598 5312 2853 5368; x_wconf 77' lang='lat' dir='ltr'><strong>examine</strong></span> <span class='ocrx_word' id='word_1_777' title='bbox 2881 5311 3237 5380; x_wconf 88' lang='lat' dir='ltr'><strong>pronuntiare</strong></span> <span class='ocrx_word' id='word_1_778' title='bbox 3274 5313 3477 5381; x_wconf 84' lang='lat' dir='ltr'><strong>poterit</strong></span> <span class='ocrx_word' id='word_1_779' title='bbox 3509 5320 3687 5363; x_wconf 89' lang='lat' dir='ltr'><strong>utrum</strong></span> 
     </span>
    </p>
   </div>
   <div class='ocr_carea' id='block_1_56' title="bbox 425 5406 3688 5480">
    <p class='ocr_par' dir='ltr' id='par_1_56' title="bbox 425 5406 3688 5480">
     <span class='ocr_line' id='line_1_56' title="bbox 425 5406 3688 5480; baseline -0.001 -20"><span class='ocrx_word' id='word_1_780' title='bbox 425 5406 541 5460; x_wconf 64' lang='lat' dir='ltr'><strong>haec</strong></span> <span class='ocrx_word' id='word_1_781' title='bbox 573 5424 694 5478; x_wconf 74' lang='lat' dir='ltr'><strong>qua:</strong></span> <span class='ocrx_word' id='word_1_782' title='bbox 727 5420 948 5480; x_wconf 90' lang='lat' dir='ltr'><strong>putatur</strong></span> <span class='ocrx_word' id='word_1_783' title='bbox 976 5410 1225 5474; x_wconf 87' lang='lat' dir='ltr'><strong>historia,</strong></span> <span class='ocrx_word' id='word_1_784' title='bbox 1262 5416 1554 5470; x_wconf 90' lang='lat' dir='ltr'><strong>secundum</strong></span> <span class='ocrx_word' id='word_1_785' title='bbox 1584 5415 1820 5469; x_wconf 88' lang='lat' dir='ltr'><strong>litteram</strong></span> <span class='ocrx_word' id='word_1_786' title='bbox 1854 5413 2121 5469; x_wconf 87' lang='lat' dir='ltr'><strong>acciderit</strong></span> <span class='ocrx_word' id='word_1_787' title='bbox 2151 5428 2339 5473; x_wconf 90' lang='lat' dir='ltr'><strong>necne,</strong></span> <span class='ocrx_word' id='word_1_788' title='bbox 2373 5421 2427 5465; x_wconf 90' lang='lat' dir='ltr'><strong>et</strong></span> <span class='ocrx_word' id='word_1_789' title='bbox 2475 5411 2709 5480; x_wconf 88' lang='lat' dir='ltr'><strong>hujusne</strong></span> <span class='ocrx_word' id='word_1_790' title='bbox 2747 5409 2880 5477; x_wconf 88' lang='lat' dir='ltr'><strong>legis</strong></span> <span class='ocrx_word' id='word_1_791' title='bbox 2908 5407 3075 5461; x_wconf 81' lang='lat' dir='ltr'><strong>verba</strong></span> <span class='ocrx_word' id='word_1_792' title='bbox 3128 5409 3393 5463; x_wconf 79' lang='lat' dir='ltr'><strong>servanda</strong></span> <span class='ocrx_word' id='word_1_793' title='bbox 3442 5409 3577 5468; x_wconf 85' lang='lat' dir='ltr'><strong>siut,</strong></span> <span class='ocrx_word' id='word_1_794' title='bbox 3619 5421 3688 5458; x_wconf 88' lang='lat' dir='ltr'><strong>an</strong></span> 
     </span>
    </p>
   </div>
   <div class='ocr_carea' id='block_1_57' title="bbox 423 5498 3692 5581">
    <p class='ocr_par' dir='ltr' id='par_1_57' title="bbox 423 5498 3692 5581">
     <span class='ocr_line' id='line_1_57' title="bbox 423 5498 3692 5581; baseline 0.002 -32"><span class='ocrx_word' id='word_1_795' title='bbox 423 5513 605 5553; x_wconf 85' lang='lat' dir='ltr'><strong>secus.</strong></span> <span class='ocrx_word' id='word_1_796' title='bbox 648 5500 1012 5581; x_wconf 88' lang='lat' dir='ltr'><strong>Quamobrem</strong></span> <span class='ocrx_word' id='word_1_797' title='bbox 1046 5519 1270 5560; x_wconf 88' lang='lat' dir='ltr'><strong>necesse</strong></span> <span class='ocrx_word' id='word_1_798' title='bbox 1300 5517 1381 5561; x_wconf 93' lang='lat' dir='ltr'><strong>est</strong></span> <span class='ocrx_word' id='word_1_799' title='bbox 1426 5519 1484 5563; x_wconf 93' lang='lat' dir='ltr'><strong>ut</strong></span> <span class='ocrx_word' id='word_1_800' title='bbox 1509 5521 1798 5564; x_wconf 86' lang='lat' dir='ltr'><strong>accuratus</strong></span> <span class='ocrx_word' id='word_1_801' title='bbox 1835 5509 2004 5563; x_wconf 88' lang='lat' dir='ltr'><strong>lector</strong></span> <span class='ocrx_word' id='word_1_802' title='bbox 2035 5516 2254 5561; x_wconf 81' lang='lat' dir='ltr'><strong>servato</strong></span> <span class='ocrx_word' id='word_1_803' title='bbox 2283 5506 2386 5560; x_wconf 91' lang='lat' dir='ltr'><strong>hoc</strong></span> <span class='ocrx_word' id='word_1_804' title='bbox 2414 5504 2725 5559; x_wconf 88' lang='lat' dir='ltr'><strong>Salvatoris</strong></span> <span class='ocrx_word' id='word_1_805' title='bbox 2756 5513 3054 5573; x_wconf 64' lang='lat' dir='ltr'><strong>praecepto,</strong></span> <span class='ocrx_word' id='word_1_806' title='bbox 3092 5503 3407 5558; x_wconf 81' lang='lat' dir='ltr'><strong>scrutamini</strong></span> <span class='ocrx_word' id='word_1_807' title='bbox 3448 5498 3692 5568; x_wconf 83' lang='lat' dir='ltr'><strong>Scriptu-</strong></span> 
     </span>
    </p>
   </div>
   <div class='ocr_carea' id='block_1_58' title="bbox 496 5643 2147 5725">
    <p class='ocr_par' dir='ltr' id='par_1_58' title="bbox 496 5643 2071 5725">
     <span class='ocr_line' id='line_1_58' title="bbox 496 5643 2071 5725; baseline 0.008 -28"><span class='ocrx_word' id='word_1_808' title='bbox 496 5644 542 5676; x_wconf 78' lang='lat'>”</span> <span class='ocrx_word' id='word_1_809' title='bbox 560 5643 701 5725; x_wconf 37' lang='lat' dir='ltr'><strong>line:</strong></span> <span class='ocrx_word' id='word_1_810' title='bbox 728 5648 873 5725; x_wconf 42' lang='lat' dir='ltr'><strong>XL}.</strong></span> <span class='ocrx_word' id='word_1_811' title='bbox 953 5651 998 5681; x_wconf 67' lang='grc'><strong>’³</strong></span> <span class='ocrx_word' id='word_1_812' title='bbox 1040 5650 1216 5725; x_wconf 66' lang='lat' dir='ltr'><strong>lQor.</strong></span> <span class='ocrx_word' id='word_1_813' title='bbox 1251 5667 1346 5718; x_wconf 88' lang='lat' dir='ltr'><strong>vn,</strong></span> <span class='ocrx_word' id='word_1_814' title='bbox 1386 5655 1469 5711; x_wconf 82' lang='grc'><strong>18.</strong></span> <span class='ocrx_word' id='word_1_815' title='bbox 1504 5657 1548 5687; x_wconf 73' lang='grc'><strong>’⁸</strong></span> <span class='ocrx_word' id='word_1_816' title='bbox 1646 5657 1817 5713; x_wconf 79' lang='lat' dir='ltr'><strong>Exod.</strong></span> <span class='ocrx_word' id='word_1_817' title='bbox 1858 5673 1948 5722; x_wconf 67' lang='lat' dir='ltr'><strong>ax,</strong></span> <span class='ocrx_word' id='word_1_818' title='bbox 1990 5658 2071 5711; x_wconf 72' lang='grc'><strong>12.</strong></span> 
     </span>
    </p>
   </div>
   <div class='ocr_carea' id='block_1_59' title="bbox 2038 5643 3689 5725">
    <p class='ocr_par' dir='ltr' id='par_1_59' title="bbox 2038 5644 3689 5725">
     <span class='ocr_line' id='line_1_59' title="bbox 2038 5644 3689 5725; baseline -0.006 -16"><span class='ocrx_word' id='word_1_819' title='bbox 2038 5658 2071 5710; x_wconf 73' lang='grc' dir='ltr'><strong>ι.</strong></span> <span class='ocrx_word' id='word_1_820' title='bbox 2152 5655 2197 5688; x_wconf 84' lang='grc'><strong>²⁶</strong></span> <span class='ocrx_word' id='word_1_821' title='bbox 2238 5653 2396 5721; x_wconf 81' lang='lat' dir='ltr'><strong>lbid.,</strong></span> <span class='ocrx_word' id='word_1_822' title='bbox 2437 5652 2503 5708; x_wconf 78' lang='grc'><strong>15</strong></span> <span class='ocrx_word' id='word_1_823' title='bbox 2528 5663 2581 5710; x_wconf 87' lang='lat' dir='ltr'><strong>et</strong></span> <span class='ocrx_word' id='word_1_824' title='bbox 2609 5667 2759 5725; x_wconf 83' lang='lat' dir='ltr'><strong>seqq.</strong></span> <span class='ocrx_word' id='word_1_825' title='bbox 2860 5652 2904 5685; x_wconf 75' lang='lat'>&quot;</span> <span class='ocrx_word' id='word_1_826' title='bbox 2953 5648 3144 5706; x_wconf 80' lang='lat' dir='ltr'><strong>Matth.</strong></span> <span class='ocrx_word' id='word_1_827' title='bbox 3186 5665 3238 5715; x_wconf 81' lang='grc' dir='ltr'><strong>ν,</strong></span> <span class='ocrx_word' id='word_1_828' title='bbox 3280 5646 3375 5704; x_wconf 76' lang='lat'><strong>‘22.</strong></span> <span class='ocrx_word' id='word_1_829' title='bbox 3449 5644 3497 5679; x_wconf 78' lang='grc'><strong>’⁸</strong></span> <span class='ocrx_word' id='word_1_830' title='bbox 3530 5645 3689 5711; x_wconf 78' lang='lat' dir='ltr'><strong>ibid...</strong></span> 
     </span>
    </p>
   </div>
   <div class='ocr_carea' id='block_1_60' title="bbox 422 5712 1164 5789">
    <p class='ocr_par' dir='ltr' id='par_1_60' title="bbox 422 5712 1164 5789">
     <span class='ocr_line' id='line_1_60' title="bbox 422 5712 1164 5789; baseline 0.015 -22"><span class='ocrx_word' id='word_1_831' title='bbox 422 5712 516 5769; x_wconf 73' lang='grc' dir='ltr'><strong>δι.</strong></span> <span class='ocrx_word' id='word_1_832' title='bbox 592 5717 636 5748; x_wconf 69' lang='grc'><em>³³</em></span> <span class='ocrx_word' id='word_1_833' title='bbox 687 5717 704 5772; x_wconf 94' lang='grc'><strong>1</strong></span> <span class='ocrx_word' id='word_1_834' title='bbox 757 5717 949 5776; x_wconf 82' lang='lat' dir='ltr'><strong>Thess.</strong></span> <span class='ocrx_word' id='word_1_835' title='bbox 987 5739 1038 5789; x_wconf 67' lang='grc' dir='ltr'><strong>ν,</strong></span> <span class='ocrx_word' id='word_1_836' title='bbox 1080 5723 1164 5778; x_wconf 59' lang='lat' dir='ltr'><strong>ll.</strong></span> 
     </span>
    </p>
   </div>
  </div>
