4180 6216
490 279 562 333 ‘23
1770 281 2138 337 PREFATIO

2095 282 2138 337 0
2184 283 2275 336 Al)
2312 281 2474 338 ΤΟΜ.
2511 283 2576 338 ΙΙ.
3670 291 3740 349 24

492 416 580 453 rus
603 397 671 461 ⁸ο,
703 395 1046 467 quandonam
1074 411 1257 451 verum
1291 394 1360 449 sit
1389 395 1532 466 quod
1561 395 1739 450 littera
1772 406 1950 459 sonat,
1983 397 2327 465 quandonam
2359 398 2430 451 sit
2458 396 2815 467 impossibile,
2855 398 3139 469 diligenter
3166 402 3435 470 exploret,
3485 413 3538 458 et
3568 421 3632 460 ex
3663 409 3739 460 εί-

494 489 701 545 milium
732 505 923 544 vocum
977 489 1383 559 comparatione
1430 486 1684 541 diﬁ‘nsnm
1716 487 1917 556 ubique
1950 504 2046 555 per
2076 486 2393 557 Seripturas
2439 505 2658 545 sensum
2692 489 2810 558 ejus
2856 492 3002 561 quod
3054 495 3348 548 secundum
3391 494 3622 550 litteram
3655 513 3741 557 est

493 586 850 656 impossibile,
897 601 995 655 pro
1027 584 1233 639 viribus
1265 584 1569 652 investiget.
1598 603 1616 635 ι
1657 581 1795 637 lluic
1846 583 1921 637 rei
1959 582 2274 652 aptissimus
2311 585 2532 653 insuper
2567 595 2651 640 est
2688 586 2838 640 locus
2886 587 3027 641 alter
3070 604 3135 642 ex
3170 590 3389 643 humilia
3424 593 3649 661 septima
3686 598 3743 652 in

491 680 771 745 Genesim,
815 681 907 735 ubi
940 689 1225 748 postquam
1257 677 1409 734 lsaac
1455 688 1511 733 et
1542 677 1737 732 lsmael
1772 678 2056 732 historiam
2091 678 2300 743 retulit,
2347 680 2523 747 seipse
2548 679 2629 734 sic
2661 680 2999 751 interrogat:
3028 701 3048 733 ι
3073 682 3209 749 Quid
3243 684 3410 752 ergo?
3452 687 3598 739 Isaac
3634 704 3744 744 non

492 784 577 828 est
608 772 903 828 secundum
937 787 1159 826 carnem
1192 770 1383 824 natus?
1415 769 1533 826 Non
1560 786 1682 825 eum
1708 771 1918 841 peperit
1947 771 2118 825 Sara?
2148 770 2265 825 Non
2297 782 2382 825 est
2412 771 2815 828 circumcisus?
2854 774 2967 829 Hoc
2997 776 3171 845 ipsum
3199 778 3341 844 quod
3367 777 3587 831 ludebat
3613 794 3742 834 cum

496 863 704 926 lsmael.
761 878 865 917 nun
899 862 953 917 in
978 878 1146 917 carne
1176 860 1438 915 ludebat?
1490 858 1601 916 Hoc
1635 870 1720 916 est
1747 862 1892 916 enim
1943 862 2086 931 quod
2120 864 2369 917 mirabile
2396 872 2479 918 est
2512 865 2563 918 in
2596 865 2840 935 Apostoli
2887 881 3073 931 sensu,
3120 867 3263 936 quod
3309 868 3375 922 de
3406 871 3601 936 quibus
3633 887 3744 925 nou

492 968 669 1027 potest
694 958 935 1014 dubitari
962 957 1091 1025 quin
1122 959 1417 1011 secundum
1453 972 1673 1013 carnem
1706 969 1853 1028 gesta
1887 957 2017 1021 sint,
2068 958 2182 1012 haec
2232 958 2324 1014 ille
2374 959 2507 1013 dicit
2538 975 2658 1017 esse
2693 960 3004 1031 allegorica,
3042 973 3098 1018 ut
3131 978 3232 1017 nos
3277 965 3401 1032 quid
3435 964 3744 1019 faciendum

492 1051 565 1107 sit
598 1052 649 1105 in
688 1052 903 1106 caneris
936 1051 1273 1115 noverimus,
1303 1060 1357 1105 et
1384 1050 1437 1105 in
1464 1051 1552 1105 his
1584 1051 1817 1105 maxime
1847 1050 1901 1105 in
1934 1050 2132 1120 quibus
2163 1050 2295 1105 nihil
2335 1051 2513 1106 divina
2551 1052 2667 1123 lege
2712 1054 2929 1124 dignum
2964 1054 3222 1109 historica
3264 1057 3475 1109 videtur
3506 1056 3746 1113 indicare

497 1145 758 1200 narratio.
781 1161 801 1194 ι

494 1266 687 1317 ABTIC.
718 1259 780 1314 ν.
822 1275 1081 1316 Μῖδτιςυε
1110 1276 1300 1315 SENSUS
1341 1275 1564 1315 NITITUB
1598 1272 1979 1314 AUCTORI'I'ATE
2012 1272 2129 1312 NOVI
2170 1274 2536 1322 TESTAHENTI,
2584 1274 2789 1322 ESTQUE
2822 1274 3018 1313 OMNINO
3048 1276 3418 1326 NECESSARIUS,
3454 1278 3525 1320 υτ
3548 1278 3613 1318 ΑΒ
3644 1280 3743 1321 H0-

977 1346 1161 1387 STlBUS
1189 1346 1332 1386 TUTA
1360 1345 1574 1384 ΙΙΔΝΕΑΤ
1618 1342 1846 1383 νεικιτλε
1875 1342 2308 1390 δοιιιρτυιιλιιωι,
2343 1345 2412 1382 ΕΤ
2444 1345 2572 1382 1958
2602 1344 2701 1382 Ι)Εο
2735 1345 2908 1384 ΒΙΟΝΑΕ
2936 1344 3273 1385 BEDDANTUR.

566 1456 621 1509 ln
655 1458 755 1511 hoc
789 1454 1021 1509 articulo
1052 1469 1157 1508 non
1204 1452 1426 1506 multum
1458 1453 1655 1520 diuque
1685 1451 2034 1514 immorabor,
2065 1450 2265 1519 quippe
2294 1450 2384 1518 qui
2438 1449 2696 1518 patientia
2730 1448 2946 1503 lectoris
2976 1451 3249 1513 abuterer,
3298 1451 3342 1504 si
3372 1452 3439 1504 ad
3477 1466 3729 1520 compro-

500 1550 731 1602 bandum
764 1549 1018 1620 mysticus
1044 1562 1237 1602 sensus
1271 1549 1325 1601 in
1360 1544 1639 1615 Scriptura
1670 1560 1829 1600 sacra
1855 1546 2126 1599 admissos
2151 1543 2320 1598 fuisse
2345 1544 2413 1598 ab
2453 1543 2705 1613 Origene,
2732 1544 2896 1597 multa
2942 1543 3060 1611 ejus
3099 1558 3449 1612 congerercm
3492 1547 3739 1601 testimo-

500 1644 607 1697 nia.
657 1643 786 1709 Qua:
832 1644 978 1697 enim
1018 1644 1280 1698 hactenus
1314 1642 1525 1711 prolata
1556 1651 1705 1707 sunt,
1760 1640 1849 1694 illa
1889 1640 2094 1694 nullum
2130 1655 2193 1695 ea
2236 1641 2301 1694 de
2338 1654 2397 1694 re
2431 1639 2709 1692 dubitandi
2763 1638 2958 1692 locum
2985 1638 3316 1708 relinquunt,
3367 1642 3744 1710 neminemque

499 1734 646 1795 latet,
677 1752 781 1791 non
821 1738 941 1791 ideo
975 1738 1296 1806 reprehendi
1329 1736 1637 1807 Origenem,
1667 1737 1810 1806 quod
1840 1736 2041 1805 ingenii
2073 1735 2297 1790 solertia
2357 1735 2618 1801 caruerit,
2654 1749 2759 1803 qua
2797 1734 3073 1803 mysticus,
3131 1748 3267 1802 quos
3292 1749 3481 1788 revera
3511 1735 3747 1803 comple-

500 1831 665 1884 ctitur
693 1829 995 1899 Scriptura,
1027 1845 1221 1885 sensus
1251 1829 1624 1899 investigaret,
1673 1828 1767 1882 sed
1792 1829 1935 1897 quod
1958 1842 2019 1881 ea
2053 1827 2106 1881 in
2143 1841 2202 1881 re
2238 1825 2463 1879 nimium
2502 1824 2721 1896 ingenio
2752 1839 2851 1879 suo
2890 1824 3197 1887 indulserit,
3232 1834 3286 1879 et
3316 1834 3499 1894 spreto
3529 1825 3751 1880 litterali

500 1940 661 1980 sensu
700 1926 986 1997 allegorias
1014 1927 1294 1997 quaesierit
1342 1925 1476 1979 locis
1506 1925 1892 1993 propemodum
1927 1923 2227 1978 innumeris
2271 1937 2300 1977 a
2350 1922 2546 1990 quibus
2574 1936 2795 1992 prorsus
2826 1919 3017 1975 alienae
3050 1929 3195 1975 Sunt.
3254 1921 3367 1975 Duo
3409 1930 3619 1975 tantum
3648 1920 3747 1976 ob.

499 2022 838 2075 servabimus
871 2038 990 2091 qua:
1022 2021 1243 2075 maximi
1283 2028 1410 2074 sunt
1460 2020 1720 2075 momenti
1770 2036 1785 2074 :
1832 2019 1888 2072 1ο
1918 2017 2175 2091 Mystieos
2205 2031 2398 2072 sensus
2429 2017 2755 2071 auctoritate
2798 2014 2934 2069 Novi
2963 2014 3296 2069 Testamenti
3327 2014 3507 2078 inniti,
3557 2015 3750 2082 probat

504 2125 612 2167 tum
649 2115 937 2168 traditione
965 2114 1238 2177 Ecclesia),
1299 2124 1410 2167 tntn
1441 2113 1674 2183 ipsumet
1715 2113 2124 2182 Scripturarum
2157 2111 2424 2176 consilio;
2479 2109 2535 2163 2°
2558 2117 2749 2162 contra
2784 2105 3028 2160 inﬁdeles
3059 2106 3399 2159 demonstrat
3446 2104 3756 2173 allegoricis

502 2209 754 2261 sensibus
782 2207 1096 2274 Scripturas
1133 2215 1348 2259 nostras
1378 2222 1482 2259 non
1520 2219 1844 2274 repugnare.
1888 2202 2046 2269 Quod
2078 2202 2123 2257 si
2156 2203 2300 2256 inter
2333 2203 2499 2255 citata
2533 2200 2600 2254 ab
2634 2201 2750 2268 ipso
2791 2198 3087 2269 Scriptura:
3120 2197 3428 2252 testimonia
3462 2197 3531 2251 ad
3566 2206 3752 2249 aucto-

504 2302 719 2352 ritatem
754 2297 997 2369 mysticis
1022 2296 1273 2350 sensibus
1319 2295 1742 2357 conciliandam,
1798 2293 2061 2349 nonnulla
2112 2302 2238 2346 sunt
2269 2307 2389 2362 qme
2425 2306 2615 2361 parum
2669 2291 2736 2344 ad
2782 2304 2895 2343 rem
2946 2288 3170 2353 faciunt,
3200 2303 3266 2342 eo
3298 2286 3493 2341 saltem
3540 2287 3758 2341 nomine

509 2388 805 2443 laudandus
834 2399 939 2449 est,
968 2388 1108 2457 quod
1133 2386 1415 2440 disertiora
1442 2396 1496 2442 et
1524 2385 1720 2456 quibus
1750 2386 1974 2456 quaestio
2006 2384 2166 2454 plane
2194 2384 2373 2439 decisa
2404 2384 2496 2448 sit,
2535 2397 2640 2436 non
2676 2381 2940 2444 omiserit,
2959 2379 3260 2449 cnjusmodi
3294 2378 3487 2437 suntzl
3513 2378 3642 2433 Cor.
3671 2394 3752 2446 ιχ,

502 2484 570 2548 9;
603 2483 851 2551 iCor.'x,
879 2484 900 2536 l
939 2492 992 2537 et
1021 2497 1213 2552 seqq.;
1246 2482 1423 2537 Galat.
1457 2498 1534 2548 tv,
1566 2482 1629 2536 2i
1662 2490 1715 2537 et
1743 2496 1933 2550 seqq.;
1968 2480 2165 2550 Ephes.
2190 2495 2242 2543 v,
2265 2478 2327 2533 5|
2355 2495 2371 2544 ;
2405 2477 2613 2532 Coloss.
2641 2492 2701 2540 ιι,
2725 2476 2811 2542 l6,
2836 2477 2933 2541 i7;
2965 2474 3128 2529 Hebr.
3157 2490 3272 2539 vin,
3298 2474 3363 2540 5;
3401 2474 3528 2528 item
3554 2488 3675 2542 cap.
3696 2486 3754 2537 x,

507 2580 560 2641 1,
592 2588 644 2632 el
673 2594 788 2647 cap,
823 2594 899 2641 Ix,
928 2577 950 2631 l
987 2587 1041 2633 et
1066 2592 1217 2648 seqq.
1262 2576 1394 2631 Vide
1420 2575 1514 2630 lib.
1539 2590 1592 2628 tv
1624 2574 1699 2629 De
1725 2573 2025 2643 principiis,
2059 2588 2208 2627 num.
2238 2571 2303 2625 l2
2328 2582 2383 2626 ct
2406 2572 2495 2633 l3.
2526 2581 2581 2625 et
2610 2570 2706 2624 lib.
2730 2585 2783 2623 tv
2816 2577 2999 2623 contra
3031 2567 3257 2622 Celsum.

576 2674 981 2740 Scripturarum
1020 2672 1327 2727 auctoritati
1361 2671 1748 2726 auctoritatem
1796 2666 2189 2723 ecclesiastica:
2223 2666 2534 2720 traditionis
2575 2664 2843 2734 adjungit,
2876 2671 2929 2716 et
2976 2673 3257 2731 postquam
3290 2659 3387 2715 lib.
3414 2674 3465 2712 tv
3504 2657 3577 2711 De
3603 2656 3753 2727 prin-

505 2771 679 2840 cipiis.
718 2786 843 2824 nttm
867 2769 923 2836 8,
956 2772 1362 2825 demonstrasse
1396 2766 1499 2821 sibi
1530 2766 1679 2820 visus
1710 2763 2105 2820 estlitteralem
2156 2776 2373 2816 sensum
2424 2760 2756 2814 inlinitormn
2794 2773 3043 2813 errorum
3083 2770 3300 2811 causam
3332 2754 3631 2815 exstitisse,
3668 2753 3753 2806 sic

511 2863 751 2932 loquitur
780 2880 930 2917 num.
955 2864 988 2919 9
1015 2880 1027 2917 :
1058 2880 1076 2913 ι
1104 2861 1446 2931 Quapropter
1475 2860 1541 2914 iis
1565 2860 1655 2929 qui
1682 2873 2004 2930 persuasum
2036 2857 2237 2911 habent
2281 2869 2469 2909 saeros
2500 2853 2662 2907 libros
2691 2869 2795 2905 non
2834 2850 3114 2906 hominum
3148 2863 3268 2903 esse
3302 2845 3750 2907 commentarios,

509 2961 602 3017 seti
634 2963 803 3015 sancti
845 2958 1081 3030 Spiritus
1115 2959 1319 3025 alllatu,
1375 2959 1655 3013 voluntate
1688 2957 1783 3011 Dei
1821 2956 2063 3027 parentis
2091 2955 2469 3009 universorum
2507 2967 2601 3018 per
2631 2948 2814 3004 Jesum
2848 2948 3127 3002 Christum
3176 2949 3412 3013 scriptos
3462 2957 3582 2997 esse
3608 2951 3661 2995 et
3687 2942 3759 2994 ad

511 3072 610 3111 nos
635 3059 969 3126 pervenisse,
1001 3070 1105 3125 qua
1141 3056 1220 3108 via
1252 3055 1303 3108 in
1335 3070 1519 3109 eorum
1551 3054 1781 3109 lectione
1817 3052 2171 3105 insiStendnm
2204 3062 2327 3104 esse
2358 3047 2511 3102 nobis
2541 3048 2807 3109 videatur,
2862 3043 3104 3096 indicare
3150 3038 3495 3101 conabimur,
3541 3044 3760 3090 servata

511 3152 751 3208 caelestis
798 3156 1092 3206 secundum
1140 3150 1542 3205 successionem
1592 3147 1957 3218 apostolorum
2007 3144 2265 3200 Ecclesiae
2296 3142 2423 3197 Jesu
2458 3141 2664 3196 Christi
2716 3137 2924 3207 regula.
2985 3136 3049 3189 Et
3088 3150 3205 3191 esse
3251 3132 3466 3201 quidem
3501 3128 3759 3199 mystieas

510 3249 769 3314 quasdam
817 3247 1248 3316 dispensationes
1281 3260 1415 3315 quas
1460 3243 1660 3299 divina:
1697 3242 1999 3311 Scriptura:
2033 3241 2293 3303 indicant,
2344 3240 2507 3291 etiam
2540 3236 2899 3305 simpliciores
2936 3232 3169 3287 fidelium
3217 3228 3477 3290 credunt;
3514 3238 3759 3293 quteuam

514 3359 643 3399 vero
674 3346 758 3399 lue
786 3345 916 3409 sint,
968 3343 1178 3399 cordati
1205 3352 1259 3397 et
1283 3341 1514 3396 modesti
1553 3341 1766 3395 nescire
1795 3356 1854 3394 se
1886 3339 2144 3393 fatentur.
2176 3355 2193 3388 ι
2258 3334 2402 3390 Nihil
2437 3335 2521 3389 his
2556 3333 2737 3387 verbis
2766 3331 3097 3385 accuratius.
3154 3322 3420 3381 Generale
3450 3319 3577 3373 illud
3609 3315 3756 3385 priu-

513 3440 738 3505 cipium,
785 3441 926 3509 quod
958 3439 1223 3509 mysticus
1248 3439 1298 3492 in
1332 3438 1516 3492 Veteri
1543 3436 1893 3490 Testamento
1924 3449 2121 3488 sensus
2152 3432 2325 3501 ponit,
2377 3429 2688 3499 apostolit-ae
2721 3425 2980 3479 doctrina:
3009 3436 3134 3491 pars
3164 3429 3244 3472 est
3276 3426 3330 3469 et
3360 3413 3561 3468 veritas
3585 3418 3755 3473 certa,

515 3549 640 3606 qua:
671 3535 976 3589 ministerio
1022 3544 1299 3602 pastorum
1352 3533 1417 3586 ad
1452 3514 1550 3586 nos
1586 3546 1757 3599 usque
1792 3530 2061 3600 pervenit.
2121 3526 2227 3582 Sed
2258 3526 2482 3596 quinam
2512 3531 2641 3579 sunt
2682 3518 2994 3591 singulatim
3027 3529 3220 3571 sensus
3247 3511 3323 3567 illi
3357 3504 3760 3606 mystici‘lAQua.

519 3631 603 3685 via
644 3631 721 3685 illi
765 3646 903 3700 quos
934 3629 1171 3701 Spiritus
1202 3638 1423 3684 sanctus
1455 3628 1558 3683 sibi
1604 3626 1912 3698 proposuit,
1965 3624 2353 3679 discernuntur
2402 3620 2471 3674 ab
2517 3620 2584 3673 iis
2613 3631 2749 3687 quos
2780 3614 2895 3670 sola
2935 3611 3103 3682 gignit
3148 3603 3503 3701 imaginandi
3528 3600 3608 3653 vis
3625 3598 3673 3701 ‘2'“
3706 3596 3761 3700 id

519 3742 744 3796 prorsus
775 3737 860 3782 est
904 3738 1057 3782 extra
1087 3726 1287 3781 limites
1318 3725 1646 3788 traditionis,
1681 3734 1736 3779 et
1764 3724 2006 3777 laborem
2036 3728 2188 3775 creat
2234 3717 2317 3770 vel
2351 3716 2483 3779 ipsis
2511 3711 2858 3784 peritioribus
2889 3703 3332 3773 iusuperabilem,
3383 3705 3441 3751 ut
3490 3695 3606 3762 ipse
3635 3691 3761 3744 Ori-

520 3838 685 3892 genes
711 3822 932 3876 fatetur.
969 3821 1108 3876 lliue
1144 3835 1368 3889 perraro
1413 3820 1480 3873 ad
1525 3818 1823 3887 Scriptura:
1853 3815 2265 3881 traditionisque
2296 3810 2677 3865 auctoritatem
2708 3803 2958 3866 recurrit,
2997 3801 3157 3866 idque
3183 3804 3418 3854 tantum,
3448 3800 3771 3892 eumgene-

524 3919 680 3971 ratitn
726 3932 922 3971 sensus
965 3915 1242 3985 allegoriei
1278 3918 1480 3969 veritas
1525 3922 1608 3966 est
1639 3909 2037 3965 constituenda.
2101 3906 2330 3972 Quando
2364 3912 2544 3956 autem
2579 3901 2646 3954 ad
2694 3896 3049 3966 Singularium
3094 3892 3332 3944 locormn
3368 3882 3768 3985 diseussiottent

524 4010 691 4075 venit,
744 4007 1002 4062 continuo
1032 4006 1235 4077 profert
1261 4004 1413 4069 illud,
1474 4003 1529 4058 in
1559 4016 1668 4072 quo
1696 4008 1976 4069 tantopere
2003 3996 2107 4051 sibi
2140 4010 2175 4049 ei

2127 3970 2464 4063 “cumplacet,
2516 4004 2547 4044 e
2584 3988 2780 4042 littera:
2809 3981 3139 4039 falsilatibus
3167 3987 3221 4032 et
3247 3970 3768 4033 contradictionibus

523 4105 745 4157 ductum
794 4064 1195 4171 argumentum.
1243 4099 1343 4155 Ubi
1379 4097 1546 4154 semel
1582 4094 1792 4151 tantilla
1839 4094 2017 4148 oritur
2067 4088 2373 4154 dillieultas,
2423 4084 2682 4149 continuo
2736 4078 3026 4134 litteralem
3078 4088 3298 4129 sensum
3348 4068 3575 4171 deserit,
3634 4073 3689 4119 et
3713 4064 3770 4170 in

527 4197 795 4264 allegoria:
825 4197 1030 4265 eampis
1054 4206 1339 4266 evagatur,
1369 4194 1444 4247 uti
1477 4201 1621 4262 patet
1646 4206 1678 4246 e
1708 4187 2036 4246 testimoniis
2062 4185 2296 4241 articulo
2321 4192 2515 4254 quarto
2547 4178 2746 4234 allatis.
2789 4175 2916 4230 Haec
2953 4182 3060 4237 est,
3091 4179 3149 4225 ιιι
3180 4170 3253 4223 ita
3282 4159 3766 4266 (licatn,n0rigettis

529 4290 853 4345 translatitia
882 4254 1077 4355 clavis,
1124 4254 1370 4357 tantique
1417 4286 1544 4342 fecit
1582 4297 1738 4340 suum
1790 4282 1922 4337 illud
1958 4280 2317 4352 paradoxum,
2351 4287 2408 4329 ut
2439 4273 2507 4329 ad
2552 4272 2680 4326 illud
2711 4270 2824 4323 fere
2873 4280 3089 4321 onmem
3116 4258 3449 4317 elucidandm
3474 4254 3775 4357 Scriptura»

525 4395 699 4440 artem
738 4396 977 4440 revocet.
1015 4384 1153 4440 Hine
1186 4342 1410 4439 tot.fere
1453 4382 1506 4437 in
1534 4379 1705 4444 Novo,
1735 4386 1867 4447 quot
1908 4342 1974 4432 in.
2004 4375 2179 4432 Veteri
2223 4376 2599 4431 Testamento,
2636 4364 2893 4435 mysticus
2923 4374 3119 4415 sensus
3152 4354 3438 4447 ponebat._
3469 4348 3606 4414 Quis
3642 4342 3767 4447 inli—

525 4480 642 4535 eias
670 4481 791 4535 ierit
824 4479 937 4535 suis
983 4495 1199 4549 quoque
1230 4475 1640 4531 diﬂicultatibus
1667 4442 1933 4542 implicari
1963 4469 2170 4523 Novum
2200 4459 2650 4520 Testamentum?
2692 4457 2886 4512 Multas
2918 4457 2973 4507 in
3014 4465 3093 4549 eo
3121 4447 3319 4518 reperit
3349 4442 3779 4549 Origenes-nimo

527 4572 712 4642 plures
740 4588 902 4642 quam
938 4524 1076 4626 allus
1107 4524 1358 4640 quilibet,
1391 4566 1631 4637 reperire
1662 4524 1867 4619 debuit.
1936 4559 2045 4617 Sed
2073 4559 2178 4614 dolt

2123 4559 2300 4614 )leuda
2336 4569 2563 4626 prorsus
2601 4566 2719 4607 sors
2754 4547 2966 4603 illorum
3012 4543 3255 4596 locorum
3286 4544 3392 4596 est,
3420 4543 3556 4599 quos
3591 4529 3657 4642 a‘d
3689 4524 3774 4578 lit-

531 4621 701 4724 ἵει-ειη
737 4621 1002 4737 probabili
1033 4621 1300 4721 solutione
1336 4621 1683 4732 interpretari
1733 4675 1837 4714 non
1866 4665 2079 4728 poterat
2114 4672 2129 4709 :
2173 4669 2295 4709 nam
2323 4648 2612 4707 confestim
2642 4645 2808 4702 solito
2853 4656 2973 4697 sese
3009 4634 3241 4691 includit
3268 4621 3690 4700 propugnaculo.
3720 4626 3777 4674 ει

526 4766 814 4836 repudiato
845 4762 1062 4819 litterali
1093 4776 1256 4817 sensu
1293 4758 1640 4815 arbitrariam
1674 4756 1833 4810 nobis
1861 4762 1916 4808 et
1948 4766 2091 4822 saepe
2119 4747 2541 4805 insnlsissimam
2578 4739 2895 4811 allegoriam
2925 4730 3188 4836 obtrudit.
3229 4819 3266 4836 η
3306 4818 3316 4836 ¹
3357 4818 3369 4829 .
3408 4816 3420 4828 .
3534 4812 3569 4836 ι.
3615 4811 3651 4836 μ

599 4812 898 4915 lPlurimum
929 4871 1109 4913 tamen
1144 4856 1194 4913 ei
1226 4857 1327 4911 hoc
1357 4854 1576 4910 nomine
1615 4852 1864 4908 debetur.
1894 4850 2037 4917 quod
2069 4846 2478 4915 Scripturarum
2506 4848 2820 4895 nostrarum
2850 4826 3140 4899 allegorias
3167 4839 3197 4876 a
3226 4818 3371 4920 Celsi
3408 4812 3779 4920 insultatiunt-

530 4957 634 5009 bus
666 4955 980 5010 vindiearit.
1027 4953 1229 5008 Contra
1258 4948 1545 5005 historiam
1575 4946 1774 5018 Moysis
1801 4942 2179 4999 deblaterabat
2205 4939 2505 5008 Epicureus
2536 4934 2647 4997 ille,
2680 4944 2779 4984 nec
2813 4925 2922 4998 pali
2954 4926 3167 5019 Ροιθτξδί
3211 4926 3274 5019 υξ
3299 4912 3783 5019 θμῗῧίξνίθῗξξξῖ

535 5061 778 5114 ncretur,
810 5059 864 5105 et
894 5050 1032 5105 alius
1057 5064 1217 5118 quam
1249 5044 1498 5100 litterulis
1530 5043 1580 5096 in
1607 5057 1670 5097 ea
1702 5054 1896 5096 sensus
1924 5045 2281 5109 quaereretur.
2321 5033 2467 5088 Idem
2495 5030 2561 5084 de
2592 5024 2819 5093 reliquis
2857 5014 3159 5118 Scriplu'zif
3198 5006 3513 5118 em'uelbju

1300 5137 1533 5208 Origene
1568 5135 1708 5189 libro
1733 5142 1916 5187 contra
1942 5099 2162 5186 .Celsum
2189 5135 2406 5197 quarto,
2436 5138 2585 5178 num.
2610 5119 2703 5185 48,
2728 5117 2797 5171 49
2821 5124 2878 5169 et
2900 5112 2990 5176 50,
3017 5119 3073 5164 et
3100 5107 3193 5161 lib.
3217 5120 3257 5168 ι,
3293 5119 3347 5157 ιι.
3380 5099 3468 5154 18.

638 5258 832 5313 Αιιτιο.
856 5255 947 5312 Vl.
989 5270 1411 5318 DIFFICILLIIUI,
1442 5269 1507 5307 NE
1535 5266 1697 5307 olent
1725 5263 2070 5306 IIPOSSIBILE.
2104 5259 2289 5299 uvs'rtc

2041 5263 2070 5306 ι.
2104 5258 2380 5307 ιιῑδτιεοε,
2412 5255 2542 5304 QUOS
2574 5250 2867 5294 SCRIPTURA
2897 5240 3307 5287 εοιιριεετιτυιι
3335 5231 3521 5274 SENSUS
3545 5226 3692 5267 IN\'E-

2044 5331 2291 5371 STIGABE.

612 5442 737 5498 Haec
772 5443 973 5497 veritas
1001 5441 1256 5512 Urigenis
1309 5441 1549 5494 animum
1591 5436 1748 5492 valde
1798 5436 2013 5488 videtur
2062 5432 2329 5487 alfecisse.
2376 5428 2483 5482 ιΕι
2517 5440 2640 5479 esse
2669 5421 2881 5493 quidem
2933 5415 3133 5512 (inquit
3159 5411 3251 5512 lib.
3276 5421 3329 5512 tv
3367 5403 3442 5507 Pe
3489 5401 3782 5512 pt‘:tt.cilnil:,

540 5549 691 5589 num.
718 5533 773 5603 9)
814 5532 1073 5602 mysticus
1100 5491 1384 5600 unasdam
1414 5527 1847 5598 dispensationes
1893 5540 2029 5594 quas
2062 5521 2259 5577 divina:
2288 5519 2583 5588 Scriptura:
2634 5512 2895 5572 iudicant,
2955 5509 3117 5562 etiam
3156 5495 3516 5603 simpliciores
3548 5491 3783 5603 ﬁdelium

543 5629 773 5682 credunt
799 5645 813 5693 ;
843 5641 1092 5697 quamam
1126 5640 1254 5680 vero
1283 5624 1386 5679 illae
1420 5624 1547 5687 sint,
1580 5622 1790 5678 cordati
1832 5630 1885 5675 et
1918 5618 2149 5675 modesti
2180 5616 2388 5673 nescire
2420 5630 2478 5670 se
2510 5612 2768 5666 fatentur.
2814 5608 2993 5674 Quare
3022 5602 3064 5656 sl
3101 5596 3220 5667 quis
3249 5592 3553 5648 sriscttetur
3576 5589 3641 5644 dc
3663 5602 3789 5643 cou-

688 5768 729 5799 "‘
760 5766 911 5822 lusu.
954 5783 999 5832 γ,
1034 5765 1098 5818 59
