4180 6216
503 243 576 298 9.5
1775 238 2146 296 PREFATIO
2176 241 2269 295 AD
2311 238 2475 296 ΤΟΜ.
2519 239 2583 294 ll.
3691 244 3766 297 26

506 375 699 431 gressu
748 356 844 413 Lot
884 371 1003 412 cum
1054 356 1288 420 ﬁliabus,
1321 356 1387 409 de
1439 356 1650 412 duabus
1679 358 1942 411 uxoribus
1990 358 2287 421 Abraham,
2338 359 2403 411 de
2436 357 2650 411 duabus
2678 356 2958 412 sororibus
3001 374 3119 427 qua:
3144 368 3443 429 nupserunt
3475 356 3661 421 Jacob,
3690 361 3759 411 de

509 456 723 510 duabus
752 452 961 508 anciliis
988 468 1111 522 quae
1163 467 1231 508 ex
1262 451 1379 520 ipso
1426 461 1779 521 pepererunt,
1808 451 1944 504 nihil
1977 450 2123 502 aliud
2156 451 2559 518 respondebunt
2604 464 2765 518 quam
2798 457 3049 519 mysteria
3082 453 3197 507 haec
3233 468 3356 509 esse
3392 468 3421 507 a
3457 453 3612 507 nobis
3644 468 3757 507 non

514 551 799 606 intellecta.
859 549 964 602 Sed
1011 557 1068 603 et
1114 545 1446 601 tabernaculi
1482 546 1744 600 fabricam
1791 561 1913 600 cum
1964 545 2169 613 legunt,
2203 546 2489 599 credentes
2519 560 2641 613 qua:
2690 543 2888 612 scripta
2919 552 3045 596 sunt
3073 560 3192 599 esse
3223 546 3442 615 ﬁguras,
3502 556 3755 615 quaerunt

511 659 628 713 qua:
660 643 867 712 possint
894 642 960 695 ad
991 640 1232 710 singulas
1264 640 1595 695 tabernaculi
1629 651 1812 710 partes
1846 639 2274 693 accommodare.
2317 637 2500 707 Neque
2529 652 2660 692 vero
2699 638 2751 691 in
2784 652 2850 692 eo
2882 638 3025 707 quod
3061 638 3291 692 credunt
3319 640 3393 693 rei
3429 640 3659 709 alicujus
3693 642 3759 693 li-

510 754 688 806 guram
735 752 860 793 esse
892 736 1324 799 tabernaculum,
1377 735 1658 800 falluntur,
1694 735 1787 790 sed
1820 751 1943 790 cum
1974 735 2237 789 rationem
2270 734 2414 789 illius
2449 733 2601 803 cujus
2636 745 2794 806 typus
2824 745 2907 789 est
2958 734 3390 799 tabernaculum,
3423 746 3586 790 certa:
3633 738 3751 791 cui-

508 835 642 902 piam
676 834 779 897 rei,
810 843 969 902 prout
999 831 1239 902 postulat
1274 830 1569 901 Scriptura:
1598 831 1851 903 dignitas,
1879 842 2065 900 aptare
2100 831 2309 895 volunt,
2340 830 2625 900 aliquando
2653 834 2908 885 aberrant
2932 870 2948 894 ,
2992 840 3049 884 et
3074 845 3291 884 omnem
3317 830 3533 899 quidem
3564 847 3755 884 narra-

510 929 706 981 tionem
738 942 857 995 qua:
903 925 987 981 vel
1016 926 1225 995 nuptias
1270 936 1517 994 spectare
1545 926 1779 990 videtur,
1824 924 1908 979 vel
1935 924 2224 979 liberorum
2256 925 2712 993 procreationem,
2744 923 2826 976 vel
2856 923 3018 990 bella,
3070 934 3161 975 aut
3209 922 3342 975 alias
3370 922 3638 990 quaslibet
3670 923 3753 974 hi-

505 1021 703 1074 storias
730 1034 851 1089 qua:
879 1019 1038 1089 vulgo
1064 1018 1405 1073 circumferri
1436 1028 1682 1089 possunt,
1711 1019 1906 1090 ﬁguras
1937 1031 2056 1071 esse
2101 1016 2413 1083 declarant;
2457 1017 2551 1071 sed
2587 1032 2816 1086 quarum
2862 1031 3048 1070 rerum
3081 1014 3266 1083 ﬁgura:
3302 1013 3433 1077 sint,
3483 1012 3752 1065 interdum

508 1122 729 1181 propter
760 1112 1006 1166 habitum
1048 1127 1153 1165 non
1206 1110 1344 1163 bene
1377 1111 1761 1180 compositum,
1812 1106 2102 1176 aliquando
2150 1114 2372 1175 propter
2423 1106 2808 1169 temeritatem,
2857 1106 3186 1175 quandoque
3223 1106 3387 1159 etiam
3423 1104 3563 1172 quod
3593 1116 3753 1167 supra

510 1207 729 1259 modum
761 1203 1074 1258 hominibus
1098 1202 1316 1257 difﬁcile
1338 1204 1409 1256 sit
1441 1219 1528 1257 res
1557 1202 1816 1267 ejusmodi
1845 1200 2152 1269 explorare,
2179 1197 2573 1266 quantumlibet
2604 1198 2724 1266 quis
2751 1199 3085 1251 exercitatus
3110 1208 3164 1251 et
3195 1196 3481 1264 perspicax
3510 1192 3605 1258 sit,
3645 1205 3751 1243 nou

506 1297 577 1350 ita
627 1296 910 1350 evidenter
944 1301 1187 1363 apparet,
1222 1308 1321 1347 nec
1353 1293 1690 1361 singulorum
1734 1291 1870 1344 ratio
1903 1289 2083 1341 afferri
2117 1295 2311 1357 potest.
2339 1306 2357 1338 ι
2396 1285 2654 1340 Eamdem
2686 1302 2880 1341 sensus
2926 1287 3183 1355 mySticos
3216 1282 3577 1351 investigandi
3608 1277 3753 1333 diﬁi-

502 1390 755 1442 cultatem
790 1387 1107 1456 pr0phetiis,
1138 1386 1465 1453 Evangeliis,
1499 1386 1752 1438 omnibus
1784 1384 2016 1451 denique
2045 1380 2175 1435 Novi
2209 1381 2545 1436 Testamenti
2574 1380 2875 1450 Scripturis
2906 1382 3084 1435 inesse
3117 1380 3314 1435 asserit
3343 1378 3585 1445 ejusdem
3616 1375 3740 1430 libri

502 1495 655 1533 num.
688 1479 769 1533 iO.
812 1478 928 1530 lmo
958 1478 1099 1529 infra
1128 1491 1276 1526 num.
1304 1473 1373 1526 26
1399 1472 1672 1525 aﬂirmare
1694 1487 1799 1526 non
1836 1471 2049 1526 dubitat
2080 1473 2357 1526 minimam
2396 1472 2773 1542 mysticorum,
2806 1488 2944 1541 quos
2972 1472 3253 1540 Scriptura
3287 1470 3469 1535 habet,
3496 1484 3752 1525 sensuum

502 1582 710 1638 partem
740 1569 961 1638 ipsimct
989 1565 1156 1618 Paulo
1186 1574 1519 1631 compertam
1552 1563 1735 1618 fuisse.
1796 1582 1815 1615 α
1842 1562 1896 1617 Si
1926 1565 2067 1633 quis,
2099 1565 2295 1633 inquit,
2342 1566 2592 1620 curiosus
2623 1566 3061 1633 explanationem
3102 1565 3439 1632 singulorum
3481 1562 3751 1631 requirat,

504 1662 687 1714 veniat
734 1668 789 1709 et
820 1654 1098 1708 nobiscum
1147 1654 1348 1722 pariter
1380 1652 1565 1707 audiat
1629 1655 1901 1721 quomodo
1947 1652 2149 1707 Paulus
2191 1653 2467 1720 apostolus
2520 1669 2614 1720 per
2648 1656 2913 1722 Spiritum
2940 1664 3188 1708 sanctum
3236 1654 3328 1722 qui
3379 1662 3753 1723 person-utatur

510 1751 675 1804 etiam
709 1744 971 1813 profunda
1006 1744 1118 1810 Dei,
1174 1744 1512 1798 altitudinem
1545 1742 1737 1796 divina:
1766 1744 2045 1813 sapientiae
2092 1759 2157 1798 ac
2190 1744 2434 1800 scientia:
2467 1755 2741 1811 scrutatis,
2794 1760 2895 1799 nec
2944 1754 3124 1800 tarneu
3154 1746 3221 1799 ad
3268 1744 3451 1807 linem,
3483 1752 3556 1807 et,
3589 1752 3648 1795 ut
3679 1743 3751 1796 ita

504 1838 758 1899 dixerim,
790 1838 856 1890 ad
889 1837 1126 1890 intimam
1156 1835 1518 1903 cognitionem
1549 1833 1850 1905 praevalens
1880 1835 2187 1903 pervenire,
2231 1836 2611 1905 desperatione
2644 1836 2720 1890 rei
2755 1845 2810 1891 et
2835 1847 3053 1905 stupore
3081 1838 3281 1891 clamat
3305 1845 3361 1889 et
3395 1834 3570 1890 dicit:
3596 1830 3641 1886 0
3671 1832 3749 1886 al-

505 1916 675 1982 titudo
710 1929 1012 1983 divitiarum
1058 1926 1324 1993 sapientia:
1357 1934 1407 1979 et
1445 1926 1678 1979 scientia:
1711 1925 1805 1977 Dei
1831 1924 1896 1977 ³¹.
1956 1923 2020 1977 Ει
2048 1927 2188 1992 quod
2217 1926 2598 1992 desperatione
2649 1925 2905 1993 perfectae
2942 1928 3443 1995 comprehensionis
3473 1927 3579 1981 hoc
3626 1940 3750 1994 pro-

502 2017 851 2079 nuntiaverit,
888 2017 1013 2070 audi
1044 2018 1216 2086 ipsum
1243 2018 1511 2070 dicentem
1553 2033 1565 2068 :
1609 2014 1781 2080 Quam
1808 2012 2172 2066 inscrutabilia
2202 2022 2325 2066 sunt
2352 2014 2564 2082 judicia
2592 2013 2710 2079 Dei,
2740 2024 2784 2066 et
2809 2030 2967 2083 quant
2998 2017 3378 2085 investigabiles
3412 2018 3509 2070 via:
3538 2017 3652 2084 ejus
3679 2016 3746 2071 ³’.

500 2108 619 2161 Non
654 2109 797 2161 enim
841 2108 994 2175 dicit,
1036 2108 1247 2162 diﬁieile
1274 2123 1430 2177 posse
1478 2107 1714 2162 scrutari
1740 2104 1945 2173 judicia
1980 2105 2097 2169 Dei,
2127 2108 2220 2161 sed
2253 2107 2477 2160 omnino
2509 2121 2612 2160 non
2648 2121 2841 2175 posse;
2889 2122 2987 2161 ucc
3017 2108 3156 2163 dixit
3187 2106 3402 2162 difﬁcile
3436 2108 3748 2176 investigari

494 2216 660 2271 posse
695 2203 813 2255 vias
852 2203 991 2269 ejus,
1035 2202 1130 2257 sed
1161 2217 1265 2255 non
1296 2216 1455 2270 posse
1500 2193 1839 2269 investigari.
1879 2200 2371 2269 Quantumcunque
2397 2199 2540 2253 enim
2576 2199 2702 2268 quis
2741 2200 2792 2253 in
2830 2201 3126 2254 scrutando
3148 2209 3463 2270 promoveat
3485 2208 3539 2253 et
3568 2199 3750 2252 studio

497 2295 791 2351 intentiore
840 2304 1181 2364 promoveat,
1225 2296 1396 2364 gratia
1430 2308 1647 2363 quoque
1688 2292 1781 2347 Dei
1815 2292 2051 2361 adjutus,
2089 2306 2360 2361 sensuque
2388 2291 2744 2355 illuminatus,
2774 2292 2840 2345 ad
2866 2292 3162 2360 perfectum
3196 2292 3354 2345 linem
3394 2307 3585 2346 eorum
3625 2307 3749 2359 quae

498 2387 869 2454 requiruntur,
915 2385 1199 2452 pervenire
1235 2400 1338 2438 non
1375 2384 1594 2452 poterit,
1627 2398 1723 2436 nec
1753 2382 1929 2437 omnis
1957 2397 2109 2437 mens
2135 2397 2258 2452 qua:
2288 2391 2471 2437 creata
2506 2391 2609 2450 εει,
2652 2384 2908 2452 possibile
2937 2382 3101 2437 habet
3127 2382 3235 2438 ullo
3268 2398 3466 2452 genere
3493 2400 3747 2451 compre-

497 2478 756 2541 hendere,
796 2480 888 2530 sed
912 2487 967 2529 ut
999 2475 1264 2529 invenerit
1305 2477 1548 2542 quaedam
1590 2487 1657 2526 ex
1685 2473 1771 2527 his
1794 2488 1913 2541 qua:
1936 2482 2273 2540 quaeruntur,
2310 2474 2503 2527 iterum
2530 2474 2674 2527 videt
2703 2475 2806 2528 alia
2839 2490 2959 2543 qua:
2989 2473 3281 2544 qtnerenda
3312 2485 3460 2529 sunt.
3501 2474 3656 2541 Quod
3690 2484 3744 2528 ct

498 2569 544 2621 si
571 2567 636 2620 ad
668 2567 781 2637 ipsa
818 2566 1160 2634 pervenerit,
1194 2566 1362 2619 multo
1393 2567 1588 2618 iterum
1618 2565 1769 2635 plura
1797 2581 1865 2620 ex
1897 2563 2003 2618 iiiis
2032 2579 2153 2633 qua:
2185 2565 2351 2633 quaeri
2377 2565 2633 2629 debeant,
2664 2567 2993 2636 pervidebit.
3024 2587 3044 2620 ι
3083 2567 3485 2622 Commentario
3509 2568 3562 2620 in
3603 2567 3747 2637 psal-

499 2675 646 2711 mum
676 2659 932 2727 primum,
967 2673 1089 2726 pag.
1115 2655 1221 2711 526
1244 2667 1297 2711 et
1331 2656 1458 2719 527,
1486 2656 1869 2710 documentum
1901 2654 2002 2710 sibi
2029 2654 2099 2709 ab
2131 2653 2357 2710 Hebraeo
2388 2656 2646 2710 traditum
2682 2656 2849 2711 refert
2872 2667 2929 2712 et
2973 2657 3045 2711 ita
3076 2658 3270 2727 probat
3299 2667 3356 2710 ut
3387 2674 3493 2712 non
3523 2657 3744 2711 aliunde

498 2751 669 2818 magis
700 2749 899 2818 liqueat
926 2749 1054 2817 quid
1077 2749 1143 2803 de
1174 2749 1455 2817 Scriptura
1492 2764 1645 2802 sacra
1693 2748 1923 2817 ipsemet
1955 2747 2149 2804 sentire

2093 2758 2183 2801 iret
2211 2769 2222 2803 :
2254 2766 2272 2798 ι
2302 2747 2814 2814 Ρταξοιθτίδεὶιηυιη,
2845 2749 3039 2819 inquit,
3070 2752 3454 2806 documentum
3492 2752 3650 2806 nobis
3676 2753 3744 2806 ab

496 2844 724 2899 Ilebrato
752 2843 816 2897 de
842 2842 991 2898 omni
1027 2843 1302 2913 Scriptura
1358 2841 1619 2895 traditum
1651 2856 2018 2911 proponemus
2064 2858 2079 2895 :
2123 2841 2339 2896 dicebat
2383 2843 2528 2895 enim
2578 2843 2666 2897 ille
2706 2842 2939 2898 similem
2968 2858 3086 2898 esse
3118 2842 3455 2913 Scripturam
3482 2843 3746 2900 divinitus

497 2936 733 2992 albatam
765 2948 987 3008 propter
1016 2938 1403 2992 obscuritatem
1436 2952 1556 3006 quae
1585 2937 1638 2990 in
1666 2952 1727 2991 ea
1756 2945 1863 3001 est,
1899 2936 2087 2990 multis
2116 2936 2403 2992 domiciliis
2434 2952 2542 2992 uno
2589 2938 2821 2992 aediﬁcio
2856 2936 3165 3007 conclusis;
3196 2938 3486 3007 unicuique
3520 2937 3745 3001 domici-

493 3034 566 3085 tio
601 3031 909 3099 appositam
962 3029 1158 3084 clavim
1213 3046 1321 3083 non
1356 3029 1454 3098 ipsi
1486 3028 1924 3093 convenientem,
1961 3030 2147 3097 sicque
2176 3029 2468 3095 dissipatas
2515 3045 2635 3084 esse
2667 3030 2850 3083 claves
2896 3043 2994 3097 per
3028 3028 3326 3095 domicilia,
3365 3044 3469 3082 non
3524 3043 3744 3096 respon-

492 3126 685 3177 dentes
734 3120 979 3190 singulas
1013 3121 1081 3176 iis
1113 3121 1401 3175 domiciliis
1433 3122 1629 3190 quibus
1664 3121 1925 3189 apposita:
1953 3131 2078 3175 sunt
2124 3141 2137 3176 :
2180 3138 2316 3191 opus
2348 3137 2479 3175 vero
2514 3123 2671 3191 longe
2704 3121 3080 3176 dilﬁcillimum
3111 3135 3234 3177 esse
3267 3122 3509 3177 invenire
3536 3121 3742 3183 claves,

492 3226 548 3268 et
574 3229 669 3267 eas
718 3214 869 3268 cellis
914 3221 1125 3283 aptare,
1173 3229 1309 3282 quas
1334 3215 1549 3282 aperire
1583 3222 1844 3280 possunt:
1871 3215 2050 3283 itaque
2075 3216 2236 3269 etiam
2271 3213 2581 3283 Scripturas
2612 3214 2893 3267 abstrusas
2949 3215 3165 3282 quidem
3203 3214 3325 3268 illas
3355 3213 3604 3280 intelligi.
3638 3228 3742 3265 nou

496 3305 711 3358 aliunde
736 3308 964 3372 sumptis
998 3320 1160 3374 quam
1194 3306 1262 3358 ab
1292 3305 1424 3371 ipsis
1471 3304 1706 3358 invicem
1743 3304 2079 3373 argumentis
2111 3304 2495 3373 intelligentite,
2530 3320 2649 3373 qua:
2685 3304 2736 3357 in
2772 3318 2833 3356 se
2870 3305 3071 3358 habent
3099 3304 3399 3373 dispersam
3437 3295 3741 3371 exponendi

499 3394 784 3448 rationem.
816 3415 835 3447 ι
903 3395 1027 3449 llaec
1062 3397 1317 3463 mysticos
1344 3397 1637 3464 Scriptura:
1668 3412 1859 3451 sensus
1902 3400 2179 3452 scrutandi
2224 3398 2507 3453 difﬁcultas
2568 3399 2702 3451 adeo
2757 3398 3139 3465 insuperabilis
3165 3398 3382 3466 Origeni
3432 3398 3743 3456 videbatur,

496 3498 557 3543 ut
592 3502 703 3543 sua:
747 3502 813 3543 ea
849 3488 915 3540 de
959 3502 1016 3541 re
1063 3489 1347 3541 sententiae
1392 3490 1615 3541 omnino
1645 3497 2064 3543 consentaneam
2098 3490 2288 3559 agendi
2318 3492 2580 3544 rationem
2632 3489 2903 3543 habuerit.
2946 3489 3205 3556 Quamvis
3238 3489 3436 3558 ubique
3487 3488 3741 3560 mysteria

495 3588 870 3642 consectetur,
922 3577 1093 3632 libere
1138 3588 1312 3630 tamen
1346 3592 1497 3630 suam
1533 3591 1596 3630 ea
1646 3577 1698 3629 in
1751 3593 1808 3631 re
1851 3579 2139 3633 conﬁtetur
2183 3580 2531 3647 imperitiam,
2567 3590 2622 3635 et
2652 3581 2696 3635 si
2737 3597 2873 3648 quos
2909 3582 3181 3635 detexisse
3207 3596 3266 3635 se
3301 3591 3451 3649 putat
3480 3583 3743 3651 ntysticos

493 3685 707 3735 sensus,
746 3684 839 3724 eos
866 3683 1082 3737 semper
1111 3683 1233 3721 cum
1261 3683 1451 3737 magna
1484 3667 1648 3720 animi
1678 3669 1761 3721 sui
1794 3668 2063 3722 modestia
2095 3670 2147 3722 in
2185 3668 2358 3723 lucem
2387 3672 2612 3738 profert.
2678 3671 2908 3724 Humilia
2937 3673 3124 3739 quinta
3171 3672 3224 3724 in
3247 3670 3527 3736 Genesim,
3558 3674 3645 3727 ubi
3676 3674 3743 3726 de

494 3761 686 3832 ﬁguris
721 3773 856 3828 quas
907 3760 1104 3812 veteris
1134 3759 1269 3826 legis
1314 3758 1579 3812 sacriﬁcia
1612 3759 1989 3827 continebant,
2039 3776 2344 3816 sermonem
2396 3763 2575 3827 habet,
2627 3778 2720 3817 eas
2768 3779 2930 3832 supra
2971 3763 3385 3832 intelligentiam
3417 3778 3572 3817 suam
3619 3779 3743 3819 esse

490 3852 717 3907 mmdide
768 3848 991 3903 fatetur.
1062 3867 1079 3899 ι
1106 3849 1221 3904 Νοη
1257 3858 1457 3909 autem,
1495 3849 1692 3917 inquit,
1728 3851 1919 3906 dubito
1948 3852 2116 3906 tnulta
2149 3867 2271 3907 esse
2320 3866 2440 3921 quae
2468 3868 2566 3908 nos
2596 3853 2785 3918 latent,
2819 3865 2873 3908 et
2902 3871 3123 3910 sensum
3155 3865 3406 3910 nostrum
3456 3867 3738 3925 superant.

490 3946 608 4002 Non
643 3947 788 4001 enim
838 3959 1024 4000 sumus
1058 3942 1201 3996 illius
1236 3942 1413 3995 meriti
1462 3950 1522 3995 ut
1556 3942 1825 4010 possimus
1857 3944 2038 3999 dicere
2075 3962 2091 4000 :
2124 3943 2237 3999 Nos
2271 3955 2449 3998 autem
2491 3962 2700 4000 sensum
2727 3945 2928 4002 Citriin
2957 3948 3205 4003 habemus
3227 3949 3294 4006 ³⁸.
3321 3988 3334 4003 .
3356 3989 3371 4004 .
3416 3950 3548 4004 Eam
3578 3966 3739 4020 quam

490 4048 635 4089 nunc
661 4035 896 4089 diximus
924 4031 1056 4101 legis
1087 4030 1322 4085 animam
1372 4029 1736 4099 requiramus,
1768 4043 2029 4101 quantum
2075 4034 2140 4088 ad
2170 4048 2409 4102 prtesens
2438 4044 2650 4104 tempus
2684 4047 2917 4105 speetat.
2977 4038 3173 4094 Nescio
3206 4049 3387 4096 autem
3438 4043 3483 4099 si
3519 4059 3737 4113 possum

489 4126 653 4179 etiam
682 4124 749 4179 ad
777 4124 1026 4193 spiritum
1057 4118 1174 4187 ejus
1206 4122 1504 4177 ascendere
1532 4123 1585 4175 in
1617 4122 1700 4176 bis
1737 4138 1856 4192 qua:
1893 4125 1960 4178 de
1990 4124 2274 4181 sacriﬁciis
2320 4127 2456 4181 lecta
2489 4138 2636 4181 sunt.
2669 4146 2689 4179 ›
2735 4128 2988 4196 Maiorem
3025 4131 3202 4187 adhuc
3250 4149 3360 4202 prae
3389 4150 3447 4189 se
3476 4136 3583 4192 fert
3618 4137 3739 4190 ani-

489 4217 566 4269 mi
600 4214 920 4270 modestiam
957 4214 1176 4268 bomiiia
1207 4213 1489 4267 undecima
1538 4214 1591 4267 in
1648 4213 1939 4279 Numeros,
1976 4216 2065 4269 ubi
2102 4217 2177 4269 ait
2222 4233 2237 4271 :
2295 4236 2314 4268 ι
2341 4216 2404 4270 Et
2438 4219 2483 4272 si
2531 4234 2774 4274 mererer
2801 4235 2901 4289 ego
2932 4221 3088 4277 hodie
3131 4239 3384 4294 magnum
3416 4226 3650 4297 aliquem
3683 4236 3739 4280 ct

488 4323 700 4362 summo
732 4306 987 4378 pontiﬁce
1013 4306 1234 4374 dignum
1270 4320 1490 4359 sensqu
1524 4304 1790 4374 proferre,
1841 4307 1913 4360 ita
1944 4316 2003 4360 ut
2027 4322 2095 4361 ex
2125 4308 2191 4363 iis
2222 4311 2474 4366 omnibus
2499 4324 2620 4380 quae
2662 4310 2941 4381 loquimur
2969 4322 3024 4366 et
3054 4314 3329 4380 docemus,
3359 4327 3505 4372 esset
3537 4317 3737 4387 aliquid

486 4406 761 4474 egregium
796 4399 936 4471 quod
990 4413 1203 4455 summo
1232 4399 1505 4454 sacerdoti
1541 4399 1755 4467 placere
1799 4400 2036 4465 deberet,
2086 4412 2301 4471 poterat
2331 4404 2560 4460 fortasse
2593 4405 2706 4460 ﬁeri
2760 4416 2819 4460 ut
2848 4407 3070 4477 angelus
3101 4410 3194 4476 qui
3224 4423 3423 4479 prarest
3458 4412 3736 4480 Ecclesiae,

486 4514 555 4552 ex
582 4495 833 4550 omnibus
860 4493 1021 4547 dictis
1046 4489 1249 4546 nostris
1276 4490 1503 4559 eligeret
1533 4490 1757 4559 aliquid,
1795 4499 1847 4545 et
1878 4491 1996 4546 loco
2027 4494 2391 4561 primitia'rutn
2436 4496 2665 4550 Domino
2695 4497 2762 4551 de
2793 4497 2969 4565 agello
2996 4500 3177 4553 cordis
3210 4502 3316 4554 mei
3348 4500 3590 4560 offerret.
3628 4506 3736 4560 Sed

488 4605 590 4659 ego
622 4604 704 4643 me
736 4589 850 4644 scio
879 4603 985 4642 non
1025 4585 1244 4647 mereri,
1276 4598 1375 4639 nec
1406 4585 1658 4639 conscius
1684 4599 1802 4638 sum
1846 4584 2002 4652 mibi,
2047 4590 2190 4656 quod
2231 4590 2357 4644 talis
2401 4604 2595 4646 sensus
2627 4594 2936 4650 inveniatur
2966 4593 3020 4646 in
3078 4609 3162 4647 me
3203 4610 3363 4652 auem
3396 4598 3617 4667 dignum
3648 4600 3737 4670 ju-

488 4681 631 4734 dicet
662 4680 881 4748 angelus
912 4678 1004 4748 qui
1037 4693 1134 4732 nos
1166 4675 1388 4744 excolit,
1439 4674 1639 4731 offerre
1689 4689 1790 4744 pro
1822 4676 2079 4746 primitiis
2109 4678 2193 4732 vel
2227 4694 2325 4748 pro
2374 4681 2751 4752 primogenitis
2781 4688 3032 4743 Domino.
3072 4692 3250 4760 Atque
3285 4690 3491 4742 utinam
3535 4690 3643 4745 tale
3667 4691 3738 4745 sit

482 4771 633 4841 quod
667 4770 935 4840 loquimur
979 4778 1034 4823 et
1075 4770 1353 4832 docemus,
1386 4776 1444 4820 ut
1468 4781 1577 4821 non
1610 4781 1707 4836 pro
1735 4767 1913 4822 verbis
1942 4769 2142 4825 nostris
2170 4771 2523 4827 condemnari
2558 4790 2883 4836 mereamur.
2945 4778 3227 4835 Suﬁiceret
3273 4780 3432 4833 nobis
3467 4780 3582 4833 haec
3612 4796 3736 4849 gra-

484 4866 582 4916 tia.
613 4882 633 4914 ι
670 4861 936 4919 Przeterea
968 4863 1195 4933 insignis
1220 4877 1283 4916 ea
1317 4862 1384 4917 de
1410 4859 1646 4915 relocus
1668 4870 1848 4915 exstat
1882 4861 2099 4915 homilia
2136 4864 2309 4932 prima
2342 4866 2394 4918 in
2428 4866 2672 4923 Exodum
2705 4892 2716 4927 :
2747 4892 2765 4924 ι
2794 4871 2854 4927 Si
2889 4874 3046 4939 mihi,
3075 4875 3270 4945 inquit,
3312 4873 3572 4928 Dominus
3604 4889 3738 4929 cou-

480 4956 679 5011 ccdere
730 4954 1048 5025 dignaretur
1080 4954 1345 5025 spiritalis
1384 4952 1732 5022 agriculturae
1774 4953 2141 5022 disciplinam,
2180 4955 2223 5010 si
2263 4958 2516 5024 peritiam
2551 4961 2763 5018 colendi
2817 4965 2960 5020 ruris
2991 4966 3243 5029 donaret,
3280 4981 3419 5018 unus
3465 4979 3644 5018 sermo
3669 4980 3737 5021 ex

482 5048 569 5102 bis
595 5066 716 5119 qua:
762 5052 985 5105 recitata
1016 5059 1166 5114 sunt,
1200 5051 1253 5104 in
1290 5058 1498 5103 tantum
1528 5057 1712 5118 posset
1741 5047 1899 5119 longe
1925 5047 2140 5118 lateque
2166 5050 2409 5121 diffundi,
2455 5054 2499 5109 si
2536 5066 2713 5113 tamen
2743 5070 2798 5114 et
2836 5059 3144 5114 auditorum
3195 5058 3473 5126 capacitas
3508 5058 3732 5126 sineret,

482 5155 540 5195 ut
571 5144 658 5198 vix
695 5143 852 5195 nobis
904 5140 970 5194 ad
999 5142 1380 5207 explicandum
1410 5141 1687 5197 sufﬁceret
1734 5141 1872 5196 dies.
1933 5138 2287 5199 Teutabitnus
2337 5155 2517 5201 tamen
2551 5160 2648 5216 pro
2694 5150 2903 5205 viribus
2957 5151 3160 5205 nostris
3211 5148 3393 5217 aliqua
3441 5150 3732 5217 disserere,
3804 5144 3811 5147 ⁷

480 5232 698 5287 etiamsi
753 5246 928 5302 neque
980 5232 1136 5287 nobis
1166 5235 1420 5289 universa
1454 5232 1749 5304 explicare,
1800 5249 1978 5301 neque
2024 5234 2180 5291 vobis
2226 5247 2420 5292 cuncta
2471 5242 2662 5295 audire
2704 5242 2957 5311 possibile
3003 5252 3086 5298 est
3113 5259 3127 5309 ;
3155 5243 3281 5314 quia
3322 5254 3376 5300 et
3420 5244 3523 5300 hoc
3558 5245 3752 5316 ipsum.

480 5340 805 5395 agnoscere,
838 5323 981 5395 quod
1015 5339 1180 5392 supra
1214 5325 1360 5380 vires
1387 5335 1606 5381 nostras
1630 5325 1700 5380 sit
1735 5327 1933 5380 borum
1973 5325 2220 5405 scientia,
2249 5344 2356 5383 non
2388 5346 2573 5397 parva:
2603 5332 2845 5388 arbitror
2870 5350 2992 5391 esse
3017 5337 3249 5406 peritiae.
3280 5356 3299 5388 ι

590 5445 786 5500 Αιιτιε.
955 5460 1089 5501 τκεε
1119 5460 1378 5501 PBOPONI'I‘
1407 5462 1644 5502 REGULAS
1670 5463 1862 5511 QUIBUS
1890 5464 2228 5505 IYSTICORUI
2258 5466 2494 5508 SENSUUII
2521 5471 2931 5516 INTELLIGENTIA
2968 5478 3209 5519 FACILIUS
3243 5477 3622 5519 COIPARBTUB.

553 5535 735 5590 Prima
776 5540 959 5609 regula
1007 5553 1127 5609 qua:
1162 5540 1433 5608 praecipue
1468 5541 1534 5594 in
1565 5540 1818 5596 Mosaicis
1853 5541 2007 5597 libris
2056 5541 2232 5599 locum
2274 5546 2453 5615 habet,
2499 5548 2762 5617 ejusmodi
2798 5565 2883 5609 est
2932 5572 2943 5608 :
2993 5573 3010 5608 t
3040 5555 3313 5625 Quidquid
3360 5554 3413 5610 in
3448 5554 3730 5627 Scriptura

554 5670 593 5701 "
634 5670 786 5725 nam.
828 5658 1021 5741 £1,535.
1104 5676 1146 5708 "
1178 5674 1310 5729 ibid.
1391 5676 1435 5707 ³³
1483 5675 1658 5731 lCor.
1708 5695 1763 5743 lt,
1810 5681 1890 5735 lii.
