4180 6216
499 207 571 262 21
1783 209 2158 269 PRAZFATIO
2193 214 2284 269 AD
2323 214 2493 271 TOM.
2527 214 2589 269 ιι.
3690 210 3766 281 es.

506 331 768 398 mandati,
822 332 1101 401 praecepti,
1134 331 1456 397 testimonii,
1496 332 1744 403 justiti»,
1776 333 1993 403 jndicii,
2042 347 2175 402 etc.,
2224 340 2446 394 vocibus
2481 337 2831 407 exprimitur,
2887 336 2939 392 id
2990 335 3059 391 ad
3101 335 3339 395 litteram
3387 340 3755 410 accipiendum

501 431 607 484 est,
643 437 742 477 nec
776 422 1055 493 allegoriis
1107 424 1347 493 indiget;
1389 423 1656 494 quidquid
1705 439 1837 479 vero
1870 425 2092 483 nomine
2135 428 2268 499 legis
2301 430 2636 501 declaratur,
2687 429 2739 485 id
2778 428 3065 500 allegorice
3112 430 3556 498 explicandum.»
3623 433 3694 489 Ea
3729 454 3758 491 e

500 516 671 570 verbo
720 516 785 572 ad
834 518 1055 571 verbum
1085 525 1343 586 excerpta
1374 528 1458 571 est
1486 531 1553 571 ex
1606 518 1830 573 homilia
1866 520 2153 577 undecima
2205 524 2258 578 in
2287 524 2571 589 Numeros,
2621 525 2779 594 cujus
2817 524 3190 581 testimonium
3224 542 3386 594 supra
3436 531 3759 588 adduximus

501 612 737 665 articulo
769 614 1034 667 secundo.
1077 610 1248 682 llujus
1288 626 1453 679 porro
1486 613 1682 681 regula:
1711 626 1908 669 sensus
1937 624 2042 679 est,
2077 620 2513 674 caaremonialem
2548 620 2716 688 legem
2748 629 2915 675 totam
2954 634 3075 678 esse
3102 622 3290 692 ﬁguris
3328 624 3565 693 plenam,
3599 644 3757 684 secus

498 716 630 756 vero
664 686 835 771 legem
882 703 1187 767 moralem;
1218 703 1417 758 deinde
1465 704 1676 774 singula
1712 704 2009 775 Scriptura:
2050 708 2167 764 loca
2204 726 2324 778 qua:
2355 713 2423 765 ad
2456 712 2891 769 czeremonialem
2940 715 3109 787 legem
3160 732 3375 786 quoquo
3406 703 3565 773 modo
3614 721 3757 778 refe-

498 801 709 853 runtur,
742 809 830 856 ea,
877 809 945 846 ne
976 809 1083 847 uno
1116 795 1335 862 quidem
1369 807 1617 863 excepto,
1651 812 1757 849 non
1803 798 2115 866 litteralem,
2144 802 2237 855 sed
2271 804 2488 857 unicum
2529 804 2817 875 mysticum
2851 816 3069 867 sensum
3108 808 3337 864 habere.
3399 810 3552 865 Hanc
3600 829 3757 882 regu—

497 885 603 938 lam
643 886 822 938 ﬁrmat
856 885 1155 956 Scripturae
1187 902 1362 941 sacrze
1396 887 1529 943 locis
1557 905 1680 959 quae
1710 893 2141 947 caaremonialem
2174 894 2344 961 legem
2378 894 2577 967 ﬁguras
2609 897 2882 962 habuisse,
2916 915 3016 955 nec
3051 904 3283 972 amplius
3315 920 3375 958 ea
3415 904 3757 960 Christianos

492 976 718 1044 obligari
750 979 965 1033 docent.
1014 977 1165 1034 Unde
1199 978 1402 1048 colligit
1433 990 1541 1034 tota
1589 981 1688 1035 hac
1721 981 1837 1050 lege
1871 982 2075 1052 ﬁguras
2105 986 2379 1051 exhiberi,
2427 988 2685 1058 omnique
2732 1006 2851 1044 eam
2884 1007 3026 1045 nunc
3072 1009 3266 1049 carere
3302 1011 3461 1050 sensu
3512 996 3754 1062 litterali,

492 1070 942 1138 quandoquidem
976 1086 1036 1123 ea
1068 1070 1180 1138 jam
1234 1073 1396 1126 soluti
1431 1082 1561 1128 sunt
1589 1073 1910 1133 Christiani.
1958 1076 2019 1131 Id
2059 1094 2229 1148 genus
2259 1084 2574 1151 systematis
2602 1080 2716 1151 jam
2758 1086 3115 1157 introspicere
3148 1090 3297 1144 licuit
3331 1090 3550 1144 homilia
3593 1108 3754 1161 supra

490 1160 661 1214 citata
700 1163 751 1214 in
803 1164 1092 1229 Numeros,
1151 1166 1245 1220 sed
1294 1165 1508 1235 plenius
1554 1166 1911 1228 conﬁrmatur
1955 1174 2312 1240 sequentibus
2366 1174 2719 1233 testimoniis.
2782 1178 3013 1234 Homilia
3054 1181 3297 1251 septima
3348 1181 3398 1234 in
3431 1179 3754 1242 Leviticum,

492 1267 642 1307 num.
664 1253 720 1317 4,
774 1254 863 1307 ubi
895 1255 961 1308 de
996 1257 1323 1311 mundorum
1358 1269 1411 1313 et
1458 1258 1860 1314 immundorum
1893 1262 2211 1319 discrimine
2254 1268 2455 1336 agitur,
2485 1269 2566 1322 sic
2597 1270 2840 1339 loquitur
2888 1289 2901 1325 :
2954 1290 2973 1323 ι
3000 1271 3105 1328 Sed
3139 1273 3202 1326 ad
3232 1274 3347 1327 lucc
3379 1274 3752 1342 investiganda

493 1341 799 1412 Scriptum
830 1347 1159 1402 testimoniis
1195 1349 1518 1418 indigemus,
1551 1366 1618 1405 ne
1648 1352 1769 1418 quis
1806 1361 1953 1421 putet
1988 1354 2197 1425 (amant
2232 1360 2375 1411 enim
2412 1360 2661 1415 homines
2689 1375 2957 1418 exacuere
2987 1363 3199 1431 linguas
3228 1380 3356 1418 suas
3386 1374 3444 1417 ut
3471 1364 3750 1433 gladium).

488 1448 557 1489 ne
579 1437 699 1504 quis
730 1447 895 1506 putet,
929 1440 1166 1508 inquam,
1208 1446 1350 1512 quod
1386 1459 1486 1513 ego
1518 1448 1621 1498 vim
1652 1445 1846 1500 faciam
1882 1446 2183 1518 Scripturis
2212 1450 2437 1514 divinis,
2460 1460 2520 1504 ut
2556 1466 2621 1506 ea
2651 1467 2771 1521 quae
2805 1453 2872 1509 de
2901 1457 3249 1518 animalibus,
3284 1457 3751 1524 quadrupedibus,

485 1527 569 1581 vel
604 1530 769 1584 etiam
825 1534 1038 1599 avibus,
1075 1545 1168 1589 aut
1201 1533 1446 1605 piscibus
1498 1539 1711 1593 mundis
1744 1540 1857 1594 sive
1890 1540 2182 1595 immundis
2214 1541 2267 1596 in
2308 1542 2427 1613 lege
2451 1544 2782 1610 referuntur,
2816 1546 2883 1600 ad
2938 1547 3185 1609 homines
3221 1549 3452 1615 traham,
3490 1559 3545 1603 et
3567 1550 3632 1602 de
3656 1550 3751 1603 ho-

484 1618 726 1676 minibus
758 1620 873 1679 hmc
900 1624 1043 1678 dicta
1074 1641 1195 1681 esse
1229 1628 1560 1695 conﬁngam.
1622 1629 1898 1685 Fortassis
1925 1631 2069 1685 enim
2096 1632 2241 1686 dicat
2287 1634 2408 1702 quis
2438 1635 2747 1691 auditorum
2786 1654 2799 1689 :
2826 1636 2938 1693 Cur
2960 1640 3067 1693 vim
3095 1638 3233 1695 facis
3259 1639 3589 1711 Scriptum?
3618 1643 3746 1695 Ani-

483 1715 647 1769 malia
705 1720 982 1785 dicuntur,
1016 1722 1271 1776 animalia
1321 1724 1716 1794 intelligantur.
1760 1724 1838 1780 Ne
1883 1743 2014 1797 ergo
2042 1728 2242 1798 aliquis
2284 1730 2400 1793 haec
2436 1729 2722 1799 depravari
2771 1733 3010 1789 humano
3039 1737 3225 1789 credat
3257 1737 3499 1807 ingenio,
3531 1750 3750 1806 aposto-

482 1805 585 1863 lica
620 1808 671 1862 iu
719 1811 801 1864 eis
850 1813 1147 1866 auctoritas
1177 1816 1448 1868 evocanda
1483 1826 1565 1870 est
1596 1856 1610 1871 .
1634 1857 1649 1873 .
1675 1855 1691 1870 .
1713 1855 1730 1872 .
1773 1817 1973 1873 Paulus
2005 1820 2191 1887 utique
2224 1835 2497 1889 nunquam
2532 1822 2758 1885 auderet
2791 1824 3091 1891 spiritalem
3127 1837 3311 1894 p0tum
3362 1837 3420 1882 et
3451 1829 3749 1897 spiritalem

480 1909 662 1949 escam
692 1897 984 1966 appellare,
1022 1901 1122 1954 nisi
1158 1903 1299 1957 hunc
1332 1918 1455 1958 esse
1502 1919 1723 1961 sensum
1755 1906 2078 1976 legislatoris
2130 1924 2227 1976 per
2259 1909 2513 1963 traditam
2540 1912 2643 1966 sibi
2679 1914 2979 1968 verissima:
3006 1914 3269 1972 doctrinae
3296 1920 3581 1975 scientiam
3613 1923 3753 1977 didit

478 1989 660 2043 cisset.
704 1989 854 2044 Unde
895 2000 949 2045 et
978 1992 1104 2046 illud
1139 1995 1287 2049 addit
1321 2006 1578 2066 tanquam
1618 1999 1902 2054 conﬁdens
1951 2011 2005 2055 et
2040 2011 2221 2056 certus
2254 2003 2321 2056 de
2348 2003 2595 2059 ciborum
2624 2006 2835 2060 ratione
2868 2008 3195 2062 mundorum
3235 2019 3290 2063 et
3327 2011 3750 2089 immundorum,

479 2082 621 2149 quod
660 2099 763 2136 non
794 2086 1091 2139 secundum
1126 2086 1384 2151 litteram.
1416 2090 1508 2145 sed
1546 2092 1871 2160 spiritaliter
1899 2095 2237 2148 observanda
2287 2096 2420 2160 sint,
2452 2105 2507 2151 et
2534 2097 2665 2151 dicit
2713 2114 2725 2150 :
2775 2097 2946 2151 Nemo
2978 2116 3101 2169 ergo
3145 2117 3238 2156 vos
3272 2104 3482 2171 judice:
3524 2105 3579 2157 in
3610 2108 3746 2171 cibo,

474 2182 569 2226 aut
606 2183 753 2242 potu,
786 2186 881 2229 aut
912 2178 966 2230 in
991 2190 1140 2245 parte
1179 2182 1287 2232 diei
1322 2183 1469 2246 festi,
1498 2193 1589 2235 aut
1618 2184 1930 2248 neamenim,
1959 2195 2050 2238 aut
2088 2183 2460 2253 Sabbutorum,
2492 2206 2609 2257 qua:
2634 2200 2755 2244 sunt
2784 2193 2971 2245 umbra
2995 2192 3297 2261 futurorum
3323 2194 3388 2251 “.
3427 2196 3590 2252 Vides
3617 2214 3747 2268 ergo

475 2268 747 2333 quomodo
777 2270 891 2323 lucc
935 2272 1118 2324 omnia
1152 2288 1273 2341 quze
1297 2274 1365 2327 de
1415 2273 1552 2328 cibis
1582 2275 1665 2328 vel
1696 2285 1827 2344 potu
1877 2276 2120 2347 loquitur
2151 2278 2383 2351 Moyses,
2437 2281 2635 2337 Paulus
2663 2284 2751 2351 qui
2803 2285 2997 2339 melius
3030 2287 3132 2340 ista
3170 2288 3461 2355 didicerat,
3494 2307 3654 2361 quam
3691 2294 3745 2346 hi

475 2359 568 2427 qui
603 2375 746 2413 nunc
772 2359 984 2427 jactant
1009 2376 1071 2417 se
1103 2377 1225 2417 esse
1251 2366 1526 2430 doctores,
1560 2369 1744 2421 omnia
1774 2368 1887 2423 hac
1922 2370 2169 2426 umbram
2201 2373 2337 2426 dicit
2367 2389 2487 2430 esse
2516 2374 2845 2431 futurorum.
2906 2378 2974 2433 Et
3003 2380 3144 2445 ideo,
3194 2381 3335 2439 sicut
3381 2382 3641 2447 diximus,
3677 2387 3746 2441 ab

476 2451 581 2505 hac
625 2450 815 2504 umbra
846 2453 912 2506 ad
942 2453 1225 2511 veritatem
1258 2456 1522 2510 debemus
1561 2462 1886 2517 ascendere.
1941 2464 2271 2519 Christianis
2298 2476 2353 2520 et
2397 2481 2426 2519 a
2454 2465 2786 2525 Christianis
2833 2483 3018 2525 sermo
3047 2480 3153 2533 est,
3183 2472 3382 2540 quibus
3413 2474 3743 2540 apostolico-

476 2562 593 2600 rum
621 2546 892 2601 dictorum
926 2548 1092 2601 c'bara
1143 2549 1304 2605 debet
1352 2566 1475 2607 esse
1506 2554 1829 2612 auctoritas.
1874 2556 1929 2610 Si
1965 2558 2088 2626 quis
2120 2573 2249 2612 vero
2278 2563 2593 2629 arrogantia
2630 2561 2874 2616 tumidus
2911 2565 3209 2633 apostolica
3258 2565 3407 2620 dicta
3437 2570 3745 2623 contemnit

470 2649 569 2691 ειη
613 2639 841 2707 spernit,
880 2641 997 2709 ipse
1030 2642 1249 2697 viderit.
1292 2642 1422 2699 Mihi
1453 2655 1630 2700 autem
1662 2649 1809 2702 sicut
1839 2648 1950 2703 Deo
1986 2660 2041 2704 et
2073 2650 2301 2705 Domino
2332 2652 2461 2706 Jesu
2491 2652 2730 2719 Christo,
2786 2655 2859 2718 ita
2903 2666 2960 2710 et
2989 2656 3248 2725 apostolis
3299 2659 3421 2727 ejus
3465 2662 3743 2717 adhaerere.

471 2728 672 2784 bonum
707 2743 812 2796 est,
850 2741 904 2786 et
938 2749 1002 2788 ex
1035 2734 1236 2790 divinis
1274 2735 1573 2806 Scripturis
1621 2740 1918 2794 secundum
1964 2741 2204 2809 ipsorum
2240 2744 2588 2800 traditionem
2640 2746 3049 2818 intelligentiam
3087 2764 3306 2818 capere.
3335 2769 3354 2802 ι
3402 2750 3477 2805 Ex
3525 2753 3649 2820 hoc,
3684 2753 3739 2805 ni

472 2819 659 2883 fallor,
700 2822 1017 2879 testimonio
1043 2826 1211 2894 liquet
1242 2826 1507 2897 placuisse
1541 2830 1781 2900 Origeni,
1814 2840 1872 2885 ut
1904 2836 2082 2889 omnis
2106 2838 2510 2894 caeremonialis
2532 2840 2617 2894 lex
2648 2841 2945 2911 allegorico
2976 2856 3140 2895 sensu
3174 2844 3473 2912 accipiatur
3500 2862 3512 2897 :
3539 2862 3607 2900 en
3639 2846 3735 2901 tibi

471 2910 598 2977 alia,
634 2912 778 2969 unde
820 2924 1034 2971 constat
1067 2933 1133 2972 ex
1167 2919 1285 2988 ejus
1319 2923 1582 2975 sententia
1630 2924 1778 2977 omni
1816 2941 1961 2981 nunc
1994 2943 2115 2982 eam
2172 2928 2389 2984 litterali
2437 2946 2563 3000 erga
2604 2931 2947 2988 Christianos
2994 2949 3156 2989 sensu
3209 2950 3419 2990 carere.
3482 2936 3626 2992 Nihil
3668 2939 3736 2991 ad

467 3016 589 3054 eam
625 3019 738 3058 rem
788 3009 962 3077 magis
998 3009 1284 3077 disertum,
1317 3028 1480 3083 quam
1513 3018 1656 3085 quod
1689 3018 1765 3070 ait
1814 3019 2034 3076 homilia
2067 3032 2219 3077 sexta
2252 3026 2307 3079 in
2334 3023 2587 3080 Genesim
2614 3042 2628 3078 :
2659 3041 2677 3075 ι
2709 3024 2863 3090 Quod
2891 3028 2935 3081 si
2963 3029 3196 3082 edocere
3228 3030 3311 3082 vis
3343 3030 3617 3101 quomodo
3648 3028 3736 3082 lex

467 3104 681 3150 mortua
712 3101 807 3163 sit,
834 3101 1117 3158 considera
1150 3116 1205 3159 et
1236 3106 1358 3162 vide
1386 3124 1530 3163 nunc
1564 3111 1860 3177 sacriﬁcia,
1896 3116 1986 3169 ubi
2013 3117 2210 3185 altare,
2243 3119 2333 3173 ubi
2367 3116 2646 3185 templum,
2695 3118 2785 3172 ubi
2815 3119 3247 3188 puriﬁcationes,
3280 3123 3370 3174 tibi
3419 3121 3735 3176 solemnitas

464 3186 689 3247 Paschae
718 3210 733 3247 :
778 3209 957 3251 nunne
990 3207 1202 3252 mortua
1234 3208 1320 3252 est
1369 3200 1422 3253 in
1458 3202 1541 3257 his
1573 3204 1830 3260 omnibus
1875 3206 2004 3260 lex?
2033 3209 2140 3262 Aut
2171 3209 2215 3263 si
2249 3218 2478 3277 possunt
2508 3209 2599 3263 isti
2628 3210 2790 3265 amici
2816 3186 2897 3266 iet
2925 3210 3249 3277 defensores
3297 3213 3513 3276 litterae,
3552 3222 3739 3268 custo-

464 3281 616 3337 diant
665 3284 900 3341 litteram
935 3288 1086 3359 legis.
1110 3309 1129 3341 ι
1183 3290 1251 3345 Ει
1280 3293 1499 3347 homilia
1548 3298 1836 3353 undecima
1870 3299 1923 3354 in
1956 3300 2201 3356 Exodum
2242 3318 2256 3355 :
2298 3318 2319 3353 ι
2348 3300 2465 3354 Non
2493 3303 2638 3356 enim
2668 3311 2871 3373 potest,
2903 3303 3105 3371 inquit,
3142 3302 3324 3357 facere
3353 3302 3435 3358 lex
3465 3304 3610 3359 sicut
3639 3302 3739 3358 Ju-

462 3374 564 3428 drei
597 3376 804 3443 dicunt,
839 3382 968 3449 quia
1001 3382 1311 3437 inﬁrmatur
1336 3384 1422 3438 lex
1447 3386 1501 3439 in
1531 3403 1718 3453 carne,
1746 3390 1799 3444 id
1835 3402 1921 3446 est
1948 3393 2001 3447 in
2037 3394 2241 3458 littera.
2265 3404 2321 3451 et
2348 3394 2486 3450 nihil
2514 3404 2696 3464 potest
2726 3397 3025 3451 secundum
3056 3395 3292 3449 litteram
3324 3395 3503 3450 facere
3540 3412 3557 3453 :
3601 3397 3736 3451 nihil

461 3464 607 3518 enim
640 3469 708 3521 ad
737 3470 1039 3538 perfectum
1074 3476 1291 3531 adducit
1330 3476 1439 3534 lex.
1481 3479 1792 3535 Secundum
1822 3492 2003 3538 autem
2036 3487 2325 3541 consilium
2361 3486 2505 3557 quod
2536 3502 2635 3542 nos
2662 3485 2943 3542 allerimus
2971 3488 3040 3542 ad
3072 3486 3270 3557 legem,
3295 3498 3521 3557 possunt
3552 3491 3732 3545 omnia

461 3557 783 3625 spiritaliter
829 3563 969 3619 ﬁeri.
1009 3566 1242 3622 Possunt
1288 3578 1343 3623 et
1393 3572 1665 3628 sacriﬁcia
1702 3576 2024 3644 spiritaliter
2074 3578 2284 3646 olferri,
2320 3596 2440 3649 quae
2470 3584 2633 3636 modo
2683 3580 2984 3635 carnaliter
3019 3595 3125 3636 non
3173 3589 3423 3651 possunt.
3463 3579 3649 3636 Potest
3680 3590 3734 3633 et

461 3647 546 3703 lex
583 3649 743 3721 lepra:
773 3657 1093 3725 spiritaliter
1125 3663 1352 3725 servari,
1384 3672 1505 3733 quae
1535 3669 1837 3723 secundum
1873 3668 2110 3725 litteram
2153 3687 2262 3725 non
2295 3681 2493 3741 potest.
2526 3673 2618 3728 Sic
2650 3688 2780 3742 ergo
2814 3672 3088 3741 quomodo
3112 3688 3209 3727 nos
3232 3673 3503 3729 sentimus
3525 3681 3579 3727 et
3605 3689 3735 3725 cou-

459 3746 641 3801 silium
669 3748 881 3816 damus,
905 3755 1086 3806 omnia
1126 3754 1256 3809 facit
1284 3756 1389 3809 lex.
1424 3759 1734 3814 Secundum
1769 3762 2006 3817 litteram
2041 3774 2223 3818 autem
2262 3782 2368 3819 non
2397 3767 2602 3829 omnia.
2630 3766 2726 3819 sed
2759 3768 3056 3821 admodum
3091 3782 3287 3835 pauca.
3315 3786 3334 3817 ι

532 3838 782 3895 Secunda
822 3843 1029 3911 regula.
1071 3844 1225 3910 cujus
1256 3847 1589 3916 priecipuum
1622 3865 1777 3903 usum
1809 3866 1929 3906 esse
1959 3852 2073 3905 vult
2129 3854 2181 3907 in
2236 3854 2574 3923 propheticis
2618 3864 2673 3906 et
2704 3854 2986 3908 historicis
3044 3854 3224 3917 libris,
3266 3855 3368 3907 hoc
3418 3866 3729 3909 commento

458 3932 695 3988 nititur:
735 3954 754 3987 ι
813 3936 869 3989 lu
896 3938 1033 3991 coelo
1064 3939 1212 4007 regio
1245 3948 1327 3992 est
1354 3955 1475 4008 qua:
1500 3940 1719 4007 Iudaeae,
1751 3944 1881 3996 urbs
1930 3959 2051 4011 quae
2097 3944 2473 4018 Jerosolymze,
2511 3947 2742 4016 populus
2782 3946 2872 4014 qui
2920 3946 3146 4001 Judaico
3176 3947 3374 4016 populo
3408 3949 3723 4019 respondet.

456 4026 553 4085 Sic
577 4030 741 4084 etiam
776 4031 1016 4087 cmlestis
1048 4032 1317 4103 [Egyptus
1352 4044 1456 4097 est,
1493 4036 1734 4092 ccelestis
1764 4037 2028 4109 Babylon,
2057 4040 2299 4095 cmlestis
2331 4041 2526 4103 Sidon,
2549 4041 2787 4099 cmlestis
2815 4040 3013 4111 Tyrus,
3043 4049 3097 4093 et
3124 4040 3241 4094 alia:
3265 4041 3528 4109 ejusmodi
3562 4046 3725 4099 urbes

454 4133 513 4181 et
543 4125 683 4189 loca,
720 4140 841 4195 quae
873 4126 1105 4180 terrenis
1145 4125 1388 4194 ejusdem
1440 4131 1679 4184 nominis
1732 4131 2046 4200 regionibus
2074 4142 2130 4186 et
2170 4132 2487 4187 civitatibus
2518 4135 2869 4202 respondent.
2903 4133 2961 4187 In
2997 4132 3148 4188 hisce
3192 4135 3515 4193 caelestibus
3546 4140 3725 4211 regio--

453 4216 617 4271 nibus
646 4229 703 4274 et
759 4220 981 4275 urbibus
1015 4221 1347 4277 domicilium
1387 4233 1473 4278 est
1510 4226 1839 4291 animarum,
1870 4242 1991 4297 qua:
2036 4226 2343 4296 principum
2391 4226 2658 4281 bonorum
2684 4236 2778 4311 aut
2824 4226 3093 4282 malorum
3128 4230 3355 4296 imperio
3390 4232 3719 4291 subduntur.

454 4308 517 4365 Et
550 4311 1002 4380 quemadmodum
1037 4312 1166 4367 hinc
1194 4315 1521 4371 decedentes
1563 4317 1840 4374 hominum
1888 4320 2083 4374 anima:
2116 4320 2167 4373 in
2210 4318 2479 4374 infernum
2521 4308 2908 4386 detruduntur,
2939 4333 3001 4376 ut
3042 4324 3116 4377 ibi
3169 4324 3391 4377 meritas
3424 4339 3522 4393 pro
3565 4324 3723 4379 malis

450 4404 662 4457 actibus
693 4418 881 4473 pceuas
930 4406 1235 4473 exsolvant,
1268 4408 1350 4463 sic
1406 4409 1546 4463 idem
1582 4409 1755 4466 lenne
1811 4412 1863 4466 in
1900 4412 2154 4482 supernis
2213 4412 2347 4467 locis
2397 4412 2618 4479 accidit,
2653 4414 2743 4468 ubi
2797 4416 3067 4483 quoddam
3122 4417 3313 4469 mortis
3355 4432 3524 4485 genus
3556 4433 3723 4486 expe-

455 4500 669 4552 riuntur
700 4498 914 4560 animai,
941 4509 994 4552 et
1026 4509 1146 4567 post
1169 4501 1327 4555 istam
1360 4512 1589 4557 mortem
1622 4504 1675 4558 in
1705 4516 1903 4560 terram
1938 4508 2079 4559 hanc
2107 4515 2347 4559 nostram
2369 4511 2627 4575 tanquam
2662 4507 2714 4559 in
2748 4505 3021 4560 infernum
3052 4508 3482 4575 praecipitantur.
3526 4509 3719 4565 Potest

450 4590 617 4660 igitur
658 4590 773 4643 fieri
806 4598 864 4641 ut
899 4590 980 4643 lue
1005 4606 1122 4658 quae
1172 4595 1225 4645 in
1268 4594 1420 4648 cmlis
1447 4596 1717 4660 habitant,
1771 4598 1985 4659 auium,
2018 4599 2071 4651 iu
2131 4607 2289 4652 terra:
2332 4611 2530 4651 nostra:
2584 4600 2761 4651 locum
2801 4598 2920 4667 plus
2961 4600 3203 4652 minusve
3230 4600 3574 4655 commodum
3621 4619 3720 4673 pro

448 4683 869 4754 praecedentium
902 4690 1119 4738 actuum
1149 4686 1469 4744 diversitate
1502 4692 1878 4754 amandentur,
1908 4692 2095 4759 siCque
2130 4691 2278 4746 verbi
2308 4690 2484 4761 gratia
2532 4707 2562 4745 e
2593 4690 2776 4743 ludam
2815 4689 3023 4744 cmlesti
3059 4691 3320 4746 oriundus
3366 4690 3612 4748 Israelita
3663 4698 3725 4747 in

449 4774 730 4847 Scythiam
769 4789 1106 4848 terrestrem,
1140 4792 1194 4835 et
1222 4782 1337 4836 vice
1365 4798 1520 4835 versa
1565 4798 1630 4837 ex
1661 4782 1893 4855 Egypto
1917 4786 2126 4840 cmlesti
2156 4784 2446 4857 [Egyptius
2470 4785 2524 4838 in
2551 4782 2792 4839 Iudaeam
2825 4793 3098 4837 terrenam
3133 4783 3425 4855 relegetur.
3465 4805 3485 4839 ι

524 4867 619 4924 His
651 4870 989 4927 fundamenti
1021 4875 1139 4927 loco
1173 4874 1384 4941 positis,
1416 4876 1670 4928 secunda:
1696 4877 1890 4944 regulae
1916 4886 2071 4931 tenor
2100 4878 2191 4931 hic
2224 4887 2307 4932 est
2344 4895 2357 4931 :
2396 4894 2415 4928 ι
2449 4876 2723 4945 Quidquid
2767 4876 2820 4929 in
2868 4875 3152 4946 Scriptura
3201 4892 3359 4931 sacra
3401 4882 3468 4934 de
3498 4889 3712 4939 terrena

447 4957 773 5031 Jerusalem,
801 4966 865 5020 de
893 4975 1107 5023 terrena
1136 4966 1391 5039 Egypto,
1424 4968 1489 5021 de
1515 4966 1787 5039 Babylone
1827 4970 2076 5024 terrestri
2160 4979 2215 5025 et
2248 4969 2315 5025 de
2348 4970 2470 5025 aliis
2499 4968 2766 5035 ejusmodi
2814 4968 2967 5031 locis,
3010 4984 3218 5023 necnon
3268 4970 3480 5025 illorum
3521 4971 3711 5025 incolis

448 5053 673 5116 dicitur,
710 5056 762 5108 id
796 5057 862 5110 ad
912 5060 1162 5115 caelestes
1219 5058 1472 5129 regiones
1508 5061 1778 5128 urbesque
1824 5062 2174 5129 cognomines
2208 5071 2372 5131 atque
2406 5062 2475 5115 ad
2535 5062 2749 5117 illarum
2811 5060 3016 5114 incolas
3070 5061 3413 5116 referendum
3460 5071 3561 5117 est.
3598 5062 3709 5116 luto

447 5148 748 5218 smpissime
783 5151 850 5203 de
875 5154 1189 5210 coelestibus
1237 5154 1323 5209 bis
1369 5164 1578 5208 tantum
1611 5154 1745 5210 locis
1775 5157 2050 5225 pr0phetze
2083 5157 2226 5227 loqui
2262 5158 2363 5212 sibi
2391 5165 2813 5228 proposuerunt,
2845 5171 2967 5210 cum
3007 5155 3074 5210 de
3119 5165 3335 5212 terrena
3378 5153 3701 5218 Jerusalem,

451 5244 517 5297 de
546 5252 763 5296 terrena
798 5244 1052 5316 )Egypto.
1094 5258 1184 5301 aut
1235 5251 1357 5305 aliis
1398 5250 1534 5305 locis
1567 5252 1799 5306 terrenis
1833 5265 2140 5305 sermonem
2196 5253 2399 5308 habere
2445 5253 2719 5317 videntur,
2774 5252 2939 5321 idque
2970 5251 3097 5305 inde
3126 5250 3305 5320 colligi
3355 5257 3533 5318 potest
3559 5254 3706 5319 quod

448 5334 714 5403 ejusmodi
739 5337 1036 5405 prophetia:
1068 5341 1453 5410 mysteriorum
1490 5328 1725 5413 speciem
1759 5357 1869 5411 pra:
1905 5359 1965 5398 se
2010 5343 2210 5409 ferunt,
2248 5344 2528 5414 multaque
2551 5344 2836 5399 continent
2870 5357 2992 5412 qua:
3037 5341 3101 5395 ad
3141 5342 3387 5397 homines
3431 5343 3707 5407 pertinere

448 5442 792 5497 nequaquam
817 5441 1067 5499 possunt.
1106 5451 1125 5485 ι
1166 5435 1351 5489 Exstat
1406 5436 1510 5491 hoc
1541 5435 1873 5506 paradoxum
1902 5436 1997 5494 lib.
2043 5452 2097 5491 tv
2138 5436 2217 5491 De
2260 5438 2563 5507 principiis,
2599 5451 2749 5490 num.
2779 5434 2871 5501 20,
2900 5436 2966 5491 21
2996 5448 3052 5492 et
3080 5449 3254 5503 seqq.,
3311 5433 3547 5501 illudque
3596 5435 3705 5491 sibi

445 5529 787 5575 commentus
815 5530 900 5577 est
920 5520 1187 5592 Origenes
1224 5533 1337 5578 tum
1362 5539 1394 5580 e
1423 5525 1739 5581 discrimine
1765 5527 1907 5594 quod
1938 5528 2092 5597 ponit
2120 5527 2321 5583 Paulus
2354 5528 2497 5587 inter
2524 5526 2828 5584 lsraelitam
2856 5529 3153 5587 secundum
3183 5542 3400 5583 caruetn
3432 5537 3486 5583 et
3526 5527 3703 5584 lsrae-

509 5638 789 5714 "Coloss.
845 5676 901 5723 ιι,
964 5662 1057 5718 lfi.
