4180 6216
488 274 559 328 ιο
1700 258 2069 316 ΡΙΚΑΞῈΑΤΙΟ
2106 262 2200 315 ΑΙ)
2239 261 2404 317 ΤΟΗ.
2447 263 2513 320 ll.
3685 269 3759 323 30

493 392 649 437 litam
700 385 997 439 secundum
1054 381 1334 452 spiritum,
1384 390 1496 431 tum
1556 394 1620 432 ex
1648 395 1714 431 eo
1744 381 1889 447 quod
1925 378 2066 431 idern
2097 380 2374 445 apostolus
2402 380 2454 433 in
2483 379 2726 447 Epistola
2770 382 2834 432 ad
2881 383 3102 439 Galatas
3137 386 3267 439 dicit
3320 383 3594 439 cmlestem
3626 399 3752 437 esse

410 540 429 557 ἑ
487 476 814 531 Jerusalem.
851 476 927 530 Ex
958 475 1120 545 hujus
1150 474 1403 545 principii
1441 474 1584 526 serie
1606 474 1775 526 etiam
1810 473 1950 525 hanc
1973 472 2287 541 generalem
2333 474 2679 540 prophetieos
2733 473 3134 543 bistoricosque
3166 478 3334 533 libros
3360 477 3755 545 interpretandi

488 571 806 626 methodmn
842 573 1118 640 proponit,
1168 579 1226 623 ut
1277 582 1469 636 nempe
1500 568 1760 636 quidquid
1790 566 1843 619 in
1867 566 1973 619 illis
2007 576 2111 627 est,
2142 565 2208 618 ad
2260 565 2433 618 bonos
2479 576 2531 620 et
2567 566 2634 618 ad
2670 567 2840 621 malos
2880 570 3100 636 angelos
3165 570 3450 625 referatur.
3541 572 3754 624 Diserte

491 666 622 721 illud
651 668 809 720 docet
840 667 1061 722 homilia
1093 666 1380 719 undecima
1415 665 1468 717 in
1507 663 1773 718 Numeros
1805 680 1819 715 :
1864 681 1882 713 ι
1916 662 2053 715 Puto
2084 663 2251 725 enim,
2285 662 2478 729 inquit,
2519 664 2645 730 quia
2686 663 2825 715 sicut
2857 664 3103 730 qumdam
3150 664 3363 715 nomina
3398 664 3481 716 vel
3510 664 3752 729 gentium

491 762 574 814 vel
604 762 912 831 principum
933 761 987 814 in
1008 759 1307 829 Scripturis
1338 760 1510 825 posita
1544 759 1808 821 videmus,
1828 773 1946 825 quae
1974 759 2176 824 absque
2201 756 2540 812 dubitatione
2574 759 2641 811 ad
2674 756 2845 810 malos
2872 757 3092 824 angelos
3119 767 3173 808 et
3192 759 3257 808 ad
3281 757 3503 809 virtutes
3533 768 3755 810 contra-

491 857 601 909 rias
629 854 961 916 referantur,
990 854 1131 907 sicut
1156 851 1306 907 verbi
1338 852 1513 919 gratia
1544 849 1756 904 Pharao
1785 864 1877 902 rex
1904 849 2145 919 Egypti,
2175 848 2678 903 Nabuchodonosor
2712 848 3062 917 Babylonius,
3094 857 3147 901 et
3170 847 3453 917 Assyrius;
3483 848 3552 898 ita
3585 848 3748 898 etiam

490 963 552 1001 ea
583 963 703 1018 qua:
735 948 800 1000 de
832 947 1039 1000 sanctis
1067 947 1199 1000 viris
1229 954 1284 998 et
1310 955 1470 1014 gente
1499 944 1754 1011 religiosa
1793 944 2129 1003 scribuntur,
2154 941 2221 994 ad
2248 951 2463 995 sanctos
2501 941 2721 1010 angelos
2758 951 2812 992 et
2840 942 2903 995 ad
2939 942 3203 1008 benignas
3246 941 3502 994 debemus
3546 937 3752 991 referre

488 1040 791 1094 virtutes...
828 1041 882 1095 Si
915 1054 1046 1109 ergo
1082 1040 1196 1093 haec
1247 1038 1429 1091 omnia
1476 1038 1541 1091 ad
1576 1037 1800 1106 angelos
1826 1035 2087 1105 quosdam
2141 1048 2349 1101 magna
2376 1034 2600 1088 virtutis
2653 1034 2840 1087 referri
2877 1035 3021 1103 cogit
3070 1033 3207 1088 ratio
3253 1033 3519 1096 veritatis,
3574 1043 3753 1084 nonne

489 1133 680 1188 eadem
736 1133 1131 1200 consequentia
1188 1132 1349 1186 etiam
1382 1146 1505 1200 quae
1553 1132 1621 1185 de
1665 1130 1817 1183 bonis
1852 1128 1934 1183 vel
1977 1126 2314 1197 principibus
2352 1126 2432 1179 vel
2474 1126 2725 1195 gentibus
2758 1127 3191 1192 conscribuntur,
3248 1127 3314 1181 ad
3362 1125 3646 1184 bonarum,
3685 1131 3745 1175 ut

492 1225 655 1287 supra
686 1223 949 1289 diximus,
986 1226 1247 1276 virtutum
1284 1222 1506 1292 angelos
1535 1222 1927 1288 ministrosque
1964 1216 2310 1271 referentur?
2332 1235 2351 1267 ι

565 1313 747 1366 Tertia
765 1314 1001 1382 denique
1026 1314 1281 1382 Origenis
1310 1314 1494 1383 regula
1514 1312 1780 1381 praecipit,
1802 1330 1821 1362 ι
1845 1321 1906 1364 ιιι
1923 1314 1988 1363 ad
2005 1309 2291 1380 mysticum
2310 1323 2526 1362 sensum
2547 1307 2901 1377 confugiatur,
2925 1309 3268 1375 etdeseratur
3286 1310 3486 1373 littera,
3521 1307 3741 1378 quoties

491 1405 645 1471 falsa,
677 1408 906 1471 inutilis,
942 1406 1163 1474 Deoque
1202 1406 1421 1475 indigna
1452 1402 1775 1470 reperietur.
1804 1419 1821 1451 ι
1859 1401 1917 1453 ld
1942 1401 2249 1455 necessario
2290 1401 2585 1469 sequiture
2608 1400 2886 1469 principiis
2926 1401 3155 1456 articulo
3180 1412 3374 1471 quarto
3397 1401 3734 1456 constitutis.

573 1519 1207 1586 Animadversiones
1242 1517 1307 1575 in
1348 1513 1810 1591 Origenianum
1847 1514 1925 1575 de
1962 1513 2300 1590 Scripturte
2328 1529 2519 1575 sacrae
2549 1512 3034 1590 interpretanda)
3071 1516 3313 1575 ratione
3353 1522 3658 1595 systema.

570 1647 610 1701 Ι.
639 1646 885 1700 Primum
920 1654 1027 1706 ego
1061 1653 1166 1691 non
1198 1638 1404 1692 inﬁcias
1437 1638 1591 1691 ierim
1620 1635 1837 1706 Origeni
1884 1636 2113 1691 multum
2148 1637 2355 1701 deberi,
2404 1641 2548 1707 quod
2582 1638 2881 1707 Scriptura:
2930 1655 3102 1693 sacra:
3135 1640 3424 1710 allegorice
3471 1643 3741 1711 interpre-

494 1743 677 1796 tanda:
712 1736 1036 1792 methodmn
1076 1750 1103 1785 a
1145 1732 1286 1789 Celsi
1319 1733 1792 1788 criminationibus
1820 1734 1958 1788 adeo
1990 1733 2157 1787 solide
2187 1733 2567 1797 vindicaverit,
2599 1743 2657 1787 ut
2681 1750 2739 1789 se
2772 1734 2884 1802 ipse
2925 1733 2977 1788 in
3012 1736 3112 1790 hac
3152 1745 3308 1804 parte
3339 1735 3742 1806 quodauunodo

493 1846 786 1904 superasse
817 1831 1089 1884 videatur.
1120 1826 1316 1883 luviete
1341 1829 1487 1882 enim
1520 1828 1735 1896 probat,
1765 1828 2053 1897 mysticum
2085 1843 2325 1891 sensum,
2360 1828 2405 1883 si
2440 1842 2526 1882 res
2549 1829 2847 1897 generatim
2867 1839 3159 1897 spectetur,
3186 1845 3288 1883 non
3318 1846 3435 1887 esse
3462 1845 3742 1886 commen-

498 1936 615 1979 tum
648 1925 968 1987 humanum,
996 1921 1089 1975 sed
1114 1922 1473 1990 ipsarummet
1502 1918 1919 1986 Scripturarum
1951 1920 2283 1972 auctoritate
2316 1920 2434 1983 niti,
2464 1919 2703 1985 nihilque
2735 1935 3025 1975 commune
3059 1922 3259 1975 habere
3293 1937 3414 1975 cum
3454 1921 3737 1987 rallegoriis

492 2016 830 2073 Graecorum.
859 2029 976 2081 quze
1007 2012 1161 2081 longe
1194 2021 1313 2079 post
1344 2022 1499 2065 natas
1522 2024 1711 2064 eorum
1737 2007 1945 2062 fabulas
1975 2008 2293 2078 excogitata:
2322 2016 2470 2066 sunt.
2498 2017 2557 2059 ut
2580 2008 2803 2061 deorum
2832 2022 2964 2074 quos
3000 2010 3202 2073 colunt,
3249 2012 3437 2064 honori
3485 2011 3738 2065 consule-

492 2119 664 2162 retur.
700 2107 902 2161 Deinde
952 2106 1133 2175 magni
1158 2106 1329 2159 etiam
1362 2105 1621 2173 ponderis
1645 2112 1728 2157 est
1750 2102 1804 2156 in
1849 2102 1952 2157 hoc
1989 2114 2213 2156 auctore
2240 2100 2329 2155 illa
2357 2101 2653 2165 confessio,
2705 2101 2968 2168 mysticos
2994 2116 3188 2155 sensus
3222 2117 3326 2154 non
3352 2104 3553 2171 ubique
3587 2102 3733 2156 Scri-

488 2215 770 2271 pturarum
803 2203 1067 2271 reperiri;
1104 2200 1277 2267 major
1301 2210 1355 2254 et
1390 2200 1504 2265 illa,
1535 2199 1935 2263 difﬁcillimum,
1964 2213 2030 2252 ne
2059 2199 2276 2253 dicatur
2299 2197 2649 2267 impossibile,
2678 2211 2773 2252 eos
2794 2210 2927 2263 quos
2966 2196 3017 2249 in
3047 2211 3103 2251 se
3138 2196 3359 2261 habent,
3389 2197 3736 2266 investigare.

491 2300 732 2365 Denique
760 2297 980 2367 plurimi
1014 2298 1145 2352 item
1176 2296 1557 2351 aestimandum
1588 2296 1731 2366 quod
1757 2296 1892 2349 dixit
1923 2296 1987 2350 de
2029 2294 2261 2349 utilitate
2294 2302 2352 2349 et
2395 2295 2707 2364 praestantia
2746 2290 2995 2346 litteralis
3044 2303 3257 2353 sensus,
3316 2304 3424 2358 quo
3468 2289 3737 2356 integrum

487 2394 765 2463 religionis
794 2401 993 2447 nostra:
1027 2393 1314 2446 aedificium
1365 2391 1654 2454 fundatur,
1700 2392 1902 2461 quique
1947 2392 2012 2446 ad
2051 2390 2462 2445 aedificationem
2510 2399 2567 2445 et
2603 2390 2984 2444 documentum
3015 2384 3253 2441 ﬁdelium
3286 2400 3384 2455 per
3426 2398 3486 2438 se
3517 2381 3735 2437 subicit.

489 2479 657 2535 Hisce
688 2480 994 2534 enuntiatis
1030 2480 1142 2533 fere
1171 2480 1489 2533 continetur
1518 2480 1777 2549 quidquid
1807 2480 1931 2534 horti
1964 2477 2293 2550 Origeniano
2322 2482 2463 2535 inest
2492 2477 2799 2549 systemati.

558 2570 623 2626 ll.
674 2570 782 2626 Sed
827 2571 1016 2639 paucis
1040 2572 1191 2625 hisce
1227 2574 1383 2626 bonis
1418 2571 1577 2640 longe
1625 2572 1780 2641 plura
1836 2560 1974 2625 mala
2019 2572 2251 2627 admista
2292 2582 2440 2629 sunt.
2478 2574 2560 2628 Ac
2608 2574 2839 2643 primum
2879 2574 3122 2641 quidem,
3157 2574 3273 2635 illa,
3301 2587 3463 2642 quam
3516 2569 3734 2637 plurimi

494 2679 674 2722 tamen
721 2674 934 2719 veteres
978 2674 1034 2719 et
1077 2666 1409 2719 recentiores
1461 2666 1691 2734 amplexi
1739 2676 1884 2731 sunt,
1916 2668 2210 2737 Scriptura:
2262 2683 2430 2724 sacra:
2472 2668 2668 2722 divisio
2712 2669 2765 2723 in
2804 2670 3068 2738 triplicem
3120 2684 3362 2731 sensum,
3417 2666 3729 2720 litteralem.

491 2759 751 2815 moralem
775 2768 833 2814 et
866 2757 1242 2830 allegoricum,
1275 2773 1522 2813 censurze
1548 2759 1764 2813 videtur
1791 2759 2048 2814 obnoxia.
2079 2759 2299 2814 Moralis
2326 2760 2631 2829 appelletur
2655 2759 2944 2827 cujuslibet
2975 2759 3076 2814 loci
3110 2774 3326 2822 sensus,
3351 2757 3444 2828 qui
3492 2756 3736 2811 moribus

488 2852 793 2906 formandis
824 2852 1073 2916 inservit,
1111 2866 1207 2916 per
1236 2868 1323 2906 me
1350 2852 1500 2917 licet,
1532 2854 1690 2907 modo
1737 2853 1966 2908 ulterius
2001 2870 2108 2908 non
2160 2859 2507 2923 procedatur.
2567 2854 2624 2908 Si
2659 2869 2785 2907 vero
2837 2854 2888 2907 in
2934 2851 3157 2922 speciali
3208 2851 3510 2906 collocetur
3553 2847 3734 2900 classe

491 2961 689 3002 sensus
722 2947 969 3011 moralis,
1001 2957 1055 3000 et
1085 2962 1113 3000 a
1146 2946 1368 3001 litterali
1397 2949 1759 3003 constituatur
1790 2948 2014 3020 perinde
2046 2952 2297 3006 diversus
2335 2966 2400 3006 ac
2432 2950 2777 3019 allegoricus,
2813 2950 2866 3003 id
2898 2949 3046 3003 nulla
3071 2948 3244 3002 solida
3277 2947 3489 3000 ratione
3517 2946 3732 3003 nititur,

486 3052 540 3095 et
574 3041 876 3110 perniciem
915 3057 1097 3096 seettm
1132 3044 1423 3097 maximam
1456 3044 1639 3107 trahit,
1674 3046 1748 3098 uti
1780 3045 2028 3114 exemplo
2049 3045 2433 3116 comprobatur
2460 3045 2735 3115 Origenis,
2769 3046 2862 3116 qui
2901 3055 2960 3098 ut
2986 3044 3237 3098 litteralis
3264 3059 3455 3097 sensus
3501 3040 3733 3097 difﬁcul-

489 3145 624 3191 tates
651 3136 908 3197 eluderet,
940 3138 1003 3190 ad
1037 3138 1421 3194 documentum
1454 3140 1675 3210 aliquod
1707 3142 1912 3197 morale
1942 3142 2310 3211 confugiebat.
2343 3143 2424 3197 Ad
2475 3142 2765 3214 mysticum
2792 3143 3011 3210 quidem
3060 3154 3279 3193 sensum
3328 3140 3511 3193 statim
3546 3150 3734 3189 rccur--

488 3248 606 3286 rere
646 3232 947 3296 maluisset,
975 3232 1069 3287 sed
1100 3235 1225 3303 quia
1256 3251 1359 3288 non
1386 3251 1595 3305 semper
1623 3243 1946 3292 occurrebat
1978 3239 2071 3307 qui
2114 3238 2216 3293 sibi
2249 3237 2455 3293 faceret
2503 3243 2662 3300 satis,
2703 3245 2830 3291 tunc
2868 3237 2917 3290 in
2956 3236 3140 3289 anima
3171 3232 3489 3301 Scripturae,
3540 3230 3592 3282 id
3647 3236 3732 3280 est

492 3327 681 3380 morali
719 3344 877 3382 sensu
915 3328 1170 3385 haarebat.
1205 3318 1955 3386 Animadverteredebuisset
1993 3333 2226 3401 primum
2260 3332 2555 3385 moralibus
2582 3332 2740 3385 hisce
2766 3322 3128 3390 documentis,
3158 3342 3280 3380 cum
3330 3326 3542 3392 integer
3581 3335 3723 3375 sem-

493 3432 592 3487 per
624 3429 839 3471 maneat
874 3419 1125 3472 litteralis
1180 3435 1394 3486 sensus,
1431 3432 1588 3475 natas
1634 3438 1699 3475 ex
1751 3433 1869 3477 arte
1900 3425 2094 3477 critica
2128 3422 2473 3478 diﬂicultates
2529 3436 2868 3490 nequaquam
2918 3418 3089 3482 solvi;
3140 3416 3333 3470 deinde
3369 3412 3590 3467 moralia
3624 3410 3726 3463 ista

492 3513 811 3565 documenta
849 3522 977 3564 tunc
1005 3512 1179 3565 solum
1212 3513 1439 3583 alicujus
1465 3528 1585 3569 esse
1616 3517 1791 3578 pretii,
1820 3531 1941 3570 cum
1970 3528 2161 3584 sponte
2187 3534 2280 3570 sua
2324 3534 2353 3571 e
2404 3516 2627 3572 litterali
2677 3530 2841 3569 sensu
2904 3508 3203 3582 proﬂuunt.
3229 3512 3462 3565 Tantum
3488 3510 3641 3563 abest
3672 3515 3731 3557 ιιι

492 3603 607 3658 Ιπεο
639 3604 686 3657 ei
719 3604 771 3657 in
806 3612 1039 3658 mentem
1070 3605 1340 3667 venerint,
1372 3616 1430 3658 ut
1475 3606 1657 3673 potius
1703 3607 1756 3660 in
1816 3608 2054 3662 animum
2113 3608 2383 3662 induxerit
2430 3623 2587 3661 suum
2617 3606 2867 3674 quaedam
2910 3618 3035 3659 esse
3080 3602 3374 3671 Scriptura:
3415 3601 3561 3662 loca.
3611 3613 3732 3667 quin

489 3695 780 3751 litteralem
816 3713 1037 3751 sensum
1067 3713 1294 3767 prorsus
1325 3700 1643 3761 excludant,
1680 3711 1734 3753 et
1766 3700 1981 3753 unicum
2010 3700 2271 3753 moralem
2300 3701 2587 3754 admittant
2622 3716 2635 3751 :
2668 3698 2812 3766 quod
2849 3697 3074 3751 omnino
3121 3706 3401 3764 repugnat.
3440 3696 3547 3747 Aut
3587 3692 3729 3747 enim

487 3791 706 3845 moralis
738 3791 843 3845 iste
870 3806 1066 3845 sensus
1098 3808 1128 3846 c
1161 3792 1451 3846 verborum
1487 3807 1792 3860 vocumque
1820 3793 2223 3859 significatione
2248 3794 2441 3856 oritur,
2475 3803 2532 3846 et
2558 3800 2688 3844 tunc
2733 3790 2982 3845 litteralis
3009 3797 3121 3852 est;
3150 3797 3241 3840 aut
3275 3784 3729 3856 quemadmodum

487 3883 753 3952 principio
785 3888 1196 3951 consequentia,
1237 3885 1309 3938 ita
1339 3887 1607 3941 sermonis
1636 3888 1810 3942 littera
1845 3888 1960 3956 ipse
1984 3886 2316 3948 continetur,
2346 3896 2401 3941 et
2433 3898 2558 3944 tunc
2606 3886 2916 3943 necessario
2940 3886 3150 3955 integra
3192 3891 3377 3937 manet
3410 3881 3593 3934 littera
3623 3892 3730 3948 qua

490 3983 742 4042 tanquam
782 3974 896 4027 basi
931 3975 1144 4040 nititur,
1175 3984 1230 4028 et
1260 3977 1403 4030 unde
1431 3977 1663 4030 naturali
1701 3979 2091 4047 consequentia
2122 3978 2386 4031 nascitur.

560 4063 648 4118 ΙΙΙ.
679 4060 1026 4120 Paradoxum
1068 4066 1219 4130 illud,
1273 4083 1382 4137 quo
1414 4069 1582 4123 multa
1622 4069 1753 4125 falsa
1778 4081 1834 4125 et
1875 4087 2056 4125 secum
2092 4072 2385 4142 pugnantia
2440 4072 2499 4126 in
2547 4071 2843 4141 Scriptum:
2883 4071 3063 4123 littera
3109 4070 3283 4138 ponit,
3337 4070 3404 4123 ad
3451 4067 3732 4138 religionis

492 4166 691 4209 aosme
717 4160 1059 4211 eversionem
1098 4166 1244 4213 recta
1282 4161 1453 4226 ducit,
1481 4161 1724 4229 mihique
1751 4164 1965 4231 quoties
1995 4162 2112 4230 ejus
2152 4164 2462 4218 testimonia
2494 4165 2728 4218 articulo
2750 4174 2943 4233 quarto
2980 4164 3146 4216 citata
3195 4162 3373 4228 legere
3415 4162 3681 4229 contingit
3709 4181 3725 4224 ;

491 4247 651 4301 toties
673 4246 854 4317 legere
890 4248 1079 4302 videor
1106 4264 1209 4303 non
1245 4252 1552 4305 testimonia
1581 4252 1815 4308 hominis
1839 4254 1933 4323 qui
1972 4256 2252 4311 ardentem
2295 4268 2512 4323 semper
2576 4255 2631 4309 in
2669 4254 2972 4323 Scripturis
3024 4253 3445 4321 interpretandis
3488 4252 3725 4307 animmu

491 4338 747 4394 habuerit
799 4356 1119 4409 summaque
1148 4357 1362 4411 semper
1391 4361 1485 4399 eas
1522 4346 1868 4399 veneratione
1906 4349 2341 4414 pertractaverit,
2368 4350 2462 4404 sed
2503 4357 2761 4417 excerpta
2802 4348 3048 4425 quaedam
3087 4358 3117 4398 e
3151 4347 3423 4402 volumine
3466 4346 3727 4403 increduli

490 4432 791 4503 cujuSpiam
818 4433 907 4500 qui
936 4434 1344 4503 Scripturarum
1371 4437 1655 4490 veritatem
1702 4438 1986 4508 multiplici
2019 4439 2355 4506 obiectorum
2388 4454 2590 4510 genere
2637 4451 2932 4494 concutere
2981 4438 3295 4493 tentaverit.
3349 4436 3518 4491 Miror
3551 4437 3726 4504 ipsum

491 4537 585 4579 aut
613 4542 716 4580 non
755 4527 1093 4580 intellexisse
1118 4542 1240 4580 cum
1270 4529 1531 4595 ejusmodi
1566 4529 1832 4599 principio
1855 4547 2097 4600 pugnare
2134 4546 2322 4586 earum
2353 4533 2810 4601 inspirationem;
2846 4539 2959 4596 aut,
2986 4531 3029 4585 si
3067 4531 3118 4585 id
3156 4530 3311 4593 vidit,
3342 4539 3490 4584 tanto
3522 4530 3729 4583 incom-

496 4620 655 4673 modo
686 4620 981 4673 remedium
1007 4619 1185 4673 alieni
1213 4622 1577 4681 existimasse,
1611 4622 1654 4672 si
1690 4620 1831 4675 Deus
1859 4622 1911 4675 in
1945 4622 2199 4676 falsitatis
2236 4623 2672 4679 communionem
2716 4624 3097 4677 adduceretur.
3152 4623 3330 4681 Semel
3381 4623 3727 4692 pessumdata

496 4720 589 4765 aut
618 4709 867 4765 falsitatis
892 4711 1209 4765 insimnlato
1248 4710 1471 4765 litterali
1518 4727 1677 4765 sensu
1709 4712 1777 4765 iis
1815 4713 1866 4766 in
1902 4713 2037 4769 locis
2064 4714 2155 4769 ubi
2200 4729 2391 4770 omnes
2430 4715 2522 4784 qui
2571 4716 2773 4782 requiri
2827 4726 3052 4782 possunt
3093 4718 3442 4772 characteres
3480 4715 3724 4768 historici

495 4799 831 4862 coalescunt,
866 4812 1087 4855 corruat
1119 4815 1341 4854 necesse
1378 4811 1464 4855 est
1493 4802 1903 4870 Scripturarum
1936 4806 2237 4861 auctoritas
2279 4807 2419 4874 apud
2452 4809 2710 4877 gentiles,
2748 4808 2888 4876 apud
2940 4808 3241 4872 hzereticos,
3283 4808 3421 4877 apud
3462 4805 3730 4860 Christia-

496 4907 625 4956 nos;
681 4893 819 4959 apud
846 4894 1099 4961 gentiles,
1129 4893 1220 4960 qui
1256 4894 1436 4962 potius
1475 4894 1595 4947 inde
1624 4896 1970 4949 occasionem
2017 4906 2233 4951 sument
2281 4896 2582 4960 rejiciendae
2625 4898 2921 4968 Scriptura;
2967 4909 3225 4968 tauquam
3275 4899 3475 4965 Spiritu
3532 4909 3727 4950 sancto

493 4981 752 5049 indignae,
780 4998 937 5049 quam
968 4983 1111 5037 illius
1139 4983 1429 5051 allegorice
1459 4984 1880 5051 interpretanda:
1929 4988 2310 5043 necessitatem
2366 4990 2658 5060 colligent;
2695 4992 2836 5059 apud
2885 4991 3173 5045 haereticos
3199 4989 3291 5058 qui
3330 4992 3431 5044 hoc
3463 4989 3732 5058 principio

491 5074 803 5137 abolentur,
838 5085 896 5127 ut
928 5090 988 5129 se
1011 5090 1075 5129 ex
1125 5076 1191 5129 iis
1218 5075 1507 5145 expediant
1553 5074 1687 5131 locis
1716 5091 1836 5143 quae
1864 5086 2051 5132 contra
2103 5094 2230 5135 suos
2260 5082 2497 5148 ipsorum
2528 5097 2745 5136 errores
2785 5094 3027 5152 pugnant
3054 5100 3067 5147 ;
3134 5082 3367 5149 denique
3394 5082 3534 5150 apud
3564 5081 3725 5138 Chri-

490 5171 719 5230 stianos,
752 5182 890 5236 quos
925 5168 979 5220 in
1010 5168 1129 5221 fidei
1168 5185 1277 5222 sine
1308 5168 1694 5222 detrimentum
1727 5170 1857 5224 etin
1884 5181 2173 5239 perpetuas
2216 5174 2383 5228 animi
2436 5175 2744 5231 anxietates
2779 5174 2852 5227 ita
2903 5162 3155 5236 adducet,
3191 5182 3248 5227 ut
3291 5173 3533 5244 legendis
3573 5176 3727 5229 Scri-

491 5258 666 5332 pturis
695 5273 919 5328 prorsus
953 5260 1266 5312 renuntiare
1288 5259 1603 5313 maluerint.
1633 5258 1733 5314 Tot
1763 5262 2037 5331 tantisque
2072 5264 2431 5319 incommodis
2461 5267 2783 5335 perterritus
2809 5279 2913 5318 non
2944 5264 3327 5333 estOrigenes.
3357 5266 3507 5322 Adeo
3538 5282 3724 5320 verum

490 5357 594 5407 est.
628 5350 797 5404 semel
834 5349 992 5403 valde
1018 5363 1456 5421 praeoccupatum
1492 5353 1734 5406 animum
1769 5355 1913 5409 nulla
1953 5357 2162 5412 ratione
2192 5361 2258 5413 ab
2281 5374 2469 5413 errore
2502 5372 2600 5411 suo
2629 5357 2869 5411 revocari
2903 5373 3080 5427 posse.

565 5439 656 5495 IV.
683 5441 837 5506 Quod
886 5457 1022 5512 pene
1068 5443 1385 5501 incredibile
1417 5448 1650 5514 videtur,
1683 5449 1975 5518 Origenem
2004 5449 2161 5503 latuit
2204 5450 2495 5505 discrimen
2523 5449 2665 5516 quod
2704 5449 2939 5506 litteram
2977 5451 3119 5506 inter
3143 5461 3200 5507 et
3239 5453 3527 5506 verborum
3579 5449 3725 5503 litte-

494 5535 663 5589 ralem
700 5551 919 5592 sensum
969 5538 1281 5593 iutercedit.
1316 5540 1520 5596 Littera
1552 5553 1725 5611 potest
1754 5560 1873 5599 esse
1919 5545 2079 5608 falsa,
2128 5552 2185 5600 et
2226 5553 2408 5599 tamen
2455 5544 2797 5599 verissimum
2830 5546 2932 5604 sub
2985 5547 3240 5602 falsitatis
3279 5544 3459 5612 specie
3503 5559 3722 5599 sensum

493 5630 798 5686 continere.
834 5630 887 5685 Id
934 5632 986 5686 in
1017 5630 1268 5684 omnibus
1308 5632 1601 5687 enuntialis
1628 5636 2013 5702 tnetaphoricis
2035 5636 2319 5706 contingit.
2349 5635 2404 5691 Si
2443 5652 2607 5706 opera
2641 5637 2834 5706 quibus
2863 5636 3048 5691 insunt
3082 5634 3347 5703 ejusmodi
3380 5633 3723 5701 metaphora).

493 5722 678 5781 licebit
710 5724 813 5781 hoc
844 5724 1058 5781 nomine
1095 5722 1349 5779 falsitatis
1382 5738 1657 5793 accusare,
1699 5726 1874 5782 nullus
1904 5728 2011 5782 crit
2057 5728 2215 5795 liber,
2257 5730 2345 5800 qui
2386 5730 2710 5787 falsitatibus
2744 5740 2796 5787 et
2822 5728 3350 5787 contradictionibus
3390 5743 3579 5783 carere
3626 5725 3727 5777 dici
