4180 6216
2039 130 2055 157 ι

476 310 534 367 5|
1712 306 2082 364 PBIEFATIO
2122 308 2211 361 AD
2250 305 2410 362 TOM.
2455 305 2518 359 Il.
3649 295 3721 353 52

472 429 667 497 possit,
699 446 823 485 cum
857 430 1034 486 nullus
1060 429 1133 485 sit
1161 429 1320 493 liber,
1348 429 1403 483 in
1436 443 1542 499 quo
1571 431 1944 500 metaphorica
1972 444 2165 483 vocum
2208 425 2534 496 significatio
2566 421 2801 492 simplici
2840 430 2897 477 et
2933 418 3158 475 litterali
3193 415 3561 488 intelligentia:
3608 431 3714 469 non

473 522 791 588 frequenter
828 522 1213 576 substituatur.
1250 520 1528 589 Scriptura
1553 537 1708 577 sacra
1746 523 1878 575 nihil
1911 522 2013 576 hac
2040 522 2095 574 in
2130 536 2189 574 re
2215 520 2397 582 habet,
2428 532 2538 587 quo
2559 532 2587 571 a
2612 513 2825 570 cazteris
2860 512 3014 567 libris
3035 521 3376 575 secernatur,
3402 524 3523 563 cum
3554 508 3718 575 Deus,

475 615 565 669 cui
596 614 841 667 homines
874 614 1069 665 docere
1100 613 1435 681 propositum
1462 612 1585 675 fuit,
1627 628 1687 668 se
1718 614 1904 683 utique
1942 613 2008 666 ad
2054 610 2277 665 humani
2316 608 2585 664 sermonis
2612 605 2825 677 regulas
2859 601 3372 658 accommodaverit.
3414 598 3555 665 Quid
3590 614 3721 668 ergo

473 704 803 757 censendum
830 704 894 755 de
916 702 1169 771 Origene,
1198 703 1315 771 qtti,
1345 712 1401 756 ιιι
1429 703 1769 772 Scripturam
1798 718 2007 757 sacram
2032 700 2363 755 falsitatihus
2411 709 2465 753 et
2501 693 3027 752 contradictionibus
3058 700 3273 747 scatere
3304 691 3517 759 probet,
3555 689 3719 742 multa

477 799 608 851 citat
642 798 779 858 loca,
813 812 931 864 qua:
960 797 1392 865 ntetaphoricum
1434 807 1491 851 et
1517 798 1858 853 verissimum
1889 812 2109 852 sensum
2148 795 2393 849 habent?
2440 793 2671 848 Prorsus
2697 805 2762 845 ex
2792 791 2975 844 animo
3016 786 3135 855 ejus
3174 787 3447 843 excidisse
3496 800 3722 840 necesse

475 900 558 944 est
587 890 764 942 omnia
802 890 1057 943 humanae
1106 890 1535 943 ratiocinationis
1582 890 1868 959 principia,
1908 905 2031 943 cum
2082 888 2276 941 thesim
2315 901 2434 956 qua:
2469 896 2577 940 tam
2625 885 2747 938 mali
2786 882 3022 952 exempli
3069 892 3171 947 est,
3203 890 3257 935 et
3308 890 3417 934 tam
3457 880 3722 949 prociduo

474 982 665 1035 nititur
689 980 1064 1047 fundamento,
1095 983 1477 1051 prapugnavit.
1507 981 1857 1037 Marcionitas
1883 979 2192 1035 offendebat
2235 979 2413 1032 littera
2447 976 2875 1047 Scripturarum,
2908 985 3194 1047 propterea
3219 973 3362 1043 quod
3392 987 3608 1026 onmem
3652 970 3722 1024 ab

472 1073 553 1127 eis
592 1074 960 1139 metaphoram
986 1073 1365 1126 excludebant.
1403 1073 1479 1127 Ex
1523 1073 1713 1127 eodem
1742 1070 1891 1125 fonte
1922 1069 2164 1124 manavit
2211 1068 2518 1123 Iudaeorum
2569 1081 2744 1130 error,
2784 1066 2878 1136 qui
2924 1065 3202 1149 Christum
3246 1064 3490 1132 recipere
3532 1060 3721 1115 nolue-

472 1174 622 1225 runt,
647 1172 701 1215 et
741 1164 1054 1232 prophetias
1084 1165 1152 1217 ab
1177 1177 1240 1217 eo
1273 1162 1592 1231 adimpletas
1619 1162 1788 1216 fuisse
1823 1164 2213 1230 pernegabant.
2247 1158 2329 1212 Ad
2361 1158 2825 1228 grammaticaletn
2856 1157 3090 1212 litteram
3122 1157 3483 1225 accipiebant,
3510 1171 3630 1226 qua:
3655 1170 3721 1211 eo

474 1262 689 1307 tantum
722 1255 948 1309 consilio
975 1256 1174 1322 scripta
1214 1263 1363 1317 sunt,
1393 1263 1453 1306 ιιι
1486 1254 1856 1323 ntetapltorice
1904 1251 2300 1320 intelligantur.
2338 1248 2615 1318 Ejusmodi
2658 1259 2787 1303 sunt
2847 1249 2986 1313 loca,
3014 1250 3101 1304 ubi
3154 1250 3358 1303 dicitur
3384 1249 3527 1302 Deus
3561 1251 3719 1318 plan-

474 1358 616 1400 tasse
646 1348 953 1415 paradisum
987 1350 1039 1400 in
1089 1348 1259 1411 Eden,
1301 1358 1463 1416 atque
1492 1347 1636 1400 ineo
1667 1347 1997 1408 ambulasse.
2045 1356 2151 1400 etc.
2188 1345 2333 1399 Idem
2367 1343 2711 1398 sentiendum
2744 1343 2811 1396 de
2839 1344 3148 1413 przeeeptis.
3180 1344 3299 1396 Alia
3336 1355 3463 1398 sunt
3494 1360 3614 1413 qua:
3653 1348 3720 1398 ad

474 1438 938 1505 grannnaticalem
967 1439 1202 1493 litteram
1242 1455 1345 1493 non
1373 1449 1499 1493 sunt
1528 1440 1869 1508 accipienda,
1896 1439 1981 1493 vel
2021 1454 2143 1508 qua:
2180 1440 2247 1492 ad
2287 1446 2437 1492 certa
2464 1438 2710 1506 quantam
2738 1445 3001 1504 tempora,
3034 1438 3113 1490 vel
3156 1437 3221 1489 ad
3248 1448 3427 1492 certas
3453 1438 3719 1507 quasdam

474 1544 733 1596 personas
761 1540 886 1584 sunt
910 1532 1305 1599 restringenda,
1329 1531 1631 1597 cuiusmodi
1660 1542 1785 1585 sunt
1811 1532 1900 1585 illa
1927 1531 1994 1585 de
2026 1532 2240 1585 nemine
2272 1530 2325 1583 in
2354 1530 2437 1583 via
2464 1527 2769 1591 salutando,
2822 1528 2889 1581 de
2929 1526 3126 1580 calceis
3152 1536 3245 1580 aut
3275 1528 3481 1582 duabus
3522 1530 3723 1585 tunicis

470 1637 577 1675 non
610 1625 894 1692 habendis,
930 1628 995 1681 de
1036 1627 1260 1680 sinistra
1310 1627 1527 1679 maxilla
1580 1627 1871 1695 praebenda
1918 1627 1966 1680 ei
2009 1627 2098 1694 qui
2135 1624 2413 1680 dexteram
2469 1624 2821 1690 percusserit,
2857 1623 2924 1676 de
2972 1621 3151 1685 oculo,
3205 1636 3390 1688 tuanu,
3448 1623 3584 1690 pede
3659 1628 3716 1676 et

470 1716 690 1768 cmtcris
713 1717 994 1781 membris,
1028 1719 1071 1771 si
1098 1718 1355 1772 scaudalo
1392 1718 1614 1780 fuerint,
1650 1717 1993 1784 auferendis;
2025 1719 2129 1771 alia
2157 1726 2284 1773 sunt
2317 1730 2438 1785 qua:
2460 1716 2628 1770 etiam
2656 1729 2760 1768 non
2788 1714 2997 1780 stricte,
3036 1716 3131 1769 sed
3171 1723 3335 1784 prout
3364 1728 3453 1768 res
3480 1714 3720 1769 humano

473 1822 635 1859 sensu
686 1809 944 1862 aestimari
992 1810 1150 1871 solet,
1182 1808 1532 1879 intelligenda
1579 1820 1709 1865 sunt
1757 1810 2110 1878 :cujusmodi
2141 1818 2224 1863 est
2254 1821 2585 1879 praeceptum
2633 1824 2701 1863 ne
2748 1809 2872 1877 quis
2914 1807 3035 1862 loco
3067 1824 3164 1862 suo
3195 1818 3481 1864 moveatur
3532 1809 3584 1862 in
3634 1809 3721 1864 die

470 1897 717 1951 Sabbati.
750 1899 805 1952 Si
853 1900 976 1968 quis
1005 1915 1071 1954 ex
1118 1902 1389 1956 similibus
1438 1902 1700 1971 exemplis
1751 1903 2003 1963 intulerit
2039 1902 2379 1971 Scripturam
2421 1917 2634 1958 sacram
2688 1915 2870 1955 secum
2917 1915 3157 1969 pugnare
3205 1917 3400 1969 resque
3449 1901 3615 1956 falsas
3663 1910 3719 1957 et

468 1988 883 2053 inexplicabiles
908 1991 1213 2054 continere,
1260 1992 1306 2045 is
1356 1992 1605 2061 profecto
1638 1993 1837 2047 misere
1864 1992 2072 2062 vulgari
2101 1992 2326 2047 hmnaui
2358 1993 2625 2047 sermonis
2666 2006 2767 2046 usu
2796 1992 3061 2054 abutitur,
3111 2000 3167 2045 et
3204 2000 3393 2060 aperte
3438 1992 3718 2047 hominum

468 2083 779 2137 eredulitati
810 2084 1006 2151 illudit,
1040 2088 1239 2155 quippe
1266 2103 1403 2157 quos
1434 2089 1658 2143 inducat
1685 2098 1744 2142 ut
1799 2087 1851 2141 id
1900 2102 1997 2158 pro
2023 2088 2100 2141 rei
2140 2087 2376 2143 falsitate
2415 2095 2651 2153 sumant,
2687 2088 2827 2156 quod
2859 2096 3064 2141 tantmn
3100 2097 3182 2141 est
3210 2088 3531 2143 elocutionis
3555 2088 3704 2143 falsi-

473 2184 579 2229 tas.
614 2177 789 2245 Atque
824 2178 1029 2231 utiuam
1066 2178 1288 2232 ulterius
1319 2194 1640 2249 progressus
1664 2195 1768 2234 non
1799 2180 1995 2233 fuisset
2020 2177 2285 2247 Origenes
2319 2196 2332 2231 :
2376 2178 2590 2233 facilem
2631 2192 2783 2232 mens
2805 2177 2920 2245 ejus
2962 2180 3368 2233 excusationem
3407 2180 3716 2239 habuisset.

469 2270 726 2321 damnato
746 2267 1010 2322 duntaxat
1035 2266 1126 2322 illo
1165 2283 1272 2337 quo
1316 2268 1463 2322 illam
1490 2272 1728 2339 aperuit,
1761 2271 1943 2325 modo.
1991 2269 2187 2324 Verum
2218 2284 2247 2323 e
2283 2268 2465 2323 citatis
2511 2268 2839 2323 testimoniis
2875 2269 3102 2323 nimium
3138 2269 3329 2339 liquet,
3362 2271 3618 2326 falsitatis
3652 2273 3720 2327 ab

468 2359 590 2427 ipso
650 2372 965 2414 accusatum
1000 2363 1166 2415 fuisse
1191 2377 1380 2416 verum
1416 2377 1634 2417 sensum
1678 2362 1968 2417 litteralem
2003 2362 2360 2432 plurimorum
2393 2362 2660 2428 locorum,
2714 2363 2768 2416 in
2818 2361 3016 2430 quibus
3064 2376 3253 2417 omnes
3286 2380 3428 2419 vera:
3475 2364 3719 2418 historia:

467 2448 813 2503 characteres
855 2460 909 2503 et
956 2450 1151 2505 indicia
1195 2462 1586 2521 agnoscuntur,
1638 2450 1940 2519 cujusmodi
1987 2461 2116 2507 sunt
2182 2453 2411 2508 historia
2449 2453 2767 2519 creationis,
2795 2454 3038 2508 consitus
3087 2454 3140 2508 in
3198 2465 3341 2510 terra
3398 2455 3713 2526 paradisus.

470 2540 713 2595 historia:
740 2540 911 2605 Sarte,
963 2542 1247 2609 Rebeccze,
1281 2546 1631 2600 ohstetricmn
1676 2544 2080 2617 Egyptiarum,
2118 2547 2434 2601 tentationis
2483 2547 2721 2611 Domini,
2755 2558 2811 2601 et
2840 2546 3038 2616 jejunii
3079 2549 3440 2616 quadraginta
3469 2548 3709 2611 dierum,

470 2640 836 2685 mercatormn
862 2634 913 2686 in
946 2635 1146 2703 templo
1182 2651 1268 2691 res
1295 2652 1425 2690 suas
1449 2637 1825 2702 vendentium,
1856 2648 1907 2691 et
1938 2638 2057 2691 alia:
2094 2633 2362 2706 ejusmodi
2404 2640 2817 2706 quamplurima:
2845 2639 3120 2692 historicas
3166 2639 3531 2693 narrationes.
3563 2638 3709 2693 Non-

469 2724 649 2778 nullas
688 2742 785 2795 pro
818 2727 1054 2783 anilibus
1103 2728 1301 2785 fabulis
1330 2730 1554 2797 habuit;
1606 2731 1657 2784 in
1696 2730 1818 2785 aliis
1849 2732 1985 2786 dixit
2013 2731 2158 2786 facta
2190 2746 2314 2787 esse
2354 2733 2713 2799 transposita,
2760 2748 2859 2786 nec
2909 2747 2975 2786 eo
3010 2747 3121 2801 quo
3167 2732 3499 2797 referuntur,
3556 2732 3715 2789 modo

469 2818 780 2888 contigisse.
813 2820 889 2874 Eo
918 2821 1080 2875 etiam
1116 2825 1357 2879 audacia:
1390 2826 1556 2887 venit,
1599 2834 1656 2878 ut
1691 2824 1864 2894 legem
1891 2823 2204 2890 Mosaicam,
2234 2825 2279 2879 si
2322 2824 2543 2879 litterali
2594 2839 2758 2879 sensu
2791 2825 3119 2891 accipiatur,
3154 2824 3269 2879 Deo
3328 2825 3610 2895 indignam
3655 2835 3714 2879 et

468 2908 678 2978 legibus
705 2914 1118 2971 uterehumauis
1157 2917 1468 2971 inferiorem
1514 2917 1911 2985 pronuntiaret,
1944 2932 2049 2973 nec
2077 2916 2237 2972 aliter
2260 2914 2561 2970 afﬁrmaret
2590 2916 2644 2969 in
2682 2924 2801 2969 tuto
2828 2916 2956 2984 poni
3000 2929 3157 2983 posse
3197 2915 3494 2984 Scriptura:
3539 2914 3714 2983 inspi-

471 3002 763 3065 rationeni,
804 3021 964 3074 quam
1024 3008 1069 3061 si
1122 3009 1334 3062 dicatur
1368 3008 1632 3077 Spirittnn
1678 3019 1926 3063 sanctum
1974 3023 2041 3063 eo
2086 3008 2317 3063 consilio
2367 3006 2732 3078 corporaliter
2781 3007 3066 3061 mentitum
3117 3022 3237 3060 esse
3286 3015 3342 3060 ut
3390 3008 3711 3075 spiritaliter

469 3108 597 3148 vera
635 3097 861 3164 duceret,
907 3101 957 3153 id
982 3111 1064 3155 est
1102 3102 1367 3157 falsitates
1398 3103 1687 3157 historicas
1715 3103 1975 3171 dictasse,
2005 3104 2106 3158 sub
2134 3118 2362 3173 quarum
2406 3103 2670 3157 velamine
2700 3103 2961 3158 veritates
3028 3101 3351 3171 allegoricas
3387 3102 3709 3157 insinuaret.

544 3185 607 3240 ν.
642 3187 685 3241 Ε
736 3191 909 3245 tribus
960 3193 1161 3263 regulis
1208 3211 1345 3263 quas
1379 3196 1663 3264 proposuit
1694 3194 1979 3266 Origenes,
2011 3207 2069 3251 ut
2098 3199 2448 3269 mysticorum
2476 3211 2733 3251 sensuum
2767 3195 3062 3250 faciliorem
3104 3196 3357 3249 redderet
3404 3194 3709 3265 intelligen-

466 3284 628 3348 tiam,
670 3288 888 3341 tertiam
944 3292 1127 3349 statim
1173 3307 1498 3347 evanescere
1544 3293 1714 3361 liquet
1752 3308 1820 3347 ex
1878 3294 1945 3347 iis
1970 3309 2091 3362 qua:
2139 3308 2304 3364 supra
2355 3309 2385 3346 a
2427 3294 2906 3363 nobis‘observata
2958 3301 3106 3346 sunt.
3151 3290 3466 3344 Falsissimo
3515 3290 3713 3359 quippe

463 3370 656 3429 innixa
690 3380 959 3450 principio
985 3384 1191 3456 regula,
1236 3384 1436 3439 nullius
1462 3387 1649 3455 utique
1682 3387 1933 3442 utilitatis
1954 3403 2074 3442 esse
2105 3397 2300 3457 potest.
2338 3387 2418 3441 Ad
2443 3396 2669 3439 cteteras
2703 3387 2839 3439 duas
2874 3395 3232 3439 transeamus.
3261 3382 3461 3436 Verum
3495 3381 3710 3451 quidem

467 3476 554 3520 est
585 3467 659 3528 id.
700 3472 846 3539 quod
886 3474 1060 3543 prima
1094 3477 1276 3547 regula
1303 3478 1500 3543 fertur,
1533 3479 1969 3534 caeremonialem
1992 3479 2161 3548 legem
2189 3479 2396 3548 ﬁguras
2427 3479 2711 3545 exhibere,
2752 3494 2911 3534 secus
2935 3493 3065 3532 vero
3093 3478 3263 3548 legem
3295 3478 3578 3532 moralem.
3606 3477 3715 3532 Sed

468 3558 573 3614 hoc
604 3568 1012 3631 pronuntiatum
1045 3575 1153 3625 vim
1179 3573 1312 3640 legis
1339 3572 1540 3629 habere
1567 3574 1776 3643 nequit,
1812 3574 1914 3628 nisi
1951 3575 2002 3629 id
2034 3586 2269 3643 ponatur
2294 3576 2461 3645 (quod
2491 3584 2672 3629 tamen
2707 3575 2927 3645 speciali
2966 3575 3433 3629 demonstratione
3485 3574 3715 3645 indiget)

474 3655 609 3709 nihil
636 3662 857 3716 omnino
884 3666 1249 3721 caaremouiali
1278 3666 1383 3736 legi
1409 3667 1591 3722 inesse
1617 3668 1762 3737 quod
1791 3668 1978 3738 tiguris
2000 3678 2210 3722 careat.
2245 3668 2321 3721 lta
2362 3671 2577 3737 quidem
2618 3668 2787 3723 sensit
2830 3668 3114 3736 Origenes,
3157 3670 3248 3723 sed
3291 3684 3388 3722 nec
3431 3670 3563 3737 ipse,
3612 3685 3714 3721 nec

467 3751 605 3806 alius
639 3769 757 3823 post
793 3759 965 3825 ipsum
1000 3761 1261 3828 ejusmodi
1296 3766 1565 3833 principio
1594 3766 1889 3819 astruendo
1919 3782 2017 3833 par
2047 3765 2166 3821 fuit.
2207 3766 2279 3820 Ea
2305 3782 2427 3835 qua:
2468 3766 2729 3836 Origenes
2777 3767 2985 3834 profert
3026 3766 3325 3833 Scriptura:
3373 3767 3705 3830 testimonia,

467 3843 723 3899 evincunt
750 3850 965 3915 quidem
992 3867 1113 3905 esse
1140 3854 1397 3907 nonnulla
1426 3855 1816 3908 caeremonialis
1849 3855 1980 3923 legis
2020 3856 2137 3909 loca
2160 3872 2278 3923 qua:
2302 3856 2656 3921 allegoricum
2678 3890 2682 3894 Α
2702 3871 2919 3910 sensum
2957 3856 3254 3923 patiantur,
3280 3856 3372 3909 sed
3422 3856 3554 3909 nihil
3594 3872 3709 3909 am-

468 3934 609 4003 plius
639 3937 762 3992 inde
795 3942 1098 3997 conficitur.
1133 3944 1493 4000 Validissimis
1539 3947 1842 4000 rationibus
1869 3962 2007 4016 opus
2047 3956 2130 4002 est
2168 3956 2229 4000 ut
2269 3947 2496 4002 ulterius
2526 3963 2692 4016 quam
2745 3947 2972 4017 apostoli
3011 3948 3282 4017 progressi
3320 3957 3470 4013 sunt,
3514 3962 3706 4017 proce-

468 4027 662 4094 datur;
690 4044 745 4086 at
775 4034 963 4090 valida:
995 4039 1109 4089 ista:
1135 4039 1374 4094 rationes
1400 4039 1669 4095 hactenus
1694 4041 1746 4095 in
1774 4040 1950 4095 lucem
1982 4056 2087 4096 non
2117 4040 2455 4110 prodierunt,
2494 4058 2594 4097 nec
2622 4058 2747 4112 spes
2770 4052 2856 4097 est
2900 4058 3141 4112 unquam
3185 4042 3515 4112 prodituras.
3548 4043 3707 4097 Certe

468 4119 781 4191 quicunque
808 4126 1050 4196 singulas
1078 4128 1308 4184 Levitici
1340 4140 1433 4185 aut
1458 4130 1627 4187 Exodi
1653 4142 1834 4203 partes
1865 4134 2111 4202 neglecto
2142 4132 2367 4187 litterali
2398 4148 2561 4187 sensu
2593 4133 2881 4202 allegorice
2914 4136 3178 4187 duntaxat
3218 4134 3493 4203 explicare
3536 4142 3707 4189 tenta.

470 4224 618 4279 runt,
650 4218 817 4272 risum
870 4223 1124 4279 omnibus
1165 4240 1310 4281 nunc
1361 4237 1580 4282 movent
1625 4227 1737 4283 suis
1785 4228 2105 4299 plerumque
2156 4227 2377 4284 insulsis
2425 4228 2720 4295 allegoriis,
2761 4229 2959 4299 quibus
2996 4227 3405 4298 Scripturarum
3450 4227 3709 4298 maiestas

468 4304 796 4374 deprimitur
822 4323 877 4368 et
908 4318 1288 4373 conculcatur.
1690 4322 1697 4327 ’

540 4396 692 4453 Alius
720 4417 876 4483 error
907 4416 988 4460 est
1019 4411 1243 4465 credere
1269 4415 1701 4471 caeremonialem
1731 4416 1925 4489 legem,
1959 4427 2244 4488 postquam
2274 4417 2534 4486 abrogata
2567 4426 2651 4472 est
2679 4426 2735 4471 et
2764 4417 3042 4473 observari
3074 4418 3256 4483 desiit,
3290 4417 3513 4472 litterali
3541 4431 3705 4472 sensu

468 4502 685 4559 carere,
718 4498 802 4551 vel
828 4500 1019 4555 saltem
1049 4504 1269 4562 litterali
1295 4524 1455 4565 sensu
1486 4526 1591 4566 nou
1620 4512 1855 4582 amplius
1882 4528 2003 4568 esse
2034 4512 2517 4582 interpretandatn.
2552 4511 2647 4566 Vix
2680 4512 2891 4581 concipi
2936 4521 3117 4580 potest
3142 4513 3411 4580 quomodo
3438 4510 3703 4580 ejusmodi

472 4595 837 4644 commentum
877 4595 929 4647 in
963 4595 1214 4666 Origenis
1248 4610 1428 4658 mente
1481 4615 1667 4659 natum
1714 4608 1803 4661 sit.
1839 4605 1964 4661 Sive
2008 4606 2351 4667 observetur,
2382 4606 2495 4659 sive
2543 4618 2648 4657 non
2706 4603 3031 4657 observetur
3068 4612 3416 4672 praeceptum,
3468 4604 3513 4658 is
3542 4618 3706 4673 quem

470 4677 731 4766 continet,
758 4698 951 4739 sensus
982 4688 1034 4741 in
1081 4700 1314 4761 utroque
1337 4710 1466 4749 casu
1514 4697 1739 4766 perinde
1778 4711 1837 4752 se
1884 4696 2050 4750 habet
2074 4705 2129 4751 et
2152 4696 2291 4749 idem
2322 4710 2537 4764 semper
2562 4694 2831 4750 subsistit.
2860 4691 3169 4747 Etiamnum
3214 4708 3244 4748 e
3289 4692 3402 4748 sola
3454 4693 3703 4752 Mosaicze

468 4765 605 4837 legis
644 4770 829 4829 littera
861 4776 929 4829 ad
962 4778 1441 4838 demonstrandam
1476 4765 1716 4840 Iudaica:
1746 4786 2025 4856 religionis
2050 4786 2393 4841 divinitatem
2429 4794 2485 4839 et
2520 4784 2930 4840 Christianistui
2974 4786 3344 4857 praestantiam
3382 4788 3555 4857 major
3607 4788 3698 4842 lux

468 4861 716 4934 aﬂ'ertur,
756 4886 917 4936 quam
949 4888 1015 4926 ex
1050 4877 1324 4942 omnibus,
1357 4893 1493 4947 quas
1532 4889 1645 4933 tum
1670 4888 1904 4945 veteres,
1946 4887 2057 4931 tum
2108 4878 2442 4933 recentiores
2486 4892 2584 4947 pro
2621 4876 2847 4932 arbitrio
2875 4878 3283 4946 excogitarunt,
3307 4876 3582 4948 allegoriis
3640 4876 3697 4931 in

464 4970 634 5015 unum
660 4978 856 5036 corpus
881 4968 1122 5025 collectis
1142 4980 1196 5025 et
1226 4974 1494 5031 adunatis.

541 5050 793 5113 Secunda
839 5077 1056 5133 quoque
1086 5062 1341 5134 Origenis
1389 5068 1575 5138 regula
1627 5067 1813 5138 paucis
1844 5067 1988 5123 veris
2034 5066 2267 5137 plurima
2300 5068 2558 5137 permista
2611 5067 2775 5122 habet
2822 5065 3051 5121 multum
3101 5078 3353 5120 erronea.
3389 5064 3444 5119 Id
3482 5062 3693 5132 quidem

466 5146 809 5203 verissimum
838 5165 921 5208 est
956 5158 1097 5223 quod
1126 5159 1281 5213 docet
1316 5148 1538 5223 Paulus,
1573 5161 1849 5214 ccelestctu
1900 5173 2021 5214 esse
2073 5158 2402 5225 Jerusalem,
2432 5160 2588 5229 cujus
2633 5169 2791 5229 typus
2844 5167 2926 5213 est
2956 5156 3259 5213 Jerusalem
3300 5167 3545 5220 terrena;
3601 5155 3692 5207 sed

466 5235 592 5291 inde
622 5242 905 5307 εοηδθιιιιίν
944 5254 1000 5297 ιιι
1038 5261 1374 5317 quaecunque
1410 5253 1476 5305 de
1530 5259 1746 5304 terrena
1798 5247 2097 5305 Jerusalem
2129 5259 2185 5303 et
2216 5249 2592 5318 adiacentibus
2623 5252 2671 5305 ei
2706 5250 2838 5304 locis
2869 5249 3146 5316 dicuntur,
3196 5265 3256 5306 ea
3304 5250 3370 5304 ad
3418 5248 3691 5303 cmlestem

460 5326 765 5389 Jerusalem
796 5331 905 5384 sint
934 5336 1238 5405 referenda,
1276 5340 1326 5395 id
1356 5355 1485 5395 vero
1503 5357 1600 5396 nec
1626 5343 1962 5407 conceditur,
2005 5357 2107 5398 nec
2130 5344 2199 5397 ab
2223 5341 2459 5412 Origene
2498 5343 2928 5398 demonstratum
2961 5353 3065 5411 est,
3096 5357 3194 5399 nec
3220 5342 3395 5398 simile
3420 5340 3694 5409 quidpiam

470 5425 540 5477 ab
566 5425 824 5494 Apostolo
857 5429 1156 5495 profertur,
1189 5434 1278 5501 qui
1314 5436 1482 5490 tnulto
1511 5436 1688 5491 minus
1719 5437 1958 5507 loquitur
1980 5438 2047 5493 de
2074 5436 2418 5508 Origeniauis
2445 5436 2549 5490 illis
2594 5436 2648 5489 in
2681 5435 2818 5491 caalo
2860 5438 3161 5492 animarum
3196 5432 3541 5497 habitaculis,
3576 5445 3694 5503 qua:

465 5518 720 5590 Egypto,
756 5523 1039 5594 Babyloni,
1090 5523 1251 5596 Tyro,
1286 5528 1473 5584 Sidoni
1541 5542 1596 5585 et
1639 5533 1763 5586 aliis
1810 5534 2037 5587 terrenis
2067 5531 2201 5586 locis
2250 5530 2637 5599 respondeant.
2664 5530 2851 5601 Apage
2890 5530 3170 5601 profanam
3199 5528 3357 5582 istam
3381 5533 3438 5579 et
3463 5525 3692 5580 monstri

471 5614 697 5670 similem
727 5616 1048 5673 Platonismi
1089 5631 1142 5675 et
1174 5620 1572 5690 Pythagorismi
1607 5640 1729 5677 cum
1763 5625 2064 5693 Scripturis
2091 5624 2293 5679 nostris
2316 5623 2620 5679 misturam.

555 5704 628 5764 Ex
659 5706 818 5763 dictis
854 5708 1018 5781 igitur
1052 5708 1216 5779 liquet
1246 5708 1445 5765 nullius
1476 5711 1585 5768 fere
1610 5728 1728 5771 esse
1758 5715 2009 5772 utilitatis
2038 5717 2339 5786 propositas
2364 5715 2429 5770 ab
2458 5714 2689 5788 Origene
2724 5715 2958 5788 regulas,
2993 5730 3111 5786 qua:
3140 5728 3207 5771 ne
3241 5712 3441 5771 nodum
3477 5712 3693 5786 quidem
