4180 6216
404 265 483 325 53
1672 264 2047 324 ΡΒΛΕΡΑΤΙΟ

2081 265 2173 319 ΑΙ)
2204 264 2369 321 ΤυΜ.
2409 265 2474 322 Il.
3660 274 3731 330 3‘

428 387 774 443 dillicultatis
808 387 1109 460 attingunt.
1164 389 1208 442 Ε
1266 386 1421 443 Novo
1472 386 1837 444 Testamento
1870 390 2138 444 discimus
2189 388 2241 441 id
2299 402 2401 456 pro
2434 395 2590 439 certo
2640 384 2899 439 habuisse
2939 391 3238 458 apostolos,
3290 406 3418 447 esse
3462 392 3515 445 in
3554 394 3734 451 Veteri

417 479 779 534 Testamento
812 478 954 547 loca,
990 495 1115 548 quae
1153 480 1514 548 allegoricum
1547 492 1771 533 sensum
1800 478 2342 543 admittunt,deinde
2374 491 2472 530 eos
2513 475 2661 529 istud
2698 476 3028 544 principium
3064 480 3129 530 ad
3160 483 3461 550 singularia
3487 484 3734 550 quaedam

411 569 544 627 loca
593 572 1067 628 accommodasse.
1103 571 1244 625 Hine
1288 578 1595 624 nascuntur
1627 570 1733 625 illa;
1764 571 2111 639 quaestiones
2154 582 2223 620 an
2263 565 2500 634 apostoli
2547 566 2888 619 crediderint
2931 577 2987 620 et
3022 568 3310 622 docuerint
3357 572 3565 626 nullum
3608 589 3739 628 esse

422 661 729 728 Scriptura:
763 660 945 716 locum
979 661 1072 729 qui
1099 659 1295 730 ﬁguris
1330 666 1554 724 careat;
1591 674 1660 712 an
1689 659 1873 728 plures
1912 671 2142 711 numero
2165 655 2280 709 sint
2308 654 2593 721 allegoria;
2623 670 2787 723 quam
2822 670 2947 720 quas
2996 656 3065 708 ab
3120 655 3229 707 illis
3268 656 3522 712 indicata:
3567 672 3732 725 sunt;

416 768 487 805 an
521 753 589 807 iis
618 753 1022 823 investigandis
1044 762 1102 806 et
1133 751 1496 806 secernendis
1528 750 1597 804 ab
1633 750 1944 804 arbitrariis
1979 748 2254 815 allegoriis
2296 748 2547 815 quaedam
2601 747 2805 816 regulae
2846 747 3176 808 inserviant,
3222 754 3281 799 et
3325 762 3568 813 quaenam
3625 754 3736 805 illa:

413 844 569 907 sint;
608 860 677 898 an
727 860 829 914 per
865 843 988 898 illas
1036 844 1244 913 figuras
1276 842 1416 897 nihil
1464 843 1648 897 obstet
1687 841 1985 910 quominus
2023 839 2240 907 integer
2285 846 2508 892 maneat
2550 838 2809 893 litteralis
2862 854 3091 903 sensus;
3152 853 3226 890 an
3281 838 3409 905 quia
3446 839 3737 904 Apostolus

414 933 638 1001 aliquod
675 933 983 1002 Scriptura:
1031 933 1412 987 testimonium
1462 932 1759 1002 allegorice
1793 945 1958 984 sensu
2006 930 2405 996 interpretatus
2454 936 2560 993 est,
2599 929 2727 984 inde
2767 939 3169 996 consequatur,
3208 936 3268 980 ut
3307 928 3568 995 quidquid
3601 947 3727 982 cum

415 1026 518 1081 hoc
548 1027 872 1081 testimonio
909 1024 1148 1095 aliquam
1192 1026 1366 1081 habet
1411 1026 1839 1087 connexionem,
1870 1020 2140 1091 quidquid
2181 1020 2443 1087 prmcedit
2502 1030 2553 1075 et
2596 1022 2866 1087 sequitur,
2916 1024 2970 1075 id
3002 1020 3198 1074 eodem
3249 1018 3408 1071 modo
3458 1016 3528 1069 sit
3562 1020 3737 1087 expli-

412 1119 674 1173 candum.
717 1117 847 1173 llzec
879 1128 1010 1174 sunt
1053 1135 1180 1188 quae
1218 1117 1489 1186 Origenes
1536 1118 1643 1171 sibi
1689 1116 1949 1171 solvenda
1980 1126 2294 1182 proponere
2334 1113 2639 1169 debuisset.
2670 1114 2949 1181 Quantum
2977 1129 3110 1167 vero
3149 1113 3217 1165 iis
3249 1110 3529 1166 solvendis
3558 1112 3738 1179 impar

413 1209 489 1263 sit
511 1211 630 1280 ejus
651 1212 967 1273 methodus,
1009 1220 1392 1280 quantumque
1425 1226 1453 1262 a
1491 1210 1725 1262 veritate
1759 1216 2134 1266 removeatur,
2167 1203 2280 1270 jam
2315 1217 2477 1256 nemo
2524 1213 2608 1257 est
2640 1206 2734 1272 qui
2766 1220 2871 1256 non
2913 1205 3205 1271 intelligat.

487 1321 575 1377 νι.
612 1324 969 1392 Experientia
1029 1324 1195 1375 docet
1225 1320 1361 1373 satis
1408 1320 1655 1372 solemne
1706 1333 1829 1371 esse
1857 1316 2227 1369 viridioribus
2261 1324 2317 1369 et
2369 1314 2475 1367 sibi
2527 1315 2757 1367 nimiam
2798 1315 3207 1385 indulgentihus
3258 1316 3493 1386 ingeniis
3539 1302 3729 1372 secum

413 1416 648 1485 turpiter
681 1427 955 1484 pugnare,
986 1420 1042 1465 et
1074 1412 1257 1465 studia
1301 1411 1353 1462 in
1384 1407 1668 1461 contraria
1701 1414 1857 1457 extra
1885 1406 2104 1459 modum
2137 1404 2293 1457 ferri.
2328 1405 2465 1458 Cotn
2506 1405 2559 1457 itt
2586 1403 2849 1470 ejusmodi
2882 1405 3129 1458 homines
3162 1422 3263 1460 non
3292 1409 3452 1461 cadat
3493 1412 3727 1464 attentio

409 1513 668 1567 diuturna
703 1521 761 1566 et
792 1511 1087 1566 continua,
1122 1502 1375 1555 vividiori
1428 1516 1527 1552 sua
1589 1498 1921 1569 imaginandi
1982 1500 2031 1551 vi
2076 1497 2395 1552 necessario
2426 1498 2637 1564 abrepti
2694 1496 2967 1565 nullisque
3021 1499 3145 1552 fixis
3190 1499 3362 1553 innixi
3405 1504 3716 1572 principiis,

406 1603 740 1670 interrupte,
778 1608 839 1651 ttt
873 1598 949 1649 ita
983 1595 1191 1655 dicam,
1224 1592 1653 1654 ratiocinantur,
1678 1600 1872 1658 etquze
1912 1604 2021 1642 uno
2053 1598 2298 1657 tempore
2326 1590 2661 1658 cogitarunt,
2695 1588 2964 1652 dixerunt,
2999 1599 3095 1643 aut
3140 1593 3497 1661 scripserunt,
3557 1609 3622 1645 ea
3656 1610 3722 1647 ex

404 1694 633 1748 illorum
671 1688 946 1744 memoria
980 1684 1093 1737 alio
1121 1693 1356 1753 tempore
1382 1684 1459 1735 ita
1495 1682 1772 1744 excidunt,
1812 1692 1870 1734 ut
1914 1681 2141 1734 omnino
2169 1681 2449 1735 contraria
2495 1697 2637 1750 swpe
2683 1680 2987 1747 proferant.
3043 1681 3154 1734 lloc
3206 1683 3338 1735 vitio
3374 1700 3479 1738 non
3529 1684 3716 1738 caruit

403 1785 706 1852 Origenes.
742 1778 877 1844 Quis
916 1774 1295 1829 conciliaverit
1321 1790 1382 1829 ea
1426 1788 1546 1842 quae
1598 1783 1787 1827 contra
1833 1787 2055 1826 sensum
2106 1773 2402 1826 litteraletn
2472 1773 2700 1835 el'fntiit,
2736 1789 2857 1825 cum
2895 1775 2961 1829 iis
3000 1791 3121 1843 qua:
3154 1774 3279 1829 alibi
3320 1776 3478 1839 dixit,
3539 1778 3715 1845 ipsum

407 1871 751 1943 simplicium
787 1867 1119 1924 institutioni
1155 1876 1207 1921 et
1233 1866 1581 1921 :edilicationi
1614 1862 1891 1925 sufficere,
1929 1863 2162 1931 ipsoque
2191 1863 2287 1915 niti
2322 1863 2645 1931 religionem
2678 1876 2896 1915 omnem
2931 1880 2993 1917 ac
3022 1863 3182 1915 [idem
3229 1864 3719 1922 Christianorum?

410 1966 471 2021 Si
521 1964 823 2033 Scriptura:
854 1962 1035 2015 littera
1068 1960 1363 2013 innumeris
1414 1958 1521 2011 illis
1564 1956 1777 2011 laborat
1811 1954 1959 2007 vitiis
1989 1969 2110 2020 qum
2140 1955 2187 2005 ei
2241 1955 2559 2020 exprobrat,
2610 1954 2854 2018 nunquid
2894 1955 3116 2008 timendi
3164 1955 3313 2008 locus
3356 1972 3461 2011 non
3507 1966 3614 2019 est,
3649 1976 3714 2016 ne

406 2057 594 2126 potius
643 2053 964 2109 scandalum
1002 2052 1202 2121 pariat,
1264 2065 1429 2119 quant
1463 2048 1907 2111 ardilicationetn,
1939 2061 2004 2099 ac
2038 2046 2216 2113 potius
2250 2045 2436 2111 lapsus
2462 2044 2685 2096 occasio
2729 2042 2819 2104 sit,
2850 2059 3012 2110 quam
3057 2043 3176 2096 fons
3202 2046 3422 2101 luminis
3444 2058 3498 2101 et
3525 2058 3712 2105 scatu-

406 2153 528 2220 rigo
582 2150 885 2203 salubrium
942 2150 1420 2205 documentorum,
1475 2141 1780 2209 prmsertim
1826 2136 2191 2205 simplicibus,
2224 2150 2454 2203 quorum
2504 2134 2641 2187 fides
2698 2132 2833 2185 adeo
2878 2131 3039 2186 facile
3095 2131 3500 2190 labefactatur?
3554 2133 3708 2215 Quod

400 2243 638 2312 prodigii
672 2242 793 2296 loco
824 2250 930 2303 est,
969 2237 1120 2291 mille
1160 2238 1212 2290 in
1244 2236 1403 2298 locis,
1443 2233 1605 2301 idque
1650 2247 1835 2285 coram
1891 2229 2114 2299 populo,
2166 2228 2418 2283 litteralis
2467 2241 2664 2284 sensus
2727 2225 3067 2281 incommoda
3114 2228 3178 2280 ad
3224 2244 3480 2283 nauseam
3538 2244 3707 2300 usque

400 2341 705 2402 exaggerat
755 2330 1070 2400 Origenes;
1116 2328 1237 2381 aliis
1265 2336 1450 2378 autem
1482 2323 1537 2375 in
1573 2321 1704 2375 locis
1748 2322 2154 2390 persentiscens
2199 2320 2529 2389 periculum,
2570 2317 2659 2372 cui
2695 2316 2965 2388 ejusmodi
3015 2320 3346 2390 principiunt
3397 2320 3697 2383 obnoxium

396 2439 504 2494 est,
547 2428 678 2482 illud
706 2427 901 2480 eodem
934 2423 1102 2478 animi
1141 2421 1345 2473 ardore
1375 2417 1677 2485 impugnat,
1711 2429 1819 2483 quo
1866 2414 2044 2467 fuerat
2086 2422 2244 2467 antea
2288 2414 2355 2466 ab
2401 2414 2519 2483 ipso
2554 2423 2978 2485 propngnatnm.
3025 2413 3080 2467 Id
3124 2414 3308 2470 videre
3352 2426 3438 2471 est
3472 2417 3691 2476 ltomilia

399 2520 645 2576 secunda
678 2519 731 2571 in
766 2516 1053 2578 Cenesim,
1092 2514 1180 2568 ubi
1208 2528 1352 2566 arcae
1393 2510 1629 2563 Noeticze
1665 2506 1951 2560 ItiStoriam
1984 2503 2203 2557 litterali
2236 2520 2397 2559 sensu
2433 2505 2610 2575 accipi
2645 2506 2841 2562 debere
2864 2508 3147 2562 contendit
3182 2525 3197 2562 :
3232 2525 3252 2560 ι
3300 2506 3443 2574 llzec,
3484 2510 3685 2579 inquit,

398 2621 673 2682 quantum
705 2611 773 2664 ad
813 2610 1057 2663 historiae
1094 2607 1331 2676 pertinet
1365 2601 1653 2663 rationem,
1687 2599 1953 2651 adversus
1974 2611 2069 2649 eos
2104 2597 2245 2650 dicta
2272 2598 2402 2662 sint,
2432 2597 2523 2666 qui
2562 2598 2880 2667 impugnare
2906 2598 3224 2667 Scripturas
3250 2601 3463 2657 Veteris
3497 2601 3687 2658 Testa-

404 2706 574 2759 ntenti
610 2704 885 2763 nituntur,
920 2711 1178 2769 tanquam
1211 2695 1567 2766 impossibilia
1596 2691 1842 2761 quaedam
1884 2698 1939 2741 et
1986 2688 2380 2745 irrationabilia
2427 2692 2792 2746 continentes.
2833 2712 2850 2744 ι
2906 2693 3072 2759 Quasi
3121 2710 3248 2750 vero
3276 2697 3418 2765 quod
3466 2696 3518 2751 itt
3564 2700 3685 2757 aliis

398 2801 642 2861 damnat,
675 2796 727 2850 id
767 2809 874 2849 non
902 2792 1068 2848 fuerit
1110 2794 1179 2847 ab
1228 2792 1343 2862 ipso
1373 2789 1568 2844 millies
1595 2790 1962 2842 decantatnm.
2002 2783 2269 2839 Pra-terea
2298 2784 2584 2839 manifesta
2606 2797 2752 2853 sunt,
2789 2800 2843 2842 et
2863 2788 3088 2854 diserta,
3129 2800 3181 2845 et
3220 2807 3418 2861 magno
3454 2809 3681 2852 ntnnern

403 2894 523 2962 ejus
553 2892 694 2957 loca,
732 2890 823 2945 ubi
862 2887 1153 2959 allegorias
1197 2887 1250 2941 in
1298 2885 1445 2941 omni
1488 2884 1771 2950 Scriptura
1809 2879 2037 2962 reperiri
2078 2888 2359 2949 pernegat,
2409 2888 2465 2935 et
2512 2889 2692 2934 tamen
2739 2884 2893 2951 quasi
2947 2881 3107 2953 hujus
3160 2886 3411 2956 principii
3447 2886 3673 2955 oblitus,

407 2986 671 3057 mysticus
707 2996 902 3037 sensus
938 2981 993 3035 in
1025 2980 1259 3050 singulis
1290 2979 1575 3047 utriusque
1610 2974 1944 3031 'l‘estatnenti
1979 2961 2193 3044 paginis
2222 2974 2446 3044 inquirit
2475 2984 2530 3029 et
2577 2975 2760 3031 animo
2804 2977 2905 3032 sibi
2942 2976 3092 3049 fingit
3171 2981 3313 3048 Quin
3343 2991 3398 3036 et
3446 2981 3667 3040 homilia

405 3081 581 3148 prima
618 3079 669 3130 in
705 3075 950 3132 Exodntn
995 3075 1073 3131 sic
1129 3074 1374 3145 loquitur
1403 3090 1417 3126 :
1452 3092 1470 3124 ε
1504 3073 1618 3140 Ego
1653 3074 1882 3127 credens
1902 3071 2083 3125 verbis
2124 3071 2330 3125 Domini
2365 3073 2470 3126 mei
2501 3070 2625 3127 Jesu
2657 3071 2881 3138 Christi,
2920 3073 2973 3128 in
3020 3074 3135 3146 lege
3167 3087 3221 3133 et
3249 3080 3528 3149 prophetis
3557 3080 3661 3137 iota

404 3170 624 3239 quidem
663 3184 852 3235 unum,
881 3179 973 3222 aut
1003 3185 1168 3225 unum
1197 3169 1405 3238 apicem
1444 3182 1547 3221 non
1582 3176 1713 3236 puto
1748 3180 1871 3220 esse
1905 3165 2181 3235 mysteriis
2213 3180 2466 3230 vacuum,
2507 3182 2605 3222 nec
2628 3176 2755 3237 puto
2783 3168 2985 3238 aliquid
3019 3171 3208 3227 horum
3250 3177 3484 3231 transire
3506 3194 3665 3247 posse

401 3264 576 3319 donec
608 3265 791 3319 omnia
851 3266 1004 3319 fiant.
1039 3283 1057 3317 ι
1096 3264 1157 3318 Et
1196 3264 1294 3320 lib.
1334 3280 1389 3319 tv
1420 3264 1501 3318 De
1549 3263 1847 3331 principiis,
1877 3277 2026 3315 num.
2061 3261 2131 3316 20
2163 3277 2177 3314 :
2212 3281 2230 3312 ι
2275 3261 2368 3317 Sic
2420 3263 2567 3317 enint
2611 3264 2678 3319 de
2728 3265 2981 3320 universa
3033 3264 3320 3339 Scriptura
3371 3272 3663 3330 statuimus

401 3368 621 3412 sensum
655 3361 854 3428 ubique
883 3375 1003 3414 esse
1028 3361 1350 3429 spiritalem,
1393 3375 1500 3414 non
1530 3359 1731 3429 ubique
1764 3374 2110 3428 corporeum.
2152 3377 2169 3409 ι
2204 3357 2326 3413 Haec
2359 3370 2543 3428 aperte
2575 3370 2951 3429 pugnantcum
2979 3362 3093 3430 ejus
3124 3365 3450 3420 testimoniis
3496 3383 3656 3438 supra

397 3447 581 3501 citatis
603 3448 758 3501 artic.
793 3451 845 3503 2.
878 3451 1118 3519 Denique
1156 3452 1299 3518 quod
1333 3451 1469 3504 dixit
1496 3450 1842 3504 dillieilimum
1868 3464 2007 3510 esse,
2029 3466 2095 3504 ne
2123 3450 2335 3503 dicatur
2361 3451 2713 3520 impossibile,
2734 3452 3146 3521 mysticosquos
3171 3454 3333 3508 habet
3375 3454 3654 3528 Scriptura

394 3556 588 3598 sensus
613 3543 965 3611 investigare,
999 3545 1052 3597 id
1104 3560 1208 3598 non
1234 3544 1392 3599 facile
1436 3560 1558 3600 cum
1612 3543 1881 3599 indefesso
1909 3545 2026 3615 ejus
2065 3546 2116 3597 in
2151 3544 2413 3613 ejusmodi
2464 3547 2712 3600 sensibus
2747 3549 3055 3602 scrutandis
3084 3548 3264 3603 studio
3310 3553 3648 3609 conciliatur.

472 3661 578 3718 Vll.
618 3663 920 3719 Veritatem
966 3678 1253 3734 perperam
1290 3674 1569 3733 acceptant
1615 3679 1756 3734 saepe
1810 3663 2033 3735 perinde
2064 3678 2281 3728 nocere,
2324 3678 2390 3718 ac
2437 3662 2635 3718 falsum
2684 3664 3039 3733 principium,
3074 3681 3268 3735 magno
3295 3670 3543 3738 exemplo
3569 3678 3655 3726 est

390 3759 681 3829 Origenes.
716 3762 799 3814 Ah
831 3760 1094 3829 apostolis
1124 3761 1392 3815 didicerat
1417 3759 1600 3813 Jesum
1634 3760 1913 3815 Christum
1949 3772 2146 3826 resque
2180 3758 2249 3811 ab
2300 3773 2366 3813 eo
2391 3768 2571 3826 gestas
2613 3768 2668 3812 et
2701 3756 2817 3825 ejus
2848 3761 3100 3827 mysteria
3153 3760 3206 3813 in
3250 3762 3427 3817 Veteri
3458 3764 3649 3819 Testa-

392 3865 578 3908 mento
608 3855 946 3908 adumbrari.
984 3854 1123 3909 Hinc
1157 3855 1222 3908 ad
1254 3856 1606 3923 mysticorum
1637 3870 1896 3909 sensuum
1933 3854 2405 3923 investigationem
2437 3853 2678 3907 habenas
2708 3853 2926 3922 ingenio
2954 3869 3055 3909 suo
3101 3856 3495 3925 permittendas
3528 3874 3648 3915 esse

388 3950 623 4013 censuit,
658 3964 724 4003 eo
751 3949 968 4004 aliunde
999 3950 1263 4019 impulsus
1290 3949 1507 4020 publico
1549 3950 1632 4002 sui
1666 3949 1925 4017 temporis
1955 3963 2170 4017 sapore,
2196 3948 2446 4001 vividiori
2478 3963 2577 4002 sua
2609 3948 2939 4015 imaginandi
2976 3951 3052 4015 vi,
3078 3955 3405 4020 scriptorum
3433 3952 3646 4007 Judzeo-

387 4055 530 4106 rum,
573 4042 857 4105 gentilium
910 4058 974 4098 ac
1021 4043 1457 4099 Christianorum
1508 4043 1787 4114 allegoriis
1809 4045 2116 4098 deditorum
2167 4043 2423 4107 lectione,
2466 4058 2734 4113 perparvo
2756 4045 2897 4112 quod
2932 4055 3056 4100 tunc
3081 4057 3197 4100 erat
3229 4047 3295 4100 ad
3349 4046 3642 4117 Scriptura:

387 4132 629 4187 litteram
665 4134 1049 4188 elncidandam
1082 4136 1308 4207 auxilio,
1362 4150 1425 4191 ac
1476 4136 1711 4204 denique
1743 4137 2007 4204 stupenda
2043 4135 2155 4200 illa,
2190 4150 2293 4203 qua
2323 4150 2486 4204 opera
2512 4150 2607 4189 sua
2644 4134 2899 4199 cudebat,
2927 4135 3234 4190 velocitate.
3281 4137 3355 4191 Ex
3387 4139 3639 4197 omnibus

392 4227 510 4280 istis
542 4228 723 4281 causis
755 4229 960 4297 prodiit
999 4229 1356 4285 inexhaustus
1405 4230 1496 4285 ille
1540 4230 1923 4299 allegoriarum
1957 4229 2098 4294 fons,
2133 4245 2241 4297 quo
2273 4238 2483 4285 cunctae
2510 4228 2626 4296 ejus
2664 4230 2989 4299 scriptiones
3023 4232 3159 4285 adeo
3193 4233 3547 4298 inttndantur,
3579 4242 3638 4288 ut

386 4320 657 4375 neminem
688 4329 819 4375 ante
846 4336 903 4376 se
939 4323 990 4375 in
1027 4323 1127 4377 hoc
1152 4338 1354 4391 genere
1379 4326 1713 4393 superiorem
1740 4326 2014 4391 habuerit,
2052 4341 2153 4380 nec
2178 4325 2345 4378 ullum
2374 4333 2494 4393 post
2526 4339 2584 4378 se
2614 4324 2717 4377 sibi
2754 4340 2941 4394 parem
2976 4325 3272 4395 reliquerit.
3303 4326 3542 4382 Primum
3569 4329 3632 4382 ad

384 4410 737 4481 allegoricam
764 4417 1074 4472 methodutn
1109 4422 1368 4490 abreptus
1397 4431 1481 4474 est
1511 4431 1753 4475 veterum
1790 4421 2101 4476 Iudaeorum
2131 4420 2406 4487 exemplo,
2437 4419 2633 4487 quibus
2669 4420 2806 4473 alius
2849 4434 2953 4472 non
2993 4421 3269 4475 arridebat
3301 4424 3631 4491 exponendm

384 4503 678 4571 Scriptum
715 4507 924 4560 modus.
956 4508 1038 4561 Ab
1066 4510 1148 4563 eis
1178 4509 1361 4564 hausit
1389 4511 1584 4564 scitum
1632 4510 1787 4575 illud,
1815 4510 2049 4565 litteram
2084 4526 2203 4565 esse
2228 4511 2532 4565 divinorum
2569 4511 2897 4564 voluminum
2941 4526 3157 4583 corpus,
3186 4514 3414 4583 mystico
3445 4523 3626 4566 autem

382 4608 543 4649 sensu
573 4596 809 4650 animam
848 4598 930 4651 vel
970 4600 1217 4669 spiritum
1252 4602 1467 4655 illorum
1495 4602 1785 4656 contineri.
1811 4603 2168 4657 Admirationi
2197 4604 2243 4657 ei
2278 4613 2435 4656 erant
2458 4601 2615 4655 Philo
2642 4612 2695 4656 et
2716 4603 3079 4667 Aristobulus,
3110 4605 3185 4658 ttti
3228 4613 3373 4674 patet
3406 4621 3435 4658 e
3461 4604 3550 4657 lib.
3578 4620 3627 4657 tv

385 4690 570 4737 contra
602 4685 827 4752 Celsum,
861 4705 1011 4743 nunt.
1052 4692 1142 4757 5i,
1178 4693 1266 4747 ubi
1311 4693 1388 4747 ait
1426 4711 1439 4746 :
1479 4710 1496 4742 ι
1544 4693 1760 4747 lllorunt
1790 4692 2080 4759 volumina,
2114 4704 2372 4762 quantum
2404 4693 2715 4761 conjectura
2739 4708 3069 4764 cognoscere
3093 4702 3196 4759 est,
3234 4694 3457 4747 minime
3491 4694 3623 4745 vidit

379 4770 588 4829 Celsus.
619 4776 751 4830 Nam
787 4780 873 4831 illa
908 4781 1037 4835 mihi
1069 4782 1319 4836 videntur
1358 4792 1593 4837 mentem
1624 4783 2027 4852 Scripturarum
2061 4794 2119 4837 ut
2145 4783 2437 4854 plurimum
2467 4785 2539 4838 ita
2570 4784 2807 4854 assequi,
2837 4792 2894 4836 ttt
2920 4785 3002 4837 vel
3039 4784 3244 4839 Crtecis
3284 4783 3624 4854 philosophis

374 4865 726 4922 admirationi
750 4884 867 4924 esse
897 4874 1129 4940 possint.
1166 4873 1243 4927 lbi
1277 4873 1423 4927 enim
1462 4889 1566 4927 non
1596 4873 1770 4929 solum
1826 4873 1880 4927 itt
1915 4873 2174 4935 dictione,
2209 4874 2301 4926 sed
2357 4874 2521 4927 etiam
2562 4874 2615 4927 in
2653 4874 2936 4927 sententiis
2986 4885 3039 4928 et
3091 4873 3360 4942 dogmatis
3410 4872 3621 4923 videtur

374 4957 621 5015 delectus
648 4970 703 5014 et
737 4962 1030 5033 diligentia,
1066 4972 1120 5019 el
1152 4965 1449 5035 praeclarus
1476 4980 1665 5020 eorum
1701 4964 1997 5034 Scriptura:
2039 4966 2283 5020 locorum
2314 4980 2464 5029 usus,
2495 4980 2615 5034 qua:
2652 4964 2839 5019 Celsus
2866 4980 2963 5032 pro
2997 4964 3189 5017 fabulis
3229 4963 3411 5015 habet.
3449 4979 3466 5012 ι
3501 4960 3620 5026 Qun

370 5052 618 5105 encontio
646 5053 804 5123 plane
834 5057 1197 5112 confirmatur
1223 5038 1541 5114 ltaacl’hotii
1589 5059 1656 5113 de
1709 5058 1935 5114 Philone
1988 5059 2266 5113 adnotatio
2310 5058 2567 5112 Bibliatlt.
2594 5058 2713 5113 cod.
2742 5072 2807 5111 cv
2843 5075 2856 5110 :
2902 5074 2921 5107 ι
2957 5056 3032 5109 Ex
3079 5070 3167 5117 eo,
3202 5054 3415 5122 opinor,
3445 5054 3616 5106 omnis

374 5141 666 5213 allegorica
703 5146 1003 5215 Scriptura:
1039 5152 1468 5219 interpretanda:
1505 5151 1644 5205 ratio
1678 5151 1729 5205 in
1768 5151 2064 5206 Eeclesiam
2105 5151 2346 5205 irruendi
2390 5151 2579 5206 habuit
2609 5151 2846 5206 initium.
2890 5168 2909 5199 ι
2961 5147 3163 5201 Deinde
3195 5148 3336 5215 quod
3376 5148 3452 5200 ait
3485 5147 3618 5201 Por-

370 5236 591 5306 phyrius
619 5241 761 5309 apud
799 5241 1025 5305 Euseb.,
1057 5242 1201 5298 Hist.
1248 5245 1402 5309 eccl.,
1447 5245 1542 5300 lib.
1580 5260 1656 5310 Vl,
1686 5260 1805 5314 cap.
1840 5246 1929 5309 l9,
1966 5246 2019 5300 id
2073 5246 2205 5300 tnilti
2261 5244 2321 5299 fit
2370 5247 2657 5300 admodum
2728 5242 3041 5305 verisimile,
3072 5239 3357 5310 Origenem
3398 5258 3611 5313 nempe,

368 5340 492 5379 cum
519 5331 736 5384 assidua
787 5330 1194 5387 Platonicorum
1248 5346 1302 5389 et
1349 5336 1834 5406 Pythagoricorum
1882 5337 2115 5392 lectione
2161 5338 2485 5391 familiarem
2543 5336 2644 5389 sibi
2698 5332 2921 5387 fecisset
2981 5333 3334 5388 abstrusioris
3364 5345 3606 5388 veterum

366 5417 812 5488 philosophorum
849 5421 1112 5476 doctrina:
1138 5422 1427 5493 allegorice
1453 5441 1617 5481 sensu
1650 5426 2075 5496 interpretanda:
2103 5428 2341 5490 modum,
2373 5426 2520 5479 illum
2548 5440 2762 5495 quoque
2795 5425 2863 5478 ad
2892 5423 3196 5481 Judaeorum
3234 5425 3397 5479 libros
3428 5436 3607 5481 trans-

368 5508 574 5563 tulisse.
609 5510 725 5565 lluc
763 5513 901 5567 adde
930 5515 1075 5583 quod
1111 5512 1348 5579 eonjicit
1388 5516 1614 5573 liuetius
1663 5519 1977 5589 Origenian.
2014 5521 2107 5574 lib.
2142 5533 2279 5587 tt,q.
2313 5519 2399 5583 15,
2430 5519 2494 5570 ad
2531 5518 2580 5571 id
2623 5516 2891 5571 scribendi
2925 5533 3093 5586 genus
3119 5517 3407 5569 excitatum
3442 5520 3603 5573 etiam

365 5598 534 5653 fuisse
555 5601 939 5656 Adantantiutn
983 5605 1235 5672 exetnplo
1265 5605 1556 5661 Metrodori
1592 5608 1970 5679 Lampsaceni,
2002 5623 2163 5679 quem
2195 5616 2381 5661 narrat
2413 5606 2674 5661 Tatianus
2707 5615 2879 5661 totum
2911 5608 3200 5661 Homerum
3241 5606 3291 5658 in
3319 5607 3602 5677 allegorias

367 5692 621 5754 traxisse,
663 5701 717 5747 et
749 5695 1051 5755 Heraclidis
1081 5692 1746 5770 Pontici,Homer_icarum
1783 5701 2160 5771 allegoriarum
2208 5702 2509 5771 scriptoris.
2566 5698 2834 5758 Praeterea
2882 5708 3217 5771 compertum
3270 5709 3374 5768 est,
3421 5702 3602 5772 magni
