4180 6216
546 245 615 300 35
1744 230 2117 290 vanavana
2158 232 2250 286 AD
2288 231 2449 286 ron.
2487 232 2552 287 ιι.
3754 238 3825 295 3,5

550 362 750 431 ingenii
797 364 942 419 viros
967 376 1092 420 cum
1143 377 1208 418 eo
1242 371 1414 428 usque
1448 370 1556 410 non
1588 352 2042 424 progrediuntur,
2074 361 2133 406 ut
2182 368 2345 422 supra
2388 350 2571 406 saeculi
2624 349 2708 403 sui
2752 348 3130 419 przejndicatas
3178 350 3464 419 opiniones
3503 365 3624 407 sese
3655 354 3821 407 attol-

550 448 686 518 lant,
734 458 946 510 illarum
986 457 1102 526 plus
1154 451 1368 507 caeteris
1429 446 1741 503 hominibus
1799 446 2029 498 miseros
2071 457 2195 497 esse
2233 457 2446 498 servos.
2484 441 2735 512 Origenis
2774 451 2960 506 a:tate,
2994 442 3233 495 omnium
3294 443 3571 498 hominum
3607 446 3823 501 animos

551 551 949 619 myslagngicns
996 547 1185 615 genius
1242 545 1538 597 invaserat.
1594 539 1671 593 Eo
1725 551 1948 608 quoque
1998 536 2172 606 abripi
2218 551 2278 591 se
2323 550 2515 605 passus
2556 544 2645 589 est
2681 533 3060 596 Adamantius,
3118 548 3352 603 cumque
3395 551 3454 589 se
3502 535 3734 590 dicendo
3760 552 3824 589 ac

550 642 837 694 scribendo
892 654 1118 708 prorsus
1164 637 1416 690 idoneum
1482 633 1734 696 sentiret,
1785 631 1853 686 ad
1907 632 2068 699 idque
2117 644 2344 683 munere
2395 644 2498 684 suo
2545 628 2823 696 variisque
2870 626 3299 680 circumstantiis
3366 627 3700 696 adigeretur,
3754 629 3821 680 ad

552 732 859 783 auditorum
923 746 987 784 ac
1042 729 1309 783 lectorum
1372 741 1604 782 suorum
1668 740 1942 792 saporem,
1997 725 2086 792 qui
2134 732 2276 777 totus
2322 723 2373 775 in
2424 722 2701 790 allegoriis
2756 729 2893 779 erat.
2951 734 3071 773 sese
3122 719 3541 774 accommodare
3588 720 3820 776 Sluduit.

551 823 751 878 Scribit
784 826 948 878 etiam
977 823 1343 893 Hieronymus
1375 822 1426 873 in
1472 819 1725 888 Calalogo
1775 818 2089 885 scriptorum
2139 814 2645 877 ecclesiasticarum,
2698 830 2849 866 nutu.
2905 814 2995 879 Gl,
3050 814 3395 868 Ambrosium
3437 811 3505 866 ad
3563 812 3821 866 librorum

549 910 826 968 saerorum
889 914 1391 983 interpretationem
1437 910 1726 978 Origonem
1782 909 2059 971 incitasse,
2113 907 2166 960 in
2217 906 2616 960 aemulationem
2675 904 2972 976 Hippolyti,
3006 906 3174 962 editis
3222 904 3335 974 jam
3389 905 3442 959 in
3479 906 3821 975 Seripturam

548 1006 796 1072 plurimis
829 1003 989 1071 hujus
1021 1004 1243 1073 generis
1276 1001 1695 1057 commentariis
1743 1000 2059 1055 clarissimi.
2100 997 2233 1052 Cum
2290 998 2454 1069 igitur
2509 1000 2827 1067 magistrum
2865 1016 3020 1054 suum
3077 1000 3279 1053 nemini
3321 1002 3621 1054 concedere
3663 1000 3824 1054 velIct

546 1101 888 1162 Ambrosius,
925 1099 1058 1153 nihil
1092 1114 1199 1153 non
1227 1102 1397 1153 movit
1438 1114 1545 1167 quo
1573 1114 1696 1152 eum
1727 1110 1944 1165 quoque
1979 1094 2045 1146 ad
2078 1092 2433 1163 allegoricnm
2473 1093 2753 1148 scribendi
2785 1110 2957 1163 genus
2986 1093 3312 1162 impelleret,
3347 1104 3608 1159 tantoque
3638 1095 3823 1148 studio

545 1191 790 1261 quotidie
817 1192 883 1244 ab
909 1206 974 1244 eo
1005 1206 1142 1258 opus
1165 1188 1441 1258 exigebat,
1484 1198 1543 1241 ut
1580 1189 1631 1241 in
1665 1187 1898 1255 quadam
1928 1182 2164 1252 cpistola
2202 1182 2568 1254 ὲργοδιώκτην
2595 1200 2719 1238 cum
2755 1184 3019 1254 Origenes
3043 1185 3417 1254 appellaverit.
3451 1184 3533 1237 Ad
3567 1186 3617 1237 id
3654 1187 3817 1237 etiam

546 1288 693 1341 illum
724 1286 959 1356 perpulit
993 1286 1216 1355 prtebita
1249 1300 1278 1338 a
1308 1284 1583 1339 Marcione
1605 1282 1822 1335 occasio
1850 1279 2111 1348 pestifero
2143 1278 2427 1343 hteretico,
2455 1281 2547 1349 qui
2583 1280 2877 1349 allegorias
2908 1294 2938 1332 a
2966 1279 3267 1349 Scriptura:
3311 1293 3485 1332 sacrte
3523 1278 3817 1346 expositio-

555 1385 714 1436 nibus
746 1382 963 1450 penitus
996 1379 1339 1434 excludebat.
1364 1377 1492 1445 Ejus
1514 1375 1858 1447 oppugnandi
1885 1375 2065 1427 studio
2099 1375 2151 1427 in
2180 1375 2459 1429 contraria
2492 1374 2675 1427 omnia
2709 1375 2837 1426 abiit
2868 1374 3131 1443 Origenes
3160 1374 3543 1441 allegoriisque
3574 1374 3822 1428 consulto

548 1476 795 1528 indulsit.
840 1474 1024 1542 Neque
1062 1474 1227 1526 etiam
1281 1472 1506 1525 tacenda
1540 1478 1621 1525 est
1670 1468 1756 1522 illa
1789 1483 1908 1536 quae
1935 1466 2192 1538 Origenis
2221 1476 2383 1520 attate
2415 1475 2555 1531 erat,
2607 1465 3041 1518 necessariorum
3075 1469 3143 1519 ad
3175 1466 3367 1519 littera:
3399 1464 3818 1520 elucidationem

544 1573 870 1627 auxiliorum
913 1570 1120 1639 inOpia.
1158 1569 1296 1623 Hinc
1334 1570 1582 1636 quaedam
1624 1564 1969 1619 necessitatis
2003 1564 2215 1631 species
2245 1562 2592 1616 Christianos
2623 1561 2871 1629 urgebat,
2898 1570 2959 1614 ut
2987 1561 3249 1629 mysticos
3282 1560 3372 1627 qui
3412 1558 3573 1613 facile
3601 1561 3823 1627 excogi-

547 1678 758 1729 tantur,
789 1680 983 1718 sensus
1028 1665 1227 1717 litterae
1280 1662 1479 1730 sa‘pius
1524 1660 1774 1713 obscurae
1822 1656 2239 1709 substituerent.
2291 1651 2466 1721 Hujus
2520 1653 2595 1706 rei
2657 1653 2805 1705 mille
2845 1662 3163 1720 argumenta
3212 1652 3473 1720 praebebit
3531 1651 3816 1721 Origenes.

544 1765 770 1829 Quoties
797 1761 1069 1816 tantillum
1104 1758 1377 1824 explicatu
1417 1756 1654 1809 difﬁcilis
1689 1764 1775 1808 est
1804 1754 2009 1815 littera,
2047 1752 2207 1804 toties
2237 1751 2352 1804 fere
2375 1749 2525 1803 illam
2562 1749 2763 1803 clamat
2787 1748 3005 1811 falsam,
3055 1747 3371 1811 absurdam,
3406 1749 3816 1815 impossibileut,

542 1856 931 1927 optionemque
961 1854 1053 1905 dat
1089 1850 1435 1904 auditoribus
1468 1848 1583 1901 suis
1612 1855 1671 1899 ut
1698 1846 1781 1899 vel
1820 1843 1943 1897 fidei
1976 1841 2274 1909 Scriptum:
2305 1841 2717 1899 aberenuatieut,
2757 1839 2839 1893 vel
2875 1839 3023 1892 illam
3067 1839 3359 1907 allegorice
3399 1850 3692 1908 exponant.
3726 1840 3816 1893 Illa

547 1959 728 2001 tamen
759 1947 879 1998 loca
911 1943 1052 1996 unde
1082 1943 1162 1997 sic
1192 1941 1558 1995 ratiocinandi
1595 1953 1784 1992 ansam
1818 1935 2037 2004 arripit.
2075 1936 2146 1987 ita
2203 1934 2525 2003 plerumque
2571 1932 2846 2002 explicato
2906 1932 3084 1985 facilia
3135 1942 3284 1995 sunt,
3318 1941 3374 1986 ut
3408 1932 3594 1985 mirari
3625 1934 3820 1988 subeat

543 2040 814 2109 quomodo
849 2040 899 2091 in
926 2036 1241 2103 anagogicis
1276 2034 1528 2088 sensibus
1562 2034 1653 2102 qui
1688 2045 1833 2086 nunc
1860 2044 1888 2083 a
1923 2027 2173 2096 subjecto
2220 2037 2542 2097 argumento
2584 2042 2809 2096 prorsus
2840 2027 3006 2081 alieni
3051 2027 3331 2092 videntur,
3380 2027 3822 2097 introspiciemlis

546 2143 653 2184 tam
694 2140 909 2184 acutum
941 2136 1212 2190 cerneret,
1243 2136 1296 2181 et
1329 2126 1549 2180 aliunde
1598 2138 1829 2193 prorsus
1860 2122 2167 2183 caecutiret,
2221 2121 2311 2173 ubi
2357 2119 2695 2188 dispellenda
2741 2128 2856 2171 erat
2890 2119 3071 2187 aliqua
3102 2119 3299 2172 littera:
3333 2119 3670 2182 obscuritas,
3702 2135 3820 2186 quae

543 2223 744 2276 nullam
776 2222 936 2276 hodie
962 2220 1045 2274 vel
1078 2219 1447 2272 mediocribus
1482 2216 1712 2285 ingeniis
1742 2214 2054 2268 molestiam
2088 2211 2337 2266 facessit.
2390 2212 2636 2279 Denique
2671 2211 2757 2263 illa
2786 2228 2893 2278 qua
2928 2211 2980 2263 in
3020 2226 3246 2280 operum
3275 2225 3498 2264 suorum
3530 2210 3817 2265 elucubra-

544 2316 697 2370 tioue
725 2313 1018 2375 ferebatur,
1071 2310 1358 2379 rapiditas,
1402 2308 1470 2362 iis
1511 2309 1671 2362 rebus
1701 2308 2001 2360 tractandis
2027 2322 2149 2375 qua:
2195 2319 2452 2373 magnam
2488 2304 2925 2373 disquisitionem
2955 2312 3011 2358 et
3035 2304 3351 2357 diuturnam
3408 2303 3817 2357 meditationem

542 2406 849 2473 requirunt,
877 2418 999 2458 eum
1026 2402 1245 2472 penitus
1274 2401 1536 2470 imparem
1564 2401 1848 2454 reddebat.
1886 2399 2021 2454 Cum
2069 2408 2276 2467 septem
2325 2407 2379 2452 et
2428 2398 2666 2466 amplius
2714 2399 2957 2452 notarios
3007 2398 3201 2452 diurno
3230 2407 3603 2463 nocturnoque
3633 2396 3819 2449 labore

542 2501 851 2562 distineret,
885 2506 1134 2567 paratam
1174 2513 1393 2566 semper
1424 2497 1627 2551 habere
1660 2495 1848 2550 debuit
1902 2495 2212 2561 materiam,
2251 2510 2415 2563 quam
2454 2501 2533 2547 tut
2576 2493 2758 2561 operis
2801 2492 3177 2549 distribueret.
3206 2491 3398 2547 Melius
3431 2507 3560 2560 ergo
3593 2493 3645 2544 itt
3681 2490 3814 2543 alle-

540 2594 723 2661 gorica
757 2608 918 2661 quam
955 2592 1006 2644 in
1048 2591 1264 2645 litterali
1299 2590 1707 2659 Scripturarum
1757 2591 2104 2658 expositione
2139 2604 2253 2643 rem
2302 2604 2456 2642 suam
2501 2588 2606 2641 sibi
2653 2586 2833 2641 facere
2865 2587 3174 2651 videbatur,
3206 2587 3405 2656 quippe
3457 2585 3545 2640 cui
3584 2583 3818 2639 fecunda

542 2686 871 2756 inuiginandi
908 2686 991 2739 vis
1020 2686 1285 2756 mysticus
1313 2701 1509 2739 sensus
1535 2699 1751 2753 semper
1783 2686 1850 2739 ad
1883 2684 2173 2738 arbitrium
2214 2682 2499 2738 oli'erebat.
2530 2680 2857 2737 Econtrario
2882 2684 3100 2737 taadium
3139 2698 3202 2736 ac
3237 2682 3509 2737 fastidium
3548 2681 3596 2735 ei
3640 2680 3817 2749 parie-

545 2781 634 2831 bat
666 2780 746 2833 vel
783 2781 1003 2857 minima
1034 2780 1229 2833 littera:
1253 2780 1565 2843 difficultas,
1594 2795 1834 2850 cumque
1863 2791 2107 2851 tempore
2130 2795 2228 2835 suo
2254 2781 2329 2833 uti
2356 2794 2453 2849 pro
2474 2780 2700 2833 arbitrio
2737 2779 2785 2833 ei
2828 2794 2930 2833 non
2952 2779 3166 2840 liceret,
3202 2778 3306 2832 illis
3331 2778 3444 2831 fere
3466 2786 3585 2829 erat
3624 2775 3818 2829 similis

542 2870 811 2939 operariis
845 2871 935 2939 qui
967 2887 1103 2939 opus
1129 2871 1348 2939 aliquod
1376 2871 1688 2926 faciendum
1721 2873 2016 2939 redimunt,
2057 2883 2110 2927 et
2141 2886 2253 2942 prae
2284 2872 2452 2926 nimia
2477 2886 2583 2941 qua
2613 2871 2765 2942 operi
2813 2872 3131 2928 incumbunt
3175 2870 3471 2935 celeritate,
3507 2869 3620 2924 fere
3686 2866 3818 2923 nihil

542 2960 666 3014 boni
695 2977 856 3031 agere
883 2964 1253 3031 reperiuntur.

613 3077 744 3131 Vlll.
780 3096 798 3130 ε
838 3078 1129 3149 Allegoriis
1157 3081 1318 3136 nimis
1361 3081 1654 3137 indulsisse
1682 3081 1977 3153 Origenem
2011 3083 2207 3139 Patres
2246 3085 2509 3149 clamant,
2552 3103 2570 3136 ι
2607 3084 2783 3154 inquit
2812 3083 3039 3139 Huetius
3070 3084 3379 3155 Origenian.
3408 3083 3507 3139 lib.
3534 3087 3812 3150 inquam.

540 3172 630 3236 15,
656 3184 710 3226 et
745 3189 765 3224 ί
810 3188 952 3241 stepe
983 3175 1310 3229 historicum
1342 3191 1563 3230 sensum
1611 3177 2040 3247 proculcaudum
2098 3194 2163 3234 ac
2212 3181 2672 3235 contemnendum
2708 3181 2887 3243 docet,
2925 3199 2943 3231 ι
2996 3180 3199 3233 fatente
3245 3181 3438 3233 eodem
3496 3177 3814 3231 (lectissime

538 3265 792 3336 praesule,
826 3267 916 3335 qui
987 3278 1037 3320 et
1105 3268 1246 3322 istud
1289 3268 1482 3337 probat
1512 3270 1703 3324 iisdem
1738 3271 1937 3339 quibus
1961 3286 2061 3325 nos
2090 3282 2249 3325 antea
2276 3274 2356 3327 usi
2388 3288 2596 3337 sumus,
2631 3272 2775 3326 illius
2803 3273 3150 3325 testimoniis.
3189 3270 3324 3335 Quis
3359 3270 3483 3323 inde
3534 3282 3641 3321 non
3692 3281 3812 3333 spe-

539 3367 712 3411 rasset
767 3356 906 3421 fore,
952 3368 1009 3411 ut
1063 3359 1393 3414 sententiam
1442 3361 1495 3414 in
1549 3358 1839 3431 Origenem
1873 3362 2078 3418 ferret?
2122 3363 2255 3417 Eum
2292 3374 2472 3419 tamen
2526 3366 2630 3417 hoc
2677 3367 2899 3419 nomine
2928 3364 3192 3426 defendit,
3244 3364 3386 3432 quod
3425 3381 3445 3414 ι
3496 3360 3815 3415 accuratius

538 3452 740 3518 scripta
767 3450 884 3517 ejus
913 3452 1187 3505 evolventi
1215 3451 1383 3505 multa
1411 3465 1733 3518 occurrant,
1766 3455 1819 3508 in
1853 3455 2050 3525 quibus
2088 3470 2240 3509 suam
2277 3454 2476 3509 littera:
2508 3455 2827 3525 dignitatem
2868 3464 3073 3518 servat,
3100 3466 3155 3508 et
3186 3455 3252 3508 de
3278 3470 3345 3508 ea
3378 3468 3529 3523 aequa
3558 3469 3626 3506 ac
3665 3463 3811 3506 recta

536 3541 727 3595 scribit
756 3557 769 3593 :
809 3541 1135 3595 historicum
1166 3542 1218 3597 in
1254 3544 1533 3614 aliquibus
1554 3546 1849 3602 admittens
1881 3563 2128 3614 sensum,
2158 3548 2511 3617 allegoricum
2540 3550 2596 3602 in
2636 3550 2904 3618 pluribus,
2940 3550 2992 3603 in
3028 3549 3212 3603 multis
3242 3559 3553 3619 utrumque.
3596 3567 3617 3599 ο
3650 3546 3812 3611 Quae-

539 3649 662 3687 nam
694 3636 765 3690 sit
795 3638 958 3707 hujus
983 3637 1315 3694 defensionis
1350 3642 1433 3695 vis
1468 3656 1579 3696 non
1613 3645 2013 3713 persentiscere
2060 3660 2149 3699 me
2198 3646 2390 3701 fateor.
2441 3645 2580 3712 Quid
2626 3659 2757 3715 ergo
2800 3653 3084 3713 propterea
3112 3644 3254 3711 quod
3290 3642 3534 3696 litteram
3609 3641 3813 3707 ubique

537 3723 759 3790 falsam,
783 3730 987 3798 ubique
1019 3746 1047 3782 a
1075 3735 1292 3786 ratione
1319 3732 1574 3800 alienam,
1618 3736 1819 3804 ubique
1852 3736 1964 3790 Deo
1993 3737 2270 3807 indignam
2298 3753 2423 3792 esse
2449 3752 2554 3791 non
2586 3738 2793 3799 decuit,
2822 3737 2876 3789 id
2908 3736 3051 3803 quod
3090 3734 3172 3786 ait
3205 3732 3443 3786 litteram
3473 3733 3557 3785 his
3585 3732 3731 3785 vitiis
3755 3733 3807 3783 in

535 3823 774 3874 maxima
807 3822 1056 3876 locorum
1089 3840 1315 3878 suorum
1346 3836 1502 3893 parte
1524 3826 1800 3888 laborare,
1832 3829 2243 3892 reprehensioni
2293 3844 2397 3881 non
2435 3829 2543 3882 erit
2578 3827 2919 3882 obnoxium?
2952 3826 3012 3879 Si
3067 3839 3196 3877 vero
3242 3825 3510 3890 ejusmodi
3548 3825 3813 3877 enuntia-

537 3924 676 3975 tum,
712 3915 840 3967 licet
870 3915 1206 3981 restrictum,
1242 3916 1350 3968 ulla
1385 3917 1572 3983 nequit
1605 3918 1816 3970 ratione
1848 3917 2064 3970 delendi
2102 3929 2159 3972 ct
2196 3918 2549 3974 falsissimum
2580 3930 2685 3982 est,
2708 3919 2832 3986 jure
2859 3919 3117 3972 adversus
3150 3916 3439 3984 Origenem
3486 3914 3811 3971 insurrexe-

537 4015 663 4061 ruut
699 4006 912 4065 Patres.
945 4008 1024 4061 Ad
1056 4009 1226 4077 ipsam
1264 4007 1613 4076 Origeniaua:
1644 4010 1887 4063 methodi
1934 4012 2294 4065 substantiam
2329 4028 2434 4067 non
2458 4014 2595 4067 satis
2646 4014 2943 4066 attendisse
2992 4013 3209 4066 videtur
3260 4010 3507 4066 lluetius.
3568 4010 3808 4081 Singula:

537 4101 685 4155 illius
707 4111 891 4170 partes
920 4102 1071 4155 inter
1102 4114 1163 4154 se
1200 4102 1440 4155 maxime
1466 4114 1726 4155 cunnexaa
1752 4112 1900 4163 sunt,
1928 4111 1982 4154 et
2012 4101 2183 4156 series
2212 4102 2546 4170 postulabat,
2587 4111 2645 4156 ut
2676 4102 2813 4156 bene
2859 4117 2921 4155 ac
2969 4102 3109 4155 male
3154 4102 3219 4154 de
3268 4101 3449 4154 littera
3506 4099 3804 4169 Scriptura:

538 4193 859 4263 loqueretur
889 4195 1273 4261 Adamantius,
1297 4196 1392 4249 scd
1419 4195 1467 4247 ei
1508 4204 1684 4247 tatneu
1718 4193 1841 4263 plus
1873 4193 1997 4246 mali
2046 4210 2211 4263 quam
2244 4195 2369 4248 boni
2422 4193 2719 4264 aﬂingeret.
2774 4195 2828 4248 ld
2876 4209 3064 4248 revera
3105 4194 3171 4247 ab
3209 4194 3323 4261 ipso
3360 4194 3664 4262 prmstitum
3698 4204 3804 4252 est.

536 4284 611 4337 Ex
646 4287 763 4353 ipso
795 4284 977 4339 littera
1007 4285 1344 4341 aedilicandis
1374 4284 1715 4353 simplicibus
1746 4282 1965 4338 sufﬁcit.
2005 4285 2119 4338 Sub
2149 4286 2249 4339 hoc
2289 4296 2560 4354 respectu,
2596 4287 2899 4341 reverentia
2928 4286 3088 4355 digna
3117 4296 3220 4340 est.
3250 4286 3482 4339 Aliunde
3514 4287 3801 4340 innumera

534 4378 695 4431 habet
721 4377 881 4441 falsa,
915 4379 1179 4443 absurda,
1219 4378 1599 4446 impossibilia,
1626 4389 1679 4433 et
1715 4393 1902 4432 secum
1940 4380 2258 4446 pugnantia,
2288 4382 2355 4433 de
2380 4379 2466 4432 illa
2499 4379 2663 4448 igitur
2685 4379 2807 4433 ntali
2836 4379 3058 4433 multum
3082 4381 3262 4434 dicere
3293 4380 3497 4433 deLuit.
3527 4378 3591 4431 Et
3629 4378 3804 4446 reipsa

535 4484 719 4524 nonne
771 4471 822 4524 ia
873 4487 991 4525 eam
1043 4475 1244 4527 acriter
1277 4472 1571 4535 invehitur,
1604 4473 1815 4540 quoties
1848 4471 2027 4541 aliqua
2080 4473 2397 4527 dillicultate
2441 4473 2774 4529 intricatur?
2808 4473 2956 4528 Unde
3011 4475 3203 4543 colligo
3251 4474 3442 4543 paucis
3486 4471 3642 4526 bonis
3683 4487 3803 4539 qua:

536 4561 726 4615 litterae
759 4562 963 4628 tribuit,
992 4567 1275 4620 innumera
1291 4581 1412 4635 mne
1436 4568 1483 4619 ci
1502 4566 1798 4633 exprobrat
1827 4565 1953 4617 vitia
1989 4580 2095 4618 non
2132 4566 2320 4620 deleri.
2351 4566 2716 4633 Quamobrem
2744 4565 2937 4619 lluetio
2965 4566 3260 4620 condonari
3296 4566 3487 4632 nequit
3514 4562 3804 4631 injuriosus

533 4654 622 4710 ille
655 4658 845 4711 modus
876 4670 983 4728 quo
1019 4670 1267 4713 sanctum
1305 4672 1597 4731 martyrem
1632 4658 1972 4712 Eustathium
1998 4659 2400 4714 Antiochenam
2438 4662 2624 4725 habet,
2656 4666 2810 4730 cujus
2849 4671 3035 4714 contra
3067 4661 3454 4729 Origenianam
3488 4660 3800 4715 methodum

530 4747 742 4814 obieeta
773 4750 952 4817 futiles
985 4760 1142 4806 vocat
1173 4752 1554 4807 cavillationes.
1584 4755 1701 4809 Non
1735 4755 1988 4825 equidem
2016 4754 2310 4806 inliciabor
2336 4752 2521 4808 acrius
2543 4768 2705 4822 quam
2733 4769 2832 4822 par
2864 4763 2984 4808 erat
3012 4755 3081 4808 ab
3110 4752 3393 4808 Eustathio
3428 4753 3798 4822 impugnatum

534 4841 701 4897 fuisse
725 4845 1041 4899 Adamantii
1075 4848 1139 4900 de
1164 4846 1487 4918 Pythonissa
1521 4851 1874 4905 sententiam.
1901 4848 2141 4915 Quaestio
2182 4849 2327 4901 enim
2377 4854 2461 4900 est
2494 4861 2645 4901 mere
2673 4847 2888 4910 critica,
2919 4862 3043 4915 qua:
3083 4860 3184 4900 nec
3220 4845 3367 4912 fidei,
3420 4863 3520 4901 nec
3556 4846 3799 4900 muribus

535 4948 732 4989 nocere
756 4948 941 5003 qtteat.
975 4935 1082 4990 Sed
1115 4936 1385 4990 acerrima
1411 4939 1514 4991 hac
1550 4955 1781 4994 censura
1819 4954 1925 4993 non
1960 4948 2068 4991 tam
2103 4938 2171 4991 ab
2202 4937 2491 4991 Eustathio
2517 4948 2745 4992 vexatus
2788 4938 2959 4992 fuisse
2994 4938 3205 4992 videtur
3243 4936 3504 5009 Origenes
3540 4941 3608 4991 ob
3641 4953 3794 4990 suam

534 5024 602 5076 de
640 5029 977 5096 ventriloqna
1006 5030 1337 5097 opinionem,
1369 5046 1533 5099 quam
1568 5033 1637 5086 ob
1658 5047 1813 5086 suam
1849 5032 2271 5100 interpretanda:
2303 5031 2610 5099 Scriptura:
2658 5030 3008 5097 methodum,
3055 5047 3176 5100 qua:
3223 5047 3501 5088 sacrorum
3553 5030 3794 5084 omnium

535 5117 794 5173 libroruin
824 5139 1042 5178 sensum
1076 5129 1362 5194 pervertit,
1391 5126 1709 5193 acproinde
1735 5127 1937 5195 justam
1979 5126 2262 5179 Eustatbiu
2297 5126 2725 5194 indignationem
2761 5136 3030 5189 moverat,
3080 5126 3161 5181 uti
3235 5129 3370 5183 satis
3412 5124 3578 5192 liquet
3606 5138 3669 5173 ex
3707 5121 3794 5174 his

535 5211 653 5279 ejus
682 5215 903 5269 verbis:
938 5234 957 5266 ς
1003 5216 1102 5273 llic
1133 5218 1283 5272 solus
1326 5229 1407 5271 est
1449 5217 1753 5287 Scriptura:
1786 5220 1940 5273 locus
1969 5234 2130 5287 quem
2180 5217 2469 5289 Origenes,
2506 5236 2534 5272 a
2566 5235 2673 5289 quo
2714 5222 2925 5292 integra
2960 5223 3026 5275 ad
3064 5222 3356 5291 allegorias
3391 5216 3648 5271 translata
3685 5228 3791 5282 est,

535 5302 758 5356 litterali
789 5319 947 5359 sensu
985 5308 1097 5361 vult
1129 5312 1324 5379 accipi.
1368 5329 1386 5361 ι
1424 5310 1792 5375 ριιίυεῑὶοηοιιι
1828 5311 1997 5379 igitur
2029 5311 2096 5364 de
2130 5310 2473 5378 ventriloqua
2498 5312 2542 5366 si
2575 5313 2879 5381 exceperis,
2918 5313 3181 5368 Eustatltii
3213 5314 3469 5367 adversus
3500 5306 3790 5376 Origenem

532 5393 939 5450 criminationes
976 5397 1171 5465 iniqme
1216 5417 1320 5452 non
1357 5411 1502 5464 sunt,
1541 5416 1643 5455 nec
1682 5401 1823 5455 belle
1853 5416 1948 5455 eas
1982 5400 2269 5469 propulsat
2302 5400 2553 5457 Huetius.
2585 5402 2640 5456 ld
2676 5405 2989 5471 expostulat
3032 5403 3351 5459 Eustathius
3376 5400 3524 5470 quod
3570 5404 3789 5468 paradi-

532 5502 651 5540 sum
686 5496 997 5542 terrestrem
1030 5500 1083 5542 et
1109 5491 1421 5547 fructiferas
1452 5496 1689 5564 paradisi
1727 5496 1955 5549 arbores
1987 5495 2280 5565 allegorica
2321 5496 2663 5565 expositione
2692 5498 3018 5552 aboleverit.
3066 5495 3311 5563 Nunquid
3355 5493 3493 5546 bene
3528 5502 3787 5562 purgatur

532 5578 909 5645 Adamantius,
940 5597 1063 5635 cum
1110 5584 1257 5638 illum
1310 5586 1453 5639 hanc
1496 5588 1824 5641 sententiam
1867 5603 1899 5641 e
1932 5586 2177 5641 Philonis
2223 5586 2380 5642 libris
2424 5597 2728 5641 mutuatum
2757 5604 2879 5642 esse
2911 5587 3198 5656 respondet
3246 5584 3506 5639 lluetius?
3536 5585 3789 5653 Nunquid

532 5669 785 5743 Origeuis
814 5676 1019 5733 crimen
1055 5678 1218 5734 simili
1252 5680 1499 5737 Philonis
1532 5682 1762 5737 crimine
1817 5681 2085 5738 diluitur?
2136 5682 2509 5751 Conqueritur
2556 5681 2871 5737 Eustathius
2937 5683 3077 5749 quod
3127 5679 3268 5733 nulla
3312 5694 3503 5735 sensus
3535 5679 3776 5735 historici
