4180 6216
407 301 475 355 37
1641 296 2015 354 PliAﬁFATlO
2058 298 2149 353 AD
2198 297 2361 353 TOM.
2401 297 2463 359 ll.
3605 311 3674 364 58

409 422 610 481 iniecta
644 416 921 471 mentione
952 414 1184 470 effossos
1207 416 1274 469 ab
1303 414 1583 471 Abraham
1641 426 1833 485 puteos
1884 416 1934 467 in
1972 414 2266 485 allegorias
2302 413 2554 479 traxerit,
2592 416 2682 483 qui
2745 428 2839 470 sua
2895 424 3075 472 tamen
3115 425 3278 472 tetate
3327 428 3678 485 supero-rant.

411 510 725 581 Respondet
777 509 1023 571 lluctius,
1057 511 1104 561 ei
1140 508 1231 574 qui
1261 515 1340 561 tot
1372 523 1547 562 annos
1596 507 1652 562 in
1689 505 1875 560 Judzea
1909 513 2269 573 transegerat,
2294 508 2508 573 Ignotos
2543 520 2667 561 esse
2701 522 2809 561 non
2856 509 3102 576 potuisse
3147 510 3411 578 ejusmodi
3460 518 3672 571 puteos.

420 604 622 657 Verum
675 617 848 654 annon
897 602 999 655 hoc
1051 601 1172 669 ipso
1209 601 1566 655 excusatione
1610 601 1788 654 minus
1838 598 2036 669 dignus
2078 607 2160 650 est
2211 596 2499 667 Origenes,
2554 601 2695 666 quod
2742 616 2855 654 rem
2899 601 2949 653 in
3000 602 3284 668 propatulo
3329 603 3592 671 positam,
3623 614 3679 659 et

415 694 655 750 omnium
695 693 864 746 oculis
893 693 1135 757 obviam,
1159 693 1315 763 quasi
1344 692 1775 745 commentitiant
1814 708 1878 744 :tc
1917 690 2163 742 lictitiatn
2215 690 2557 743 traduxerit?
2588 690 2746 746 Certe
2785 691 3006 745 humilia
3037 690 3247 742 decitna
3297 691 3351 743 itt
3395 692 3670 761 Genesim,

417 802 573 856 quam
626 778 822 839 Huetio
849 786 1064 839 videtur
1097 788 1413 856 designasse
1442 782 1783 847 Eustathius,
1810 782 1861 836 id
1898 781 2058 835 habet
2094 796 2107 832 :
2142 798 2159 832 ι
2206 780 2363 851 Saepe
2416 782 2526 852 jam
2576 783 2685 836 dixi
2740 781 2882 852 quod
2920 782 2972 835 in
3004 782 3088 836 his
3117 796 3223 835 non
3266 781 3504 837 historiae
3546 801 3677 838 nat-

414 888 617 940 rantur,
673 879 767 931 sed
798 879 1052 947 mysteria
1080 886 1461 931 contexuntur.
1503 894 1521 927 ι

481 973 726 1026 Alteram
752 969 970 1042 Origeni
1004 970 1382 1026 defensionem
1429 970 1632 1039 praebet
1660 963 1913 1032 Huetius,
1946 981 2068 1036 qua:
2103 964 2293 1034 utique
2320 966 2547 1031 nemini,
2587 966 2802 1035 opinor,
2835 966 3180 1036 probabitur.
3208 964 3450 1032 Primus,
3478 963 3675 1036 inquit,

410 1069 555 1123 hunc
581 1066 1007 1135 interpretanda:
1034 1064 1334 1135 Scriptum
1388 1073 1598 1118 ‘m’orem
1635 1080 1744 1117 non
1780 1061 2009 1116 invexit.
2047 1060 2193 1113 Inter
2236 1058 2469 1125 Judaeos,
2502 1059 2896 1129 Tlterapeutas,
2948 1058 3343 1121 Aristobulum,
3388 1071 3443 1113 et
3495 1059 3680 1114 Philo—

413 1178 578 1227 nem;
640 1161 783 1214 iuter
830 1160 1085 1230 gentiles,
1148 1160 1557 1214 Chaeremouem
1614 1158 1887 1222 Stoicum,
1923 1155 2248 1217 Cornutum,
2298 1152 2666 1209 Metrodorum
2724 1156 3184 1225 Lampsacenum,
3240 1163 3297 1209 et
3335 1154 3678 1212 Heraclidem

413 1255 695 1310 Ponticum
729 1257 961 1323 praavios
986 1258 1153 1312 duces
1183 1256 1414 1321 habuit;
1446 1254 1589 1309 inter
1610 1253 1952 1309 Christianos
1978 1265 2110 1304 vero
2139 1250 2418 1318 apostolus
2439 1250 2639 1305 Paulus
2658 1251 2707 1305 ei
2738 1251 3008 1320 praecipue
3036 1259 3226 1304 auctor
3261 1250 3382 1316 fuit,
3415 1265 3514 1304 cur
3547 1250 3680 1305 alle-

412 1355 619 1421 goricas
652 1352 1018 1416 expositiones
1061 1362 1389 1406 sectaretur.
1423 1344 1590 1404 Docte
1614 1348 1834 1417 quidem
1875 1347 1991 1400 haec
2019 1345 2227 1408 omnia,
2253 1344 2346 1397 sed
2380 1359 2483 1398 non
2508 1345 2741 1399 advertit
2767 1345 2992 1398 lluetius
3028 1360 3133 1397 non
3176 1345 3226 1399 id
3274 1345 3442 1414 quaeri
3495 1353 3676 1398 utrum

415 1446 623 1514 primus
655 1448 799 1501 hunc
858 1462 1070 1500 morem
1121 1445 1389 1498 invexerit
1438 1440 1728 1513 Origenes,
1756 1442 1856 1495 sed
1914 1450 2091 1493 utrmn
2135 1454 2255 1493 mos
2310 1440 2411 1493 iste
2459 1440 2633 1494 bonus
2662 1440 2732 1493 sit
2762 1448 2817 1495 et
2847 1442 3155 1494 sectaudus.
3199 1438 3676 1510 Supervacaneum

415 1540 576 1608 igitur
609 1552 691 1595 est
720 1540 1007 1610 gentilium
1042 1550 1097 1591 et
1133 1536 1446 1590 Judaeorum
1478 1534 1810 1602 exemplum,
1846 1534 1948 1588 nisi
1979 1535 2192 1588 veritati
2224 1544 2650 1589 consentaneum
2685 1536 3110 1590 demonstretur.
3146 1534 3227 1589 Ad
3279 1533 3504 1589 Paulum
3535 1534 3679 1605 quod

414 1636 628 1702 attinet,
663 1634 974 1703 allegoricae
1000 1630 1218 1698 quidem
1257 1630 1509 1686 methodo
1533 1630 1913 1683 auctoritatem
1938 1629 2213 1694 conciliat,
2231 1630 2324 1685 sed
2357 1646 2462 1684 non
2487 1646 2573 1697 eo,
2600 1647 2706 1701 quo
2737 1632 2825 1686 illa
2852 1632 3056 1685 abusus
3082 1638 3164 1686 est
3188 1629 3473 1700 Origenes,
3498 1632 3677 1685 modo.

413 1729 600 1799 Neque
636 1735 781 1784 enim
818 1728 1024 1795 ﬁguras
1059 1724 1109 1777 iu
1159 1727 1304 1780 omni
1348 1733 1457 1779 tum
1499 1724 1677 1781 Veteri
1736 1734 1845 1779 tum
1905 1725 2059 1780 Novo
2110 1725 2461 1781 Testamento
2507 1727 2922 1792 consectandas,
2976 1741 3077 1781 uec
3131 1724 3417 1779 litteralem
3459 1739 3679 1779 sensum

416 1824 627 1890 ttspiam
673 1820 1105 1890 proculcaudum
1129 1829 1180 1872 et
1204 1821 1657 1874 contemnendum
1686 1836 1805 1875 esse
1848 1820 2006 1876 docet
2032 1822 2341 1891 Apostolus.
2368 1821 2451 1877 Sit
2482 1824 2643 1893 igitur
2675 1824 2787 1879 haec
2814 1833 2996 1877 nostra
3029 1823 3328 1886 conclusio,
3353 1835 3477 1875 cum
3501 1821 3615 1891 jam
3647 1833 3679 1872 a

416 1913 604 1965 multis
636 1912 790 1965 anuis
823 1913 868 1964 is
909 1926 1027 1965 tuos
1059 1910 1368 1987 iuVaIuerit,
1402 1922 1461 1964 ut
1492 1912 1583 1981 qui
1639 1912 1870 1981 alicujus
1893 1914 2138 1967 auctoris
2190 1929 2357 1983 Opera
2403 1915 2457 1968 in
2515 1914 2688 1968 lucem
2722 1914 3037 1984 proferunt,
3064 1929 3211 1978 eum,
3240 1922 3501 1981 quantum
3534 1913 3588 1966 itt
3620 1929 3682 1968 se

418 2016 523 2069 est,
552 2008 619 2060 ab
647 2007 902 2075 itnpactis
929 2006 1247 2060 criminibus
1296 2004 1550 2072 liberent,
1579 2022 1644 2061 eo
1678 2022 1895 2076 quoque
1924 2022 2078 2060 more
2120 2007 2300 2077 abripi
2346 2022 2406 2062 se
2448 2023 2666 2075 passum
2708 2023 2830 2062 esse
2872 2006 3145 2070 Huetium,
3194 2007 3348 2075 cuius
3396 2009 3440 2062 si
3493 2007 3683 2062 irritus

417 2111 647 2153 conatus
680 2099 798 2163 fuit,
842 2114 947 2153 non
982 2102 1031 2153 id
1078 2098 1364 2167 imperitiae
1402 2099 1533 2153 vitio
1568 2114 1677 2168 quo
1715 2114 1821 2152 non
1853 2098 2123 2152 laboravit
2153 2098 2507 2152 doctissimus
2556 2098 2771 2167 praesul,
2823 2098 3168 2153 tribuendum
3206 2107 3311 2164 est,
3349 2099 3443 2153 sed
3480 2100 3679 2155 intole-

417 2193 599 2244 raudis
638 2192 892 2261 Origenis
924 2194 1262 2260 excessibus,
1293 2182 1382 2263 qui
1412 2191 1640 2246 omnino
1675 2190 1780 2259 tegi
1808 2201 1865 2245 et
1889 2188 2218 2244 dissimulari
2249 2205 2351 2244 non
2384 2198 2697 2260 potuerunt.

484 2306 572 2360 lx.
613 2309 903 2380 Origenem
941 2328 1059 2385 post
1090 2326 1297 2370 tantam
1321 2315 1485 2369 animi
1517 2314 1599 2369 sui
1636 2313 1688 2367 in
1719 2312 2000 2380 Scriptura
2024 2328 2185 2367 sacra
2204 2310 2495 2383 allegorice
2523 2310 2840 2378 exponenda
2862 2307 3354 2379 intemperantiam,
3383 2307 3682 2364 multorum

413 2406 639 2456 censura
664 2416 917 2462 vexatum
943 2410 1111 2465 fuisse
1138 2411 1272 2465 nihil
1305 2411 1526 2464 mirum.
1558 2410 1691 2464 lllud
1723 2408 1894 2475 magis
1934 2409 2182 2462 demiror
2212 2408 2488 2476 quomodo
2518 2422 2583 2461 ea
2616 2408 2667 2460 in
2709 2421 2772 2461 re
2816 2404 3132 2461 defensores
3178 2405 3380 2464 habere
3422 2404 3677 2474 potuerit.

417 2492 469 2545 ld
503 2495 697 2551 saltem
722 2500 787 2554 iis
817 2502 1011 2569 quibus
1044 2503 1207 2570 prisci
1244 2502 1431 2557 Patres
1456 2501 1794 2556 venerationi
1825 2510 1973 2566 sunt,
2002 2500 2201 2555 solatio
2242 2507 2331 2555 est
2361 2539 2376 2565 ,
2403 2500 2547 2568 quod
2577 2514 2711 2569 quos
2744 2498 3038 2567 antiquitas
3065 2498 3237 2565 magis
3262 2497 3679 2559 commendavit,

421 2587 454 2640 ii
487 2601 677 2657 aperte
708 2595 1018 2664 acriterque
1050 2598 1100 2650 in
1156 2598 1307 2651 illum
1352 2598 1774 2662 insurrexerint,
1814 2596 2114 2666 repudiatis
2146 2594 2263 2650 fere
2292 2596 2545 2649 omnibus
2589 2609 2708 2662 qua:
2742 2594 2793 2647 in
2840 2594 2956 2661 ejus
2996 2594 3248 2647 methodo
3303 2592 3477 2665 magis
3517 2593 3679 2648 noxia

421 2684 694 2743 videntur.
726 2691 1047 2748 Eustathius
1088 2695 1142 2748 in
1177 2710 1429 2750 sermone
1447 2694 1528 2750 De
1576 2693 1926 2763 ventriloqua,
1949 2695 2013 2747 de
2045 2708 2111 2748 eo
2143 2693 2227 2749 sic
2264 2692 2533 2761 loquitur:
2554 2690 2689 2756 «Qui
2735 2689 2918 2743 omnia
2958 2687 3255 2758 Scripturae
3287 2690 3445 2743 verba
3477 2688 3681 2756 allego-

423 2774 519 2829 riis
540 2793 817 2847 exrouere
858 2798 1027 2838 ausus
1059 2792 1164 2849 est,
1200 2784 1303 2839 hoc
1332 2785 1502 2839 solum
1530 2787 1595 2838 ad
1632 2777 1865 2839 litteram
1900 2783 2116 2837 tradere
2160 2799 2265 2837 non
2296 2781 2587 2836 erubescit.
2615 2781 2869 2847 Quiuimo
2917 2781 2986 2834 de
3030 2780 3304 2848 paradiso,
3336 2795 3496 2849 quem
3540 2780 3686 2834 Deus

425 2868 477 2921 iu
507 2869 674 2926 Edent
705 2874 1063 2943 plantaverat,
1091 2879 1254 2933 verba
1288 2877 1517 2943 faciens,
1553 2894 1762 2933 necnon
1793 2895 1898 2947 qua
1934 2878 2150 2931 ratione
2199 2876 2342 2946 ligna
2387 2874 2668 2929 fructifera
2695 2873 3087 2945 germiuarunt,
3133 2888 3389 2926 enarrare
3442 2881 3680 2936 teutans,

422 2961 570 3019 inter
597 2967 701 3021 alia
731 2972 969 3026 subdidit
1011 2990 1026 3026 :
1066 2972 1198 3027 Cum
1231 2980 1458 3045 tegentes
1497 2991 1529 3026 a
1559 2974 1779 3043 fabulis,
1821 2975 2056 3042 serieque
2093 2988 2211 3042 qua:
2240 2971 2527 3025 secundum
2559 2970 2788 3023 litteram
2828 2978 2926 3034 est,
2966 2968 3137 3036 gradu
3168 2967 3311 3036 facto
3341 2965 3675 3019 ascendimus

423 3068 471 3113 et
500 3072 743 3126 quamam
779 3060 874 3113 illa
898 3061 1041 3131 ligna
1073 3064 1201 3129 sint,
1242 3079 1359 3134 qtae
1404 3063 1541 3116 Deus
1563 3063 1709 3127 colit,
1738 3069 2048 3132 querimus,
2086 3062 2311 3115 dicimus
2338 3062 2394 3115 in
2424 3076 2483 3114 eo
2523 3058 2639 3113 loco
2673 3059 2837 3129 ligna,
2875 3075 2994 3130 qttw
3023 3076 3176 3113 sensu
3222 3059 3392 3128 accipi
3434 3068 3682 3127 possunt,

422 3163 523 3201 non
554 3151 791 3217 reperiri.
823 3152 948 3207 llaec
972 3172 1095 3208 cttut
1130 3172 1230 3225 per
1258 3155 1673 3210 translationem
1701 3164 1961 3225 exponat,
1991 3172 2097 3209 non
2135 3156 2319 3208 horret
2352 3151 2566 3207 fabulas
2611 3151 2905 3223 appellare,
2942 3168 3064 3222 qua:
3102 3151 3244 3205 Deus
3288 3161 3469 3206 creata
3501 3149 3680 3219 perfeo

415 3237 556 3293 cisse
594 3241 849 3309 traditur,
882 3243 1282 3315 fidissimosque
1319 3245 1436 3313 ejus
1470 3260 1661 3300 servus
1719 3244 1935 3313 Moyses
1958 3245 2179 3312 scriptis
2207 3245 2571 3314 consignavit.
2613 3245 2680 3299 Et
2720 3258 2786 3298 ex
2832 3244 3101 3313 opposito,
3156 3258 3217 3297 ea
3255 3259 3376 3313 qua:
3413 3242 3589 3296 fabula
3623 3242 3679 3296 in

418 3343 608 3385 ventre
644 3331 869 3402 efﬁngit,
899 3346 950 3390 et
971 3337 1202 3392 obscure
1235 3338 1470 3403 insonat,
1505 3352 1567 3392 ac
1614 3336 1659 3392 sl
1712 3337 1965 3407 dogmata
1997 3348 2209 3400 essent,
2245 3345 2647 3405 programmate
2690 3334 2918 3398 stabilit,
2958 3349 3083 3387 vera
3117 3348 3237 3387 esse
3272 3334 3676 3387 demonstrans.

426 3424 490 3473 lit
528 3426 692 3476 verba
723 3429 1144 3498 eugastrimythi
1171 3445 1199 3482 a
1233 3429 1437 3497 Spiritu
1466 3440 1659 3483 sancto
1686 3429 1890 3484 dictata
1923 3432 2282 3491 contendens,
2329 3444 2414 3494 ea,
2454 3438 2512 3481 ιιι
2566 3426 2669 3482 sibi
2703 3428 2918 3481 videtur
2971 3426 3251 3480 ascribens
3297 3424 3409 3477 vult
3456 3424 3679 3480 immota

423 3527 770 3580 permanere,
836 3522 1038 3573 divinis
1065 3536 1195 3576 vero
1223 3522 1460 3576 oraculis
1492 3539 1520 3576 a
1552 3522 1736 3593 Moyse
1774 3524 1984 3577 traditis
2014 3523 2312 3578 fabularum
2345 3522 2564 3577 nomine
2599 3522 2868 3592 insignitis
2905 3535 3123 3575 sensum
3155 3521 3397 3586 invertit,
3446 3519 3679 3575 litterte-

420 3621 530 3674 que
563 3609 840 3663 traditioni
877 3627 981 3666 non
1018 3615 1130 3667 vult
1163 3626 1218 3668 ut
1246 3617 1370 3685 quis
1399 3618 1637 3670 anitnum
1671 3619 1935 3671 intendat.
1960 3616 2153 3673 Nonne
2186 3620 2315 3673 item
2347 3618 2413 3671 ad
2441 3619 2715 3673 Abraham
2744 3627 2935 3686 puteos
2961 3615 3209 3682 eﬂ‘ossos,
3251 3616 3462 3685 aliaque
3491 3618 3557 3669 ad
3588 3632 3683 3673 eos

419 3700 778 3769 pertinentia,
813 3700 1094 3771 allegoriis
1131 3706 1373 3773 exponit,
1404 3716 1662 3774 tantaque
1693 3721 2009 3760 sermonum
2050 3708 2204 3775 copia
2253 3708 2305 3760 in
2358 3708 2683 3761 immensum
2726 3715 3031 3774 protracta,
3059 3721 3221 3760 omne
3267 3707 3335 3759 de
3375 3706 3484 3759 illis
3512 3722 3680 3776 uego-

424 3792 557 3846 tiutn
593 3793 936 3850 disterminat
974 3794 1029 3849 in
1080 3798 1246 3850 alium
1283 3813 1502 3852 sensum
1533 3797 1881 3863 translatum,
1904 3797 2037 3852 licet
2080 3798 2150 3850 ad
2199 3798 2313 3851 haec
2341 3812 2512 3865 usque
2542 3807 2784 3865 tempora
2824 3798 2874 3849 in
2921 3796 3142 3866 regione
3175 3795 3262 3850 illa
3299 3796 3470 3852 oculis
3505 3798 3683 3852 adhuc

419 3884 872 3952 conspiciantur?
898 3884 1084 3941 Nonne
1110 3885 1262 3941 Isaac
1284 3894 1337 3941 et
1366 3886 1627 3941 Rebeccae
1660 3901 1747 3941 res
1780 3898 1963 3956 gestas
1988 3887 2312 3952 immutavit,
2345 3888 2584 3951 inaures,
2612 3896 2664 3942 et
2716 3887 2982 3951 armillas,
3023 3902 3302 3943 sermones
3332 3903 3452 3944 esse
3485 3904 3684 3946 aureos

414 3978 626 4040 dicens,
654 3990 712 4033 et
738 3979 1055 4036 universum
1086 3983 1321 4051 dcuique
1369 3993 1751 4049 argumentum
1806 3997 1903 4050 per
1931 3983 2039 4035 vim
2085 3982 2397 4044 distortum,
2426 3983 2496 4036 ad
2546 3996 2609 4035 ea
2639 3996 2760 4050 quae
2798 3982 2984 4035 animo
3029 3991 3328 4036 cernuntur
3371 3992 3425 4037 et
3472 3984 3684 4037 ratione

420 4072 802 4139 intelliguntur
831 4075 1173 4136 traductum,
1207 4074 1649 4128 cavillationibus
1680 4074 2034 4143 detur-pavit?
2070 4094 2087 4125 ι
2124 4074 2188 4127 Et
2235 4083 2518 4142 postquam
2546 4072 2652 4126 alia
2686 4073 2953 4141 ejusmodi
2999 4072 3249 4141 exempla
3302 4074 3548 4142 protulit,
3601 4073 3684 4130 sic

418 4165 626 4234 pergit:
656 4183 675 4215 ι
707 4165 849 4230 Quid
887 4166 1012 4219 inde
1041 4180 1177 4235 Opus
1211 4176 1293 4218 est
1324 4158 1465 4217 ultra
1504 4164 1797 4233 progredi?
1843 4164 2061 4228 Omnia,
2099 4172 2158 4216 ut
2183 4164 2353 4218 verbo
2382 4164 2688 4232 expediam,
2718 4162 2995 4232 allegoriis
3035 4172 3089 4217 et
3120 4164 3430 4220 nominibus
3459 4167 3681 4221 desum-

419 4256 530 4313 tttis
556 4258 812 4325 exponit,
840 4272 1025 4311 rerum
1059 4267 1376 4327 argumenta
1410 4256 1477 4310 de
1506 4256 1684 4309 medio
1713 4255 1849 4309 tollit
1876 4270 1891 4309 :
1920 4271 2094 4324 neque
2129 4256 2255 4309 illud
2286 4256 2613 4323 percipiens.
2647 4254 2844 4309 multas
2872 4270 2993 4310 esse
3025 4256 3296 4323 iustorum
3346 4266 3402 4311 et
3449 4258 3685 4328 injusto—

421 4359 538 4395 rum
572 4346 791 4399 easdem
824 4346 1314 4410 denominatioues,
1339 4358 1517 4414 neque
1547 4345 1662 4398 ﬁeri
1696 4359 1878 4413 posse,
1904 4356 1962 4398 ut
1988 4346 2218 4400 diversa:
2243 4347 2366 4399 vita:
2394 4346 2634 4400 rationes
2674 4348 2741 4399 ab
2771 4361 2877 4399 uno
2909 4348 3129 4402 nomine
3176 4349 3432 4405 similiter
3480 4352 3685 4421 dijudi-

422 4446 634 4491 centur.
672 4437 767 4490 Est
806 4434 974 4491 Judas
1010 4438 1278 4505 proditor,
1316 4446 1403 4491 est
1428 4446 1482 4490 et
1507 4436 1649 4490 alter
1685 4435 1853 4490 ludas
1897 4437 2214 4505 apostolus;
2268 4436 2354 4491 vel
2395 4453 2610 4492 rursum
2659 4436 2953 4492 Zacharias
2990 4453 3083 4492 rex
3133 4439 3547 4509 iujustissimus,
3599 4458 3683 4501 est

422 4527 713 4584 Zacharias
737 4530 877 4584 alter
911 4533 1192 4599 propheta.
1229 4531 1294 4585 Et
1329 4533 1421 4600 qui
1451 4532 1503 4585 in
1540 4533 1761 4586 fornace
1788 4530 1928 4601 ignis
1957 4532 2190 4598 injectus
2229 4541 2333 4597 est,
2380 4534 2620 4587 Anauias
2655 4534 2969 4600 vocabatur,
3020 4536 3114 4589 sed
3161 4536 3299 4591 alter
3347 4549 3430 4593 est
3485 4552 3684 4610 praeter

428 4626 570 4677 hunc
591 4625 855 4691 Ananias,
882 4627 975 4697 qui
1006 4627 1315 4681 Ecclesiam
1351 4627 1852 4697 persequebatur...
1881 4628 2049 4696 Igitur
2073 4630 2118 4682 si
2157 4629 2382 4683 nomine
2422 4643 2509 4684 res
2545 4629 2673 4697 ipsa:
2695 4630 3102 4697 discernuntur,
3133 4632 3225 4702 qui
3264 4634 3538 4691 similibus
3571 4648 3681 4692 [τοι

431 4711 658 4781 pologiis
686 4716 1026 4781 iucutnbunt,
1050 4718 1239 4771 dicant
1268 4732 1373 4787 qua
1414 4720 1677 4773 methodo
1714 4720 1961 4775 diversas
1990 4722 2254 4774 scientias
2287 4730 2381 4773 aut
2405 4720 2527 4774 vita:
2555 4721 2794 4775 rationes
2824 4736 2892 4774 ex
2915 4722 3105 4776 eodem
3136 4725 3351 4779 nomine
3376 4728 3687 4794 explicant?

427 4800 577 4856 Multi
614 4805 823 4860 scilicet
850 4809 900 4861 in
937 4809 1082 4863 hunc
1116 4809 1257 4862 dietn
1288 4808 1695 4878 progenitorum
1728 4820 1822 4863 aut
1854 4811 2239 4879 prophetarum
2272 4810 2587 4865 nominibus
2622 4812 2865 4877 insigniti
2896 4811 3066 4867 Judaei
3120 4813 3207 4883 jus
3244 4815 3451 4869 violant
3481 4828 3536 4870 et
3581 4820 3683 4873 iut-

424 4899 515 4969 pie
542 4901 752 4954 vivunt.
788 4900 937 4956 Multi
969 4906 1096 4959 item
1124 4914 1178 4958 et
1211 4905 1351 4974 apud
1379 4906 1613 4975 gentiles
1639 4904 1786 4959 Petri
1846 4915 1901 4960 et
1948 4905 2104 4959 Pauli
2141 4909 2437 4975 nuucupati
2474 4907 2682 4963 nefarie
2731 4925 2848 4964 rem
2880 4928 3034 4966 suam
3077 4925 3339 4984 gerunt...
3393 4914 3504 4967 llac
3544 4913 3681 4965 dun-

422 4999 576 5047 taxat
602 4993 855 5047 methodo
877 5009 943 5048 ex
977 5012 1127 5051 more
1161 4997 1342 5050 omnia
1376 4995 1577 5064 ubique
1604 4996 1885 5068 allegoriis
1914 4996 2231 5061 infarcieus,
2268 5005 2476 5049 tantum
2507 4994 2927 5070 engastrimythi
2951 5000 3113 5056 verba
3148 5001 3377 5072 ﬁgurate
3408 5000 3685 5056 extricare

424 5103 529 5142 non
563 5089 763 5158 potuit,
809 5104 983 5159 neque
1024 5092 1138 5160 ipsa
1180 5106 1360 5144 rerum
1395 5100 1674 5160 gestarqu
1710 5091 2099 5159 consequentia
2153 5090 2204 5144 iu
2241 5091 2413 5144 lucem
2448 5092 2697 5148 veritatis
2728 5093 2994 5161 proferre.
3038 5114 3057 5146 ›
3091 5092 3252 5148 Vides
3292 5095 3359 5147 ab
3398 5093 3686 5150 Eustathio

424 5183 572 5251 carpi
604 5191 661 5235 et
690 5182 896 5237 acriter
927 5184 1256 5250 reprehendi
1298 5182 1617 5254 Origenem,
1646 5184 1792 5253 quod
1819 5183 2110 5238 lit-teralem
2137 5197 2356 5237 sensum
2380 5185 2619 5250 aboleat,
2648 5195 2702 5240 ct
2734 5186 2934 5255 figuras
2963 5188 3163 5255 ubique
3194 5188 3469 5258 exquirat.

496 5299 678 5364 Idem,
722 5298 893 5352 tacito
928 5305 1107 5350 tamen
1148 5296 1267 5363 ejus
1319 5298 1565 5361 nomine,
1601 5298 1667 5351 de
1715 5296 1807 5351 illo
1849 5296 2076 5365 ejusque
2110 5296 2333 5352 asseelis
2372 5296 2637 5366 judicium
2689 5298 2811 5351 tulit
2859 5298 3092 5354 Basilius
3126 5300 3353 5357 humilia
3405 5305 3569 5359 tertia
3627 5306 3681 5360 in

425 5390 797 5449 Hexaemeron
828 5409 982 5447 num.
1010 5393 1064 5448 9.
1104 5408 1123 5440 ι
1155 5392 1499 5458 Quinetiam,
1542 5392 1744 5461 inquit,
1780 5392 1978 5461 aliquis
2016 5392 2169 5447 nobis
2212 5392 2476 5447 adversus
2529 5392 2934 5448 ecclesiasticos
2980 5397 3241 5464 quosdam
3274 5400 3571 5469 scriptores
3614 5403 3682 5456 de

424 5490 677 5543 discretis
718 5491 874 5556 aquis
918 5488 1203 5543 habendus
1248 5496 1332 5539 est
1380 5501 1561 5541 sermo
1603 5487 1741 5557 :qui
1780 5501 2051 5557 auagoges
2076 5496 2129 5540 et
2163 5485 2500 5540 sublimioris
2547 5485 2918 5557 intelligentia:
2948 5492 3168 5545 nomine
3207 5489 3571 5562 confugerunt
3614 5495 3683 5551 ad

424 5581 737 5651 allegorias,
784 5582 922 5635 adeo
973 5591 1030 5634 ut
1077 5578 1352 5647 spiritales
1389 5587 1443 5632 et
1494 5580 1849 5649 incorporeas
1884 5580 2118 5634 virtutes
2169 5587 2422 5632 asseraut
2473 5594 2570 5647 per
2623 5594 2793 5648 aquas
2831 5582 3037 5652 tropice
3078 5582 3447 5653 significari..
3474 5623 3489 5638 .
3526 5583 3684 5640 Tales

425 5692 584 5745 porro
616 5692 899 5732 sermones
940 5676 1125 5745 veluti
1152 5674 1491 5729 somniorum
1526 5675 2006 5743 interpretationes
2050 5684 2107 5727 et
2141 5674 2319 5728 aniles
2345 5672 2560 5728 fabulas
2600 5671 2931 5741 rejicientes,
2970 5690 3190 5747 aquam,
3239 5690 3434 5746 aquam
3485 5676 3687 5732 intelli-

425 5785 640 5840 gamus,
678 5780 734 5827 et
778 5772 1141 5828 secretionem
1175 5784 1205 5824 a
1254 5768 1607 5824 ﬁrmamento
1644 5768 1843 5823 factam
1876 5769 2030 5837 juxta
2082 5768 2301 5824 allatam
2345 5768 2619 5826 rationem
2655 5770 3051 5840 accipiamus.»
3095 5770 3225 5827 item
3274 5768 3499 5826 humilia
3541 5784 3681 5823 nona
