4180 6216
572 228 641 283 59
1785 215 2150 291 rit/eruti)
2192 236 2223 296 λ

2192 235 2289 296 λιι)
2326 235 2486 290 Ton.
2528 235 2593 290 ιι.
3590 238 3593 239 ν
3751 252 3818 307 ω

568 361 621 415 in
649 357 908 414 llexaem.
976 355 1175 412 num.l
1209 376 1222 411 :
1262 373 1281 406 ι
1310 351 1443 408 Νονὶ
1488 350 1635 421 leges
1681 348 1977 421 allegoriae,
2022 349 2237 405 etiamsi
2279 366 2372 407 eas
2420 366 2526 407 non
2568 367 2635 408 ex
2678 366 2765 407 me
2800 352 2919 423 ipso
2959 356 3347 427 excogitarim,
3380 362 3476 418 sed
3506 363 3559 419 ln
3590 365 3812 421 aliorum

566 449 847 504 inciderint
925 448 1159 503 labores.
1202 448 1348 514 Quas
1391 443 1798 513 Scripturarum
1843 456 2162 496 communes
2211 442 2461 498 notiones
2505 442 2596 512 qui
2650 459 2757 499 non
2811 447 3151 517 suscipiunt,
3199 463 3421 520 aquam,
3470 471 3575 512 non
3620 472 3815 529 aquam

567 540 776 605 dicunt,
817 539 911 593 sed
950 539 1113 592 aliam
1171 537 1463 608 quamdam
1497 543 1775 597 naturam,
1816 539 1873 586 et
1908 528 2173 600 plantatn,
2216 542 2269 587 et
2312 536 2537 601 piscem,
2570 535 2869 589 secundum
2914 551 3066 591 suam
3106 538 3343 608 ipsorum
3373 528 3701 602 sententiam
3734 548 3821 602 in-

566 640 956 700 terpretantur.
993 630 1303 697 Quinetiam
1338 627 1609 698 reptilium
1658 634 1712 679 et
1757 638 2020 693 pecorum
2060 622 2470 690 generationem
2515 623 2582 677 ad
2627 639 2756 680 suas
2798 623 3089 696 allegorias
3139 627 3410 685 detortam
3448 636 3675 694 perinde
3719 653 3815 692 ex-

565 731 807 791 ponunt,
854 731 913 775 ut
944 723 1165 792 quidam
1219 735 1402 776 rerum
1457 732 1579 774 sese
1627 716 2006 788 imaginationi
2064 716 2446 784 ohjicientium
2508 714 2860 786 interpretes,
2906 718 3000 789 qui
3038 735 3169 775 suas
3220 722 3701 793 interpretationes
3747 732 3816 787 ad

565 815 843 883 proprium
879 830 1101 885 scopum
1152 815 1583 871 accommodant.
1615 812 1729 882 Ego
1772 825 1899 865 vero
1933 826 2057 865 οιιιιι
2092 810 2299 865 foenum
2340 810 2524 878 audio,
2567 810 2775 866 {tenam
2820 812 3083 884 intelligo,
3115 824 3170 869 et
3198 816 3458 885 plantam,
3487 829 3540 874 et
3576 821 3813 890 piscem,

561 918 615 961 et
658 907 909 976 bestiam,
940 918 999 964 et
1029 923 1218 978 pecus,
1246 908 1435 964 omnia
1475 907 1551 961 uti
1590 907 1733 962 dicta
1772 915 1901 960 sunt
1926 906 2007 961 sic
2039 906 2309 976 accipio.»
2348 906 2411 960 Et
2443 905 2606 976 paulo
2653 917 2815 977 post:
2855 926 2874 960 ι
2904 908 3093 965 Nonne
3138 912 3317 980 potius
3359 914 3407 968 ei
3453 916 3651 971 dedero
3696 919 3812 988 glo-

561 1003 696 1056 riam
748 1004 839 1073 qu‘i
873 1014 1107 1058 mentem
1148 1012 1385 1057 nostram
1420 1002 1475 1056 in
1513 1016 1696 1057 rerum
1726 1016 1990 1056 vanarum
2024 1002 2385 1071 occupatione
2429 1017 2537 1057 non
2573 1001 2830 1067 detinuit,
2872 1004 2965 1058 sed
2990 1006 3172 1060 omnia
3202 1007 3268 1061 ad
3310 1008 3727 1064 aedificationem
3762 1020 3816 1065 et

566 1098 955 1165 perfectionem
1003 1099 1310 1152 animarum
1344 1107 1654 1152 nostrarum
1696 1099 1966 1153 conscribi
2019 1097 2236 1152 sanxit?
2269 1097 2324 1151 Id
2373 1101 2515 1167 quod
2550 1097 2767 1167 quidam
2822 1099 2952 1153 mihi
2998 1101 3251 1156 videntur
3293 1119 3400 1158 non
3437 1104 3807 1167 intellexisse;

559 1189 649 1258 qui
683 1189 1026 1259 captionibus
1063 1188 1384 1256 quibusdam
1420 1196 1584 1256 atque
1627 1188 1940 1259 tropologiis
1966 1203 2033 1242 ex
2070 1202 2168 1242 suo
2205 1188 2441 1257 ipsorum
2488 1189 2706 1258 ingenio
2735 1188 2939 1259 aliquid
2981 1189 3279 1262 Scripturis
3307 1194 3583 1251 asciscere
3613 1210 3809 1252 aucto~

561 1280 740 1334 ritatis
782 1280 960 1333 conati
1001 1290 1149 1333 sunt.
1181 1280 1380 1333 Verum
1415 1280 1464 1333 id
1496 1279 1548 1333 ei
1583 1278 1866 1348 competit,
1896 1277 1986 1346 qui
2022 1276 2258 1345 seipsum
2295 1277 2533 1346 Spiritus
2568 1279 2740 1332 sancti
2786 1280 3024 1336 oraculis
3060 1283 3345 1339 constituit
3388 1288 3810 1355 sapientiorem,

558 1369 757 1438 quique
816 1369 1282 1438 interpretationis
1336 1380 1603 1440 praetextu
1637 1379 1942 1425 commenta
1977 1383 2072 1423 sua
2109 1366 2339 1423 inducit.
2377 1363 2501 1425 Haec
2548 1369 2748 1439 itaque,
2783 1371 2926 1427 sicut
2960 1376 3160 1443 scripta
3196 1386 3325 1430 sunt
3378 1377 3765 1446 intelligantur.
3788 1398 3806 1431 ι

559 1459 770 1515 Rursus
819 1462 1007 1516 homil.
1036 1462 1069 1515 2
1106 1464 1159 1516 in
1207 1462 1465 1518 Hexaem.
1528 1476 1678 1516 num.
1708 1460 1783 1515 5:
1822 1480 1840 1513 ι
1871 1462 2101 1516 Omnem
2135 1461 2301 1530 igitur
2339 1461 2877 1529 interpretationem,
2923 1467 3094 1534 tmpis
3136 1477 3192 1520 et
3229 1466 3502 1539 allegoriis
3546 1480 3809 1526 constan-

560 1564 693 1619 tem,
727 1555 779 1607 in
810 1557 1100 1622 prmseutia
1139 1558 1638 1625 praetermittentes,
1682 1555 2032 1611 tenebrarum
2072 1558 2345 1611 notionem
2377 1556 2703 1627 simpliciter
2727 1568 2783 1613 et
2811 1559 2948 1614 citra
2984 1562 3379 1631 curiositatem,
3407 1579 3625 1619 sensum
3659 1564 3809 1622 Scri-

560 1653 731 1714 plura:
764 1648 956 1711 seculi,
988 1650 1340 1719 accipiamus.
1369 1670 1388 1703 ι

628 1740 992 1810 Allegoricam
1036 1744 1289 1814 Origcnis
1320 1746 1547 1815 ejusque
1583 1746 1901 1816 sequacium
1960 1746 2273 1800 methodum
2309 1744 2512 1800 diserte
2553 1744 2715 1800 etiam
2762 1746 3008 1803 confutat
3039 1750 3459 1821 Chrysostomus
3490 1754 3710 1809 humilia
3748 1753 3817 1809 1⁸5

561 1834 614 1888 in
672 1836 945 1900 Genesint,
992 1846 1121 1891 tom.
1148 1837 1212 1892 IV
1246 1855 1374 1893 nov.
1429 1842 1563 1905 edi.,
1601 1856 1725 1910 pag.
1772 1841 1874 1894 102
1914 1849 1968 1895 et
2001 1838 2128 1899 105.
2162 1840 2255 1894 ubi
2322 1837 2436 1895 ait:
2476 1859 2493 1890 ι
2526 1840 2635 1896 Hoc
2682 1844 2803 1897 loco
2833 1843 2984 1909 illud,
3017 1843 3269 1912 plantavit
3295 1845 3362 1910 ³⁵,
3394 1846 3473 1899 sic
3508 1846 3812 1917 intelligen»

558 1929 708 1995 dum,
749 1929 959 1984 scilicet
988 1931 1161 2000 ipsum
1196 1933 1494 2002 imperasse
1536 1944 1593 1987 ιιι
1628 1936 1913 2003 paradisus
1951 1935 2003 1989 in
2039 1945 2182 1989 terra
2224 1935 2407 1989 fieret.
2438 1977 2454 1992 .
2480 1972 2497 1989 .
2521 1971 2535 1986 .
2562 1933 2686 1991 Ideo
2716 1937 2881 1991 etiam
2916 1936 3020 1992 loci
3074 1954 3267 1993 nomen
3314 1939 3472 1994 aIfert
3510 1939 3719 2010 Moyses
3757 1941 3811 1993 in

558 2016 887 2085 Scripturis,
921 2032 979 2073 ut
1020 2035 1087 2074 ne
1123 2020 1313 2075 liceret
1342 2021 1541 2077 frustra
1587 2024 1780 2093 nugari
1825 2022 2131 2078 volentibus
2163 2021 2556 2093 simpliciormn
2603 2023 2826 2079 auribus
2872 2024 3171 2095 imponere,
3209 2027 3497 2096 dicereque
3540 2044 3645 2082 non
3693 2043 3816 2083 esse

558 2110 610 2165 in
651 2121 791 2166 terra
832 2112 1169 2180 paradismn,
1214 2113 1307 2168 sed
1348 2114 1399 2167 in
1436 2114 1598 2182 cutio,
1631 2126 1685 2170 et
1721 2115 1933 2171 fabulas
1978 2116 2288 2183 hujusmodi
2331 2118 2622 2172 somniare.
2670 2112 2804 2170 Nam
2849 2117 2894 2170 si
2938 2132 3061 2171 cum
3106 2118 3289 2172 divina
3331 2119 3612 2186 Scriptura
3660 2127 3815 2174 tanta

557 2219 655 2256 usa
690 2204 761 2256 sit
796 2205 1083 2258 verborum
1120 2205 1491 2270 accuratione,
1543 2220 1647 2258 non
1686 2205 2000 2258 dubitarunt
2035 2214 2215 2259 tamen
2260 2206 2482 2274 quidam
2526 2209 2592 2259 de
2622 2204 2871 2259 facundia
2922 2222 3045 2270 sua,
3094 2223 3302 2263 necnon
3348 2210 3413 2261 de
3469 2207 3814 2277 philosophia

555 2294 771 2349 exotica
824 2293 990 2347 altum
1034 2280 1332 2363 sapientes,
1375 2296 1607 2349 adversa
1650 2296 1949 2364 Scripturis
1996 2296 2170 2365 loqui,
2219 2307 2273 2351 et
2308 2297 2493 2352 dicere
2531 2298 2842 2367 paradisum
2885 2298 2938 2351 in
2989 2306 3134 2353 terra
3184 2314 3289 2354 non
3342 2314 3487 2364 esse,
3532 2298 3815 2366 multaque

555 2383 662 2441 alia
698 2396 897 2456 przcter
930 2402 989 2440 ea
1026 2401 1145 2454 qua:
1178 2387 1323 2440 dicta
1361 2396 1485 2440 sunt
1536 2388 1871 2456 adoptantes,
1906 2396 2097 2442 contra
2151 2387 2487 2457 Scripturam
2543 2390 2771 2453 sentire,
2797 2398 2851 2443 et
2885 2390 3169 2443 adversam
3206 2398 3393 2443 tenere
3438 2389 3606 2451 viam,
3642 2397 3815 2456 atque

556 2498 620 2537 ea
661 2497 781 2551 qua:
815 2482 880 2536 de
930 2490 1072 2535 terra
1112 2482 1252 2537 dicta
1300 2492 1457 2548 sunt,
1500 2483 1566 2536 de
1616 2483 1771 2537 cmlis
1819 2483 1961 2537 dicta
1996 2492 2216 2552 putare,
2264 2484 2365 2537 nisi
2414 2484 2603 2537 humili
2644 2483 2733 2536 illa
2772 2491 2829 2538 et
2871 2493 3224 2554 attemperata
3270 2483 3556 2539 verborum
3597 2481 3813 2536 ratione

558 2592 694 2631 usus
721 2576 933 2646 Moyses
967 2587 1132 2643 esset,
1166 2577 1374 2647 Spiritu
1409 2588 1598 2631 sancto
1629 2578 1862 2646 linguam
1891 2577 2010 2644 ejus
2035 2587 2306 2639 movente,
2335 2591 2445 2647 quo
2477 2593 2583 2630 non
2623 2577 2856 2632 devoluti
2889 2578 3144 2632 essenti.
3168 2615 3183 2630 .
3206 2615 3221 2632 .
3260 2576 3374 2631 Non
3406 2578 3628 2631 credere
3658 2577 3810 2631 enim

558 2668 626 2725 iis
654 2685 772 2738 qua:
805 2670 854 2723 in
891 2670 1070 2723 divina
1099 2667 1379 2739 Scriptura
1414 2672 1685 2739 feruntur,
1712 2671 1809 2725 sed
1843 2671 1946 2725 alia
1976 2686 2045 2725 ex
2078 2670 2296 2740 propria
2330 2681 2510 2725 mente
2542 2672 2815 2735 inducere,
2852 2686 3100 2738 magnum
3136 2678 3262 2739 puto
3290 2670 3589 2739 periculum
3615 2684 3812 2725 creare

560 2765 685 2819 talia
716 2764 1059 2819 audentibus.
1076 2783 1094 2816 ι

630 2856 777 2916 Inter
821 2871 945 2916 octo
978 2860 1321 2932 Origeniante
1357 2864 1613 2917 doctrinae
1644 2862 1847 2931 capita,
1894 2876 2127 2931 quorum
2164 2861 2519 2931 Epiphanius,
2545 2862 2876 2932 Theophilus
2918 2871 2972 2916 et
3004 2860 3369 2931 Hieronymus
3400 2860 3810 2916 damnationem

555 2965 589 3006 tt
623 2947 833 3008 Joanne
872 2953 1327 3023 Jerosolymitano
1359 2954 1613 3023 episcopo
1647 2954 2015 3022 postulabant,
2046 2963 2256 3008 sextum
2292 2962 2345 3009 et
2384 2954 2673 3023 septimum
2718 2955 2785 3009 ad
2819 2953 3170 3023 allegoricum
3202 2953 3498 3023 Scriptura:
3533 2953 3811 3021 interpre-

559 3046 738 3101 tanda:
777 3049 995 3101 modum
1039 3054 1280 3116 spectant
1302 3086 1317 3110 ,
1365 3056 1418 3102 et
1452 3048 1591 3115 apud
1647 3047 1960 3118 Hieronym.
1990 3048 2151 3117 epist.
2177 3048 2247 3103 58
2292 3049 2358 3101 ad
2396 3048 2734 3115 Pammach.,
2767 3059 2897 3104 tom.
2926 3048 3022 3114 IV,
3053 3064 3176 3118 pag.
3204 3048 3308 3102 510
3339 3061 3462 3101 nov.
3515 3046 3671 3108 edit.,
3722 3044 3811 3099 his

560 3140 742 3193 verbis
776 3138 1163 3193 continentur:
1202 3154 1221 3187 ι
1252 3135 1389 3192 Octo
1417 3137 1514 3191 tibi
1557 3138 1638 3208 (ut
1663 3136 1849 3191 statim
1888 3136 2151 3208 probabo)
2182 3139 2249 3192 de
2283 3152 2378 3207 spe
2421 3138 2545 3192 ﬁdei
2582 3137 2905 3192 Christianae
2951 3138 3314 3206 quaestionum
3368 3137 3546 3205 capita
3591 3134 3813 3203 objecta

556 3240 719 3285 sunt.
742 3268 759 3285 .
784 3267 802 3283 .
832 3238 1042 3284 sextum
1104 3230 1245 3297 quod
1276 3229 1356 3283 sic
1389 3230 1698 3297 paradisum
1733 3229 2065 3299 allcgorizet,
2095 3237 2154 3282 ut
2201 3230 2443 3284 historia:
2486 3230 2700 3283 auferat
2733 3229 3050 3296 veritatem,
3096 3245 3193 3300 pro
3236 3230 3525 3284 arboribus
3559 3228 3810 3297 angelos,

557 3336 656 3391 pro
685 3319 993 3376 ﬂundnibus
1028 3321 1257 3374 virtutes
1288 3320 1544 3374 caelestes
1578 3319 1907 3388 intelligens,
1952 3330 2229 3388 totamque
2268 3321 2504 3389 paradisi
2553 3321 2945 3376 continentiam
2992 3320 3323 3391 tropologica
3355 3320 3814 3389 interpretatione

556 3416 861 3469 subvertat.
905 3414 1233 3484 Septimum,
1277 3414 1423 3482 quod
1455 3428 1649 3483 aquas,
1684 3427 1805 3481 quae
1836 3429 2002 3483 super
2032 3413 2201 3469 cados
2245 3413 2299 3467 in
2346 3413 2650 3483 Scripturis
2696 3428 2816 3470 esse
2856 3416 3136 3479 dicuntur,
3168 3424 3385 3469 sanetas
3427 3429 3815 3485 supernasque

556 3508 822 3572 virtutes;
863 3520 982 3574 quae
1011 3520 1172 3575 super
1205 3515 1410 3558 terram
1438 3513 1493 3558 et
1521 3503 1662 3558 infra
1698 3514 1919 3569 terram,
1950 3504 2256 3561 contrarias
2284 3514 2339 3559 et
2364 3505 2725 3560 dzemoniacas
2764 3520 2886 3561 esse
2922 3506 3242 3560 arbitretur.
3269 3522 3287 3555 ι
3324 3506 3470 3559 Idem
3511 3505 3567 3558 in
3597 3505 3814 3565 Daniel.

562 3617 684 3673 cap.
736 3618 802 3669 x,
840 3612 972 3657 tom.
1009 3600 1109 3666 Ill,
1156 3615 1280 3670 pag.
1325 3598 1498 3662 1118,
1542 3599 1621 3654 sic
1688 3597 2025 3668 Origenistas
2082 3600 2399 3669 perstringit
2443 3616 2457 3652 :
2508 3616 2527 3651 ι
2572 3600 2773 3654 Eorum
2833 3599 3190 3655 deliramenta
3244 3600 3661 3664 conticescant,
3722 3605 3817 3671 qui

555 3696 778 3753 umbras
814 3703 868 3749 et
913 3693 1178 3764 imagines
1224 3694 1278 3745 in
1320 3691 1549 3746 veritate
1580 3700 1913 3759 quaerentes,
1954 3693 2123 3759 ipsam
2166 3701 2438 3745 conantur
2475 3700 2723 3746 evertere
2758 3691 3067 3756 veritatem,
3100 3699 3157 3744 ut
3208 3690 3426 3745 ﬂumina
3472 3700 3528 3744 et
3562 3694 3815 3754 arbores.

551 3793 609 3836 et
641 3785 953 3852 paradisum
1003 3790 1193 3849 putent
1238 3780 1514 3849 allegoriae
1554 3779 1760 3847 legibus
1803 3793 1862 3834 se
1906 3781 2102 3834 debere
2144 3782 2469 3834 subruere.)
2514 3780 2653 3834 Idem
2704 3778 2919 3849 praefat.
2963 3781 3057 3835 lib.
3086 3795 3119 3832 ν
3148 3779 3439 3835 Comment.
3471 3785 3525 3834 in
3569 3783 3819 3848 Isaiam,

558 3888 690 3934 tom.
725 3876 814 3938 Ill,
845 3890 971 3943 pag.
998 3873 1096 3926 107
1124 3890 1138 3925 :
1176 3888 1194 3921 ι
1227 3871 1365 3934 Quid
1403 3871 1567 3938 igitur
1592 3869 1825 3922 faciam?
1858 3870 2157 3923 subeanme
2181 3882 2319 3936 Opus
2352 3869 2404 3920 in
2435 3884 2543 3934 quo
2584 3868 2685 3922 viri
2719 3867 3074 3921 eruditissimi
3116 3871 3468 3931 sudaverunt,
3505 3870 3808 3939 Origenem

559 3972 772 4039 loquor,
819 3975 875 4020 et
904 3964 1195 4018 Eusebium
1235 3959 1546 4028 Pamphili:
1578 3973 1808 4028 quorum
1849 3958 1989 4011 alter
2033 3956 2223 4010 liberis
2258 3956 2532 4026 allegoria:
2576 3956 2772 4021 spatiis
2802 3965 3085 4024 evagatur,
3112 3965 3168 4008 et
3215 3956 3589 4026 interpretatis
3637 3966 3820 4018 norni-

557 4065 717 4120 nibus
761 4057 1121 4128 singulorum,
1161 4053 1437 4123 ingenium
1470 4065 1626 4104 suum
1670 4048 1804 4103 facit
1837 4046 2093 4103 Ecclesia:
2140 4059 2522 4113 sacramenta;
2561 4046 2703 4101 alter
2736 4047 3052 4102 historicam
3084 4050 3477 4116 expositionem
3512 4053 3674 4109 titulo
3720 4073 3814 4112 re—

558 4152 882 4214 promittens
926 4146 1193 4201 intcrdum
1244 4142 1587 4197 obliviscitur
1634 4140 1918 4211 propositi,
1955 4150 2011 4193 et
2053 4138 2107 4192 in
2154 4137 2403 4209 Origenis
2445 4138 2580 4191 scita
2627 4139 2901 4193 concedit.
2930 4157 2949 4190 ›
3000 4135 3264 4209 Origenes
3314 4137 3569 4199 Ieremia:
3630 4146 3813 4205 locum

556 4216 862 4298 exstantem
895 4254 1015 4307 cap.
1041 4252 1209 4299 xxvn,
1244 4237 1296 4293 2.
1327 4236 1399 4288 5:
1434 4252 1453 4284 ι
1484 4233 1589 4288 Fac
1622 4232 1719 4287 tibi
1767 4232 1977 4285 vincula
2015 4242 2070 4285 et
2101 4240 2360 4285 catenas:
2400 4240 2458 4284 et
2496 4243 2665 4299 pones
2708 4246 2803 4286 eas
2845 4232 2896 4284 in
2931 4229 3071 4285 collo
3118 4239 3231 4295 tuo,
3270 4243 3324 4286 et
3370 4233 3556 4291 mittes
3604 4253 3702 4296 eas
3750 4246 3819 4297 ad

557 4350 739 4406 regem
768 4334 963 4392 Edom,
1005 4338 1063 4385 et
1099 4330 1163 4383 ad
1196 4343 1375 4396 regem
1413 4326 1586 4390 Moab,
1616 4336 1671 4379 et
1697 4327 1762 4379 ad
1795 4339 1976 4393 regem
2014 4323 2248 4377 ﬁliorum
2278 4321 2535 4387 Ammon,
2564 4332 2618 4375 et
2643 4324 2711 4375 ad
2742 4337 2919 4389 regem
2948 4320 3100 4392 Tyri,
3128 4332 3185 4377 et
3219 4324 3285 4377 ad
3316 4340 3499 4394 regem
3532 4329 3818 4399 Sidonis”

562 4424 618 4482 in
651 4427 961 4495 allegoriam
994 4431 1255 4477 traxerat.
1296 4420 1423 4489 Ejus
1451 4419 1847 4488 expositionem
1882 4416 2047 4471 refert
2082 4415 2443 4485 Hieronymus
2475 4424 2607 4468 tom.
2638 4414 2723 4474 ιιι,
2757 4430 2885 4484 pag.
2910 4415 3016 4469 658
3045 4434 3060 4470 :
3098 4435 3116 4467 ι
3149 4414 3303 4470 Hunc
3349 4416 3551 4485 locum,
3604 4423 3816 4494 inquit,

557 4521 879 4590 allegoricus
918 4532 1131 4586 semper
1168 4517 1456 4584 interpres,
1500 4525 1554 4569 et
1591 4514 1830 4568 historia:
1881 4511 2100 4582 fugiens
2132 4511 2448 4574 veritatem,
2494 4510 2891 4580 interpretatur
2939 4511 3002 4567 de
3035 4512 3239 4567 ctelesti
3292 4510 3622 4581 Jerusalem,
3670 4527 3818 4589 quod

558 4620 792 4672 debeant
860 4614 1189 4668 habitatores
1235 4612 1353 4679 ejus
1395 4620 1589 4680 sponte
1632 4622 1912 4664 assumere
1963 4621 2225 4676 corpora,
2274 4615 2330 4660 et
2359 4605 2688 4659 descendere
2735 4606 2785 4659 in
2821 4604 3170 4676 Babylonem,
3215 4606 3267 4659 id
3309 4618 3394 4660 cst
3435 4611 3818 4669 confusionem

557 4713 741 4769 mundi
778 4711 936 4780 hujus
983 4710 1073 4779 qui
1128 4710 1180 4763 in
1217 4707 1449 4776 maligno
1488 4707 1700 4775 positus
1729 4714 1837 4769 est,
1884 4712 1940 4759 et
1970 4704 2181 4759 servire
2229 4702 2342 4772 regi
2386 4699 2707 4771 Babylonio,
2744 4701 2888 4754 haud
2937 4702 3160 4755 dubium
3196 4702 3323 4770 quin
3371 4704 3615 4761 diabolo.
3666 4711 3821 4776 Quod

556 4809 601 4862 si
646 4809 748 4861 hoe
796 4806 977 4860 facere
1025 4804 1319 4868 noluerint,
1356 4816 1699 4871 nequaquam
1742 4815 1836 4855 eos
1892 4798 2079 4869 gravia
2116 4812 2347 4866 corpora
2402 4806 2736 4865 portaturos,
2784 4798 2875 4851 sed
2920 4796 3192 4864 perituros
3237 4795 3442 4864 gladio,
3476 4812 3533 4856 et
3571 4804 3738 4869 fame,
3768 4817 3826 4860 et

557 4914 727 4973 peste,
770 4912 827 4956 et
868 4914 1205 4972 nequaquam
1239 4898 1486 4952 homines
1521 4896 1758 4962 futuros,
1787 4896 1882 4950 sed
1915 4897 2210 4949 daemones.
2257 4892 2372 4947 lloc
2410 4891 2500 4945 ille
2547 4892 2767 4958 dixerit,
2802 4906 2871 4946 ne
2902 4890 3216 4945 defensores
3253 4889 3377 4958 ejus
3420 4898 3582 4953 nobis
3614 4898 3824 4952 calum-

558 4999 700 5051 niam
733 4996 954 5052 faciant.
997 4994 1266 5050 Caeterum
1303 5007 1399 5046 nos
1443 4992 1743 5059 simplicem
1787 5002 1844 5044 et
1885 5003 2068 5049 veram
2122 5002 2420 5057 sequamur
2464 4987 2771 5051 historiam,
2822 5002 2889 5041 ne
2937 4987 3258 5055 quibusdam
3297 4990 3543 5048 nubibus
3581 5005 3635 5048 ei,
3678 5006 3817 5059 pne-

557 5093 736 5161 stigiis
776 5093 1139 5145 involvantur.
1168 5109 1186 5142 ι
1228 5088 1615 5157 ldem,pra:fat.
1661 5088 1713 5141 in
1752 5072 2181 5149 Malachgtom.
2218 5082 2305 5147 Ill,
2337 5082 2577 5151 p.1807,
2608 5081 2750 5133 hanc
2796 5080 2864 5134 de
2911 5078 3238 5146 Origeniano
3282 5077 3338 5133 in
3392 5082 3537 5136 hunc
3583 5082 3812 5148 prophe-

559 5194 667 5237 tam
716 5182 1107 5238 c0mmentario
1155 5180 1260 5235 fert
1308 5181 1630 5234 sententiam
1672 5194 1685 5230 :
1723 5195 1742 5228 ι
1774 5175 2004 5245 Scripsit
2041 5176 2093 5230 in
2144 5176 2289 5229 hunc
2336 5172 2532 5226 librum
2584 5168 2847 5237 Origenes
2884 5167 2985 5218 tria
3035 5166 3343 5235 volumina,
3386 5173 3477 5225 sed
3525 5170 3804 5222 hismriam

556 5255 778 5337 υιιῗιιίιιο
815 5289 923 5326 ιιοιι
958 5274 1155 5341 tetigit,
1182 5282 1237 5326 et
1269 5288 1417 5327 more
1458 5286 1556 5324 suo
1600 5279 1746 5322 t0tus
1792 5269 1844 5320 in
1895 5267 2169 5335 allegoria:
2217 5262 2665 5332 interpretatione
2713 5269 2962 5313 versatus
2993 5266 3111 5321 est,
3160 5259 3363 5312 nullam
3397 5260 3575 5311 Esdrte
3602 5257 3807 5313 faciens

559 5371 917 5431 mentionem,
959 5370 1053 5422 sed
1086 5369 1333 5436 angelum
1370 5375 1567 5436 putans
1607 5364 1777 5417 fuisse
1807 5363 1897 5431 qui
1937 5360 2178 5429 scripsit,
2222 5356 2517 5413 secundum
2549 5354 2677 5409 illud
2712 5353 2856 5421 quod
2889 5352 2954 5405 de
2987 5350 3193 5405 Joanne
3228 5351 3461 5421 legimus
3493 5366 3507 5403 :
3545 5350 3678 5403 It‘cce
3708 5366 3803 5420 ego

556 5463 704 5516 mitto
742 5460 986 5529 angelum
1019 5474 1190 5511 meum
1218 5469 1338 5512 ante
1372 5458 1561 5526 faciem
1594 5464 1738 5508 tuam
1763 5453 1829 5508 ³⁸.
1862 5451 2014 5518 Quod
2054 5465 2153 5505 nos
2178 5449 2405 5505 omnino
2431 5461 2537 5502 non
2570 5446 2885 5514 recipimus,
2918 5459 2983 5499 nc
3017 5443 3319 5498 animarum
3356 5441 3420 5494 de
3449 5440 3587 5494 crelo
3618 5443 3799 5496 ruinas

558 5553 832 5622 suscipere
863 5550 1267 5620 compellamur.
1293 5567 1312 5600 ι

625 5689 671 5721 ⁸⁸
720 5689 855 5745 Gen.
904 5704 965 5755 ιι.
1016 5687 1070 5742 8.
1146 5687 1191 5720 ³⁸
1238 5687 1426 5741 Matth.
1484 5701 1561 5752 ιιι,
1601 5684 1689 5740 10.
