4180 6216
448 326 515 381 57
1906 320 1973 373 IN
2008 312 2337 377 CENESIM.
3646 316 3718 370 38

441 441 805 517 προγνώσεως
834 440 955 503 τοῦς
989 439 1201 508 λόγους,
1242 441 1577 512 κατανοήσαι
1608 440 1692 503 ἂν,
1728 440 1809 493 ὅτι
1837 439 1961 494 οῦτε
2000 444 2028 496 ὁ

2137 454 2321 509 ratur;
2359 443 2520 510 idque
2552 456 2719 494 unum
2754 455 2820 494 ex
2877 438 2983 493 illis
3032 439 3220 495 inferri
3270 447 3486 508 potest,
3544 437 3717 492 Deum

442 536 713 609 προγνοὺς
754 535 969 598 πάντως
998 534 1170 599 αἴτιος
1212 534 1322 587 τῶν
1368 534 1856 607 προεγνωσμένων,
1902 533 2024 589 οὔτε

440 624 509 679 τὰ
543 626 667 687 τοὺς
692 629 894 686 τύπους
922 624 1029 676 τῶν
1070 623 1243 692 λόγων
1272 624 1384 694 (50)
1418 626 1515 695 τῆς
1542 623 1904 694 προγνώσεως·
1935 626 2026 677 τοῦ

440 715 848 788 προεγνωκότος
895 713 1182 786 δεξαμένα.
1219 717 1342 768 Ὀτι
1393 716 1490 785 μὲν
1524 713 1617 770 οῦν
1652 716 1879 772 ἕκαστον
1921 715 2028 768 τῶν

443 805 716 883 ἐσομένων
757 805 861 877 πρὸ
896 804 1090 861 πολλοῦ
1131 802 1271 861 οἶδεν
1302 806 1330 857 ὁ
1367 805 1500 869 Θεὸς
1539 805 1903 877 γενησόμενον
1936 804 2030 858 καὶ

441 897 609 967 χωρὶς
643 895 741 967 μὲν
769 895 990 967 Γραφῆς
1022 896 1249 954 αύτύθεν
1290 898 1356 949 ἐκ
1385 897 1487 966 τῆς
1530 898 1739 961 ἑννοίας
1769 898 1868 967 τῆς
1903 897 2032 968 περὶ

440 972 597 1051 Θεοῦ,
631 986 788 1059 δῆλον
811 986 887 1057 τῷ
922 987 1158 1045 συνιέντι
1193 986 1409 1059 ἀξίωμα
1436 988 1718 1059 δυνάμεως
1743 988 1835 1040 νοῦ
1871 987 2031 1041 Θεοῦ.

2134 537 2277 606 quod
2319 534 2462 587 nttila
2494 533 2573 586 sui
2607 533 2846 586 numinis
2874 532 3278 595 communione,
3324 531 3440 584 sola
3473 529 3714 583 hominis

2135 626 2485 695 improbitate
2530 624 2773 677 futurum
2809 622 2989 677 scelus
3016 632 3143 674 ante
3179 630 3529 690 cognoverat,
3573 635 3717 689 pra:-

2137 716 2416 771 nuntiasse
2445 735 2461 771 :
2490 717 2557 769 ita
2578 716 2825 783 profecto
2843 715 3093 785 quisquis
3117 721 3170 769 et
3183 726 3304 767 eam
3324 712 3375 763 in
3394 710 3719 778 disputatio-

2138 822 2281 870 nem,
2314 823 2417 875 qua
2457 807 2567 861 Deo
2606 822 2790 861 rerum
2818 806 3065 860 omnium
3108 814 3428 873 antegressa
3474 803 3717 871 cognitio

2140 898 2427 962 tribuitttr,
2465 908 2518 951 et
2555 899 2608 952 in
2648 913 2733 963 ea,
2786 897 2986 967 quibus
3018 911 3134 951 sua:
3180 893 3514 963 cognitionis
3562 893 3719 963 signa

2140 989 2388 1058 qna‘dam
2417 1001 2474 1043 et
2506 990 2710 1044 formas
2736 988 3102 1059 impresserit,
3136 987 3324 1041 subire
3355 985 3520 1038 altius
3547 997 3609 1036 ac
3628 997 3722 1051 pec

445 1091 661 1133 nctrare
692 1079 950 1144 voluerit,
1001 1080 1264 1153 intelliget
1292 1084 1409 1151 ipse
1440 1084 1723 1149 continuo,
1782 1100 1889 1138 non
1942 1083 2013 1137 illi
2053 1084 2241 1151 utique
2274 1086 2363 1153 qui
2424 1087 2776 1155 praenoverit,
2830 1092 2925 1137 aut
2969 1084 3036 1137 iis
3060 1083 3195 1153 ipsis
3220 1082 3412 1144 rebus,
3435 1094 3565 1149 quat
3589 1093 3728 1145 prai-

444 1171 682 1226 notionis
728 1173 845 1243 ejus
892 1174 1100 1226 l'ormas
1128 1176 1389 1245 quasdam
1442 1188 1709 1245 notasque
1736 1176 2103 1243 susceperint,
2143 1190 2336 1230 eorum
2368 1192 2489 1245 qua:
2523 1176 2870 1246 praenoverit,
2915 1190 3137 1229 causam
3189 1187 3312 1227 esse
3348 1168 3715 1225 tribuendam.

441 1261 559 1315 Jam
590 1278 722 1321 vero
751 1264 1012 1332 quidquid
1046 1264 1344 1334 aliquando
1368 1266 1612 1320 futurum
1641 1274 1745 1331 est,
1779 1264 1832 1318 id
1864 1279 2025 1319 omne
2060 1265 2230 1320 Demn
2278 1267 2447 1321 multo
2479 1276 2603 1322 ante
2625 1268 2675 1337 7
2723 1267 2965 1321 futurum
3013 1278 3312 1337 praenosse,
3343 1274 3401 1318 ut
3425 1261 3723 1331 Scriptum

443 1358 659 1416 abesset
687 1356 1017 1423 auctoritas,
1066 1358 1152 1414 vel
1202 1360 1436 1430 ipsamet
1472 1374 1537 1416 ex
1577 1359 1671 1415 Dei
1725 1358 1950 1415 notione
2007 1360 2054 1415 is
2109 1362 2358 1430 proiecto
2396 1362 2614 1417 demum
2658 1362 2951 1435 intelligat,
3007 1362 3099 1433 qui
3141 1362 3309 1434 probe
3343 1362 3451 1415 vim
3484 1359 3633 1414 illam
3670 1367 3729 1413 et

444 1452 814 1510 excellentiam
850 1453 1051 1507 divina:
1082 1454 1285 1508 mentis
1320 1454 1604 1523 intelligit.

511 1546 575 1605 Ei
629 1543 687 1598 ὀὲ
735 1545 817 1603 δεῖ
867 1545 961 1604 καὶ
989 1544 1099 1597 ἀπὸ
1148 1546 1256 1596 τῶν
1298 1545 1530 1614 Γραφῶν
1568 1545 1727 1599 τοῦτο
1759 1547 2028 1618 παραστῆ-

2209 1541 2264 1597 4.
2301 1541 2359 1596 Si
2406 1551 2591 1597 tamen
2641 1559 2929 1599 sacrarum
2976 1558 3195 1613 quoque
3225 1544 3529 1599 litterarum
3566 1547 3723 1604 testi-

442 1655 555 1701 σαι,
582 1636 812 1708 πλήρεις
840 1640 938 1706 μέν
969 1638 1108 1693 εἰσιν
1136 1637 1192 1689 αί
1221 1639 1545 1710 προφητεῖαι
1571 1636 1825 1692 τοιούτων
1862 1652 2035 1707 παρα-

440 1732 787 1801 δειγμάτωνο
826 1730 920 1782 καὶ
953 1730 1019 1783 τὰ
1054 1730 1193 1785 κατά
1232 1732 1344 1802 (51)
1385 1732 1481 1802 τὴν
1528 1730 1818 1793 Σωσάνναν
1845 1732 1904 1785 δὲ
1934 1734 2029 1788 τοῦ

443 1819 579 1873 Θεοῦ
616 1818 976 1888 γινώσκοντος
1007 1820 1077 1872 τὰ.
1121 1821 1315 1885 πάντα,
1356 1822 1492 1893 πρὶν
1519 1820 1788 1890 γενέσεως
1827 1823 2030 1888 αὐτῶν,

444 1912 587 1971 οῦτω
619 1910 880 1979 λέγουσαν
905 1928 917 1940 ο
960 1930 977 1961 ι
1023 1911 1080 1964 '0
1105 1910 1233 1974 Θεὸς
1257 1912 1285 1964 ὁ
1312 1910 1551 1975 αἰώνιος,
1584 1914 1613 1965 ὁ
1634 1910 1742 1965 τῶν
1774 1913 2034 1985 κρυπτῶν

446 2004 715 2074 γνώστης,
738 2005 767 2059 δ
792 2004 944 2067 εἰδὼς
965 2003 1032 2058 τὰ
1064 2003 1235 2061 πάντα
1262 2005 1392 2075 πρὶν
1427 2004 1702 2073 γενέσεως
1736 2004 1939 2069 αὐτῶν,
1970 2005 2035 2059 σὺ

442 2095 760 2157 ἐπίστασαι,
798 2095 879 2147 ὅτι
923 2092 1093 2169 ψευδῆ
1127 2111 1228 2165 μου
1273 2092 1770 2165 κατεμαρτύρησαν
1805 2087 1974 2147 οῦτοι.
2012 2112 2030 2144 ι

440 2184 763 2254 Σαφέστατα
804 2184 860 2236 δὲ
896 2186 952 2242 ὲν
985 2186 1051 2255 τῇ
1080 2184 1240 2261 τρίτῃ
1271 2184 1381 2237 τῶν
1411 2184 1705 2243 Βασιλειῶν
1732 2187 1825 2238 καὶ
1861 2184 2037 2255 ὄνομα

442 2273 846 2345 βασιλεύσοντος
873 2275 985 2345 (3‘2)
1014 2314 1028 2337 ,
1071 2276 1166 2329 καὶ
1201 2276 1428 2345 πράξεις
1473 2276 1893 2351 ἀνεγράφησαν,
1929 2274 2037 2347 πρὸ

441 2366 695 2421 πλειόνων
725 2364 860 2418 ἐτῶν
888 2365 979 2418 τοῦ
1014 2364 1270 2433 γενέσθαι
1300 2366 1777 2437 προφητευόμενα,
1818 2366 1992 2427 οὕτως
2018 2381 2032 2394 ⁸

445 2477 464 2514 ι
507 2459 611 2511 Καὶ
653 2459 907 2529 ἐποίησεν
953 2458 1237 2529 Ἱεροϐοαμ
1283 2459 1475 2531 ἑορτὴν
1523 2459 1581 2511 ἐν
1637 2456 1716 2529 τῷ
1781 2456 1908 2527 μηνὶ
1956 2454 2032 2526 τῷ

440 2548 630 2618 ὀγδόῳ,
671 2552 729 2603 ὲν
768 2551 834 2619 τῇ
870 2547 1103 2620 πέμπτῃ
1145 2548 1464 2620 καιδεκάτῃ
1502 2548 1686 2620 ἡμέρᾳ
1711 2546 1802 2599 τοῦ
1842 2545 2031 2617 μηνὸς,

442 2638 582 2697 κατὰ
607 2636 703 2708 τὴν
733 2638 926 2709 ἑορτὴν
958 2637 1055 2713 τὴν
1092 2637 1149 2690 ἐν
1183 2641 1252 2710 γῇ
1291 2639 1480 2692 Ἰούδα.
1519 2640 1627 2693 Καὶ
1662 2636 1827 2708 ἀνέϐη
1854 2636 1945 2689 ἐπὶ
1976 2634 2037 2687 τὸ

443 2729 827 2799 θυσιαστήριον
874 2730 932 2787 ἐν
970 2728 1210 2801 Βαιθὴλ,
1250 2730 1279 2782 ὃ
1312 2730 1534 2801 ἐποίησε
1576 2729 1669 2783 τοῦ
1712 2728 1863 2782 θύειν
1917 2730 2037 2790 ταῖς

440 2820 758 2891 δαμάλεσιν,
788 2814 874 2884 αἷς
908 2820 1165 2891 εποίησεν
1196 2821 1327 2891 (55).
1362 2841 1379 2872 ι
1406 2818 1539 2874 Εἶτα
1558 2821 1675 2896 μετ’
1690 2819 1897 2889 ὀλίγαι
1928 2817 2036 2869 Καὶ

2134 1632 2337 1687 moniis
2365 1647 2483 1686 eam
2517 1634 2571 1687 in
2602 1649 2716 1689 rem
2749 1650 2885 1702 opus
2918 1644 3034 1701 est,
3085 1634 3257 1703 plena:
3286 1646 3415 1690 sunt
3441 1638 3723 1709 exemplo-

2135 1740 2254 1779 rum
2309 1724 2359 1779 id
2410 1741 2584 1794 genus
2636 1727 3025 1797 pruphetarmu
3067 1741 3272 1782 voces:
3322 1730 3544 1798 ipsaque
3584 1734 3724 1787 adeo

2134 1816 2383 1871 Susanna
2414 1833 2598 1871 rerum
2629 1819 2679 1872 ei
2716 1820 3089 1889 cognitionem
3122 1820 3368 1873 onmium
3418 1822 3504 1876 his
3542 1822 3724 1879 verbis

2135 1908 2371 1961 asset-uit
2404 1924 2418 1961 :
2462 1926 2481 1959 ι
2514 1906 2657 1960 Deus
2684 1920 2911 1972 aeterne,
2940 1909 3030 1978 qui
3060 1910 3502 1965 ahscomlitorutu
3534 1929 3591 1966 es
3630 1930 3725 1968 co-

2137 1994 2349 2061 gnitor;
2396 1994 2485 2061 qui
2538 1994 2679 2045 nosti
2718 1996 2898 2048 omnia
2950 2006 3244 2065 antequam
3295 2001 3468 2053 (iant:
3511 2013 3567 2054 ttt
3615 2004 3724 2057 seis

2137 2084 2393 2151 quoniam
2428 2083 2623 2138 falsum
2649 2083 3017 2138 testimonium
3041 2086 3279 2141 tulerunt
3303 2104 3493 2143 contra
3519 2090 3680 2145 me“.
3697 2112 3715 2145 ι

2136 2175 2215 2228 Ac
2243 2174 2449 2244 Regum
2490 2177 2674 2242 tertio,
2706 2176 2850 2247 regis
2882 2176 3054 2246 ipsius
3091 2195 3311 2245 nomen,
3344 2196 3541 2251 resque
3562 2184 3627 2238 ab
3656 2200 3721 2239 eo

2137 2274 2342 2333 gestas,
2385 2265 2575 2320 multis
2605 2276 2733 2321 ante
2762 2268 2941 2332 anuis,
2979 2283 3145 2338 quam
3179 2270 3351 2325 lucem
3386 2274 3720 2342 aspicerent,

2138 2356 2283 2411 hunc
2315 2357 2364 2410 in
2385 2360 2607 2411 modum
2632 2357 2943 2415 clarissime
2978 2371 3131 2415 vates
3161 2363 3376 2417 divinus
3402 2366 3674 2435 expressit
3704 2384 3721 2422 :

2141 2465 2162 2500 ι
2198 2447 2605 2519 Coustituitque
2652 2450 2942 2508 Jeroboam
2979 2454 3389 2511 solemnitatem
3441 2458 3491 2512 iu
3536 2474 3722 2515 mense

2138 2550 2352 2606 octavo,
2385 2541 2790 2611 quintadecitna
2833 2546 2921 2600 die
2954 2548 3177 2615 mensis,
3216 2548 3269 2602 in
3303 2550 3717 2606 similitudinem

2140 2632 2530 2699 solemuitatis,
2558 2651 2675 2706 quae
2701 2636 3075 2693 celebrabatur
3103 2637 3155 2691 itt
3178 2634 3337 2693 Juda.
3371 2638 3433 2693 Et
3471 2643 3722 2696 ascendit

2141 2725 2208 2779 ad
2241 2725 2416 2779 altare
2448 2727 2591 2795 quod
2626 2725 2756 2782 fecit
2793 2728 2846 2781 in
2875 2727 3088 2792 Bethcl,
3128 2738 3186 2782 ιιι
3218 2730 3528 2785 immolaret
3575 2734 3718 2785 vitu-

2140 2816 2228 2883 lis,
2265 2832 2401 2886 quos
2433 2817 2732 2873 fabricatus
2763 2818 2942 2873 fuerat
2978 2819 3041 2873 δ’.
3079 2837 3097 2871 ι
3135 2818 3199 2874 Et
3230 2825 3392 2890 paulo
3417 2833 3534 2892 post
3560 2839 3573 2874 :
3603 2842 3621 2873 ι
3656 2825 3719 2878 Et

446 2912 554 2973 ἰδοῦ
587 2912 681 2967 ἄνθ
692 2930 871 2984 ρωπος
896 2912 988 2973 τοῦ
1016 2912 1149 2965 Θεοῦ
1174 2913 1234 2981 ἐξ
1265 2913 1432 2966 ’ἰούδα
1455 2912 1785 2984 παρεγένετο
1810 2913 1867 2963 ἐν
1891 2909 2028 2981 λόγῳ

2141 2923 2269 2962 ecce
2300 2909 2382 2961 vir
2412 2908 2505 2963 Dei
2543 2911 2691 2964 venit
2725 2908 2791 2965 de
2818 2907 2977 2978 Juda,
3015 2911 3068 2965 iu
3112 2927 3365 2967 sermone
3397 2915 3632 2981 Domini,
3665 2917 3716 2970 in

444 3003 646 3075 Κυρίου
665 3005 722 3055 ὲν
751 3002 972 3074 Βαιθὴλ,
1008 3004 1101 3056 καὶ
1139 3002 1419 3074 Ἰεροδοὰμ
1447 3003 1689 3075 εἱστήκει
1720 3003 1812 3055 ἐπὶ
1844 3002 1905 3054 τὸ
1939 3000 2032 3054 θυ-

445 3095 752 3165 σιαστήριον
785 3091 879 3145 τοῦ
907 3092 1182 3146 ὲπιθῦσαι.
1212 3092 1322 3145 Καὶ
1361 3090 1692 3145 ἐπεκάλεσεν
1717 3090 1811 3143 ἐπὶ
1845 3089 1904 3142 τὸ
1941 3088 2034 3142 θυ-

443 3187 756 3255 σιαστήριον
790 3186 846 3238 ὲν
880 3183 1022 3255 λόγῳ
1052 3184 1280 3262 Κυρίου,
1317 3184 1414 3236 καὶ
1441 3179 1582 3241 εἷπε·
1608 3181 2027 3252 Θυσιαστὴριον,

441 3274 561 3331 τάδε
586 3273 734 3342 λέγει
755 3274 955 3346 Κύριος
974 3291 987 3303 ο
1028 3274 1159 3327 Ἰδοὺ
1183 3274 1299 3337 υίὸς
1320 3273 1560 3334 τίκτεται
1584 3271 1663 3342 τῷ
1686 3271 1820 3343 οἴκῳ
1843 3269 2027 3336 Δαυτδ,

454 3365 662 3428 Ἰωσίας
706 3364 877 3434 ὄνομα
904 3364 1091 3435 αύτῷ,
1125 3367 1218 3419 καὶ
1266 3366 1417 3418 θύσει
1457 3365 1548 3417 ἐπὶ
1595 3365 1653 3417 σε
1688 3364 1812 3426 τοὺς
1863 3365 2031 3434 ίερεῐς

442 3454 551 3506 τῶν
581 3452 799 3522 ὑψηλῶν
826 3454 930 3505 τῶν
957 3455 1286 3508 ὲπιθυόντων
1321 3456 1412 3508 ἐπὶ
1443 3455 1522 3517 σὲ,
1542 3455 1636 3506 καὶ
1668 3456 1801 3507 ὁστᾶ
1829 3454 2032 3526 ἀνθρώ-

446 3564 563 3600 πων
598 3544 791 3599 καύσει
828 3546 919 3597 ἐπὶ
948 3545 1027 3597 σέ.
1066 3546 1174 3597 Καὶ
1205 3545 1403 3598 ἔδωκεν
1446 3548 1503 3599 ὲν
1537 3549 1604 3616 τῇ
1636 3545 1818 3617 ἡμέρα
1843 3546 2030 3621 ἐκείνῃ

438 3639 626 3711 τέρας,
660 3638 689 3691 δ
735 3636 962 3707 ἐλάλησε
997 3635 1200 3708 Κύριος
1233 3635 1436 3701 λέγων·
1488 3635 1616 3688 Ἰδοὺ
1650 3636 1711 3689 τὸ
1749 3636 2035 3708 θυσιαστή-

441 3748 555 3809 ριον
590 3732 883 3802 ῥήγνυται,
921 3729 1014 3782 καὶ
1042 3727 1465 3799 ὲκχυθήσεταιή
1509 3728 1702 3799 πιότης
1746 3732 1779 3802 ἡ
1824 3730 1909 3783 ἐπ’
1937 3731 2035 3782 αύ-

439 3822 537 3895 τῷ.
569 3841 587 3872 ι
628 3822 739 3874 Καὶ
770 3822 887 3894 μετ’
912 3818 1066 3892 ὀλίγα
1091 3818 1364 3889 δηλοῦται,
1394 3821 1475 3873 ὅτι
1514 3818 1607 3872 καὶ
1646 3818 1709 3871 τὸ
1738 3820 2032 3890 θυσιαστή⁶

443 3927 555 3982 ριον
577 3898 808 3982 ερράῇη,
829 3909 923 3961 καὶ
950 3907 1179 3978 ἐξεχύθη
1210 3911 1242 3979 ἡ
1266 3908 1459 3979 πιότης
1485 3907 1593 3961 ἀπὸ
1620 3907 1711 3961 τοῦ
1742 3908 2031 3978 θυσιαστη-

443 4001 557 4079 ρίου
608 4002 748 4055 κατὰ
798 4000 858 4053 τὸ
888 3999 1049 4071 τέρας
1080 3999 1108 4053 ὃ
1142 3999 1341 4053 ἔδωκεν
1382 4001 1410 4052 ὁ
1455 3998 1743 4071 ἄνθρωπος
1787 4002 1845 4053 ὲν
1884 4000 2028 4070 λόγῳ

442 4093 665 4171 Κυρίου.
699 4092 807 4144 Καὶ
833 4094 890 4145 ὲν
922 4092 999 4167 τῷ
1036 4090 1237 4167 Ἡσαΐᾳ
1268 4090 1545 4162 γενομένῳ
1580 4092 1684 4160 πρὸ
1712 4090 1904 4144 πολλοῦ
1930 4092 2028 4162 τῆς

439 4184 814 4255 αἰχμαλωσίας
848 4185 944 4256 τῆς
994 4186 1073 4248 εἰς
1108 4183 1433 4247 Βαϐυλῶνα,
1472 4182 1595 4254 μεθ’
1636 4184 1703 4255 ἧν
1747 4184 2029 4257 αἰχμαλω-

441 4275 559 4337 σίαν
581 4276 804 4347 ὕστερον
834 4293 963 4329 ποτε
999 4276 1206 4345 γίνεται
1232 4274 1413 4346 Κῦρος
1445 4276 1473 4327 ὁ
1495 4274 1718 4346 Περσῶν
1750 4274 2023 4345 βασιλεὺς,

443 4368 777 4437 συνεργήσας
824 4368 889 4436 τῇ
950 4364 1205 4436 οἰκοδομῇ
1259 4362 1353 4417 τοῦ
1398 4363 1525 4417 ναοῦ
1548 4403 1563 4429 ,
1612 4364 1878 4439 γενομένῃ
1913 4364 2025 4437 (54)

440 4456 579 4510 κατὰ
610 4458 734 4519 τοὺς
768 4456 991 4527 χρόνους
1025 4456 1263 4531 Ἔσδρα,
1305 4456 1479 4509 ταῦτα
1525 4458 1654 4528 περὶ
1693 4455 1878 4527 Κύρου
1913 4456 2026 4508 ὀνο-

441 4547 607 4615 μαστὶ
652 4546 1082 4618 προφητεύεται·
1142 4566 1159 4598 ι
1204 4546 1359 4601 Οὕτω
1400 4547 1547 4616 λέγει
1594 4547 1797 4620 Κύριος
1836 4550 1863 4601 ὀ
1895 4547 2026 4612 Θεὸς

438 4637 516 4708 τῷ
560 4637 765 4708 χριστῴ
808 4656 907 4709 μου
942 4638 1144 4717 Κύρῳ,
1178 4634 1239 4693 οὗ
1271 4639 1553 4711 ἐκράτησα
1583 4639 1681 4708 τῆς
1715 4638 1894 4705 δεξιᾶς
1928 4639 2025 4692 αύ-

436 4727 532 4781 τοῦ
561 4727 857 4781 ἐπακοῦσαι
890 4729 1198 4799 ἔμπροσθεν
1233 4729 1395 4783 αὑτοῦ
1428 4728 1578 4800 ἔθνη,
1624 4730 1717 4781 και
1747 4728 1898 4798 ἰσχὺν
1927 4728 2024 4798 βα-

441 4819 632 4873 σιλέων
678 4820 985 4892 διαρρἡω·
1030 4820 1226 4885 ἁνοίξω
1262 4820 1572 4894 ἔμπροσθεν
1615 4820 1780 4875 αὑτοῦ
1829 4820 2020 4891 θύρας,

435 4912 531 4965 καὶ
580 4911 745 4965 πύλαι
779 4912 888 4983 (551
936 4913 994 4965 ού
1030 4912 1580 4984 συγκλεισθήσονταιο
1630 4911 1772 4981 Ἐγὼ
1812 4912 2022 4983 ἔμπρο-

442 5003 563 5057 ιτθέν
594 5020 688 5056 σου
718 5004 1071 5076 πορεύσομαι,
1101 5004 1194 5058 καὶ
1224 5004 1321 5076 ὅρη
1346 5002 1555 5075 ὁμαλιῶ
1580 5021 1594 5035 ·
1623 5004 1790 5077 θύρας
1810 5003 2017 5075 χαλκὶς

440 5095 711 5167 συντρίψω
736 5135 750 5160 ,
804 5096 898 5150 καὶ
962 5097 1190 5167 μοχλοὺς
1249 5095 1502 5168 σιδηροῦς
1555 5095 1855 5151 συνθλάσω.
1905 5096 2017 5150 Καὶ

435 5185 587 5241 δώσω
614 5204 695 5241 σοι
724 5187 1030 5258 θησαυροὺς
1060 5189 1363 5258 σκοτεινοὺς
1382 5228 1397 5255 ,
1431 5188 1807 5261 ἀποκρύφους,
1845 5188 2014 5259 ἀορά-

505 5302 553 5335 “
594 5303 727 5357 Dan.
762 5321 881 5369 Mli,
918 5304 1006 5357 ιε.
1083 5304 1127 5335 ⁸⁸
1157 5304 1224 5360 ιιι
1257 5305 1389 5377 Reg.
1442 5323 1544 5373 xu,
1574 5308 1643 5361 32
1673 5318 1733 5362 et
1768 5323 1886 5376 seq.

506 5395 619 5468 (30)
653 5400 876 5469 Λόγων.
916 5399 1060 5455 Libri
1089 5398 1295 5469 aliquot
1327 5400 1637 5459 Philocaliw
1664 5402 1743 5458 sic
1780 5404 2012 5467 habent;

435 5467 627 5535 aliqui,
656 5468 863 5522 τύπων.
1185 5467 1195 5469 ⁷
1536 5480 1559 5512 ι

507 5538 622 5599 (λιι
663 5538 737 5591 Τὰ
768 5538 941 5594 κατά.
973 5539 1055 5593 Τά
1086 5538 1238 5593 deest
1269 5540 1408 5605 apud
1433 5540 1629 5596 Euseb.

506 5608 857 5681 (ὂῖυηιιζοε.
906 5610 1193 5681 impressa,
1243 5609 1337 5661 καὶ
1381 5608 1550 5681 ὄνομα
1604 5610 1888 5681 βασιλειῶν
1918 5612 2012 5664 καὶ

430 5676 609 5746 ὄνομα
638 5676 1066 5748 βασιλεύσαντος.
1093 5679 1311 5748 Aliquot
1339 5676 1552 5748 codices
1585 5676 1717 5736 mss.
1738 5692 1882 5735 recte
1916 5683 2010 5735 ha-

435 5750 565 5802 bent
594 5747 999 5818 βασιλεύσοντος
1028 5765 1124 5817 pro
1161 5747 1595 5818 βασιλεύσαντος.

506 5817 616 5889 ('55)
643 5815 872 5885 Philuc.,
904 5819 967 5883 ἃς
1002 5815 1276 5892 ἐποίησεν,
1310 5827 1363 5876 ct
1404 5820 1566 5888 infra,
1608 5820 1699 5872 καὶ
1746 5820 2005 5875 ἐκάλεσεν

2136 2999 2353 3066 Bethel,
2406 3001 2698 3058 Jerohoam
2750 3013 2930 3059 stante
2974 3019 3140 3073 super
3169 3004 3372 3071 altare,
3403 3018 3456 3061 et
3487 3007 3609 3062 tlms
3635 3007 3720 3074 ja-

2136 3092 2331 3147 cieutc.
2370 3092 2431 3148 Et
2453 3094 2779 3149 exclamavit
2809 3104 2999 3150 contra
3032 3097 3204 3152 altare
3244 3097 3297 3152 itt
3328 3114 3578 3153 sermone
3614 3098 3718 3153 Do-

2134 3188 2288 3251 mini,
2326 3197 2379 3243 et
2410 3190 2520 3243 ait:
2547 3190 2755 3253 Altare,
2794 3192 2909 3246 haec
2949 3189 3077 3246 dicit
3100 3190 3551 3248 DominuszEcce
3578 3195 3720 3248 illius

2135 3290 2393 3333 nascetur
2427 3281 2611 3336 domui
2646 3283 2839 3348 David,
2878 3279 3057 3338 Josias
3094 3285 3340 3349 nomine,
3377 3294 3431 3339 et
3471 3283 3721 3338 immola-

2135 3372 2213 3425 hit
2243 3387 2410 3441 super
2439 3384 2489 3426 te
2521 3376 2839 3428 sacerdotes
2866 3375 3236 3442 cxcelsorum,
3262 3377 3351 3445 qui
3394 3392 3537 3431 nunc
3573 3377 3624 3431 iu
3667 3386 3720 3430 to

2136 3463 2290 3515 tlmra
2322 3465 2683 3529 succendunt,
2713 3475 2766 3521 et
2789 3480 2914 3519 ossa
2949 3466 3232 3522 hominum
3262 3483 3424 3539 super
3457 3478 3507 3522 te
3532 3468 3719 3522 incen-

2134 3552 2243 3606 det.
2279 3556 2542 3623 Deditque
2577 3556 2629 3610 in
2677 3557 2765 3610 illa
2808 3557 2897 3612 die
2932 3560 3171 3630 signum,
3211 3560 3352 3630 quod
3388 3561 3603 3616 locutus
3631 3573 3719 3616 est

2136 3644 2394 3698 Dominus
2414 3687 2427 3708 ,
2470 3646 2660 3700 dicens
2694 3666 2708 3702 :
2743 3648 2884 3702 Ecce
2913 3649 3087 3703 altare
3120 3651 3433 3715 scindetur,
3463 3659 3516 3705 et
3544 3650 3720 3705 effun-

2135 3735 2294 3788 dctnr
2323 3735 2487 3807 adeps
2512 3737 2605 3807 qui
2642 3738 2692 3791 in
2723 3754 2789 3793 eo
2816 3747 2898 3793 est
2918 3740 2985 3794 θ’.
3020 3760 3037 3790 ι
3074 3738 3154 3796 Ac
3185 3740 3373 3810 paucis
3400 3742 3717 3813 iuterjectis,

2133 3824 2304 3880 altare
2330 3827 2636 3896 disruptum
2672 3868 2688 3895 ,
2736 3829 3084 3901 effusumque
3111 3831 3326 3901 adipem
3356 3847 3474 3887 esse
3525 3851 3717 3889 narra-

2132 3924 2238 3979 tur,
2270 3917 2412 3984 qnod
2435 3917 2649 3987 signum
2675 3919 2735 3975 in
2776 3935 3031 3978 sermone
3066 3921 3280 3978 Domini
3317 3925 3587 3994 propheta
3622 3924 3718 3980 de-

2130 4008 2305 4063 derat.
2337 4009 2605 4066 Similiter
2630 4014 2769 4083 apud
2805 4014 3020 4084 Isaiam,
3066 4016 3159 4087 qui
3188 4016 3378 4072 multis
3397 4029 3521 4071 ante
3544 4019 3717 4088 capti-

2128 4099 2349 4154 vitatem
2367 4101 2688 4174 Babylonica
2698 4122 2747 4158 ιιι
2769 4107 2931 4161 annis
2944 4106 3177 4172 vixerat,
3191 4106 3258 4164 dc
3273 4108 3416 4179 Cyro
3432 4107 3715 4164 Persarum

2134 4203 2283 4258 rege,
2315 4191 2405 4259 qui
2440 4201 2594 4246 tanto
2633 4194 3012 4265 captivitatem
3060 4196 3203 4251 illam
3244 4198 3529 4253 intervallo
3560 4212 3717 4251 secu-

2136 4290 2223 4335 tus
2257 4291 2360 4347 est,
2398 4282 2597 4354 quippe
2627 4286 2720 4355 qui
2758 4286 3117 4342 instauraudo
3154 4288 3352 4359 templo
3381 4290 3454 4359 (id
3482 4293 3623 4359 quod
3660 4290 3713 4344 in

2135 4369 2324 4426 Esdrte
2372 4380 2585 4441 tempus
2637 4374 2869 4447 incidit)
2902 4392 3122 4447 operam
3153 4379 3371 4433 navarit
3403 4394 3555 4431 suam
3581 4419 3596 4442 ,
3640 4380 3713 4433 ita

2134 4464 2457 4518 nominatim
2488 4468 2908 4535 przeuuntiatum
2948 4468 3165 4525 habes:
3206 4488 3224 4521 ι
3273 4469 3398 4525 lltec
3427 4471 3560 4525 dicit
3612 4472 3718 4525 Do-

2135 4554 2317 4609 minus
2359 4556 2570 4611 christo
2605 4572 2726 4614 meo
2755 4559 2933 4632 Cyro,
2967 4562 3124 4631 cujus
3156 4562 3488 4632 apprehendi
3522 4564 3715 4614 dexte-

2124 4659 2264 4707 ram,
2303 4654 2359 4698 ttt
2389 4646 2674 4712 subjiciam
2719 4660 2847 4704 ante
2880 4647 3073 4707 faciem
3107 4653 3227 4724 ejus
3274 4662 3489 4721 gentes,
3522 4664 3572 4705 et
3605 4653 3717 4705 fur-

2124 4734 2404 4790 titudiuem
2457 4753 2644 4807 regum
2694 4741 3076 4813 perfringam:
3135 4745 3381 4815 aperiam
3423 4758 3609 4798 coram
3649 4760 3715 4796 eo

2113 4824 2331 4891 jauuas,
2360 4840 2415 4882 et
2442 4842 2612 4897 portae
2643 4849 2777 4887 mea:
2808 4850 2914 4888 non
2961 4835 3285 4890 claudentur
3313 4834 3459 4902 :Ego
3481 4843 3607 4889 ante
3649 4846 3702 4890 te

2118 4913 2227 4978 ibo,
2271 4926 2326 4971 et
2375 4930 2587 4975 montes
2627 4924 3027 4990 COtltplalIaDO:
3068 4936 3257 4993 portas
3300 4939 3472 4979 aereas
3517 4935 3709 4978 conte‘

2122 5020 2262 5071 ram,
2313 5018 2367 5065 et
2414 5023 2596 5068 vectes
2652 5016 2864 5071 l'erreos
2913 5016 3279 5087 confringant.
3331 5015 3396 5068 Et
3441 5015 3581 5068 dabo
3616 5016 3708 5069 tibi

2128 5099 2412 5157 thesauros
2444 5105 2813 5173 absconditus,
2848 5107 3118 5169 occultos,
3153 5104 3452 5162 invisibiles
3467 5107 3707 5175 aperiam

2130 5189 2254 5257 tibi,
2287 5201 2344 5243 ut
2368 5192 2513 5248 scias
2538 5196 2662 5263 quia
2696 5210 2798 5265 ego
2830 5195 3092 5250 Dominus
3122 5194 3285 5263 Deus,
3322 5197 3413 5269 qui
3444 5212 3578 5253 voco
3607 5212 3706 5253 no-

1962 5307 2008 5339 ⁸⁸
2061 5303 2127 5359 Ill
2157 5304 2285 5376 Reg.
2312 5325 2431 5375 xm,
2465 5308 2485 5363 l
2518 5322 2634 5376 seq.

2122 5400 2303 5476 ἐπὶ-τὸ
2335 5403 2745 5476 θυσιαστήριον.

2194 5472 2304 5553 (δέ)
2344 5472 2673 5556 [ἰιιςρμέιξῃ.
2724 5478 2796 5531 lta
2831 5478 3366 5556 l’ltiloc_o!io,rsicqu_e
3413 5481 3699 5556 legendum

2119 5545 2343 5664 argntum
2378 5545 2512 5598 vidit
2543 5546 2788 5617 \‘igerus.
2827 5552 2979 5620 Apud
3005 5545 3294 5607 Eusebium
3322 5545 3519 5621 legitur
3545 5571 3702 5623 γενο-

2194 5630 2286 5664 Vit).

2122 5628 2335 5761 μῗὲξξλ
2364 5682 2597 5761 1³1ιι1υς..
2628 5690 2719 5743 καὶ
2772 5691 2974 5755 πέλεις.
3037 5692 3234 5748 Eadem
3281 5689 3416 5745 infra
3473 5692 3700 5761 μοχλοὺς

2120 5754 2368 5826 σιδηροῦς
2403 5756 2708 5824 συγκλασω.
