4180 6216
452 296 519 351 75
1869 307 1934 362 IN
1972 311 1998 364 ί

2116 309 2294 364 l‘lSlM.
3638 320 3704 374 74

440 417 541 485 τῆς
567 415 660 469 τοῦ
681 415 851 478 δεῖνος
877 417 1162 484 γενέσεως.
1190 420 1594 492 παραστησάτω
1618 422 1713 493 τὴν
1733 423 1998 497 διαφορὰν

2130 428 2348 481 derilms
2373 426 2511 482 efﬁci
2541 432 2824 494 concedet,
2852 433 2942 486 sed
2966 435 3288 506 cognitionis
3312 452 3500 492 eorum
3533 454 3699 493 causa

438 506 533 562 τοῦ
565 508 674 560 άπὸ
705 508 812 561 τῶν
849 508 1096 580 ἀστέρων
1121 508 1380 564 δύνασθαι
1408 512 1607 579 δεῖξαι,
1642 515 1724 568 ὃτι
1757 516 1883 569 τάδε
1922 518 2020 587 μὲν

438 598 684 668 νενόηται
703 598 878 670 ἀληθῆ
901 600 977 662 ὡς
1003 600 1110 652 ἀπὸ
1129 601 1448 666 ποιούντων,
1474 604 1599 656 τάδε
1623 604 1681 657 δὲ
1702 605 1778 669 ὼς
1796 607 1903 660 άπὸ
1924 625 2020 678 ση-

441 691 741 761 μαινόντων
767 691 945 762 μόνον·
978 693 1053 763 μὴ
1084 691 1295 762 ἔχοντες
1318 694 1374 747 δὲ
1402 695 1583 748 δοῦναι
1601 697 1701 767 τὴν
1730 698 2016 770 διαφοράν,

435 782 792 852 εὐγνωμόνως
832 782 1357 856 συγκαταθήσονται,
1387 787 1551 858 μηδὲν
1577 787 1685 842 τῶν
1712 789 1851 843 κατὰ
1892 794 2018 857 τοὺς

433 871 756 943 ἀνθρώπους
813 874 922 926 ἀπὸ
983 875 1092 928 τῶν
1146 876 1390 946 ἀστέρων
1447 877 1713 946 γίνεσθαι,
1758 879 1895 944 ἀλλ’,
1942 882 2018 946 ὠς

434 963 864 1034 προειρήκαμεν,
891 965 940 1015 εί
961 962 1070 1034 ἄρα
1091 964 1472 1035 σημαίνεσθαι,
1499 967 1575 1031 ὡς
1603 970 1651 1020 εί
1682 968 1756 1038 μὴ
1791 969 1884 1022 καὶ
1907 970 2017 1024 ἀπὸ

432 1052 539 1104 τῶν
572 1053 818 1124 ἀστέρων
849 1070 934 1116 τις
961 1053 1233 1123 ἑλάμϐανε
1259 1055 1326 1107 τὰ
1367 1055 1777 1127 παρεληλυθότα
1813 1061 1909 1112 καὶ
1947 1059 2016 1113 τὰ

436 1145 716 1216 μέλλοντα,
748 1145 860 1198 ἀλλ’
895 1146 1003 1199 ἀπὸ
1032 1145 1126 1198 τοῦ
1146 1146 1236 1200 νοῦ
1270 1147 1361 1199 τοῦ
1389 1148 1546 1212 Θεοῦ,
1577 1150 1667 1204 διά
1688 1168 1831 1214 τινος
1856 1151 2014 1220 λόγου

433 1238 793 1309 προφητικοῦ.
828 1238 1038 1310 Ὥσπερ
1071 1238 1177 1309 γὰρ
1216 1239 1705 1310 προαπεδείξαμεν,
1743 1242 1824 1295 ὅτι
1866 1243 2014 1297 οὐδὲν

431 1328 590 1382 λυπεῖ
608 1331 700 1383 τὸν
725 1330 852 1401 περὶ
875 1329 968 1382 τοῦ
998 1331 1084 1399 ἐφ’
1117 1331 1246 1400 ἡμῖν
1275 1330 1432 1399 λόγον
1463 1331 1523 1384 τὸ
1545 1332 1634 1384 τὸν
1660 1332 1790 1386 Θεὸν
1817 1334 2014 1388 εἰδέναι

429 1423 498 1477 τὰ
544 1424 973 1495 πραχθησόμενα
1011 1422 1247 1493 ἑκάστῳ,
1297 1422 1470 1486 οὕτως
1517 1424 1640 1477 οὐδὲ
1684 1423 1752 1476 τὰ
1788 1429 2009 1495 σημεῖα,

427 1516 462 1570 ἃ
494 1517 680 1582 ἔταξεν
707 1517 735 1569 ὁ
768 1515 901 1579 Θεὸς
928 1517 1009 1578 εἰς
1046 1515 1107 1567 τὸ
1140 1516 1450 1586 σημαίνειν,
1486 1515 1766 1586 ἐμποδίζει
1799 1519 1908 1589 (95)
1951 1519 2011 1572 τὸ

427 1610 510 1679 ἐφ’
550 1611 711 1681 ἡμῖν’
763 1607 900 1662 ἀλλὰ
935 1607 1330 1678 παραπλησίως
1379 1607 1567 1680 βιϐλίῳ
1606 1611 1910 1681 περιέχοντι
1943 1611 2013 1664 τὰ

429 1701 693 1770 μέλλοντα
737 1699 1090 1771 προφητικῶς
1121 1700 1149 1751 ὁ
1179 1700 1288 1762 πᾶς
1315 1700 1540 1772 οὐρανὸς
1570 1700 1811 1767 δύναται,
1849 1705 2010 1756 οἱονεὶ

2133 518 2182 570 in
2221 519 2433 588 priores
2463 521 2602 574 alias
2623 523 2923 589 positiones
2954 525 3259 598 ﬁgurasque
3299 531 3586 593 translata,
3612 547 3702 584 so-

2129 605 2233 658 laun
2263 607 2527 662 hodierno
2544 610 2671 663 silui
2699 611 3155 680 significationem
3185 619 3450 688 relinquet
3473 637 3486 673 :
3509 623 3586 676 sic
3615 631 3703 676 ta-

2129 711 2250 748 men
2283 706 2337 749 ut
2371 700 2622 765 praesenti
2661 701 2898 753 sidermn
2923 706 3022 758 sub
3052 715 3230 759 ortum
3256 712 3386 764 certi
3415 709 3575 779 hujus
3604 714 3702 768 lto-

2129 786 2288 840 minis
2326 787 2672 843 collocationi
2719 800 2923 845 certam
2972 794 3276 851 futurorum
3311 804 3697 868 praenotionem

2125 880 2306 934 deberi
2331 880 2487 935 velit;
2514 882 2614 952 15
2649 883 2836 940 afferat
2865 886 2953 940 ille
2971 903 3132 956 porro
3160 887 3495 948 discriminis
3537 895 3701 949 ratio-

2127 988 2270 1036 nem,
2286 976 2637 1039 quamobrem
2657 977 2759 1032 alia
2780 989 3034 1048 tanquam
3049 981 3238 1038 effecta
3257 984 3304 1037 vi
3323 985 3580 1048 siderum,
3596 989 3698 1043 alia

2126 1069 2383 1130 tanquam
2406 1067 2474 1120 ab
2502 1067 2566 1120 iis
2592 1068 2747 1121 modo
2769 1069 3098 1141 signiﬁcata,
3119 1089 3246 1128 vere
3262 1078 3518 1146 cognosci
3540 1095 3702 1145 posse

2124 1153 2398 1208 defendat.
2431 1157 2582 1222 Quod
2611 1159 2685 1212 illi
2717 1161 3007 1216 discrimen
3038 1180 3160 1218 cum
3187 1167 3466 1236 assignare
3492 1169 3697 1226 nullnnt

2126 1243 2352 1309 possint,
2402 1247 2684 1301 nobiscum
2730 1251 2985 1320 deinceps
3044 1254 3290 1324 ingenue,
3334 1259 3464 1312 nihil
3510 1275 3698 1314 eorum

2123 1347 2239 1401 qua:
2268 1337 2333 1390 ad
2355 1337 2601 1394 homines
2633 1341 2965 1409 pertineant,
2989 1361 3017 1398 a
3045 1347 3312 1402 sideribus
3330 1348 3465 1404 cflici
3491 1351 3699 1405 fatean—

2125 1434 2230 1486 tnr,
2278 1428 2370 1481 sed
2406 1436 2638 1494 tantum,
2687 1432 2765 1485 uti
2796 1433 2907 1502 jam
2942 1445 3070 1491 ante
3115 1437 3373 1504 diximus,
3420 1451 3698 1512 utcunque

2123 1515 2446 1585 significari.
2487 1517 2637 1584 Quod
2676 1523 2900 1589 perinde
2933 1528 3158 1581 omnino
3188 1528 3349 1584 fuerit
3389 1548 3450 1585 ac
3487 1533 3531 1587 si
3575 1535 3696 1602 quis

2121 1624 2223 1661 non
2249 1607 2361 1674 jam
2392 1625 2456 1664 ex
2497 1611 2683 1666 iisdem
2716 1615 3008 1682 sideribus,
3054 1620 3145 1673 scd
3185 1637 3282 1690 per
3306 1622 3538 1692 aliquam
3565 1642 3694 1694 pro-

2119 1701 2380 1768 phetiam,
2419 1718 2483 1757 ex
2517 1703 2748 1772 ipsamet
2783 1705 2876 1761 Dei
2926 1721 3105 1767 mente
3137 1729 3227 1768 res
3259 1727 3350 1769 aut
3389 1718 3696 1785 praeteritas

427 1791 610 1860 βίϐλος
658 1791 734 1843 ὢν
766 1790 922 1854 Θεοῦ,
967 1791 1240 1863 περιέχειν
1273 1791 1340 1845 τὰ
1387 1791 1670 1862 μέλλοντα.
1718 1795 1920 1866 Διόπερ
1953 1797 1998 1847 ἑκ

2115 1799 2208 1843 aut
2235 1791 2445 1847 futuras
2471 1793 2830 1863 intelligeret.
2868 1797 3335 1865 Quemadmodum
3367 1809 3512 1862 enim
3535 1825 3694 1879 supe-

426 1886 496 1953 τῇ
530 1885 810 1954 προσευχῇ
841 1883 930 1936 τοῦ
971 1883 1170 1955 Ἰωσὴφ
1201 1883 1312 1953 (94)
1349 1883 1572 1938 δύναται
1601 1884 1742 1938 οὕτω
1771 1885 2009 1938 νοεῖσθαι

425 1974 489 2027 τὸ
529 1974 818 2044 λεγόμενον
861 1975 963 2026 ὑπὸ
1001 1973 1096 2028 τοῦ
1149 1973 1375 2028 Ἰακώϐ·
1431 1995 1449 2027 ι
1511 1976 1774 2045 Ἀνέγνων
1812 1976 1921 2047 γὰρ
1955 1979 2010 2031 ἐν

426 2067 550 2126 ταῖς
595 2063 756 2130 πλαξὶ
797 2062 889 2116 τοῦ
918 2061 1188 2136 οὐρανοῦ,
1231 2064 1327 2118 ὅσα
1379 2063 1716 2135 συμϐήσεται
1752 2065 1879 2134 ὑμῖν
1918 2064 2012 2117 καὶ

420 2161 536 2222 τοῖς
584 2161 718 2221 υίοῖς
754 2157 921 2230 ὑμῶν.
961 2178 979 2209 ι
1026 2158 1180 2228 Τάχα
1213 2159 1267 2211 δὲ
1298 2158 1394 2212 καὶ
1437 2158 1518 2222 τὸ,
1559 2177 1577 2209 ι
1607 2158 1954 2230 Εἱλιγήσεται
1982 2160 2010 2211 ό

417 2251 646 2322 οὐρανὸς
679 2251 755 2315 ὡς
804 2250 1028 2321 βιϐλίον,
1069 2271 1087 2300 ι
1123 2252 1247 2314 τοὺς
1288 2249 1481 2318 λόγους
1521 2252 1647 2314 τοὺς
1689 2251 2011 2322 περιεχομέ-

417 2362 565 2409 νους,
604 2344 976 2415 σημαντικοὺς
1003 2342 1112 2395 τῶν
1146 2343 1440 2413 ἐσομένων,
1489 2342 1638 2414 δηλοῖ
1669 2342 2008 2414 άπαρτισθη-

420 2437 703 2506 σομένους,
755 2435 852 2488 καὶ
907 2434 974 2488 ἵν’
1021 2432 1196 2496 οὕτως
1237 2434 1396 2499 εἴπω,
1456 2431 2002 2505 πληρωθησομένους,

419 2528 607 2597 ῶσπερ
646 2526 894 2595 λέγονται
929 2527 986 2580 αἱ
1017 2527 1344 2596 προφητεῖαι
1378 2523 1769 2595 πεπληρῶσθαι
1802 2522 1878 2593 τῷ
1910 2525 2004 2576 ἑκ-

418 2618 730 2691 ί.ἐϐηκέναι.
784 2618 896 2672 Καὶ
942 2617 1114 2681 οὕτως
1155 2617 1307 2670 ἔσται
1355 2606 1436 2681 ε’ίς
1479 2617 1680 2687 σημεῖα
1715 2613 1786 2668 τά
1830 2615 2006 2687 ἄστρα

417 2711 700 2779 γεγονότα,
753 2709 897 2764 κατὰ
939 2710 1040 2781 τὴν
1085 2709 1347 2778 λέγουσαν
1380 2708 1567 2779 φωνήν
1593 2725 1605 2736 ·
1661 2726 1678 2756 ι
1718 2708 2003 2760 Ἔστωσαν

415 2802 498 2866 είς
545 2805 768 2873 σημεῖα.
829 2820 847 2851 ι
902 2801 959 2853 Ὁ
1003 2801 1062 2854 δὲ
1124 2799 1411 2871 Ἱερεμίας,
1461 2796 1806 2869 ἐπιστρέφων
1855 2797 2002 2867 ἡμᾶς

417 2893 556 2965 πρὸς
587 2893 833 2958 ἑαυτοὺς,
869 2894 963 2947 καὶ
1007 2892 1308 2965 περιαιρῶν
1337 2891 1500 2961 φόϐον
1531 2889 1622 2942 τὸν
1656 2890 1748 2942 ἐπὶ
1772 2892 1882 2952 τοῖς
1913 2905 2000 2941 νο-

418 2984 732 3055 μιζομένοις
782 2984 1162 3057 σημαίνεσθαι,
1205 2983 1349 3053 τάχα
1379 2983 1437 3036 δὲ
1479 2981 1576 3034 καὶ
1619 2980 2000 3051 ὑπολαμϐανο-

418 3077 600 3146 μένοις
643 3076 852 3130 ἐκεῖθεν
881 3075 1158 3148 ἔρχεσθαι,
1205 3073 1390 3145 φησίν·
1414 3090 1431 3123 ι
1469 3071 1599 3124 Ἀπὸ
1633 3069 1740 3123 τῶν
1757 3069 1998 3141 σημείων

412 3166 508 3219 τοῦ
543 3166 773 3239 οὐρανοῦ
809 3166 883 3238 μὴ
913 3164 1184 3236 φοϐεῖσθε.
1225 3185 1244 3217 ι

2118 1882 2230 1938 rius
2263 1894 2545 1941 ostensum
2576 1903 2606 1942 a
2638 1890 2792 1946 nobis
2821 1903 2926 1960 est,
2968 1898 3112 1962 quod
3149 1895 3320 1962 Deus,
3346 1915 3465 1968 quae
3502 1917 3528 1954 a
3559 1917 3695 1971 quo-

2114 1985 2218 2039 que
2269 1973 2580 2042 profectura
2636 1977 2771 2042 sint,
2819 1983 3002 2036 omnia
3049 1988 3396 2053 praenoverit,
3452 1989 3504 2042 id
3555 1991 3693 2047 nihil

2117 2075 2340 2130 prorsus
2379 2066 2673 2123 voluntatis
2700 2080 2896 2124 nostra:
2922 2075 3170 2140 potestati
3201 2076 3418 2134 allii-ere
3452 2096 3466 2134 :
3493 2081 3562 2134 ita
3594 2096 3692 2136 nec

2116 2152 2315 2217 eidem,
2350 2169 2468 2222 quae
2504 2169 2682 2210 rerum
2723 2161 2875 2229 signa
2921 2161 3060 2215 Dens
3093 2177 3215 2218 esse
3241 2165 3437 2228 voluit.
3483 2168 3688 2223 incom-

2113 2238 2356 2305 modant,
2378 2240 2471 2294 scd
2494 2239 2782 2299 volmninis
2813 2246 3041 2314 alicujus
3070 2250 3259 2318 instar,
3297 2251 3534 2308 futurum
3560 2271 3690 2325 pro-

2111 2330 2329 2400 phetica
2368 2335 2606 2392 dictione
2632 2339 2925 2408 complexi,
2959 2345 3216 2398 universo
3265 2363 3480 2419 quoque
3523 2351 3686 2416 caelo,

2111 2425 2201 2490 qui
2239 2423 2328 2480 Dei
2364 2425 2503 2482 liher
2529 2429 2748 2496 quidam
2781 2437 2886 2496 est,
2916 2435 3184 2492 contineri
3223 2438 3403 2494 futura
3437 2452 3684 2509 possunt.

2109 2517 2299 2584 Itaque
2331 2519 2475 2575 hunc
2504 2522 2555 2574 in
2599 2526 2819 2577 modum
2851 2526 3076 2596 intelligi
3108 2539 3309 2598 potest,
3342 2533 3485 2600 quod
3519 2533 3567 2585 in
3590 2531 3689 2586 Jo-

2109 2609 2260 2677 sephi
2306 2613 2622 2678 precatione
2653 2631 2680 2668 a
2713 2613 2917 2673 Jacoho
2955 2619 3194 2675 dicitur:
3237 2640 3254 2672 ι
3291 2621 3422 2693 Legi
3452 2624 3502 2676 in
3538 2625 3687 2678 tabuo

2109 2698 2342 2766 liscaali,
2369 2717 2711 2775 quaecunque
2741 2709 2988 2762 accident
3019 2711 3171 2765 vobis
3186 2723 3238 2766 et
3275 2712 3398 2767 ﬁliis
3421 2713 3634 2769 vestris.
3660 2735 3682 2768 ι

2107 2789 2417 2857 Quinetiam
2451 2794 2604 2861 illud,
2647 2799 3124 2870 «Complicabitur
3173 2803 3369 2858 cmlnm
3403 2805 3558 2874 quasi
3615 2805 3682 2858 li-

2105 2883 2202 2937 bcr
2234 2885 2300 2947 ⁵³.
2342 2903 2359 2936 ι
2390 2900 2456 2940 eo
2504 2888 2753 2944 fortassis
2819 2893 3087 2960 pertinet,
3141 2905 3201 2948 ut
3251 2896 3546 2966 impressas
3580 2896 3684 2965 ipsi

2106 2990 2286 3030 rerum
2320 2978 2623 3033 futurarum
2663 2980 3100 3050 signiﬁcationes
3134 2985 3436 3056 perfemum
3494 2989 3684 3056 quasi-

2103 3083 2207 3136 que
2240 3069 2564 3138 completum
2595 3071 2658 3125 iri
2689 3073 3045 3140 demonstret,
3078 3078 3536 3146 quemadmodum
3565 3077 3686 3147 ipso

2101 3174 2280 3214 rermn
2316 3161 2465 3216 exitu
2513 3165 2779 3233 completa
2825 3168 3209 3236 prophetarum
3251 3169 3505 3224 dicuntur
3550 3186 3680 3224 ora-

416 3262 561 3315 cula.
591 3263 767 3332 Atque
801 3262 874 3315 ita
927 3262 1204 3331 signorum
1236 3267 1294 3313 ut
1357 3273 1473 3312 vace
1514 3257 1895 3324 fungerentur,
1965 3255 2260 3309 constituta
2305 3255 2564 3312 divinitus
2617 3269 2763 3314 astra
2814 3261 3036 3330 fuerint,
3074 3263 3228 3331 juxta
3265 3265 3392 3318 illud
3431 3280 3442 3313 :
3493 3283 3513 3316 ι
3560 3267 3684 3318 Sint

417 3354 470 3408 in
522 3356 696 3426 signa.
732 3376 750 3409 ι
802 3357 1121 3426 Quanquam
1155 3353 1443 3418 Jeremias,
1499 3354 1576 3406 uti
1627 3362 1680 3407 et
1736 3352 1893 3407 nobis
1943 3366 2039 3405 nos
2075 3352 2186 3422 ipse
2241 3353 2451 3418 reddat,
2503 3368 2674 3423 eoque
2719 3366 2863 3411 metu
2915 3358 3139 3426 liberet,
3191 3376 3347 3429 quem
3405 3377 3466 3416 ca
3529 3360 3685 3414 tmhis

417 3445 612 3501 afferre
679 3460 930 3516 possent,
970 3463 1091 3516 quae
1149 3448 1219 3500 ab
1261 3447 1423 3502 astris
1468 3447 1551 3501 vel
1620 3445 1938 3516 significari,
1982 3446 2062 3500 vel
2119 3449 2388 3517 proﬁcisci
2440 3449 2772 3519 quandoque,
2810 3453 3114 3520 vidcantur,
3175 3456 3246 3509 ita
3305 3465 3526 3511 monet:
3561 3474 3580 3506 ι
3633 3455 3679 3509 Α

420 3537 589 3604 signis
614 3537 736 3592 coeli
768 3538 935 3590 nolite
964 3546 1206 3591 metuere
1234 3536 1305 3588 ".
1341 3555 1359 3586 ι

492 3632 720 3702 Ἴδωμεν
758 3632 853 3685 καὶ
879 3631 1128 3703 δεύτερον
1160 3631 1520 3704 ἐπιχείρημα,
1555 3631 1670 3694 πῶς
1707 3633 1768 3685 οὐ
1800 3630 1992 3684 δύναν-

411 3740 502 3777 ται
531 3727 578 3777 οί
612 3724 844 3794 ἀστέρες
871 3720 1008 3777 εἶναι
1054 3723 1344 3795 ποιητικοὶ,
1372 3722 1486 3776 ἀλλ’
1518 3724 1567 3775 εἰ
1599 3722 1706 3793 ἄρα
1735 3740 1994 3794 σημαντι-

412 3815 515 3869 κοί.
579 3815 712 3868 Ἀπὸ
757 3815 864 3868 τῶν
918 3814 1183 3868 πλείστων
1220 3813 1330 3886 γὰρ
1376 3814 1517 3866 ὅσων
1563 3814 1829 3881 γενέσεων
1879 3813 1995 3866 ἐστι

410 3907 592 3962 λαϐεῖν
614 3907 684 3960 τά
710 3907 838 3980 περὶ
871 3907 988 3970 ἑνὸς
1025 3905 1335 3978 ὰνθρώπου’
1369 3903 1527 3956 τοῦτο
1557 3904 1613 3957 δὲ
1641 3904 1766 3958 καθ’
1799 3903 1996 3958 ὑπόθε-

413 4015 494 4052 σιν
524 4000 777 4072 λέγομεν,
811 3997 1216 4070 συγχωροῦντες
1248 3997 1308 4050 τὸ
1329 3998 1641 4068 ἐπιστήμην
1663 3997 1841 4051 αὐτῶν
1869 3997 1995 4050 ἀνα-

409 4089 778 4162 λαμϐάνεσθαι
807 4092 898 4144 ὑπ’
941 4088 1241 4161 ἀνθρώπων
1275 4087 1554 4142 δύνασθαι.
1596 4089 1733 4160 Φέρε
1764 4090 1874 4160 γάρ
1905 4091 1986 4143 εί-

410 4184 530 4234 πείν
564 4182 808 4254 περὶτοῦ
840 4181 986 4234 τόνδε
1017 4177 1300 4234 πείσεσθαι
1323 4179 1464 4242 τόδε,
1506 4179 1600 4230 καὶ
1632 4180 1985 4250 τεθνήξεσθαι

411 4269 773 4336 περιπεσόντα
797 4269 1018 4340 λῃσταῖς
1044 4269 1138 4321 καὶ¹
1167 4267 1547 4339 ἀναιρεθέντα,
1585 4269 1718 4335 φασὶ
1753 4268 1864 4339 (95)
1897 4268 1986 4321 δύο

409 4359 602 4412 νασθαι
627 4360 921 4432 λαμϐάνειν
955 4361 1061 4414 άπό
1090 4378 1149 4413 τε
1180 4361 1277 4430 τῆς
1314 4358 1450 4422 ἰδίας
1484 4358 1651 4410 αὑτοῦ
1695 4358 1984 4426 γενέσεως,

410 4450 512 4503 κᾶν
537 4452 675 4525 τύχη
715 4452 852 4522 ἔχων
880 4451 1140 4520 ἀδελφοὺς
1176 4451 1444 4514 πλείονας,
1480 4447 1590 4502 ἀπὸ
1625 4448 1723 4518 τῆς
1756 4449 1984 4501 ἑκάστου

406 4542 604 4596 αὐτῶν.
641 4543 923 4614 Περιέχειν
965 4541 1074 4614 γάρ
1115 4542 1314 4595 οἴονται
1356 4542 1454 4612 τὴν
1498 4540 1728 4594 ἑκάστου
1775 4541 1987 4608 γένεσιν

2171 3630 2257 3688 10.
2285 3631 2401 3685 Jam
2429 3646 2558 3686 vero
2589 3631 2736 3685 aliud
2782 3641 3041 3700 praeterea
3075 3635 3356 3692 videamus
3389 3654 3681 3710 argumen-

2100 3728 2236 3784 tum,
2262 3722 2403 3789 quod
2435 3721 2703 3776 sideribus
2738 3722 3000 3777 elﬁciendi
3043 3725 3278 3791 nullam,
3314 3732 3405 3782 sed
3439 3731 3676 3800 aliquam

2105 3820 2314 3864 tantum
2348 3809 2415 3878 (si
2455 3809 2536 3864 vel
2567 3810 2680 3880 ipsa
2724 3825 2900 3868 tamen
2937 3814 3052 3868 dari
3087 3817 3289 3886 potest)
3328 3819 3674 3888 signiﬁcandi

2101 3903 2208 3957 vim
2240 3901 2532 3973 relinquat.
2568 3904 2852 3961 Docebunt
2885 3910 3169 3964 enimvero
3198 3912 3352 3966 multi
3395 3915 3672 3972 hominum

2094 4003 2271 4062 ortus,
2305 4012 2424 4065 quae
2453 4001 2544 4053 uni
2573 4003 2838 4054 duntaxat
2879 4003 3085 4055 homini
3122 4013 3386 4058 eventura
3418 4007 3526 4060 sint
3560 4024 3574 4059 ε
3619 4009 3672 4063 id

2094 4086 2238 4156 quod
2283 4096 2461 4141 tamen
2503 4105 2567 4143 ex
2613 4089 2894 4159 hypothcsi
2937 4090 3140 4145 dictum
3175 4107 3294 4146 esse
3338 4092 3516 4159 velim,
3552 4110 3674 4163 per-

2097 4179 2223 4233 inde
2267 4193 2329 4232 ac
2375 4180 2418 4233 si
2465 4194 2652 4234 eorum
2700 4180 2752 4233 in
2788 4181 3152 4249 cognitionem
3203 4181 3450 4239 homines
3490 4186 3673 4240 venire

2093 4285 2255 4338 posse
2296 4272 2684 4326 c0ncedamus.
2717 4271 2881 4349 Quod
2919 4273 3065 4325 enim
3116 4273 3203 4326 hic
3246 4285 3342 4328 aut
3392 4275 3482 4330 ille
3530 4278 3667 4331 certi

2092 4360 2369 4430 quidpiam
2394 4361 2672 4414 subiturus
2690 4362 2776 4422 sit,
2807 4371 2935 4431 puta
2957 4361 3289 4432 iugulandus
3311 4381 3338 4418 a
3367 4365 3669 4424 latronibus

2096 4451 2146 4503 in
2171 4465 2306 4518 quos
2336 4452 2627 4518 inciderit;
2663 4454 2763 4507 hoc
2786 4453 2874 4506 isti
2906 4454 3120 4522 quidem
3153 4457 3351 4524 partim
3385 4473 3450 4511 ex
3483 4459 3669 4528 singu-

2096 4541 2194 4593 lari
2223 4540 2339 4608 ejus
2371 4553 2514 4605 ortu,
2545 4547 2744 4611 partim
2777 4561 2839 4599 ex
2885 4545 3136 4609 fratrum,
3180 4546 3224 4600 si
3256 4547 3441 4617 plures
3473 4566 3668 4605 lllltttc-

405 4637 631 4706 ἀδελφὸν
668 4638 773 4690 ὑπὸ
813 4635 1025 4708 λῃστῶν
1067 4634 1454 4705 τεθνηξόμενον
1498 4633 1700 4703 ὁμοίως
1750 4631 1844 4685 καὶ
1890 4632 1990 4702 τὴν

2107 4643 2202 4698 ret,
2254 4633 2590 4704 singulorum
2625 4637 2888 4692 natalitiis
2918 4638 3104 4694 haheri
3140 4655 3296 4708 posse
3347 4640 3664 4698 defendunt.

482 4731 526 4763 δ’
555 4733 656 4785 lsa.
689 4746 872 4795 xxxiv,
906 4730 958 4782 Α.
1037 4730 1083 4760 ⁵ο
1109 4727 1309 4782 Jerem.
1345 4743 1400 4791 χ,
1423 4725 1480 4779 2.

478 4849 588 4919 (9'5)
632 4849 784 4918 Apud
834 4849 1124 4903 Eusebium
1185 4848 1399 4919 legitur“
1434 4845 1768 4919 ἐμποδίζειν,
1815 4848 1974 4919 male.

404 4917 629 4998 ibidem,
675 4917 808 4974 ἀλλὰ
864 4917 1510 4998 παραπλησίωςβιϐλίῳ,
1559 4917 1982 4998 ειεηρζριιειοοδ

406 4991 582 5044 locum
614 4993 756 5044 hunc
798 4987 1118 5058 respexisse
1164 4987 1433 5058 Plotinum
1465 4987 1588 5041 eum
1627 4988 1704 5058 ait
1747 4987 1837 5041 lib.
1895 5002 1978 5050 ιιι,

404 5077 531 5140 eun.
567 5076 624 5140 ιι,
651 5077 771 5128 cap.
798 5057 1089 5140 7.;⁷Ἕστω
1109 5059 1287 5140 τοίνυν
1334 5057 1540 5140 ὥσπερ.
1560 5057 1865 5140 γράμματα
1920 5059 1978 5140 ἑν

402 5129 620 5202 οὐρανῷ
669 5127 986 5202 γραφόμενα
1014 5131 1118 5191 ἀεὶ,
1149 5131 1198 5202 εί
1251 5127 1612 5202 γεγραμμένα
1648 5129 1756 5202 ⁸καὶ
1799 5127 1978 5202 κινού-

450 5196 563 5262 sva,
590 5196 861 5253 ’ποιοῦντα
895 5199 990 5269 μέν
1022 5216 1073 5251 τι
1135 5200 1291 5269 ἔργον
1333 5196 1429 5251 καὶ
1460 5197 1606 5269 ἄλλο.
1648 5196 1978 5251 Ἐπακολου-

450 5217 563 5262 ενα,
598 5217 854 5253 ποιουντα
895 5217 990 5269 μεν
1022 5217 1073 5251 τι
1135 5217 1291 5269 εργον
1333 5217 1429 5251 και
1460 5217 1606 5250 aute.
1662 5217 1973 5278 ιπακολου-

401 5217 551 5352 ζήτω
577 5270 633 5323 δὲ
666 5269 806 5352 τῷδε·
841 5272 873 5340 ἡ
910 5271 1037 5347 παρ’
1081 5269 1254 5352 αὐτῶν
1310 5268 1576 5352 σημασία,
1630 5279 1736 5352 etc.
1786 5269 1973 5352 AcJStnt

403 5337 570 5405 igitur
598 5337 739 5393 velut
777 5337 968 5392 litterae
996 5337 1045 5390 in
1077 5341 1232 5400 cwlo,
1259 5337 1378 5405 quae
1420 5339 1750 5418 scribantur,
1785 5337 1872 5418 vel.
1923 5339 1968 5418 s_i

394 5408 508 5477 jam
539 5410 740 5477 scripta
765 5418 910 5473 sunt,
939 5418 1255 5460 moveantur
1284 5416 1567 5476 perpetuo,
1601 5417 1652 5477 et
1679 5408 1778 5460 hoc
1804 5408 1973 5460 aliud-

399 5476 504 5549 que
548 5476 682 5548 Opus
703 5480 958 5534 eﬁiciant.
1001 5477 1150 5531 Unde
1196 5479 1440 5549 sequitur
1495 5476 1819 5549 signiﬁcatio
1853 5491 1973 5546 qua:

399 5547 467 5632 ab
495 5550 628 5620 ipsis
661 5551 1023 5632 portenditur.
1049 5557 1208 5632 Letc'.
1251 5547 1311 5599 I-.'t
1356 5561 1485 5632 ep‘n.
1527 5547 1734 5632 l‘llt‘l-ll).
1773 5562 1809 5608 I,
1847 5563 1967 5632 cap.

399 5618 454 5678 6.
479 5615 546 5673 de
579 5615 738 5673 astris
768 5619 1025 5686 loquens:
1049 5615 1440 5687 Hapéxstarbé
1469 5616 1561 5668 καὶ
1589 5615 1754 5687 ἄλλην
1785 5617 1972 5686 χρείαν

399 5691 496 5759 τὴν
537 5688 629 5742 τοῦ
675 5689 753 5750 είς
812 5685 969 5772 αὐτὰ,
1026 5685 1212 5758 ὥσπερ
1269 5685 1592 5772 γράμματα,
1653 5685 1968 5770 βλέποντας,

401 5755 524 5823 τοὺς
549 5759 647 5830 τὴν
683 5758 934 5830 τοιαύτην
980 5755 1370 5830 γραμματικὴν
1413 5755 1650 5819 εἰδότας,
1700 5756 1962 5824 άναγινώ·

603 5855 874 5915 Parum.
908 5855 1022 5914 Gn.
1063 5853 1204 5913 ΧΗ.
1986 5916 2020 5922 ,,

2086 4864 2234 4921 σχειν
2268 4848 2334 4900 τὰ
2354 4847 2673 4921 μέλλοντα,
2713 4851 2772 4904 ἑκ
2803 4850 2909 4903 τῶν
2944 4850 3237 4921 σχημάτων
3271 4849 3409 4921 κατὰ
3436 4848 3495 4900 τὸ
3528 4849 3664 4902 ἀνά-

2085 4917 2240 4987 λογον
2276 4917 2751 4998 μεθοδεύονταςιτὸ
2779 4917 3198 4998 σημαινόμενον.
3251 4920 3479 4998 (“Alteri
3526 4934 3665 4998 quo-

2085 5003 2192 5056 que
2215 4990 2332 5042 usui
2358 4999 2505 5055 sunt,
2537 4991 2680 5058 quod
2707 4988 2900 5058 netnpe
2930 4988 3029 5057 qui
3049 4990 3312 5058 ejusmodi
3340 4988 3662 5058 litteraturae

2084 5060 2246 5124 periti
2279 5068 2513 5138 suntnea
2551 5057 2809 5138 tamquam
2842 5057 3074 5138 litteras
3101 5057 3662 5138 .aispicientcsjlegant

2084 5130 2288 5190 futura,
2323 5145 2386 5183 ex
2423 5129 2610 5196 ﬁguris
2637 5141 2852 5182 servata
2899 5127 3146 5196 analogia
3195 5127 3654 5196 signiﬁcationem

2083 5201 2366 5252 rimantes.
2403 5217 2420 5250 ι
2457 5195 2742 5269 Origenem
2767 5207 2943 5269 autem
2989 5197 3076 5269 hic
3109 5195 3221 5248 fere
3252 5195 3526 5262 αὐτολεξεί
3571 5216 3652 5251 sc-

2080 5271 2266 5338 quitnr
2294 5265 2591 5338 Procopius
2621 5270 2670 5320 in
2705 5265 3283 5338 Genesim.‘llut-:Ttu_s.

2151 5339 2204 5407 (9
2219 5338 2260 5408 ί)
2305 5339 2407 5391 Ἐν
2448 5333 2522 5405 τῇ
2553 5333 2884 5408 ,προσευχῇ
2921 5334 3027 5388 τοῦ
3079 5336 3308 5406 Ἰωσήφ,
3336 5346 3440 5392 etc.
3496 5337 3657 5391 Liber

2080 5407 2442 5478 apocryplms,
2476 5407 2996 5478 cujusmodiultbros
3027 5421 3169 5476 saepe
3223 5409 3411 5478 laudat
3459 5408 3654 5475 Orige-

2085 5474 2198 5531 nes.
2244 5474 2524 5530 Laudatur
2553 5487 2603 5529 et
2641 5487 2768 5527 tom.
2795 5475 2830 5530 V
2867 5477 2918 5529 in
2955 5474 3115 5532 Joan.
3145 5487 3200 5530 et
3235 5479 3301 5530 ab
3332 5474 3652 5540 Athanasio.

2081 5549 2200 5620 sive
2223 5546 2473 5620 quisquis
2503 5556 2586 5600 est
2620 5559 2813 5600 aucmr
2842 5546 3166 5618 Syuopseos,
3212 5556 3267 5601 ct
3308 5561 3336 5600 a
3391 5546 3656 5620 Procopio

2085 5620 2136 5672 in
2164 5617 2364 5673 Gentes.
2391 5614 2468 5670 lo.

2152 5687 2262 5757 (θεῖ)
2304 5687 2444 5757 \pud
2485 5686 2794 5752 Eusebium,
2827 5687 2980 5757 φησί.
