4180 6216
506 258 566 313 81
1913 253 1979 309 ΙΝ
2013 253 2086 310 (3E

2189 252 2335 307 iSIM.
3693 258 3759 309 εἰ

508 362 616 421 τοῖς
649 357 855 419 τόποις,
893 353 1201 422 ἀπογνῶναι
1230 350 1325 420 τὴν
1371 348 1498 418 περὶ
1524 346 1728 400 τούτων
1761 348 2083 418 κατάληψιν,

2194 348 2528 417 perationem
2585 348 2871 417 appellant,
2929 348 3199 418 exquisite
3238 351 3336 405 abs
3376 364 3496 403 sese.
3542 348 3759 403 defendi

507 450 757 520 οὐδαμῶς
804 448 1108 519 ἀνθρώποις
1159 442 1505 513 ἐκκειμένην,
1540 440 1655 494 ἀλλ’
1689 442 1735 491 εὶ
1767 440 1874 509 ἄρα
1925 441 2083 511 μέχρι

506 544 600 597 τοῦ
636 542 975 614 σημανθῆναι
1011 539 1169 610 μόνον
1195 536 1521 605 φθάνουσαν.
1555 535 1615 586 Ei
1643 534 1701 586 δέ
1732 551 1813 597 τις
1845 535 1902 585 ὲν
1919 533 2085 602 πείρᾳ

508 631 793 701 γεγένηται
825 628 933 681 τῶν
976 626 1338 697 πραγμάτων,
1367 622 1566 692 μᾶλλον
1598 621 1805 673 εἴσεται
1826 621 1887 672 τὸ
1926 622 1981 672 ὲν
2008 619 2087 689 τῷ

508 725 860 795 στοχάζεσθαι
894 722 1272 777 ἀποπτωτικὸν
1317 719 1424 772 τῶν
1465 717 1750 785 λεγόντων,
1782 716 1875 767 καὶ
1907 713 2086 767 αὐτῶν

507 816 995 886 συγγραψαμένων,
1022 815 1167 884 ἥπερ
1182 812 1529 881 νομιζόμενον
1550 808 1659 877 (l2)
1687 806 2083 860 έπιτευκτικόν.

507 912 613 963 Καὶ
657 908 882 969 Ἡσαΐας
915 906 1063 974 γοῦν,
1094 905 1168 967 ὡς
1192 901 1579 972 οῦνδυναμένων
1608 898 1811 952 τούτων
1838 898 2088 968 εὑρίσκε-

506 1004 629 1055 σ¹ἀι
682 1001 787 1053 ὑπὸ
815 998 1134 1071 ἀνθρώπιον,
1171 996 1305 1066 φησι
1352 994 1486 1065 πρὸς
1526 993 1623 1063 τὴν
1673 990 1949 1061 θυγατέρα
1980 988 2086 1040 τῶν

506 1090 811 1151 Χαλδαίων,
843 1090 949 1142 τῶν
982 1090 1152 1141 ταῦτα
1189 1085 1425 1157 μάλιστα
1469 1084 1620 1155 παρὰ
1666 1084 1873 1144 πάντας
1915 1084 2088 1147 ἐπαγ-

505 1184 859 1254 γελλομένων·
901 1204 917 1232 ι
962 1182 1249 1251 Στήτωσαν
1281 1176 1344 1247 δὴ
1400 1176 1493 1229 καὶ
1548 1174 1879 1228 σωσάτωσάν
1934 1189 1990 1223 σε
2038 1172 2090 1221 οἱ

504 1276 818 1345 ἀστρολόγοι
844 1274 936 1327 τοῦ
970 1271 1221 1342 ούρανοῦ·
1256 1264 1736 1335 ἀναγγειλάτωσάν
1763 1281 1846 1315 σοι
1877 1262 1927 1315 τί
1962 1261 2088 1331 μέλ-

504 1364 583 1418 λει
630 1365 722 1417 ἐπὶ
771 1364 830 1415 σὲ
863 1362 1136 1433 ἔρχεσθαι·
1171 1378 1189 1409 ι
1231 1357 1318 1410 διὰ
1348 1357 1458 1427 γὰρ
1482 1354 1688 1407 τούτων
1720 1350 2087 1420 διδασκόμεθα

507 1453 579 1521 μὴ
609 1450 870 1505 δύνασθαι
894 1450 1020 1509 τοὺς
1060 1446 1199 1499 πάνυ
1240 1445 1368 1513 περὶ
1396 1442 1567 1495 ταῦτα
1599 1439 1915 1510 φιλομαθεῖς
1954 1456 2090 1509 προ-

500 1543 715 1615 δηλοῦν,
780 1542 817 1595 ἃ
873 1538 1192 1609 βεϐούληται
1253 1535 1457 1607 Κύριος
1508 1532 1723 1602 ἑκάστῳ
1773 1530 1913 1584 ἔθνει
1952 1530 2089 1582 ἐπα-

502 1637 717 1703 γάγεῖν.

2188 452 2292 488 ιιοιι
2372 450 2530 504 posse
2614 435 2943 489 fatebuntur.
3023 438 3299 506 (luntiugit
3370 440 3513 493 enim
3572 439 3761 506 saepis-

2186 529 2358 590 sime,
2407 537 2465 579 ut
2526 526 2608 578 vel
2688 526 2985 580 infestioris
3038 527 3195 595 hujus
3271 530 3401 583 astri
3458 530 3562 589 vis,
3618 529 3761 599 quod

2186 620 2433 683 emersit,
2485 618 2713 672 alterius
2746 618 3007 673 felicioris
3048 630 3275 688 aspectu
3308 620 3475 688 magis
3510 620 3765 674 minusve

2188 711 2559 763 retundatur:
2601 710 2681 763 vel
2724 720 2783 763 ut
2823 711 2873 765 id
2944 712 3116 780 ipsum
3171 712 3463 780 quominus
3520 714 3760 776 eveniat,

2188 801 2449 856 felicioris
2482 812 2736 870 aspectus
2782 802 3061 870 impediat,
3113 810 3405 871 propterea
3453 805 3596 869 quod
3632 803 3765 856 alte-

2188 910 2303 948 rmn
2347 895 2399 947 in
2432 896 2536 948 hoc
2559 895 2665 947 situ
2708 895 2800 958 sit,
2835 894 3105 947 deteriora
3148 893 3487 962 significans.
3525 891 3600 946 Ac
3632 894 3762 947 mihi

2186 999 2317 1036 sane
2363 985 2438 1038 ita
2489 984 2815 1052 persuadeo,
2856 982 3107 1052 quisquis
3144 984 3196 1035 in
3247 985 3488 1035 locorum
3538 982 3764 1034 istorum

2187 1073 2573 1141 disquisitione
2618 1072 2949 1137 versabitur,
2997 1072 3470 1141 pronuntiaturum
3498 1086 3620 1123 emn
3662 1070 3767 1123 nti-

2187 1181 2314 1233 que,
2358 1174 2693 1233 perspectam
2727 1164 3179 1232 exploratamque
3216 1161 3525 1235 mortalium
3564 1161 3766 1215 nemini

2189 1271 2380 1309 eorum
2422 1255 2686 1309 rationem
2725 1269 2867 1319 esse,
2897 1255 2990 1307 sed
3023 1254 3071 1307 ei
3098 1256 3361 1309 duntaxat
3402 1253 3506 1305 vim
3555 1252 3765 1321 signiti-

2190 1347 2346 1401 candi
2380 1346 2613 1415 aliquam
2648 1346 2714 1400 ad
2748 1361 3018 1399 summum
3051 1345 3278 1399 concedi
3312 1359 3489 1414 posse.
3536 1343 3638 1409 Qui
3667 1360 3767 1397 au-

2189 1446 2296 1490 tem
2332 1452 2417 1491 res
2441 1436 2585 1505 ipsas
2604 1433 2944 1503 experientia
2979 1435 3090 1503 ipse
3118 1450 3212 1488 sua
3240 1435 3574 1502 probaverit,
3602 1448 3765 1502 agno-

2189 1538 2305 1582 scet
2345 1528 2433 1582 ille
2470 1526 2717 1596 profecto
2754 1526 2805 1579 id
2842 1525 3124 1580 hominum
3170 1540 3343 1596 genus
3382 1524 3435 1578 in
3467 1525 3583 1577 suis
3625 1524 3769 1590 illis,

2188 1636 2327 1690 quas
2356 1628 2450 1672 aut
2482 1632 2613 1672 voce
2649 1627 2742 1671 aut
2774 1618 2983 1685 scripto
3010 1616 3350 1685 concipiunt,
3377 1616 3767 1683 prmsensioni-

506 1729 604 1781 bus
661 1727 819 1790 longe
868 1719 1068 1787 saepius
1134 1719 1414 1779 aberrare,
1484 1732 1667 1785 quam,
1719 1718 1864 1784 quod
1922 1715 2022 1771 sibi
2081 1714 2310 1784 lingunt,
2374 1727 2565 1766 verum
2611 1712 2899 1782 attingere.
2955 1709 3323 1776 Quamobrem
3378 1708 3543 1762 Isaias
3576 1747 3591 1774 ,
3624 1708 3769 1777 quod

504 1832 566 1867 ea
615 1823 767 1867 certo
796 1811 863 1863 ab
896 1808 1199 1862 hominibus
1250 1807 1396 1861 nullo
1433 1808 1591 1860 modo
1639 1808 1806 1862 teneri
1864 1809 2107 1877 possint,
2170 1804 2549 1859 Chaldaeorum
2595 1803 2781 1868 filiam,
2810 1802 2901 1870 qui
2952 1803 3094 1857 hanc
3132 1801 3410 1855 divinandi
3446 1809 3618 1854 artem
3664 1798 3769 1853 sibi

507 1920 613 1971 pra:
642 1901 893 1955 omnibus
916 1901 1215 1965 sumebant,
1248 1900 1389 1954 hunc
1410 1900 1461 1952 in
1491 1901 1708 1954 modum
1736 1900 2055 1969 compellat:
2093 1918 2111 1950 ι
2164 1898 2323 1953 Stent
2361 1913 2489 1952 vero
2513 1912 2573 1952 ac
2602 1898 2815 1951 salvent
2856 1907 2909 1951 te
2940 1894 3197 1964 astrologi
3244 1893 3366 1948 cmli
3396 1908 3407 1944 :
3443 1892 3770 1947 annuntient

510 1996 604 2050 tibi
631 1996 772 2063 quod
800 2009 962 2063 super
990 2004 1041 2048 te
1078 2002 1359 2047 venturum
1385 2002 1469 2048 est
1494 1994 1539 2025 "
1565 2011 1579 2047 :
1611 2013 1629 2043 ι
1664 1994 1862 2062 quibus
1894 2010 1995 2049 nos
2026 2008 2158 2049 sane
2181 1993 2367 2048 docuit
2396 2007 2464 2045 ne
2494 1992 2560 2044 ab
2591 1991 2700 2045 illis
2727 1990 2946 2058 quidem
2974 1990 3127 2059 ipsis,
3158 1989 3248 2056 qui
3281 2004 3366 2042 res
3388 1990 3522 2043 istas
3547 2002 3765 2043 sununo

505 2100 559 2145 et
594 2090 862 2142 acerrimo
893 2089 1073 2143 studio
1113 2098 1531 2157 prosequuntur,
1576 2091 1706 2159 quid
1759 2106 1979 2161 quoque
2001 2090 2199 2160 p0pulo
2251 2088 2429 2143 facere
2463 2087 2725 2141 Dominus
2749 2086 3023 2150 statuerit,
3054 2084 3410 2153 prrenuntiari
3464 2098 3644 2150 posse.

578 2182 690 2234 Νῦν
723 2182 827 2253 γὰρ
860 2183 935 2246 ὡς
972 2183 1106 2254 πρὸς
1158 2184 1255 2253 τὴν
1284 2184 1427 2249 λέξιν
1472 2186 1583 2255 (l3)
1635 2187 1696 2240 τὸ
1745 2187 2084 2259 προφητικὸν

2261 2184 2367 2255 19
2408 2184 2493 2237 ιαε.
2556 2183 2674 2237 Jam
2727 2164 2928 2236 ilicium
2982 2181 3300 2250 prephetm,
3347 2180 3523 2248 quoad
3568 2179 3769 2232 nudam
3826 2205 3831 2211 -

502 2273 878 2343 ὲξειλήφαμεν·
899 2277 947 2327 εἰ
967 2274 1023 2327 δέ
1049 2292 1211 2345 φησιν
1240 2277 1269 2328 6
1299 2276 1491 2328 Ἰακὼϐ
1511 2278 1875 2345 ἀνεγνωκέναι
1890 2282 1948 2332 ὲν
1968 2282 2088 2342 ταῖς

502 2364 661 2430 πλαξὶ
707 2366 799 2418 τοῦ
839 2367 1069 2438 ούρανοῦ
1114 2367 1224 2439 (Η)
1268 2370 1336 2422 τά
1388 2370 1779 2441 συμϐησόμενα
1812 2375 1921 2434 τοῖς
1953 2374 2089 2435 υἱοῖς

502 2459 684 2519 αὑτοῦ,
720 2461 812 2512 καὶ
833 2462 957 2514 ὅσον
989 2462 1082 2513 ἐπὶ
1124 2461 1299 2532 τούτῳ
1325 2464 1593 2531 ἀντιλέγοι
1620 2483 1703 2529 τις
1736 2466 1802 2518 ἂν
1826 2468 1978 2535 ἡμῖν,
2006 2466 2086 2517 ὅτι

499 2549 715 2601 ἐναντία
745 2543 825 2612 οἷς
859 2551 1160 2621 εἰρήκαμεν
1192 2551 1443 2621 δηλοῦται
1466 2552 1552 2604 διὰ
1588 2554 1684 2624 τῆς
1709 2554 1947 2625 Γραφῆς’
1978 2554 2087 2606 ἐλέ-

501 2657 669 2709 γομεν
720 2640 827 2711 γὰρ
880 2640 1165 2712 ἄνθρωπον
1214 2642 1610 2713 ἀκαταλήπτοις
1661 2644 1804 2714 ἔχειν
1846 2645 1955 2697 τῶν
1986 2662 2084 2714 ση-

504 2730 691 2799 μείων·
725 2732 752 2781 6
781 2730 837 2781 δὲ
875 2730 1068 2782 Ἰακώϐ
1111 2748 1273 2800 φησιν
1303 2733 1668 2799 ἀνεγνωκέναι
1693 2735 1749 2785 ἐν
1775 2736 1891 2798 ταῖς
1925 2733 2086 2800 πλαξὶ

500 2820 594 2873 τοῦ
628 2819 881 2891 ούρανοῦ
918 2822 1482 2895 ἀπολογησόμεθα,ὅτι
1502 2826 1551 2876 οἱ
1580 2824 1700 2876 καθ’
1733 2826 1878 2894 ἡμᾶς
1911 2826 2083 2892 σοφοὶ,

505 2912 775 2981 πνεύματι
812 2915 1181 2985 περισσοτέρῳ
1222 2916 1558 2986 χρησάμενοι
1598 2916 1699 2985 τῆς
1740 2916 2087 2988 ἀνθρωπίνης

502 3005 735 3071 φύσεως,
770 3006 871 3058 οὐκ
912 3006 1284 3076 ἀνθρωπίνως,
1330 3009 1487 3072 θείως
1532 3009 1589 3061 δὲ
1634 3009 1973 3062 διδάσκονται
2017 3011 2085 3063 τὰ

500 3096 803 3167 ἀπόρρητα·
837 3097 1024 3168 ὥσπερ
1054 3099 1082 3149 6
1132 3098 1362 3163 Παῦλος,
1407 3100 1597 3168 λέγων’
1638 3121 1655 3151 ι
1713 3103 1959 3155 ’Ἤκουσα
1989 3105 2085 3174 ἄρ-

505 3195 640 3264 ῥητα
678 3190 922 3259 ῥήματα,
946 3190 981 3244 ἃ
1004 3192 1104 3243 οὐκ
1130 3191 1247 3256 ἐξὸν
1286 3192 1558 3264 ἀνθρώπῳ
1595 3192 1844 3263 λαλῆσαι·
1888 3215 1905 3245 ι
1938 3197 2084 3247 ἴσασι

501 3284 609 3349 γάρ
642 3281 859 3349 τροπῶν
904 3283 1143 3351 ἀλλαγὰς
1173 3285 1266 3336 καὶ
1304 3284 1603 3354 μεταϐολὰς
1643 3285 1868 3355 καιρῶν,
1904 3289 2082 3339 ὲνιαυ-

500 3369 609 3421 τῶν
663 3369 914 3434 κύκλους,
965 3374 1058 3425 καὶ
1102 3374 1348 3444 ἀστέρων
1382 3374 1578 3437 θέσεις,
1627 3375 1727 3427 οὐκ
1754 3376 1847 3428 ἀπ’
1883 3376 2085 3447 ἀνθρώ-

506 3476 642 3522 πων,
675 3460 797 3512 ούδὲ
835 3462 902 3513 δι’
949 3462 1269 3532 ἀνθρώπων,
1306 3463 1440 3516 ἀλλά
1472 3465 1565 3517 τοῦ
1600 3465 1909 3536 πνεύματος
1952 3468 2086 3521 ἀπο-

2195 2276 2457 2339 litteram,
2486 2276 2839 2345 exposuimus
2882 2293 2895 2328 :
2931 2273 2975 2328 si
3014 2288 3144 2327 vero
3178 2270 3345 2326 Jacob
3377 2272 3453 2325 ait
3494 2271 3689 2340 legisse
3714 2286 3774 2325 se

2194 2368 2247 2421 in
2280 2368 2480 2422 tabulis
2507 2365 2631 2420 οωιί
2668 2380 2790 2435 quae
2817 2366 2943 2419 filiis
2974 2366 3086 2419 suis
3114 2372 3372 2418 eventura
3413 2373 3537 2418 sunt
3560 2402 3577 2428 ,
3608 2370 3773 2431 atque

2193 2459 2396 2514 idcirco
2444 2458 2603 2512 nobis
2650 2466 2891 2526 opponat
2934 2456 3135 2523 aliquis
3175 2454 3453 2510 contraria
3501 2455 3601 2519 iis,
3651 2470 3772 2522 qua:

2188 2551 2445 2613 diximus,
2487 2564 2581 2619 per
2611 2548 2925 2616 Scripturas
2966 2546 3232 2601 declarari
3263 2564 3276 2599 :
3304 2545 3578 2599 hominem
3623 2546 3770 2599 enim

2190 2638 2509 2697 dicebamus
2561 2641 2715 2711 signa
2776 2654 2881 2694 non
2940 2653 3101 2709 posse
3151 2639 3650 2706 comprehendere;
3716 2646 3773 2690 at

2187 2732 2356 2789 Jacob
2384 2733 2437 2787 in
2471 2733 2672 2788 tabulis
2697 2733 2819 2788 coeli
2857 2733 2934 2785 ait
2961 2748 3020 2787 se
3051 2732 3287 2801 legisse:
3321 2732 3770 2800 respondebimus

2190 2836 2403 2880 nostros
2440 2826 2749 2894 sapientes,
2792 2825 3177 2880 excellentiore
3223 2824 3417 2891 spiritu
3464 2838 3628 2892 quam
3672 2839 3770 2891 pro

2188 2920 2419 2972 lnnnana
2445 2929 2636 2973 natura
2672 2934 2818 2983 usos,
2855 2932 2958 2971 non
3002 2917 3342 2979 humanitus,
3372 2917 3464 2970 sed
3506 2917 3770 2969 divinitus

2188 3024 2387 3063 arcana
2418 3009 2669 3075 edoceri;
2699 3009 3158 3078 quemadmodum
3192 3008 3390 3063 Paulus
3411 3008 3549 3062 dixit
3581 3025 3595 3062 :
3630 3010 3771 3062 «Au-

2186 3102 2293 3154 divi
2325 3117 2523 3154 arcana
2559 3100 2720 3154 verba
2745 3116 2866 3170 qua:
2909 3117 3013 3155 non
3045 3101 3173 3154 licet
3204 3101 3411 3155 homini
3451 3100 3596 3169 loqui
3634 3101 3715 3165 ";
3745 3120 3765 3153 ι

2186 3196 2366 3250 sciunt
2410 3193 2555 3248 enim
2598 3191 3020 3247 conversionmn
3075 3194 3407 3248 mutationes
3452 3203 3507 3245 et
3562 3203 3772 3259 tempo-

2186 3301 2327 3348 rum,
2355 3298 2620 3337 annorum
2653 3282 2904 3344 circulos,
2934 3284 3175 3336 siderum
3204 3285 3524 3351 positiones,
3560 3298 3666 3335 non
3700 3283 3773 3337 ab

2186 3377 2514 3440 hominibus,
2565 3389 2741 3443 neque
2778 3389 2873 3442 per
2920 3374 3190 3437 homines,
3242 3375 3338 3427 sed
3396 3374 3591 3442 spiritu
3637 3390 3770 3443 ape-

2190 3470 2362 3549 riente
2417 3466 2571 3535 ipsis,
2616 3476 2671 3519 et
2722 3480 2857 3535 pure
2893 3466 3185 3533 nndeque,
3228 3474 3287 3518 ut
3314 3465 3429 3518 vult
3474 3465 3634 3533 Dcns,
3684 3483 3778 3523 res

507 3548 872 3612 καλύπτοντος
906 3552 1106 3614 αὐτοῖς,
1138 3554 1229 3605 καὶ
1265 3554 1542 3623 καθαρῶς,
1569 3556 1643 3617 ὼς
1669 3556 1811 3608 θέλει
1843 3560 1871 3609 6
1932 3556 2082 3621 Θεὸς,

2189 3540 2400 3613 divinas
2433 3532 2772 3612 enuntiante.
2827 3555 2961 3609 Nam
3003 3532 3067 3610 et,
3106 3554 3272 3611 Jacob
3326 3556 3548 3612 homine
3597 3532 3770 3627 major

505 3638 572 3691 τὰ
598 3639 716 3691 θεῖα
750 3641 1204 3708 ἀπαγγέλλοντος.
1243 3646 1349 3697 Καὶ
1382 3644 1556 3708 ἄλλως
1587 3646 1643 3698 δὲ
1680 3648 1708 3698 ὁ
1750 3647 1941 3699 Ἰακὼὸ
1978 3649 2088 3718 μεί-

504 3729 612 3792 ζων
635 3730 665 3798 ἦ
701 3729 840 3782 κατά
875 3731 1161 3801 ἄνθρωπον
1189 3729 1274 3803 ἦν,
1307 3734 1607 3805 πτερνίξων
1628 3734 1718 3787 τὸν
1746 3737 1971 3805 ἀδελφὸν
1992 3739 2089 3790 αύ-

503 3821 618 3885 τοῦ,
660 3822 752 3874 καὶ
779 3824 1053 3892 ὁμολογῶν
1101 3825 1159 3876 ὲν
1192 3826 1327 3896 αύτῇ
1360 3826 1531 3897 ταύτῃ
1575 3830 1640 3898 τῇ
1678 3828 1861 3898 βίϐλῳ,
1898 3830 1989 3897 ἀφ’
2021 3825 2087 3901 ἦς

506 3912 854 3983 παρεθέμεθα
887 3915 966 3967 τό·
1001 3934 1020 3967 ι
1073 3917 1337 3984 Ἀνέγνων
1369 3919 1428 3970 έν
1459 3923 1579 3982 ταῖς
1612 3920 1773 3986 πλαξὶ
1800 3920 1892 3973 τοῦ
1931 3922 2087 3991 οὐρα-

504 4004 616 4067 νοῦ,
647 4024 664 4055 ι
700 4002 838 4058 εἶναι
869 4007 1277 4078 ἀρχιχιλίαρχος
1304 4009 1584 4078 δυνάμεως
1610 4011 1835 4082 Κυρίου,
1864 4012 1957 4065 καὶ
1978 4013 2087 4065 ὄνο-

510 4114 583 4165 μα
613 4096 781 4150 πάλαι
806 4100 1142 4169 κεκτημένος
1194 4100 1430 4172 Ἰσραήλ·
1461 4102 1599 4171 ὅπερ
1644 4103 1700 4155 ὲν
1736 4102 1944 4173 σώματι
1979 4104 2083 4158 λει-

508 4188 749 4259 τουργῶν
802 4190 1181 4261 ἀναγνωρίξει,
1238 4193 1745 4263 ὑπομιμνήσκοντος
1785 4195 1945 4248 αὑτὸν
1990 4196 2089 4251 τοῦ

507 4280 844 4348 ἀρχαγγέλου
874 4282 1099 4353 Ούριήλ.

579 4372 730 4425 Μετὰ
759 4374 927 4427 ταῦτα
943 4373 1186 4428 λείπεται
1218 4374 1466 4441 ἐξετάσαι
1485 4376 1575 4430 καὶ
1594 4378 1943 4450 παραστῆσαι
1976 4381 2086 4442 τοῖς

508 4465 869 4529 πιστεύουσιν,
899 4466 980 4519 ὅτι
1006 4468 1083 4529 εἱς
1124 4471 1322 4537 σημεῖα
1361 4472 1567 4523 κεῖνται
1599 4471 1649 4521 οἱ
1677 4471 1960 4542 φωστῆρες
1991 4470 2086 4524 τοῦ

507 4556 757 4624 οὐρανοῦ·
786 4558 1029 4628 σανθήσῃ
1050 4557 1106 4609 δὲ
1139 4558 1243 4610 ὑπὸ
1276 4561 1381 4611 τῶν
1414 4562 1829 4631 περιεργότερον
1856 4562 2090 4633 φερομέ-

509 4665 614 4698 νων
663 4649 741 4710 εἰς
788 4651 911 4712 τοὺς
942 4650 1161 4713 τόπους,
1201 4651 1283 4714 τίς
1316 4653 1347 4721 ἡ
1383 4653 1528 4704 αἰτία
1565 4653 1659 4705 τοῦ
1697 4653 1869 4706 ταῦτα
1891 4654 1957 4706 τὰ
1993 4670 2088 4724 ση-

440 4741 445 4747 ’
513 4742 641 4809 μεία
667 4739 755 4792 τὸν
779 4740 910 4793 Θεὸν
944 4742 1297 4811 πεποιηκέναι
1349 4747 1406 4796 ἐν
1433 4744 1508 4813 τῷ
1540 4745 1770 4815 οὐρανῷ.
1810 4746 1919 4798 Καὶ
1942 4745 2088 4798 ἔστιν

507 4833 681 4883 εἰπεῖν
718 4831 929 4900 πρῶτον
956 4833 1073 4901 μὲν,
1106 4834 1185 4885 ὅτι
1221 4834 1546 4904 πιστεύομεν
1583 4834 1652 4887 τὰ
1672 4835 1771 4903 τῆς
1804 4835 2086 4904 μεγαλειό-

506 4939 666 4991 τητος
700 4921 793 4974 τοῦ
826 4923 915 4974 νοῦ
943 4923 1034 4975 τοῦ
1064 4924 1197 4977 Θεοῦ
1229 4927 1405 4977 πᾶσαν
1452 4925 1650 4993 γνῶσιν
1682 4926 1778 4997 τὴν
1809 4926 1937 4997 περὶ
1965 4927 2086 4979 ἑκά-

507 5027 630 5064 στου
654 5011 760 5064 τῶν
782 5012 948 5065 ὄντων
978 5014 1480 5084 ὲμπεριειληφότος,
1506 5013 1644 5066 ὥστε
1674 5015 1804 5085 μηδὲ
1837 5016 1895 5067 τὸ
1925 5016 2085 5085 τυχὸν

509 5106 598 5156 καὶ
653 5103 1003 5175 νομιζόμενον
1050 5104 1328 5175 ἐλάχιστον
1362 5104 1641 5158 λανθάνειν
1690 5104 1783 5172 τὴν
1837 5106 2085 5178 θειότητα

574 5259 615 5291 ³¹
649 5258 771 5315 lsai.
807 5276 971 5325 xuii,
1008 5262 1092 5314 l7.
1190 5261 1235 5290 ⁵³
1272 5260 1312 5313 ll
1340 5262 1463 5315 Cor.
1494 5276 1587 5323 xu,
1619 5261 1671 5313 4.

579 5402 692 5473 (Ιῖ)
730 5404 933 5471 Viger.,
962 5406 1107 5475 ἢπερ
1134 5402 1193 5454 τὸ
1217 5403 1588 5475 νομιζόμενον.

576 5472 686 5537 (l3)
726 5475 854 5528 Νῦν
896 5472 1027 5543 γὰρ,
1061 5474 1140 5538 ὼς
1191 5473 1339 5539 πρὸς
1390 5473 1503 5540 τὴν
1545 5473 1735 5545 ,λέξηκ
1767 5482 1871 5528 clc.
1926 5472 2078 5545 Iland

506 5548 638 5596 satis
686 5544 800 5598 svio
851 5562 947 5596 cur
1000 5546 1141 5596 hanc
1187 5548 1472 5610 prmscutis
1538 5544 1821 5612 lragmcnti
1878 5544 2077 5595 siet-ium

506 5630 667 5677 quam
698 5615 919 5667 exhibet
955 5612 1159 5666 l'ltiloc.
1196 5629 1316 5679 cap.
1344 5612 1432 5670 ‘22,
1470 5613 1605 5665 alias
1631 5614 1721 5675 ‘23,
1758 5615 1809 5666 in
1843 5628 1938 5665 sua
1967 5613 2081 5665 edi-

513 5682 659 5738 time
690 5685 936 5738 omiserit
970 5683 1305 5739 clarissimus
1337 5682 1579 5736 lluctius.
1614 5685 1883 5738 Caeterum
1918 5682 2080 5750 hujus

2189 3658 2327 3712 erat,
2372 3649 2572 3717 quippe
2631 3648 2721 3715 qui
2775 3648 3154 3716 supplantarct
3213 3647 3439 3702 fratrem
3493 3664 3675 3715 suum,
3716 3659 3774 3704 et

2193 3739 2427 3792 fateatur
2471 3740 2523 3791 in
2571 3752 2636 3790 eo
2712 3738 2829 3806 ipso
2891 3737 3050 3801 libro,
3102 3752 3168 3792 ex
3224 3753 3331 3805 quo
3396 3740 3768 3808 protulimus:

2196 3847 2211 3879 ι
2256 3827 2382 3898 Legi
2408 3828 2459 3880 in
2496 3826 2697 3882 tabulis
2721 3827 2865 3891 cwli,
2890 3846 2909 3879 ι
2943 3844 3003 3882 se
3024 3843 3146 3883 esse
3181 3830 3482 3899 principem
3521 3830 3770 3885 tribuno-

2192 3932 2306 3970 rum
2336 3919 2607 3972 exercitus
2642 3918 2876 3982 Domini,
2906 3921 3303 3988 etjampridem
3329 3922 3529 3976 habere
3571 3938 3773 3977 nomen

2188 4005 2350 4062 lsrael
2385 4029 2396 4063 :
2434 4008 2577 4078 quod
2613 4010 2829 4078 quidem
2860 4025 3091 4078 corpore
3144 4011 3463 4066 ministraus
3498 4028 3760 4082 rec-igni»

2189 4101 2310 4165 scit,
2368 4101 2420 4153 in
2477 4103 2798 4155 memoriam
2847 4112 3177 4165 revocante,
3216 4104 3499 4174 ipsumque
3545 4110 3769 4160 submo-

2190 4208 2294 4247 neu
2307 4202 2355 4247 te
2399 4193 2548 4249 Uriel
2575 4195 2927 4263 archangelo.

2263 4370 2347 4424 l3.
2381 4369 2498 4423 Jam
2541 4372 2806 4441 reliquum
2851 4382 2932 4425 est
2977 4382 3032 4425 ut
3083 4374 3420 4443 disputemus
3472 4385 3530 4431 et
3582 4377 3768 4447 expli-

2189 4478 2375 4519 cemus
2406 4465 2753 4519 credentibus
2773 4505 2786 4528 ,
2835 4464 2886 4517 in
2922 4466 3074 4535 signa
3120 4467 3292 4532 posita
3322 4482 3443 4521 esse
3471 4469 3758 4523 luminaria

2189 4556 2348 4622 ('(Bli;
2389 4556 2483 4611 sed
2519 4558 2788 4623 urgebunt
2827 4566 2877 4609 te
2903 4557 2997 4624 qui
3029 4557 3325 4626 Scriptura:
3366 4560 3513 4613 locus
3540 4575 3767 4615 accura-

2191 4652 2297 4705 tius
2324 4650 2711 4718 pervestigaut,
2741 4658 2794 4701 et
2825 4650 3093 4717 rogabunt
3128 4664 3247 4717 qua:
3281 4665 3447 4704 causa
3473 4654 3545 4704 sit
3571 4667 3765 4719 quam-

2192 4744 2384 4798 obrem
2452 4744 2594 4796 Deus
2669 4743 2781 4796 haec
2828 4743 2979 4812 signa
3027 4742 3079 4796 in
3113 4744 3253 4795 coelo
3300 4742 3505 4796 fecerit.
3565 4741 3770 4805 Quibus

2192 4836 2425 4902 primmn
2463 4834 2895 4903 respondendum
2933 4844 3054 4899 est,
3093 4835 3317 4888 credere
3356 4848 3456 4886 nos
3497 4832 3769 4900 magnituo

2193 4928 2371 4981 dinem
2402 4927 2597 4981 divina:
2635 4928 2833 4981 mentis
2879 4942 3096 4981 omnem
3143 4925 3386 4977 notitiam
3429 4923 3779 4991 singularum.

2194 5035 2375 5073 rerum
2412 5019 2463 5073 in
2497 5033 2554 5073 se
2589 5017 3052 5087 comprehendere
3075 5057 3088 5079 ,
3118 5016 3187 5066 ita
3223 5026 3279 5067 ut
3308 5029 3481 5082 neque
3514 5014 3770 5066 minutis-

2194 5110 2354 5177 sima,
2404 5120 2457 5165 et
2494 5125 2614 5179 qua:
2671 5108 2825 5183 nihili
2880 5109 3213 5177 penduntur,
3260 5106 3434 5174 ipsius
3488 5106 3773 5162 divinitati

2188 5406 2351 5459 seriei
2383 5404 2762 5474 interpretatio
2789 5402 2980 5474 Latina
3010 5409 3093 5474 est
3126 5400 3354 5474 Joannis
3384 5400 3595 5474 Turini.

2260 5476 2370 5543 (Μ)
2424 5466 2538 5527 ‘Is‘r'
2566 5477 2695 5538 τοῖς
2732 5472 2915 5535 πλαξὶ
2958 5472 3061 5525 τοῦ
3105 5471 3385 5541 οἰφανοῦ.
3426 5466 3763 5543 VidenJuau.

2187 5540 2391 5598 Allierti
2423 5546 2655 5598 Fabricii
2690 5546 2933 5615 codicem
2984 5540 3506 5615 psendtmigraphmn
3555 5540 3762 5595 Veteris

2190 5616 2544 5679 'l‘t-stamenti,
2580 5631 2701 5685 pag.
2734 5614 2828 5669 55l
2865 5624 2918 5669 et
2948 5630 3099 5683 seqq.
