4180 6216
439 260 507 314 85
1902 258 2246 315 ORIGENES
3627 268 3696 324 εί

438 375 612 431 latere
645 376 855 447 possint
879 424 888 434 .
915 378 1056 450 quod
1084 379 1343 435 nimirum
1372 381 1612 436 ostendit
1636 396 1760 436 eum
1788 395 1996 435 numcrt

2118 377 2305 441 αὐτοῦ,
2331 377 2490 444 δόξαν
2539 380 2638 450 μὲν
2672 379 2914 452 περιέχει
2944 379 3037 434 τοῦ
3062 381 3229 434 οίονεὶ
3257 382 3457 453 ἄπειρα
3481 382 3698 457 ἀριθμῷ

438 468 605 522 veluti
637 470 850 524 infinita
877 472 927 525 in
960 487 1019 527 se
1051 474 1513 542 comprehendere
1533 515 1546 540 ,
1584 488 1688 527 non
1728 475 2010 544 perspicua

438 548 907 618 demonstratione
931 601 947 628 ,
977 566 1069 617 sed
1104 563 1211 619 fide
1234 604 1250 630 ,
1297 579 1418 635 quae
1459 565 1710 636 ingeniun
1756 567 1921 621 menti
1958 575 2013 619 et

439 652 747 707 universam
778 663 1026 707 naturam
1056 655 1403 710 anteeellenti
1433 658 1743 714 conveniat.
1775 658 1928 723 Quod
1955 668 2014 713 ut

437 745 774 812 experientia
812 746 881 799 ab
915 744 982 799 iis
1015 746 1106 815 qui
1144 747 1381 817 majores
1417 751 1635 805 homine
1681 762 1841 817 sunt,
1882 764 1936 806 et
1980 767 2009 805 a

437 836 647 888 sanctis
681 836 953 891 mentibus
976 839 1223 907 corporis
1252 839 1470 895 vinculo
1491 842 1684 896 solutis
1707 856 1770 896 ac
1802 842 2008 908 liberis,

438 924 791 993 intelligatur,
827 935 1084 997 tanquam
1137 929 1347 983 litteras
1396 940 1450 985 et
1505 933 1859 989 characteres
1913 948 2011 1003 per

436 1013 740 1067 caelestium
803 1017 1017 1070 orbium
1077 1021 1486 1075 conversionem
1557 1023 1689 1077 fecit
1752 1024 1803 1078 in
1872 1024 2011 1081 cmlo

434 1106 601 1171 Deus,
635 1109 723 1162 ubi
776 1119 831 1163 et
881 1111 1023 1165 docti
1057 1121 1112 1165 et
1135 1113 1360 1167 docendi
1398 1114 1549 1184 signa
1603 1116 1696 1171 Del
1742 1117 2006 1187 legerent.

434 1198 543 1254 Nec
575 1216 703 1255 vero
724 1202 1029 1257 mirandum
1065 1214 1146 1258 est
1185 1203 1375 1272 Deum,
1411 1218 1473 1262 ut
1499 1225 1557 1264 se
1588 1210 1761 1265 beatis
1784 1212 2008 1267 demon-

433 1297 588 1353 stret,
624 1290 866 1357 qumdam
912 1290 1132 1360 fecisse,
1176 1307 1299 1349 cum
1337 1294 1616 1353 Pharaoni
1657 1300 1802 1355 dicat
1852 1301 2003 1357 Scri-

432 1389 613 1447 ptura:
633 1397 649 1427 t
674 1381 798 1437 Ideo
816 1383 1045 1438 excitavi
1075 1394 1151 1452 te,
1196 1396 1253 1442 ut
1287 1390 1629 1444 ostenderem
1660 1392 1714 1444 in
1746 1402 1803 1447 te
1834 1393 2007 1447 virtu-

434 1479 540 1522 tem
574 1485 775 1536 meam,
815 1480 870 1527 et
913 1482 971 1527 ut
996 1490 1190 1531 nomen
1222 1494 1402 1534 meum
1455 1482 1506 1534 in
1564 1483 1815 1540 universa
1861 1496 2003 1541 terra

428 1563 840 1631 perrulgaretur
869 1566 935 1620 “.
970 1586 989 1621 ι
1030 1568 1087 1623 Si
1117 1570 1262 1624 enim
1297 1584 1606 1629 asservatus
1646 1588 1727 1632 est
1768 1577 2003 1645 Pharao,

429 1662 485 1706 ut
509 1654 616 1723 20
649 1656 1019 1712 declararetur
1048 1665 1284 1729 potentia
1315 1663 1433 1729 Dei,
1467 1678 1523 1721 et
1567 1684 1763 1722 nomen
1795 1669 1911 1738 ejus
1948 1671 2002 1724 in

428 1746 678 1799 universa
705 1756 844 1802 terra
873 1752 1282 1822 praedicaretur,
1322 1756 1699 1815 animadverte
1743 1771 2002 1832 quautam

427 1835 845 1891 declarationem
886 1841 1105 1896 virtutis
1128 1842 1221 1898 Dei
1266 1847 1515 1902 cmlestia
1553 1849 1707 1919 signa
1748 1866 2000 1920 compre-

428 1926 693 1993 hendant,
719 1946 842 1985 cum
884 1946 911 1985 a
956 1933 1132 2003 primo
1191 1951 1310 1993 :evo
1355 1941 1421 1994 ad
1476 1945 1998 1999 consummationem

346 2051 354 2059 .
426 2017 611 2071 saeculi
680 2020 841 2089 digno
902 2024 996 2078 Dei
1071 2026 1208 2081 libro
1277 2032 1418 2086 coelo
1499 2033 1757 2104 impressa
1819 2038 2000 2091 omnia

425 2115 481 2160 et
561 2110 821 2180 inscripta
898 2114 1027 2169 sint.
1120 2116 1325 2175 Deinde
1396 2123 1630 2192 coniicio
1709 2124 2001 2180 virtutibus

426 2200 580 2263 illis,
640 2204 841 2272 quibus
904 2222 992 2262 res
1061 2209 1311 2265 humanas
1398 2222 1681 2281 reguntur,
1748 2216 1998 2282 quaedam

423 2292 578 2362 signa
633 2294 842 2361 inesse,
903 2307 961 2351 ut
1028 2298 1131 2353 alia
1206 2310 1412 2355 tantum
1468 2314 1832 2374 cognoscant,
1894 2306 1996 2359 alia

422 2384 587 2437 etiam
632 2385 907 2454 efficiant;
944 2391 1402 2457 quemadmodum
1459 2394 1513 2448 in
1564 2396 1739 2452 sacris
1798 2401 2000 2454 nostris

424 2474 578 2530 libris
634 2480 877 2545 quadam
921 2482 1120 2549 scripta
1179 2494 1311 2538 sunt
1362 2493 1421 2538 ut
1462 2500 1858 2557 cognoscamus
1886 2531 1901 2555 ,
1941 2500 1999 2547 ut

424 2571 608 2626 mundi
665 2571 937 2641 opiﬁcium
999 2584 1054 2628 et
1118 2576 1223 2629 alia
1274 2579 1570 2646 mysteria;
1634 2582 1879 2650 quadam
1940 2595 1998 2639 ut

421 2678 815 2734 cognoscamus
837 2674 891 2719 et
924 2665 1210 2736 faciamus,
1247 2678 1306 2722 ut
1332 2680 1603 2740 prmeepta
1648 2681 1706 2727 et
1737 2677 1993 2731 mandata

424 2754 541 2809 Dei.
578 2756 767 2824 Itaque
810 2756 924 2810 ﬁeri
970 2766 1150 2825 potest
1191 2768 1250 2813 ut
1285 2760 1535 2816 cmlestes
1597 2762 1811 2829 litterae,
1860 2780 1995 2835 quas

419 2846 595 2913 angeli
647 2855 702 2901 et
753 2847 946 2903 divina!
995 2849 1223 2906 virtutes
1281 2850 1462 2923 legere
1510 2854 1674 2911 facile
1726 2870 1991 2927 possunt,

417 2941 665 3008 quaedam
721 2942 1038 2996 contineant
1099 2943 1167 2998 ab
1217 2945 1421 3015 angelis
1470 2955 1525 3001 et
1591 2948 1682 3004 Dei
1732 2951 1994 3008 ministris

2114 470 2285 533 οὕτως
2309 471 2468 523 αὐτὸν
2500 471 2982 543 ἐμπεριειληφέναι
3003 473 3063 524 ἐν
3089 472 3288 542 ἐαυτῷ,
3311 472 3372 525 οὐ
3400 473 3507 543 μὴν
3539 476 3697 547 ἐναρ-

2113 563 2181 633 γῆ
2213 562 2310 632 τὴν
2333 562 2623 627 ἀπόδειξιν,
2654 563 2788 616 ἀλλὰ
2820 564 3274 634 πεπιστευμένην,
3307 564 3383 627 ὡς
3433 566 3699 637 ἁρμόζου-

2114 672 2214 709 σαν
2240 655 2318 727 τῷ
2348 657 2628 727 ἀγεννήτῳ
2657 656 2732 727 νῷ
2776 657 2871 709 καὶ
2903 657 3042 728 ὑπὲρ
3074 658 3254 711 πᾶσαν
3298 659 3462 727 φύσιν
3494 659 3700 729 τυγχά-

2113 763 2272 800 νοντι.
2319 748 2416 799 "lv’
2462 743 2554 801 οὖν
2596 752 2661 819 τῇ
2694 748 2856 818 πείρα
2878 746 3037 800 τοῦτο
3064 748 3545 819 καταλαμϐάνηται
3591 750 3698 806 ὐπὸ

2111 838 2217 892 τῶν
2260 838 2523 909 μειζόνων
2555 840 2587 910 ἢ
2624 840 2763 892 κατὰ
2787 840 3091 911 ἄνθρωπον,
3127 839 3355 894 καὶτῶν
3396 841 3565 909 ἁγίων
3600 842 3699 911 ψυ-

2111 931 2219 1001 χῶν
2238 930 2334 985 τοῦ
2365 933 2713 1002 ἐνεστηκότος
2739 931 2936 1001 δεσμοῦ
2968 930 3419 1001 ἀπηλλαγμένων,
3453 932 3695 1004 ὡσπερεὶ

2110 1022 2415 1093 γράμματα
2460 1022 2553 1075 καὶ
2594 1022 2946 1093 χαρακτῆρας
2995 1023 3091 1075 καὶ
3134 1022 3223 1076 διὰ
3252 1024 3351 1094 τῆς
3380 1022 3491 1078 τῶν
3538 1024 3696 1095 οὐρα.

2110 1110 2237 1162 νίων
2256 1111 2558 1181 περιφορᾶς
2590 1111 2844 1180 ἐποίησεν
2889 1112 2947 1162 ὲν
2972 1111 3184 1183 οὐρανῷ
3208 1115 3235 1166 ό
3259 1112 3391 1177 Θεὸς
3415 1116 3541 1179 τοὺς
3564 1114 3695 1167 δεδιο

2108 1199 2409 1272 δαγμένους
2447 1201 2542 1253 καὶ
2564 1200 3049 1272 διδαχθησομένους
3077 1202 3471 1271 ἀναγινώσκειν
3496 1204 3565 1257 τά
3594 1222 3692 1275 ση-

2112 1297 2237 1365 μεῖα
2278 1294 2374 1347 τοῦ
2420 1295 2575 1350 Θεοῦ.
2604 1296 2677 1349 Οὐ
2704 1294 3013 1365 θαυμαστὸν
3036 1296 3095 1348 δὲ
3126 1297 3221 1350 καί
3251 1297 3390 1369 ὑπὲρ
3418 1297 3693 1363 ἐνδείξεως

2108 1386 2205 1456 τῆς
2239 1385 2375 1457 πρὸς
2412 1387 2539 1450 τοὺς
2580 1385 2880 1457 μακαρίους
2909 1389 3082 1439 ποιεῖν
3126 1403 3248 1440 τινα
3278 1386 3368 1439 τὸν
3396 1386 3551 1451 Θεὸν,
3593 1387 3693 1457 τῆς

2108 1477 2332 1549 Γραφῆς
2360 1477 2621 1547 λεγούσης
2656 1476 2735 1547 τῷ
2778 1475 2997 1546 Φαραώ·
3030 1494 3051 1526 ι
3102 1476 3195 1539 Ei;
3219 1476 3348 1529 αὐτὸ
3374 1476 3531 1529 τοῦτο
3566 1477 3693 1548 ἐξή-

2107 1571 2267 1641 γειρά
2314 1587 2397 1634 σε,
2424 1572 2572 1634 ὅπως
2619 1569 2936 1639 ἐνδείξωμαι
2968 1570 3024 1621 ἐν
3052 1569 3136 1624 σοὶ
3161 1568 3257 1639 τὴν
3285 1569 3511 1640 δύναμίν
3562 1588 3687 1641 μου,

2108 1662 2202 1714 καὶ
2247 1663 2395 1724 ὅπως
2438 1661 2695 1731 διαγγελῇ
2732 1661 2792 1713 τὸ
2824 1660 2994 1730 ὄνομά
3036 1677 3136 1730 μου
3168 1662 3225 1713 ἐν
3270 1660 3417 1732 πάσῃ
3447 1663 3511 1731 τῇ
3536 1663 3629 1731 γῇ.
3664 1680 3684 1713 ι

2036 1723 2077 1779 Β
2107 1754 2169 1805 El
2201 1752 2310 1823 γάρ
2339 1723 2631 1823 διεηρηῦη
2669 1723 2885 1823 "(Infamia
2919 1723 3067 1823 ’ὑπὲρ
3106 1723 3691 1824 ἐνδείξεως-δυνάμεως

2104 1844 2262 1907 Θεοῦ,
2288 1846 2381 1897 καὶ
2411 1844 2722 1911 διαγγελίας
2747 1843 2841 1896 τοῦ
2877 1844 3141 1914 ὀνόματος
3162 1845 3326 1898 αὐτοῦ
3356 1848 3414 1900 ὲν
3451 1846 3598 1916 πάσῃ
3623 1848 3690 1917 τῇ

2102 1939 2196 2008 γῇ,
2227 1934 2398 1990 ἐννόει
2430 1935 2601 2006 πόσην
2624 1933 2843 2000 ἔνδειξιν
2866 1934 3149 2004 δυνάμεως
3182 1934 3317 1989 Θεοῦ
3351 1936 3595 2008 περιέχει
3624 1935 3693 1990 τὰ

2099 2029 2328 2101 οὐράνια
2374 2028 2594 2097 σημεῖα,
2630 2026 2845 2078 πάντων
2884 2025 2992 2078 τῶν
3022 2026 3117 2079 ἀπ’
3150 2026 3346 2088 αἰῶνος
3374 2026 3481 2090 ἕως
3504 2044 3690 2080 συντε-

2102 2122 2252 2184 λείας
2278 2118 2737 2189 ἐντετυπωμένων
2756 2121 2820 2189 τῇ
2851 2117 2977 2188 ἀξία
3009 2118 3173 2189 βίϐλῳ
3199 2118 3291 2171 τοῦ
3317 2118 3454 2171 Θεοῦ
3488 2119 3569 2189 τῷ
3588 2120 3681 2172 οὐ·

2106 2210 2270 2282 ρανῷ.
2324 2210 2583 2280 Δεύτερον
2613 2207 2668 2260 δὲ
2704 2206 3039 2279 στοχάζομαι
3091 2212 3213 2272 ταῖς
3259 2209 3326 2261 τὰ
3372 2208 3688 2278 ἀνθρώπινα

2101 2301 2507 2372 οίκονομούσαις
2556 2300 2849 2371 δυνάμεσιν
2890 2300 3171 2368 ἐγκεῖσθαι
3203 2300 3272 2352 τὰ
3320 2301 3539 2370 σημεῖα,
3596 2299 3688 2352 ἶνα

2098 2394 2221 2449 τινὰ
2244 2394 2342 2464 μέν
2362 2392 2671 2462 γινώσκωσι
2702 2394 2885 2464 μόνον,
2911 2395 3031 2447 τινὰ
3045 2394 3101 2448 δὲ
3129 2392 3408 2464 ἐνεργῶσι·
3435 2392 3688 2465 καθάπερ

2099 2488 2158 2540 ἐν
2189 2488 2309 2549 ταῖς
2336 2485 2465 2557 παρ’
2500 2487 2632 2555 ἡμῖν
2663 2484 2862 2554 βίϐλοις
2892 2486 2926 2539 ἆ
2956 2486 3054 2556 μὲν
3082 2485 3389 2554 γέγραπται
3411 2486 3499 2537 ἵνα
3524 2482 3687 2553 γινώ-

2101 2594 2340 2648 σκωμεν,
2384 2571 2495 2629 οἷον
2536 2575 2604 2630 τὰ
2642 2578 2769 2649 περὶ
2802 2577 3158 2647 κοσμοποιίας
3192 2577 3287 2628 καὶ
3314 2575 3449 2629 ἄλλα
3474 2574 3684 2645 μυστή-

2102 2687 2208 2742 ρια·
2235 2671 2271 2725 ἃ
2300 2670 2357 2725 δὲ
2398 2670 2486 2724 ἵνα
2516 2669 2872 2739 γινώσκοντες
2919 2670 3183 2741 ποιῶμεν,
3217 2669 3407 2741 ὥσπερ
3439 2669 3506 2722 τὰ
3555 2670 3685 2741 περὶ

2097 2766 2197 2829 τὰς
2229 2766 2448 2830 ἐντολὰς
2472 2767 2568 2819 καὶ⁸
2603 2767 2672 2821 τὰ
2699 2768 3092 2838 προστάγματα
3120 2765 3214 2820 τοῦ
3248 2766 3404 2823 Θεοῦ.
3450 2765 3687 2836 Ἐνδέχε-

2097 2873 2186 2910 ται
2213 2857 2276 2927 δὴ
2304 2858 2371 2911 τὰ
2396 2858 2625 2928 οὐράνια
2649 2860 2972 2930 γράμματα,
2995 2857 3030 2911 ά
3052 2858 3272 2926 ἄγγελοι
3300 2860 3392 2911 καὶ
3422 2857 3684 2927 δυνάμεις

2099 2946 2235 3003 θεῖαι
2271 2949 2666 3019 ἀναγινώσκειν
2710 2950 2893 3013 καλῶς
2923 2949 3194 3011 δύνανται,
3244 2952 3520 3021 περιέχειν
3564 2949 3683 3003 τινὰ

419 3030 668 3102 legenda,
719 3040 777 3086 ut
826 3046 1018 3088 eorum
1075 3036 1389 3105 cognitione
1437 3038 1718 3109 ltetentur;
1780 3044 1883 3097 alia
1932 3055 1993 3099 ut

2101 3041 2196 3109 μὲν
2226 3041 2755 3114 ἀναγνωσθησὸμενα
2786 3043 2892 3095 ὐπὸ
2919 3043 3026 3097 τῶν
3057 3043 3299 3111 ἀγγέλων
3320 3043 3413 3095 καὶ
3438 3041 3682 3111 λειτουρ⁸

418 3124 671 3178 mandata
702 3125 977 3195 accipiant
1011 3136 1064 3181 et
1090 3127 1347 3183 elliciant.
1375 3129 1562 3201 Neque
1603 3134 1699 3190 abs
1744 3151 1801 3190 re
1841 3137 1993 3192 dixe-

419 3215 612 3283 rimus,
659 3219 833 3274 simile
871 3221 998 3290 quid
1039 3220 1140 3292 legi
1191 3225 1389 3278 etnlum
1426 3236 1481 3280 et
1509 3236 1651 3281 astra
1679 3231 1989 3286 continere:

417 3309 461 3364 si
491 3322 620 3363 vero
644 3310 881 3381 pejores,
920 3326 974 3370 et
998 3315 1119 3370 aliae
1140 3318 1207 3372 ab
1238 3318 1457 3373 homine
1490 3320 1719 3375 virtutes
1742 3324 1990 3391 quaedam

416 3416 449 3456 e
509 3404 768 3473 praenotis
819 3414 875 3461 et
931 3407 986 3461 in
1041 3409 1183 3463 coelo
1239 3412 1514 3480 expressis
1574 3413 1991 3483 designatisque

417 3491 642 3559 faciant,
677 3495 805 3550 nihil
828 3507 910 3552 est
945 3515 1167 3556 necesse
1191 3501 1336 3571 ipsas
1363 3504 1561 3559 divinis
1584 3504 1784 3560 litteris
1806 3508 1994 3562 admo-

418 3586 562 3638 nitas
613 3585 793 3642 facere
849 3604 970 3658 quae
1019 3592 1483 3649 moliuntur:sed
1536 3598 1989 3666 quemadmodum

416 3674 666 3729 homines
689 3675 941 3745 iujuriam
978 3680 1257 3749 facientes,
1283 3700 1382 3739 nec
1407 3686 1639 3743 scientes
1665 3690 1994 3758 prmuovisse

418 3766 585 3819 Deutu
616 3766 763 3821 hunc
794 3768 895 3823 abs
926 3783 985 3824 se
1022 3770 1214 3838 injuria
1241 3772 1492 3829 allectum
1538 3776 1627 3841 iri,
1681 3791 1778 3846 per
1838 3793 1993 3832 suam

419 3857 825 3926 improbitatem
875 3861 1130 3931 iniuriam
1180 3863 1424 3931 faciunt;
1468 3868 1546 3921 sic
1579 3869 1687 3922 Deo
1737 3872 1994 3939 opposita:

418 3948 673 4014 virtutes,
719 3965 840 4019 qua:
884 3952 1147 4009 turalitiam
1180 3955 1462 4010 hominum
1498 3959 1704 4014 scelera
1752 3962 1993 4030 cogitan-

419 4042 551 4095 tium
596 4058 998 4113 przenoverunt,
1035 4050 1253 4119 propria
1290 4050 1344 4105 id
1373 4059 1428 4104 et
1457 4051 1765 4121 turpissima
1802 4053 1996 4109 volun-

418 4142 528 4188 tate
548 4136 855 4205 perficiunt.
881 4138 1040 4195 Sacri
1066 4152 1247 4196 autem
1272 4141 1468 4211 angeli,
1495 4144 1800 4199 administri
1827 4147 1992 4216 spiri-

419 4238 528 4291 tus,
552 4239 607 4304 et
644 4229 696 4283 itt
755 4231 1116 4288 ministerium
1171 4236 1321 4289 missi
1374 4236 1421 4267 “
1470 4246 1620 4292 certe
1667 4246 1928 4306 tanquam
1960 4254 1990 4292 a

418 4319 512 4374 Dei
532 4320 646 4391 lege
663 4323 992 4392 accipientes
1010 4325 1209 4394 scripta
1230 4325 1506 4390 mandata,
1527 4337 1671 4383 recte
1702 4337 1757 4384 et
1777 4329 1988 4395 ordine,

2094 3132 2206 3199 γῶν
2239 3132 2333 3184 τοῦ
2375 3130 2532 3196 Θεοῦ,
2574 3133 2661 3186 ἵνα
2708 3133 3108 3204 εὐφραίνωνται
3132 3131 3509 3201 γινώσκοντες·
3562 3129 3682 3183 τινὰ

2092 3224 2147 3277 δὲ
2188 3223 2428 3294 ὡσπερεὶ
2472 3225 2691 3288 ἐντολὰς
2750 3224 3118 3295 λαμόάνοντες
3162 3223 3376 3276 ποιῶσι.
3427 3222 3543 3276 Kal;
3580 3221 3681 3292 οὐχ

2093 3311 2529 3382 ἁμαρτησόμεθα
2558 3313 2620 3365 τὸ
2643 3313 2907 3382 ἀνάλογον
2936 3316 3045 3375 τοῖς
3066 3315 3122 3365 ἐν
3153 3312 3229 3383 τῷ
3262 3312 3412 3383 νόμῳ
3431 3311 3680 3380 λέγοντες

2093 3402 2235 3473 ἔχειν
2262 3405 2352 3457 τὸν
2382 3406 2608 3477 οὐρανὸν
2653 3406 2748 3459 καὶ
2781 3407 2906 3469 τοὺς
2940 3405 3193 3477 ἀστέρας·
3233 3403 3329 3456 ἐὰν
3354 3403 3411 3456 δὲ
3440 3403 3680 3473 χείρονες

2093 3496 2186 3549 καὶ
2218 3497 2401 3567 ἕτεραι
2432 3496 2526 3550 τοῦ
2562 3497 2849 3567 ἀνθρώπου
2892 3498 3163 3568 ἐνέργειαι
3195 3496 3388 3549 ποιῶσί
3424 3513 3544 3549 τινα
3571 3494 3680 3548 τῶν

2094 3590 2561 3660 προεγνωσμένων
2609 3592 2704 3643 καὶ
2750 3590 3164 3661 σημαινομένων
3204 3592 3260 3643 ἐν
3288 3588 3522 3660 οὐρανῷ,
3578 3590 3681 3642 οὐκ

2093 3679 2305 3749 ἀνάγκη
2341 3678 2432 3729 καὶ
2478 3677 2646 3742 αὐτὰς
2694 3678 2802 3730 ἀπὸ
2853 3678 2961 3730 τῶν
2994 3677 3130 3730 Θεοῦ
3170 3676 3515 3747 γραμμάτων
3549 3676 3682 3727 ὐπο-

2097 3770 2541 3840 μιμνησκομένας
2586 3772 2757 3823 ποιεῖν
2782 3769 2818 3824 ἃ.
2851 3768 3186 3841 ἐνεργοῦσιν·
3218 3769 3332 3823 ἀλλ’
3369 3767 3556 3836 ὥσπερ
3584 3767 3679 3819 ἄν-

2095 3856 2301 3928 Ορωτυοι
2332 3859 2659 3922 ἀδικοῦντες,
2683 3859 2745 3910 οὐ
2770 3859 3130 3928 μανθάνοντες
3161 3856 3567 3927 προεγνωκέναι
3587 3856 3677 3909 τὸν

2091 3949 2223 4001 Θεὸν
2244 3948 2305 4000 τὸ
2342 3948 2489 4000 τόνδε
2521 3948 2643 4000 τινὰ
2670 3946 3023 4018 ἀδικήσεσθαι
3049 3948 3140 3999 ὐπ’
3162 3946 3359 4010 αὐτῶν,
3393 3943 3677 4015 ἐνεργοῦσι

2090 4040 2152 4092 τὸ
2179 4039 2384 4092 ἀδικεῖν
2412 4041 2474 4091 ἐκ
2502 4039 2600 4109 τῆς
2621 4038 2829 4093 ἑαυτῶν
2853 4039 3131 4111 πονηρίας·
3168 4037 3339 4102 οὕτως
3366 4039 3419 4090 αἱ
3450 4033 3679 4089 ἀντικεί-

2095 4149 2251 4202 μεναι
2290 4131 2549 4202 δυνάμεις
2579 4131 2672 4185 τοῦ
2700 4130 2857 4198 Θεοῦ,
2889 4132 2987 4202 τὴν
3013 4132 3213 4185 κακίαν
3239 4128 3347 4183 τῶν
3375 4129 3443 4182 τὰ
3476 4127 3679 4199 μοχθη-

2095 4220 2163 4292 ρὰ
2212 4222 2547 4293 βουλομένων
2594 4222 2898 4294 ἀνθρώπων
2961 4222 3389 4294 προεγνωκότες,
3440 4222 3505 4290 τῇ
3569 4220 3678 4290 ἰδία

2092 4314 2345 4386 αἰσχίστῃ
2388 4315 2695 4368 ἐπιτελοῦσι
2734 4315 3071 4386 προαιρέσει.
3106 4314 3169 4366 Ol
3211 4312 3390 4383 μέντοι
3422 4312 3557 4383 ἱεροὶ
3587 4311 3681 4379 ἄγ-

417 4413 637 4479 quando
680 4423 732 4469 et
774 4416 1044 4484 quomodo
1082 4427 1456 4488 quantumque
1484 4429 1722 4488 oportet,
1763 4421 1988 4475 meliora

2099 4408 2263 4475 γελοι,
2303 4406 2371 4463 τὰ
2422 4406 2771 4479 λειτουργικὰ
2824 4406 3127 4477 πνεύματα,
3180 4405 3249 4458 τὰ
3295 4407 3373 4468 είς
3404 4404 3678 4457 διακονίαν

417 4508 648 4565 faciunt.
686 4506 996 4563 Absurdum
1024 4511 1166 4564 enim
1200 4511 1274 4565 sit
1298 4512 1465 4581 ipsos,
1516 4513 1607 4582 qui
1653 4513 1819 4567 divini
1858 4514 1987 4581 sint,

419 4618 626 4660 temere
684 4618 785 4658 nec
817 4604 1041 4658 definite
1086 4607 1291 4672 venire,
1323 4617 1382 4662 ut
1413 4608 1598 4672 alicui,
1641 4610 1789 4664 verbi
1825 4626 1988 4665 causa

414 4694 688 4749 Abraham
723 4701 778 4748 et
813 4692 988 4759 Isaac,
1018 4695 1420 4761 administrent,
1455 4696 1623 4753 Jaeob
1654 4714 1717 4752 ex
1746 4700 1989 4771 periculo

416 4790 689 4850 liherent,
740 4786 822 4842 vel
880 4785 1044 4854 hujus
1099 4796 1192 4840 aut
1240 4787 1381 4842 illius
1427 4788 1710 4858 Propheta:
1774 4792 1987 4861 Spiritui

416 4881 624 4937 adsint.
679 4878 757 4933 Ne
813 4879 977 4949 igitur
1032 4877 1084 4931 id
1137 4886 1345 4934 temere
1391 4890 1445 4935 et
1492 4881 1715 4936 fortuito
1762 4882 1987 4949 faciant,

414 4971 612 5027 librum
676 4971 770 5027 Dei
814 4971 1032 5042 legunt;
1075 4968 1265 5039 sicque
1311 4972 1453 5042 quod
1490 4972 1541 5025 in
1595 4975 1865 5027 mandatis
1908 4985 1989 5029 est

412 5073 694 5134 prmstant.
724 5064 832 5120 Nos
856 5080 1008 5130 vero,
1041 5075 1100 5120 ut
1121 5074 1278 5121 antea
1312 5064 1564 5127 diximus,
1591 5080 1712 5134 qua:
1737 5064 1988 5130 facimus,

414 5156 633 5225 propria
686 5158 968 5215 voluntate
1006 5158 1272 5221 facimus,
1325 5156 1619 5225 itidemque
1666 5157 1992 5212 adversariae

414 5256 750 5317 potestates,
788 5266 908 5317 qua:
950 5252 1003 5305 in
1054 5267 1153 5306 nos
1193 5258 1398 5321 agunt;
1441 5249 1730 5318 depravata
1773 5251 1990 5319 quidem

413 5354 538 5392 cum
578 5354 886 5407 peccamus,
938 5342 1152 5396 erudita
1196 5357 1323 5397 vero
1368 5350 1420 5396 et
1474 5341 1829 5412 intelligente,
1897 5341 1989 5395 sed

414 5445 522 5483 non
574 5432 693 5489 sine
740 5432 1053 5501 angelorum
1104 5443 1157 5487 et
1224 5436 1530 5490 divinarum
1584 5434 1887 5489 litterarum
1936 5444 1990 5489 et

416 5539 699 5579 sacrorum
752 5525 1130 5579 ministrorum
1184 5541 1305 5594 ope,
1356 5544 1481 5583 cum
1555 5528 1667 5585 Deo
1721 5540 1871 5599 grata
1936 5540 1991 5583 et

413 5627 637 5685 accepta
661 5616 912 5673 facimus.

486 5730 724 5787 "Exod.
779 5747 850 5796 Ix,
890 5729 969 5785 l6.
1075 5730 1274 5788 l"lleb.
1308 5729 1437 5797 t,H.

2099 4496 2556 4567 ἀποστελλόμενα,
2615 4496 2761 4560 εἰκὸς
2813 4497 2896 4549 ὅτι
2924 4496 3000 4559 ὡς
3050 4495 3156 4549 ἀπὸ
3186 4495 3350 4565 νόμου
3393 4492 3529 4546 Θεοῦ
3585 4510 3675 4560 γε·-

2097 4588 2388 4659 γραμμένα
2425 4588 2494 4643 τὰ
2524 4589 2920 4661 προστάγματα
2976 4586 3359 4657 λαμὸάνοντες,
3408 4584 3675 4655 τεταγμέ-

2098 4697 2221 4745 νως,
2258 4682 2351 4734 καί
2383 4682 2470 4733 ὅτε
2494 4681 2594 4745 δεῖ,
2631 4682 2724 4735 καὶ
2761 4681 2836 4744 ὡς
2870 4680 2969 4743 δεῖ,
2996 4680 3089 4733 καὶ
3107 4681 3231 4732 ὅσον
3259 4679 3340 4731 δεῖ
3368 4677 3581 4732 ποιοῦσι
3610 4676 3679 4731 τὰ

2098 4772 2396 4844 κρείττονα·
2435 4775 2631 4827 ἄτοπον
2659 4772 2768 4843 γὰρ
2800 4773 2995 4834 αὐτοὺς
3025 4771 3198 4833 θείους
3232 4769 3390 4832 ὄντας
3435 4769 3678 4839 ἀποκλη-

2102 4867 2344 4937 ρωτικῶς
2377 4869 2470 4921 καὶ
2514 4868 2612 4938 οὐχ
2638 4867 2959 4939 ὡρισμένως
3002 4864 3255 4936 ἔρχεσθαι
3287 4865 3380 4916 ἐπὶ
3425 4864 3505 4927 τὸ,
3555 4860 3674 4931 φέρ’

2097 4961 2291 5022 εἰπεῖν,
2319 4960 2650 5030 χρηματίσαι
2670 4976 2722 5011 τι
2752 4958 2829 5028 τῷ
2868 4956 3136 5027 Ἀϐραὰμ,
3160 4956 3251 5008 ml.
3278 4955 3499 5024 ποιῆσαί
3526 4971 3578 5006 τι
3597 4951 3677 5023 τῷ

2112 5050 2316 5117 Ἰσαὰκ,
2348 5051 2442 5104 καὶ
2472 5051 2737 5122 ῥύσασθαι
2762 5052 2826 5103 ἐκ
2849 5049 3094 5103 κινδύνου
3126 5047 3217 5100 τὸν
3257 5043 3524 5112 Ἰακὼ6,ἣ
3554 5045 3675 5095 ἐπι-

2102 5141 2295 5213 στῆναι
2347 5142 2425 5213 τῷ
2472 5143 2741 5213 πνεύματι
2779 5142 2932 5195 τοῦδε
2970 5140 3063 5195 τοῦ
3100 5141 3396 5211 προφήτου.
3437 5137 3556 5188 Ἵνα
3581 5129 3676 5189 οὖν

2103 5232 2178 5305 μὴ
2235 5234 2698 5305 ἁποκληρωτικῶς
2758 5233 2891 5303 μηδὲ
2966 5231 3108 5284 κατὰ
3176 5230 3461 5299 συντυχίαν
3519 5225 3679 5281 τοῦτο

2100 5325 2432 5395 πράττωσιν,
2472 5325 2904 5394 ἀναγινώσκουσι
2936 5326 3034 5396 τὴν
3065 5324 3242 5393 βίϐλον
3279 5321 3371 5375 τοῦ
3402 5320 3555 5375 Θεοῦ·
3585 5320 3682 5375 καὶ

2098 5426 2269 5491 οὕτως
2302 5428 2512 5483 ποιοῦσι
2556 5429 2624 5482 τὰ
2663 5430 2843 5492 αὐτοῖς
2886 5428 3263 5482 ἐπιϐάλλοντα.
3304 5427 3390 5489 Ὠς
3432 5422 3682 5495 προείπο-

2102 5543 2200 5595 μεν
2245 5527 2320 5591 δέ,
2358 5528 2517 5599 ἡμεῖς
2556 5528 2591 5582 ἃ
2640 5526 2920 5598 ποιοῦμεν,
2961 5527 2993 5597 ἢ
3025 5528 3080 5579 αί
3135 5525 3510 5594 άντικείμεναι
3540 5524 3689 5591 ἐνέρ-

2097 5642 2262 5694 γειαι,
2318 5628 2352 5683 δι
2400 5626 2736 5681 ἐπιτελοῦσιν
2807 5628 2885 5690 εἰς
2947 5626 3110 5696 ἡμᾶς,
3180 5622 3283 5694 ἰδίᾳ
3363 5619 3681 5692 προαιρέσει
