4180 6216
437 284 506 340 89
1880 277 1942 331 IN
1977 275 2293 334 GENESIM.
3631 271 3704 326 90

435 403 768 476 ηγορήματα
793 444 806 467 ,
852 401 1136 469 κεκίνηκεν
1205 400 1352 470 ἡμᾶς
1409 400 1616 469 μήποτε
1669 397 1730 451 τὸ
1790 400 2016 469 πρᾶγμα

2121 399 2322 451 habere
2341 393 2552 465 Moyses
2575 406 2765 448 servus
2783 391 2876 447 Dei
2897 388 3220 446 intellexerit
3244 406 3258 444 :
3287 389 3548 452 maxime,
3574 405 3697 442 cum

439 491 536 546 καὶ
566 492 719 563 παρά
775 491 852 561 τῷ
883 489 1171 560 θεράποντι
1216 487 1460 557 νενόηται
1504 487 1636 557 (29.),
1661 486 1832 548 οὕτως
1872 487 2015 556 ἔχον,

441 584 540 638 καὶ
574 584 804 654 μάλιστα
826 583 944 635 ἐπεὶ
971 583 1000 634 ό
1030 579 1337 652 κυριώτατα
1367 580 1689 651 ἑρμηνεύειν
1725 579 1836 648 (9.3)
1868 578 2017 647 φιλο-

441 674 770 745 τιμούμενος
813 673 1041 736 Ἀκύλας
1090 672 1189 724 οὐκ
1234 670 1361 724 ἄλλο
1410 671 1673 742 πεποίηκε
1721 670 1871 742 παρά
1921 670 2020 740 τὴν

444 766 812 837 προσηγορίαν
835 766 928 819 καὶ
959 764 1020 818 τδ
1066 763 1448 834 κατηγόρημα.
1495 762 1876 834 Ἐπιστησάτω
1912 763 1956 816 δ’
1992 765 2021 816 ὁ

439 856 893 927 δυσπαραδὲκτως
920 855 1057 925 ἔχων
1081 855 1308 918 τούτων,
1334 855 1381 906 εἱ
1413 853 1635 908 δύναται
1668 854 1858 925 ἠθικὸν
1890 855 2022 926 πρό-

440 948 656 1019 ϐλημα,
702 948 734 1018 ἢ
783 945 1351 1018 φυσιολογούμενον,ἥ
1387 945 1804 1017 θεολογούμενον
1853 947 2021 1018 χωρὶς

439 1040 727 1112 ἀκρϐείας
758 1039 1170 1110 σημαινομένων
1200 1038 1296 1092 καὶ
1334 1037 1442 1092 τῶν
1492 1037 1633 1091 κατά
1680 1039 1770 1091 τὸν
1802 1037 2018 1106 λογικὸν

440 1134 603 1186 τόπον
644 1131 1040 1203 τρανουμένων,
1081 1131 1139 1184 δν
1171 1131 1253 1184 δεῖ
1284 1131 1484 1203 τρόπον
1523 1131 1911 1203 παρίστασθαι.
1953 1131 2019 1184 Τί

441 1227 548 1297 γὰρ
581 1227 779 1280 ἄτοπον
811 1223 1028 1278 ἀκούειν
1058 1225 1167 1277 τῶν
1214 1224 1750 1296 κυριολεκτουμένων
1796 1224 1854 1277 ὲν
1900 1226 2021 1288 ταῖς

439 1317 759 1380 διαλέκτοις,
786 1316 880 1368 καὶ
905 1315 1214 1383 ὲφιστάνειν
1240 1313 1516 1386 ἐπιμελῶς
1549 1316 1661 1378 τοῖς
1688 1313 2024 1383 σημαινομέ-

440 1422 586 1469 νοις;
629 1404 742 1457 ἔστι
783 1403 892 1474 γάρ
917 1405 1052 1458 ὅπου
1096 1403 1250 1475 παρά
1279 1405 1379 1474 τὴν
1412 1405 1635 1472 ἄγνοιαν
1660 1402 1768 1454 τῶν
1790 1400 2023 1468 λογικῶν

440 1496 690 1567 μεγάλως
728 1497 1130 1569 περιπίπτομεν
1181 1495 1254 1564 μὴ
1301 1495 1654 1565 καθαίροντες
1680 1492 1780 1555 τὰς
1813 1494 2020 1563 ὁμωνυ-

439 1587 590 1657 μίας,
622 1588 716 1640 καὶ
751 1585 1104 1657 ἀμφιϐολίας,
1146 1584 1241 1634 καὶ
1299 1585 1685 1655 καταχρήσεις,
1724 1584 1817 1636 καὶ¹
1843 1601 2022 1654 κυριοο

435 1679 639 1745 λεξίας,
685 1678 782 1732 καὶ
820 1674 1128 1738 διαστολάς·
1163 1668 1273 1728 οἷον
1312 1673 1463 1745 παρὰ
1499 1674 1559 1726 τὸ
1584 1673 1890 1743 ἀγνοεῖσθαι
1917 1676 2015 1744 τὴν

439 1743 734 1840 ὁμῶνυμον
777 1766 880 1835 τῆς
929 1767 1160 1835 κόσμου
1211 1743 1579 1838 προσηγορίας
1629 1764 1810 1836 φωνὴν
1850 1743 2014 1818 ἐκπε-
2052 1743 2094 1797 Β

437 1858 722 1912 πτώκασιν
763 1857 856 1910 ἐπὶ
896 1855 957 1909 τὸ
986 1855 1094 1926 (⁸24)
1121 1855 1454 1908 ἀσεϐέστατα
1505 1857 1720 1925 φρονεῖν
1758 1855 1886 1928 περὶ
1917 1856 2012 1909 τοῦ

447 1949 790 2018 Δημιουργοῦ
807 1949 853 1999 οί
890 1945 963 2016 μή
1008 1945 1360 2018 καθάραντες,
1391 1945 1483 1998 ἐπὶ
1525 1945 1687 1999 τίνων
1725 1949 1897 2000 κεῖται
1931 1947 2013 2010 τὸ,

447 2057 467 2089 ι
508 2036 571 2092 '0
614 2038 813 2109 κόσμος
855 2039 911 2090 ἐν
946 2036 1026 2106 τῷ
1061 2035 1280 2108 πονηρῷ
1322 2039 1518 2099 κεῖται,
1551 2056 1568 2088 ›
1623 2037 1706 2090 ὅτι
1749 2037 1868 2090 ἀντὶ
1909 2036 2016 2089 τῶν

439 2129 730 2198 περιγείων
778 2129 872 2182 καὶ
923 2128 1277 2199 ἀνθρωπίνων
1327 2127 1487 2181 τοῦτο
1537 2126 1714 2191 οὕτως
1768 2129 1886 2180 ἐκεῖ
1939 2127 2018 2199 τῷ

449 2218 667 2292 Ἰωάννῃ
697 2219 928 2291 εἴρηται.
975 2219 1265 2290 Οίηθέντες
1304 2218 1415 2292 γὰρ
1455 2219 1657 2291 κόσμον
1688 2221 1810 2273 κατ’
1848 2220 2017 2292 αὐτὴν

436 2308 531 2380 τὴν
560 2309 702 2374 λέξιν
730 2309 1089 2381 σημαίνεσθαι
1114 2309 1174 2363 τὸ
1198 2309 1452 2380 σύστημα
1475 2310 1536 2363 τὸ
1564 2309 1621 2376 ἐξ
1648 2309 1880 2382 ούρανοῦ
1924 2309 2017 2363 καὶ

436 2399 538 2470 γῆς
582 2402 674 2454 καὶ
709 2400 817 2454 τῶν
865 2402 923 2454 έν
951 2402 1156 2466 αὐτοῖς,
1192 2400 1508 2474 θρασύτατα
1536 2402 1630 2455 καὶ
1677 2401 2015 2456 ἀνοσιώτατα

435 2493 826 2562 ἀποφαίνονται
881 2494 1010 2565 περὶ
1056 2493 1212 2547 Θεοῦ·
1265 2494 1529 2565 μηδαμῶς
1570 2493 1715 2565 ἔργῳ
1747 2493 2014 2548 δεικνύναι

435 2583 723 2655 δυνάμενοι
772 2585 893 2649 πῶς
949 2586 1101 2657 ἥλιος
1143 2587 1238 2640 καὶ
1288 2587 1484 2658 σελήνη
1533 2587 1628 2639 καὶ
1674 2587 1921 2659 ἀστέρες,
1947 2587 2016 2641 τά

438 2673 580 2729 οὕτω
601 2676 952 2747 τεταγμένως
981 2677 1092 2748 (25)
1117 2678 1432 2749 κινούμενα,
1458 2678 1635 2730 κεῖται
1659 2678 1718 2731 ὲν
1741 2678 1818 2749 τῷ
1843 2695 2013 2750 πονη-

441 2765 537 2838 ρῷ.
577 2763 710 2821 Εἶτα
751 2769 846 2822 ἐὰν
898 2770 1262 2842 προσάγωμεν
1303 2772 1486 2836 αὐτοῖς
1534 2773 1598 2826 ὲκ
1641 2771 1758 2839 τοῦ,
1807 2789 1824 2821 ι
1847 2765 2015 2836 Οὗτός

437 2859 584 2912 ἔστιν
615 2860 644 2911 ό
687 2860 859 2930 ἀμνὸς
905 2861 1000 2914 τοῦ
1028 2860 1162 2914 Θεοῦ
1203 2864 1231 2916 ὁ
1268 2863 1437 2933 αίρων
1481 2863 1580 2934 τήν
1609 2863 1882 2935 ἁμαρτίαν
1921 2862 2012 2916 τοῦ

437 2949 712 3021 κύσμου,›
771 2953 855 3005 ὃτι
904 2953 1108 3023 κόσμος
1153 2952 1280 3006 ἔνθα
1336 2955 1370 3023 ή
1425 2954 1670 3025 ἁμαρτία
1731 2953 2014 3017 πλεονάζει

438 3042 578 3095 κατά
604 3043 806 3106 ταύτας
837 3045 934 3108 τὰς
967 3044 1140 3112 λέξεις
1186 3044 1421 3114 λέγεται,
1468 3047 1746 3101 τουτέστιν
1780 3049 1838 3101 ὲν
1900 3049 2014 3110 τοῖς

438 3134 733 3204 περιγείοις
763 3137 970 3200 τόποις,
1000 3137 1469 3207 εύγνωμονοῧντες
1504 3138 1601 3208 μὲν
1651 3141 2014 3210 προσήσονται

435 3226 502 3278 τά
527 3226 811 3297 λεγόμενα,
848 3229 1272 3298 φιλονεικοῦντες
1303 3229 1380 3296 δὲ,
1415 3229 1636 3300 ἠλιθίως
1687 3232 2017 3303 ἀναστρεφὸ-

440 3334 610 3386 μενοι,
655 3318 973 3389 ὲπιμενοῦσι
1002 3322 1113 3382 τοῖς
1142 3319 1288 3386 ἅπαξ
1321 3319 1556 3390 κριθεῖσι
1604 3321 1896 3394 μοχθηροῖς
1927 3322 2015 3376 διὰ

435 3406 533 3476 τὴν
549 3408 768 3476 ἄγνοιαν
790 3410 884 3478 τῆς
905 3409 1240 3480 ὁμωνυμίας·
1270 3409 1430 3464 πάλιν
1459 3429 1518 3464 τε
1550 3408 1616 3466 αὖ
1642 3411 1736 3466 ὲάν
1768 3413 2013 3486 λέγηται,

442 3515 462 3549 ι
487 3497 617 3560 Θεὸς
645 3494 712 3568 ἧν
747 3501 804 3551 ὲν
833 3500 1049 3570 Χριστῷ
1087 3501 1290 3570 κόσμον
1334 3503 1723 3557 καταλλάσσων
1762 3505 1962 3575 ἐαυτῷ,
1990 3525 2008 3557 ι

436 3589 626 3642 οὐκέτι
683 3588 997 3660 δυνήσονται
1040 3589 1068 3642 ὃ
1115 3589 1428 3662 ὲξειλήφασι
1491 3595 1620 3664 περὶ
1674 3595 1873 3659 παντὸς
1923 3595 2016 3649 τοῦ

438 3681 668 3752 κόσμου,
696 3682 942 3736 τουτέστι
977 3682 1103 3754 περὶ
1148 3682 1258 3736 τῶν
1303 3685 1361 3738 ὲν
1407 3684 1512 3754 ὅλῳ
1556 3684 1632 3755 τῷ
1664 3685 1872 3757 κόσμῳ,
1911 3689 2016 3758 μά-

438 3774 596 3828 λιστα
646 3773 788 3828 κατά
836 3774 935 3838 τὰς
978 3775 1264 3839 ὑποθέσεις
1307 3776 1487 3829 αὐτῶν
1528 3777 1719 3842 δεῖξαιο
1756 3780 1850 3832 καὶ
1897 3781 2016 3833 κατ’

438 3866 602 3921 αὑτοῦ
657 3867 766 3937 γὰρ
811 3866 1022 3940 ἀνάγκη
1056 3866 1151 3938 τὴν
1191 3867 1335 3933 λέξιν
1381 3867 1456 3932 ὠς
1495 3867 1784 3940 ὁμώνυμον
1832 3870 2017 3936 ἐξετά-

440 3957 644 4022 ζεσθαι.
690 3959 802 4012 Καὶ
842 3958 967 4028 περὶ
999 3957 1098 4029 τὴν
1144 3957 1472 4028 ἀμφιϐολίαν
1499 3959 1556 4012 δὲ
1602 3959 1892 4032 μοχθηρῶν
1926 3963 2016 4016 ὲκ-

437 4047 606 4119 δοχῶν
663 4049 758 4102 καὶ
806 4047 956 4119 παρά
994 4048 1093 4120 τὴν
1125 4048 1408 4120 διαστολὴν
1445 4049 1556 4121 (26)
1592 4050 1698 4104 τῶν
1745 4052 2010 4123 στιγμῶν,

441 4141 531 4193 καὶ
561 4139 734 4194 ἄλλων
762 4139 818 4192 δὲ
858 4139 1065 4209 μυρίων
1123 4141 1543 4212 παραδείγματά
1585 4143 1699 4194 ἐστι
1731 4142 2015 4214 φιλοτιμη-

443 4231 676 4303 σάμενον
708 4231 808 4283 οὐκ
839 4229 997 4297 ὀλίγα
1039 4229 1242 4284 λαϐεῖν.
1291 4231 1478 4284 Ταῦτα
1515 4231 1572 4285 δὲ
1607 4231 2010 4303 παρεξέὸημεν,

441 4321 527 4374 ἵνα
557 4320 838 4392 δείξωμεν,
893 4320 975 4373 ὅτι
1014 4322 1108 4373 καὶ
1158 4321 1279 4375 καθ’
1315 4323 1462 4393 ἡμᾶς
1490 4322 1613 4386 τοὺς
1655 4321 1907 4386 θέλοντας
1938 4323 2012 4395 μὴ

2124 490 2168 541 is
2197 488 2289 556 qui
2333 486 2560 539 omnino
2591 483 2808 552 proprie
2844 483 3184 552 interpretari
3219 482 3448 545 studuit,
3481 477 3698 546 Aquila,

2122 582 2267 634 aliud
2316 578 2450 634 nihil
2486 575 2730 646 posuerit
2765 584 2963 644 prmter
3009 573 3421 642 appellationem
3467 584 3520 628 et
3555 587 3690 642 prze-

2120 673 2380 727 dicatum.
2417 668 2609 722 Videat
2641 681 2803 737 porro
2837 665 2928 734 qui
2971 666 3084 716 hmc
3116 678 3257 730 πει-ε
3283 665 3539 728 admittit,
3573 680 3702 732 pos-

2121 765 2262 820 sitne
2293 761 2722 832 prapositionem
2757 759 2825 812 de
2862 759 3128 822 moribus,
3161 765 3252 808 aut
3289 753 3357 808 de
3390 770 3567 810 rerum
3599 773 3697 810 na-

2122 864 2264 920 tura,
2297 862 2392 908 aut
2415 852 2482 907 de
2515 850 2808 921 theologia,
2839 850 2958 904 sine
2985 857 3238 904 accurata
3272 847 3696 915 significatorum

2119 954 2171 999 et
2199 959 2387 999 eorum
2421 958 2542 1013 quae
2560 941 2864 996 dialecticis
2883 939 3022 995 locis
3047 940 3411 1002 illustrantur,
3430 940 3698 1010 cognitio-

2122 1051 2212 1099 ne,
2245 1043 2394 1089 recte
2429 1042 2693 1088 astruere.
2735 1031 2873 1098 Quid
2905 1031 3050 1085 enim
3088 1029 3312 1085 absurdi
3350 1041 3432 1084 est
3461 1045 3579 1097 eos,
3607 1033 3700 1100 qui

2120 1128 2410 1182 verborum
2446 1126 2807 1196 pr0prietates
2856 1125 2910 1178 in
2961 1123 3188 1194 singulis
3235 1122 3434 1193 linguis
3481 1121 3704 1176 investi-

2121 1227 2251 1290 gant
2277 1259 2292 1281 ,
2326 1218 2540 1282 audire,
2581 1227 2633 1272 et
2689 1216 3018 1285 signiﬁcatis
3068 1216 3337 1268 iultmrere
3371 1212 3709 1284 diligenter?

2124 1310 2398 1365 interdum
2443 1309 2588 1362 enim
2625 1318 2844 1378 pr0pter
2888 1306 3280 1376 ignorationem
3313 1305 3500 1376 logica:
3533 1305 3701 1360 disci-

2125 1402 2306 1472 plinae,
2337 1400 2578 1470 graviter
2610 1401 2867 1463 labimur,
2903 1399 3046 1467 quod
3074 1398 3554 1466 mquivocationes,
3585 1412 3703 1452 atu-

2125 1492 2314 1562 biguas
2349 1505 2510 1545 voces
2530 1531 2544 1557 ,
2577 1491 2828 1559 pr0prias
2858 1500 2912 1545 et
2960 1491 3286 1562 imprOprias
3314 1489 3582 1544 dictiones
3602 1532 3617 1554 ,
3647 1498 3702 1543 et

2125 1581 2501 1636 distinctiones
2540 1596 2648 1635 non
2687 1580 3048 1650 dijudicemus
3076 1597 3090 1644 ;
3121 1581 3582 1652 quemadmodum
3633 1596 3698 1634 ex

2123 1673 2465 1740 ignoratione
2496 1673 2944 1742 :equivocationis
2977 1689 3098 1742 quae
3131 1683 3217 1727 est
3251 1676 3305 1727 in
3337 1671 3701 1744 appellatione

2122 1765 2341 1829 ntundi,
2375 1765 2441 1819 ad
2485 1764 2739 1820 infandas
2771 1767 2841 1820 de
2871 1766 3131 1820 Creatore
3167 1766 3467 1820 sententias
3506 1763 3700 1833 dilapsi

2120 1866 2268 1922 sunt,
2305 1872 2409 1912 non
2441 1857 2816 1912 discernentes
2847 1858 2911 1912 de
2940 1858 3138 1925 quibus
3167 1860 3400 1928 positum
3430 1859 3502 1913 sit
3533 1858 3696 1912 illud:

2127 1965 2146 1996 ι
2171 1946 2400 2002 Mundus
2434 1949 2486 2001 in
2521 1950 2751 2018 maligno
2787 1951 2998 2017 positus
3033 1961 3116 2003 est
3141 1951 3210 2014 ",
3241 1969 3260 2002 ι
3297 1951 3442 2020 quod
3485 1952 3550 2004 de
3584 1960 3699 2004 ter-

2123 2035 2272 2089 renis
2299 2045 2352 2088 et
2390 2037 2641 2091 humanis
2680 2053 2745 2092 eo
2777 2039 2896 2092 loco
2913 2038 3151 2092 Joannes
3193 2042 3499 2106 usurpavit.
3539 2040 3704 2093 Arbi-

2127 2124 2251 2176 trati
2282 2124 2427 2176 enim
2462 2125 2718 2178 mundum
2751 2126 2852 2178 hac
2881 2123 3120 2180 dictione
3149 2123 3462 2191 signiﬁcare
3491 2123 3612 2176 coeli
3647 2133 3704 2177 et

2125 2221 2283 2266 terrae
2310 2213 2496 2268 orbem
2525 2222 2581 2267 et
2607 2228 2728 2283 qua:
2757 2214 2808 2268 in
2841 2215 2908 2269 iis
2939 2215 3307 2277 continentur,
3342 2211 3703 2267 audacissimo

2121 2313 2179 2360 et
2209 2319 2370 2374 supra
2401 2320 2564 2374 quam
2595 2306 2698 2360 dici
2749 2315 2954 2376 potest,
2985 2305 3196 2360 nefarie
3224 2305 3290 2360 de
3321 2303 3429 2358 Deo
3457 2319 3700 2373 pronun—

2125 2397 2302 2453 tiant:
2341 2413 2464 2452 eum
2522 2399 2700 2466 rcipsa
2747 2399 3128 2454 demonstrare
3161 2414 3266 2453 non
3309 2399 3557 2469 possint,
3593 2413 3702 2468 quo

2122 2499 2280 2558 pacto
2330 2488 2410 2542 sol
2445 2497 2498 2543 et
2535 2489 2660 2543 luna
2703 2498 2757 2544 et
2801 2499 2951 2544 astra
2979 2531 2994 2556 ,
3048 2505 3168 2559 qua:
3205 2500 3314 2544 tam
3351 2500 3478 2560 apto
3509 2491 3701 2546 ordine

2123 2593 2430 2646 moventur,
2466 2584 2518 2637 in
2553 2583 2788 2654 maligno
2816 2585 2991 2653 posita
3028 2585 3158 2642 sint.
3196 2584 3398 2638 Deinde
3425 2585 3468 2638 si
3499 2599 3567 2638 ex
3597 2584 3699 2639 hoc

2123 2670 2280 2726 loco:
2343 2689 2361 2721 ι
2393 2670 2494 2727 Hic
2543 2681 2627 2726 est
2664 2672 2851 2740 Agnus
2897 2671 3042 2738 Dei,
3073 2673 3168 2742 qui
3223 2673 3362 2728 tollit
3408 2683 3696 2742 peccatmu

2123 2763 2310 2817 mundi
2342 2764 2412 2826 ⁸⁸,
2444 2781 2462 2815 t
2501 2763 2735 2831 probare
2767 2764 2896 2832 ipsis
2927 2763 3258 2819 voluerimus
3290 2765 3570 2828 mundum,
3607 2765 3696 2820 ubi

2122 2856 2358 2910 abundat
2396 2865 2674 2926 peccatum
2696 2895 2712 2921 ,
2747 2857 3048 2912 secundum
3082 2856 3180 2911 has
3218 2855 3520 2912 locutiones
3551 2858 3656 2911 dici
3678 2899 3695 2924 ,

2122 2948 2224 3002 hoc
2257 2955 2341 3001 est
2379 2947 2446 3002 de
2478 2949 2833 3002 terrestribus
2882 2947 3048 3013 locis;
3099 2947 3190 3014 qui
3235 2947 3464 3004 candido
3511 2949 3700 3005 animo

2123 3037 2347 3104 fuerint,
2377 3040 2666 3094 adtnittent
2693 3055 2813 3109 qua!
2845 3041 3136 3104 dicuntur;
3178 3041 3500 3095 contentiosi
3534 3056 3696 3105 vero,

2121 3131 2313 3187 stolide
2341 3139 2394 3184 et
2425 3132 2607 3202 inepte
2653 3147 2773 3187 sese
2810 3142 3100 3186 versantes
3123 3171 3137 3197 ,
3174 3128 3240 3185 iis
3265 3133 3544 3186 adhmrcre
3573 3148 3697 3199 per-

2117 3236 2246 3296 gent
2292 3240 2411 3294 quae
2443 3226 2610 3282 semel
2647 3226 2784 3279 mala
2815 3225 3184 3296 iudicaverint
3221 3235 3443 3294 propter
3475 3226 3695 3294 ignora-

2120 3319 2318 3371 tionem
2352 3318 2821 3386 :equivocatiouis.
2854 3319 3068 3373 Rursus
3103 3317 3144 3370 si
3183 3317 3436 3371 dicatur:
3499 3333 3517 3366 ι
3555 3316 3700 3369 Deus

2116 3415 2236 3460 erat
2269 3405 2322 3461 in
2358 3404 2577 3462 Christo
2609 3406 2868 3460 mundum
2900 3405 3266 3462 reconcilians
3295 3405 3398 3460 sibi
3427 3406 3494 3470 ⁸⁷,
3531 3425 3550 3457 ι
3589 3420 3696 3458 non

2111 3496 2226 3565 jam
2261 3506 2519 3566 poterunt
2547 3497 2691 3565 quod
2719 3496 2786 3551 de
2819 3497 3079 3551 universo
3112 3497 3313 3550 mundo
3346 3505 3694 3566 acceperant,

2120 3586 2220 3640 hoc
2252 3596 2358 3653 est,
2390 3588 2456 3642 de
2491 3587 2556 3641 iis
2585 3601 2705 3656 quae
2735 3586 2786 3640 in
2824 3596 2936 3641 toto
2973 3587 3176 3640 mundo
3209 3595 3356 3652 sunt,
3390 3585 3695 3656 praesertim

2119 3680 2413 3732 secundum
2443 3680 2774 3748 hypotheses
2803 3693 2929 3732 suas
2959 3680 3370 3732 demonstrare:
3404 3680 3470 3734 de
3501 3679 3694 3734 eodem

2120 3768 2262 3822 ettim
2295 3770 2591 3823 dictionem
2628 3779 2686 3822 ut
2717 3769 2867 3838 plura
2901 3768 3298 3838 signiﬁcantem
3328 3771 3697 3838 pervestigare

2120 3872 2344 3914 necesse
2365 3868 2470 3914 est.
2497 3859 2880 3929 Anihiguitatis
2908 3870 3090 3914 autem
3122 3874 3505 3924 perversarum
3527 3877 3696 3932 expo-

2117 3949 2372 4006 sitionqu
2397 3963 2450 4007 et
2473 3951 2930 4022 interpunctionis
2947 3963 3000 4008 et
3018 3964 3402 4009 sescentorum
3429 3955 3694 4025 ejusmodi

2114 4044 2360 4114 exempla
2414 4059 2518 4098 non
2549 4058 2719 4115 pauca
2754 4044 3025 4113 reperiet,
3063 4045 3154 4114 qui
3207 4046 3258 4100 id
3289 4048 3550 4103 studebi-t.
3586 4049 3694 4104 Sed

2118 4135 2232 4190 haec
2280 4149 2381 4204 per
2412 4136 2810 4206 digressionem
2841 4179 2856 4202 ,
2909 4149 2968 4193 ut
3016 4139 3429 4194 ostenderemus
3469 4140 3540 4194 ita
3595 4155 3694 4195 nos

2115 4241 2330 4297 quoque
2371 4228 2684 4284 existimare
2725 4230 2832 4285 illis
2858 4273 2872 4295 ,
2928 4233 3018 4301 qni
3061 4233 3249 4288 volunt
3281 4233 3332 4286 in
3387 4232 3694 4303 intelligen-

2119 4319 2188 4371 tia
2234 4319 2542 4373 divinarum
2575 4319 2986 4390 Scripturarum
3024 4326 3306 4378 veritatem
3339 4334 3558 4386 tenere,
3596 4338 3694 4378 nec

443 4413 771 4482 σφάλλεσθαι
806 4414 933 4486 περὶ
957 4413 1054 4485 τὴν
1087 4413 1342 4485 ἀλήθειαν
1371 4416 1428 4466 ὲν
1460 4414 1536 4484 τῷ
1569 4417 1709 4467 νοεῖν
1741 4416 1837 4478 τὰς
1865 4415 2014 4479 θείας

2121 4410 2248 4476 labi,
2284 4413 2750 4480 pernecessariam
2786 4429 2909 4469 esse
2945 4414 3250 4471 liberalium
3285 4417 3480 4471 artiqu
3512 4418 3692 4487 scien-

441 4505 659 4580 i‘paqai;
721 4506 1122 4574 ἀναγκαιότατά
1171 4507 1285 4558 ἐστι
1345 4505 1414 4560 τά
1461 4507 1728 4560 πίπτοντα
1781 4509 1861 4570 εἰς
1914 4507 2012 4580 τήν

429 4576 632 4665 ἂρῆσιν
663 4597 858 4651 εἰδέναι
898 4598 1110 4666 λογικά·
1139 4592 1213 4652 ὧν
1249 4598 1343 4651 καὶ
1386 4597 1481 4651 νῦν
1508 4598 1807 4669 ἐδεήθημεν
1837 4602 1916 4664 είς
1949 4576 2011 4653 τὸ

442 4687 619 4758 εὑρεῖν
657 4687 754 4757 τὴν
795 4687 1055 4759 διαφορὰν
1084 4687 1192 4742 τῶν
1221 4687 1531 4758 λεγομένων
1569 4689 1849 4757 γεγονέναι
1887 4709 1904 4740 ι
1933 4693 2013 4755 εἰς

439 4779 616 4850 ἀρχὰς
648 4779 744 4849 τῆς
775 4781 986 4848 νυκτὸς,
1004 4785 1239 4849 ικαὶιείς
1257 4787 1317 4842 τὸ
1339 4781 1528 4852 ἄρχειν
1554 4781 1652 4851 τῆς
1682 4781 1894 4853 ἡμέρας
1916 4784 2010 4837 καὶ

437 4871 538 4940 τῆς
563 4869 776 4934 νυκτός.
797 4889 824 4926 δ

582 5012 630 5044 ⁵⁸
660 5013 678 5067 l
712 5013 870 5068 Joan.
901 5031 949 5080 v,
987 5015 1072 5071 l9.
1147 5015 1194 5048 '°
1225 5013 1380 5071 Joan.
1415 5033 1450 5084 ι,
1476 5015 1566 5074 29.
1638 5018 1682 5050 ⁸⁷
1712 5015 1748 5071 ΙΙ
1777 5019 1902 5075 Cor.
1934 5037 1987 5087 ν,
2024 5021 2104 5076 l9.

509 5158 620 5230 (Η)
661 5158 772 5230 Καὶ
803 5159 964 5228 παρὰ
987 5159 1068 5226 τῷ
1089 5160 1404 5230 θεράποντι
1430 5162 1721 5228 νενόηται.
1753 5162 1823 5216 lla
1857 5165 2016 5219 habet

437 5227 623 5300 Tariui
656 5229 848 5300 editio,
875 5227 928 5281 et
965 5231 1036 5283 ita
1087 5227 1299 5298 legebat
1332 5247 1547 5300 quoque
1580 5227 1964 5288 Genebrardus
1997 5253 2009 5289 :

440 5299 670 5373 vitiose,
721 5299 766 5351 si
832 5300 1377 5373 modo_mcndusam_
1418 5299 1744 5373 scripturam
1804 5304 2008 5373 integra

437 5368 642 5436 sciiuus
675 5382 966 5436 seponere.
993 5369 1146 5434 Quod
1178 5371 1220 5421 si
1258 5368 1586 5434 conjectum
1621 5371 1771 5425 locus
1804 5368 2006 5430 estfita

437 5435 895 5514 legemlum'esse
945 5438 1451 5514 stlspicat'l__possis,
1497 5441 1592 5514 καὶ
1642 5441 1790 5512 παρά
1830 5443 2008 5514 τῷτά

435 5504 552 5557 θεία
582 5506 848 5576 γράφοντι
873 5504 1344 5576 νενόηταιπ-Ιῐςῐιι·
1369 5507 1610 5572 Huetius,
1641 5504 1733 5563 cui
1754 5504 2004 5566 assentiri

437 5590 545 5627 non
587 5592 828 5650 possunt,
859 5579 1002 5650 quod
1033 5578 1158 5628 alibi
1187 5582 1254 5650 ab
1295 5576 1764 5650 Ot'igem-._Muyses
1798 5583 2004 5649 simpli-

439 5651 579 5716 citer
608 5648 821 5716 dicatur
861 5646 1118 5716 θεράπων
1146 5656 1198 5698 et
1229 5646 1480 5716 θεράπων
1509 5646 1662 5704 Θεοῦζ
1695 5649 1821 5706 Vide
1851 5646 2005 5707 notas

438 5715 502 5764 ad
537 5713 756 5770 Exhort.
789 5720 855 5770 ad
891 5713 1226 5786 niurlytium,
1258 5713 1358 5787 pag
1403 5718 1526 5771 306.

2123 4502 2250 4556 tiam
2279 4542 2294 4567 ,
2330 4504 2527 4572 quibus
2559 4514 2612 4557 et
2649 4520 2793 4558 nunc
2827 4507 2983 4562 nobis
3015 4525 3149 4577 Optls
3177 4510 3297 4573 fuit,
3336 4519 3393 4562 ut
3423 4510 3695 4562 invenire~

2121 4609 2240 4648 mus
2267 4633 2282 4654 ,
2331 4607 2440 4662 quo
2487 4592 2740 4649 differant
2778 4596 2906 4660 illa,
2951 4613 3072 4666 quae
3106 4598 3361 4654 dicuntur
3405 4599 3548 4654 facta
3637 4599 3692 4654 in

2119 4687 2472 4754 principatum
2507 4688 2696 4750 noctis,
2730 4697 2782 4742 et
2816 4699 2868 4742 ιιι
2904 4700 3185 4758 pra‘esscul
3232 4691 3338 4745 diei
3372 4701 3418 4745 et
3467 4691 3628 4746 nocti.

2191 5168 2304 5236 (‘25)
2357 5169 2408 5221 '0
2440 5169 2766 5238 κυριώτατα
2799 5168 3303 5239 ἐρλιῃνεύεινμειο.
3341 5167 3430 5223 Sic
3464 5184 3604 5239 saepe
3633 5172 3685 5228 in

2123 5235 2364 5311 Epistoln
2394 5240 2464 5311 od
2495 5235 2840 5311 Africanum;
2874 5238 2961 5311 sic
2989 5252 3128 5311 εει-[ιε
3147 5236 3539 5311 _I_lieronymus.

2189 5305 2832 5378 (ΞυηἘκπεπτὼκασιν
2868 5305 2966 5357 ἐπὶ
3015 5307 3100 5360 τό.
3146 5305 3502 5363 Valentiniani
3536 5312 3683 5367 vide-

2115 5376 2258 5438 licet,
2283 5376 2655 5447 "!ﬁarciunislte
2687 5377 2885 5443 altique
2913 5392 3098 5430 eorum
3134 5382 3432 5447 corporali.

2185 5447 2298 5569 (ἓῦ)
2342 5444 2549 5500 Philoc.
2582 5463 2708 5514 ms.,
2739 5446 3084 5516 τεταγμένως
3111 5471 3124 5515 ;
3180 5444 3443 5520 impressa
3463 5492 3476 5514 ,
3525 5467 3681 5507 τετα-

2185 5559 2188 5566 ,
2222 5534 2306 5568 να.

2111 5534 2306 5568 γιιενα.

2122 5560 2306 5655 “Elii
2338 5586 2500 5662 [lupis
2542 5584 2656 5662 ςὴν
2690 5585 3038 5662 ὃςίιστίνλήιο.
3095 5588 3255 5646 Iluet.
3290 5591 3495 5662 legend.
3533 5592 3678 5646 vide-

2115 5666 2222 5723 tur,
2263 5658 2386 5727 τερὶ
2417 5656 2516 5727 τὴν
2543 5655 2843 5728 διαστολὴν.
