4180 6216
529 271 600 323 εν,
2013 249 2362 306 OlttCENES
3765 240 3836 291 επὶ

540 375 864 436 seahellnm,
905 371 1177 426 invenitur
1215 370 1563 422 dcamhulare
1611 371 1664 423 in
1700 371 1815 424 solo
1837 373 2108 437 paradiso,

2219 369 2398 421 πόδιον
2432 367 2542 420 τῶν
2577 365 2773 424 ποδῶν.
2803 367 2860 418 ἐν
2891 365 3140 436 μόνῳτῷ
3166 365 3480 436 παραδείσῳ
3506 363 3823 436 εὑρίσκεται

541 478 632 518 aut
660 475 882 534 apparet
917 464 1044 515 Mosi
1074 465 1127 512 in
1161 460 1364 513 vertice
1417 466 1619 516 montis
1653 463 1826 515 Sina?
1877 465 1940 516 Et
1981 481 2108 533 quo-

2223 457 2564 530 περιπατῶν,
2599 457 2632 526 ἢ
2664 458 2723 509 ἐν
2770 461 2837 527 τῇ
2885 461 3098 530 κορυφῇ
3138 459 3233 512 τοῦ
3281 461 3415 514 Σινᾶ
3453 460 3699 528 φαίνεται
3742 457 3824 528 τῷ

542 557 700 609 modo
729 555 834 616 ille,
855 558 945 620 qui
988 552 1114 604 talia
1153 553 1218 605 de
1262 551 1369 606 Dco
1395 552 1812 617 existimaverit,
1841 570 1944 608 non
1983 555 2116 609 stul—

541 658 630 702 tus
659 645 906 700 dicetur?

543 760 653 828 26
685 757 882 811 Deinde
904 767 1015 825 post
1050 757 1232 828 inuito,
1257 774 1386 828 qua?
1425 758 1635 810 disserit
1692 759 1760 810 ad
1802 762 2117 814 eversionem

895 827 1153 893 ejusmodi
1180 827 1458 891 opinionis,
1495 829 1726 888 subiicit.

612 918 714 982 Qui
750 931 878 970 vero
911 926 1117 970 asseret
1152 916 1303 978 illud,
1336 919 1404 968 ad
1434 919 1736 986 imaginem,
1769 936 1873 973 nou
1910 921 1962 973 in
1995 936 2117 973 cor-

537 1024 666 1077 pore
688 1008 1019 1069 consistere,
1044 1007 1134 1060 sed
1163 1007 1214 1058 in
1239 1009 1417 1060 anima
1466 1009 1739 1072 rationali,
1771 1011 1966 1076 dogma
2005 1025 2118 1065 Sta-

539 1111 650 1150 tuet
679 1115 782 1152 non
813 1102 1290 1165 contemncmlmn,
1311 1100 1776 1167 comprehenderis
1804 1118 1924 1169 quzc
1942 1101 2113 1157 facul-

537 1201 675 1244 lates
707 1191 815 1243 sint
864 1190 1053 1254 ipsius.
1087 1191 1218 1243 Nam
1251 1207 1371 1258 qua:
1421 1191 1475 1242 in
1515 1192 1733 1246 homine
1772 1204 1848 1246 est
1890 1193 2115 1251 facultas

534 1281 1246 1352 cognoscendi,iudicandi,
1271 1283 1407 1337 bene
1434 1285 1699 1346 mcreudi,
1734 1284 1968 1340 faciendi
1997 1303 2117 1356 qua:

529 1373 676 1439 justa
719 1381 864 1434 sunt,
918 1371 1274 1438 fortitudinis,
1306 1382 1380 1438 et,
1412 1384 1467 1426 ut
1505 1375 1669 1428 semel
1701 1375 1900 1441 dicam,
1940 1380 2116 1434 omnis

537 1464 659 1516 boni
698 1462 965 1528 effectrix,
1002 1478 1032 1516 a
1069 1462 1178 1518 Deo
1211 1463 1309 1533 ipsi
1351 1475 1534 1518 creata
1585 1475 1667 1520 est
1696 1467 1761 1520 ad
1805 1469 2115 1538 imaginem.

534 1554 690 1618 Quod
723 1561 904 1604 autem
935 1568 1040 1605 non
1078 1553 1253 1606 forma
1281 1557 1556 1623 corporis,
1603 1559 1696 1610 sed
1724 1557 1971 1614 actiones
2025 1575 2115 1613 re-

536 1651 861 1711 prmsentent
896 1643 1054 1695 nobis
1101 1642 1392 1711 imaginem
1429 1643 1543 1706 Dei.
1592 1656 1778 1716 aperte
1827 1649 2116 1718 Apostolus

2219 553 2428 621 Μωσῇ;
2459 551 2569 601 Καὶ
2605 550 2723 612 πῶς
2772 549 2949 603 ταῦτά
2997 568 3080 614 τις
3131 553 3260 622 περὶ
3306 551 3444 605 Θεοῦ
3499 550 3738 617 δοξάζων
3761 553 3823 605 οὐ

2225 639 2407 708 μωρὸς
2436 638 2764 708 λεχθήσεται
2786 655 2802 703 ;
3362 644 3369 652 ’

2213 745 2359 801 Εἶτα
2387 750 2585 803 πολλὰ
2613 750 2765 817 πρὸς
2792 751 3143 818 ἀνατροπὴν
3181 753 3368 806 εἰπὼν
3397 752 3509 820 τῆς
3544 754 3821 821 τοιαύτης

2789 821 2980 886 δόξης
3014 821 3239 890 ἐπάγει.

2303 911 2361 961 '0
2391 910 2448 963 δὲ
2484 910 2712 978 φάσκων
2745 911 2806 964 τὸ
2848 911 2974 964 κατ’
3017 915 3222 964 εἰκόνα
3251 913 3363 983 (59.)
3395 913 3470 984 μὴ
3509 915 3566 965 ἐν
3608 913 3819 982 σώματι

2219 997 2379 1065 εἶναι,
2412 1005 2470 1054 ὲν
2491 1003 2548 1056 δὲ
2572 1007 2636 1073 τῇ
2671 1003 2862 1073 λογικῇ
2889 1003 3058 1073 ψυχῇ,
3093 1005 3436 1074 παραστήσει
3461 1005 3562 1056 οὐκ
3585 1005 3820 1058 εὐκατα-

2218 1095 2484 1166 φρόνητον
2529 1095 2726 1166 δόγμα,
2779 1094 3102 1148 καταλαϐὼν
3159 1096 3304 1159 τίνες
3362 1095 3622 1166 δυνάμεις
3679 1095 3820 1149 εἰσὶν

2218 1187 2410 1255 αὐτῆς.
2450 1187 2514 1240 Ἦ
2543 1188 2652 1259 γὰρ
2690 1187 2968 1258 γνωστικὴ
3008 1188 3238 1258 δύναμις
3265 1191 3298 1258 ἡ
3330 1191 3386 1241 ὲν
3415 1188 3494 1258 τῷ
3521 1188 3816 1260 ἀνθρώπῳ,

2219 1280 2439 1349 κριτική
2476 1296 2537 1331 τε
2592 1280 2686 1332 xui
2737 1277 3078 1351 εὐποιητικὴ,
3132 1280 3596 1352 δικαιοπρακτική
3629 1298 3689 1334 τε
3723 1281 3820 1334 καὶ

2220 1371 2506 1440 ἐρρωμένη
2543 1371 2675 1439 (53),
2718 1372 2812 1425 xui
2853 1370 3192 1436 ἁπαξαπλῶς
3238 1373 3441 1435 παντὸς
3485 1371 3654 1426 καλοῦ
3700 1374 3821 1426 ἑπι-

2218 1462 2524 1532 τελεστική,
2555 1464 2676 1515 κατ’
2703 1463 2889 1515 εἰκόνα
2919 1463 3025 1516 ὑπὸ
3046 1463 3138 1517 τοῦ
3164 1463 3300 1516 Θεοῦ
3329 1464 3622 1531 γεγόνασιν
3643 1463 3818 1534 αὐτῷ.

2221 1553 2342 1606 Ὅτι
2382 1553 2439 1606 δὲ
2480 1553 2542 1606 τὸ
2588 1556 2709 1606 κατ’
2740 1554 2926 1607 εἰκόνα
2960 1555 3016 1607 αἰ
3054 1554 3278 1626 πράξεις
3323 1556 3815 1627 χαρακτηρίζουσι,

2218 1643 2313 1695 xui
2359 1644 2482 1712 οὐχί⁵
2516 1646 2549 1714 ἡ
2589 1644 2681 1697 τοῦ
2732 1645 2985 1715 σώματος
3019 1646 3221 1716 μορφὴ,
3257 1645 3444 1713 σαφῶς
3488 1648 3516 1699 6
3557 1646 3818 1698 ’Δπόστο-

537 1735 588 1785 iu
609 1733 849 1799 Epistola
880 1731 944 1784 ad
973 1731 1290 1786 Corinthios
1311 1734 1442 1787 dicit
1464 1752 1476 1786 :
1500 1713 1957 1800 Quemadmodum
1991 1759 2108 1808 por.

2215 1734 2306 1798 λος
2335 1736 2392 1786 ἐν
2422 1736 2488 1805 τῇ
2715 1713 3038 1806 Κορινθίους
3085 1713 3253 1808 ιρησίο
3284 1739 3487 1806 Καθὼς
3527 1739 3817 1809 ὲφορέσαι

537 1833 760 1884 lavimus
816 1830 1098 1895 imaginem
1145 1835 1358 1896 terreni,
1387 1835 1458 1886 ita
1477 1845 1741 1903 portemus
1768 1844 1816 1888 et
1833 1835 2115 1904 imaginem

535 1923 751 1975 rwlestis
769 1921 834 1974 ⁸⁷.
858 1920 922 1974 Ει
948 1922 1240 1989 imaginem
1272 1933 1547 1977 terrenam
1569 1933 1770 1993 portat,
1797 1925 1888 1994 qui
1919 1940 2117 1979 secun-

535 2012 659 2065 du.n
692 2027 910 2065 carnem
949 2012 1102 2076 vivit,
1127 2022 1180 2067 et
1220 2015 1434 2082 perficit
1460 2031 1626 2084 opera
1671 2016 1896 2070 carnis:
1928 2016 2120 2085 imagi-

535 2117 656 2155 nem
689 2117 818 2156 vero
853 2103 1116 2165 cmlestis,
1146 2105 1238 2170 qui
1290 2105 1482 2172 spiritu
1523 2117 1682 2160 actus
1709 2109 1893 2161 carnis
1924 2108 2115 2162 morti-

535 2193 684 2247 ficat.
715 2193 778 2248 Et
808 2194 859 2246 in
890 2194 995 2248 alia
1026 2195 1252 2263 epistola
1285 2197 1690 2265 vita-praecepta
1711 2199 1948 2262 tradens,
1977 2199 2118 2251 inter

535 2286 640 2339 alia
676 2285 954 2354 prmcipit:
993 2283 1058 2338 Ut
1087 2288 1202 2340 sitis
1249 2288 1534 2340 secundum
1577 2289 1856 2356 imaginem
1882 2289 1998 2357 ejus
2028 2292 2116 2360 qui

534 2380 726 2433 crearit
760 2379 826 2432 "'.
852 2377 989 2432 Deus
1012 2377 1339 2446 louganimis
1361 2386 1444 2430 est
1467 2392 1481 2429 :
1507 2378 1576 2430 ita
1610 2379 1770 2433 homo
1790 2379 2117 2448 longanimis

536 2471 700 2525 habet
751 2469 803 2523 id
848 2468 992 2538 quod
1022 2477 1105 2521 est
1188 2468 1254 2520 ad
1314 2467 1605 2536 imaginem
1671 2469 1785 2522 Dei.
1833 2467 2019 2524 Justus
2062 2482 2117 2526 et

534 2571 757 2615 s:unetus
779 2571 862 2614 est
894 2558 1178 2621 Dominus,
1203 2557 1499 2611 miserator
1519 2569 1572 2612 et
1596 2559 1928 2613 misericors.
1950 2561 2116 2631 Igitur

535 2652 625 2710 qui
658 2660 804 2704 amat
827 2649 1094 2717 justitiam
1144 2657 1196 2702 et
1235 2648 1608 2710 sanctitatem,
1634 2658 1686 2701 et
1717 2651 1924 2719 peragit
1952 2662 2116 2721 atque

535 2744 789 2794 observat
838 2749 1164 2810 praeceptum
1203 2740 1343 2793 istud
1390 2737 1693 2795 Salvatoris
1724 2757 1739 2794 :
1774 2741 1958 2796 Estote
2011 2747 2114 2798 mi-

531 2835 844 2898 δεήσοι-ἀει,
885 2834 1324 2902 quemadmodum
1383 2831 1541 2886 l’ater
1595 2845 1761 2887 vester
1812 2837 2114 2891 misericors

539 2939 612 2980 est
649 2928 725 2989 ⁶⁹;
753 2939 804 2980 ct
843 2946 855 2980 :
893 2925 1070 2979 Estote
1099 2927 1338 2995 perfecti,
1363 2926 1496 2979 sicut
1522 2923 1681 2979 Pater
1708 2939 1874 2983 vester
1895 2932 2114 2988 ccclesiis

531 3019 792 3088 perfectus
815 3020 974 3086 est",
1007 3021 1062 3072 lit
1093 3020 1271 3090 imago
1309 3021 1398 3075 Dei
1431 3037 1527 3090 per
1549 3022 1754 3077 omnia.

606 3195 671 3251 Et
703 3197 1050 3249 dominamini
1083 3197 1315 3264 piscibus
1350 3198 1536 3261 maris,
1559 3209 1607 3250 et
1633 3199 1934 3254 volatilibus
1968 3204 2106 3266 coeli,

526 3304 575 3346 et
605 3293 842 3346 omnibus
887 3293 1176 3360 pecoribus,
1214 3301 1265 3346 ct
1307 3293 1563 3346 universte
1600 3302 1776 3357 terrae,
1831 3306 1880 3350 et
1907 3300 2108 3353 cunctis

531 3386 802 3454 reptilibus
821 3402 939 3455 qua:
968 3395 1171 3454 reptant
1203 3401 1359 3453 super
1379 3386 1658 3439 terram".
1696 3386 2107 3444 Observandum

529 3487 616 3529 est
675 3477 1006 3530 recensendo
1063 3476 1424 3530 animantium
1477 3478 1780 3542 creatione,
1833 3479 1937 3533 alia
1986 3497 2108 3537 esse

529 3577 668 3632 cete,
702 3577 866 3637 atque
894 3567 998 3620 alia
1040 3569 1248 3632 reptilia
1294 3567 1632 3632 animarum;
1679 3569 1802 3623 itcm
1836 3576 2108 3640 quomodo

529 3657 616 3712 hic
642 3657 856 3712 dicatur
883 3659 1042 3713 homo
1076 3667 1395 3728 potestatem
1427 3658 1626 3713 habere
1658 3660 1883 3729 piscium
1905 3664 2102 3731 maris;

527 3763 878 3818 suppressum
911 3760 1094 3804 autem
1117 3751 1189 3803 sit
1212 3760 1457 3804 cetorum
1495 3765 1664 3817 genus
1691 3766 1755 3806 ac
1788 3753 2102 3810 bestiarum.

531 3837 645 3892 Non
687 3840 828 3892 enim
867 3840 1164 3908 putandum
1201 3850 1405 3896 temere
1452 3856 1558 3896 non
1590 3855 1711 3897 esse
1753 3844 1867 3898 haec
1899 3847 2100 3914 addita,

530 3946 650 3983 cum
677 3930 834 3984 facile
863 3931 1132 3985 conscribi
1163 3942 1341 4001 posset
1360 3951 1373 3989 :
1393 3932 1457 3986 Et
1476 3933 1825 3989 dominentur
1848 3939 2100 4005 piscium,

529 4038 590 4075 ac
619 4032 864 4075 cetorum
895 4023 1080 4084 maris,
1107 4031 1159 4076 et
1192 4023 1487 4078 bestiarum
1517 4035 1694 4094 terrui,
1726 4038 1780 4083 et
1803 4027 2100 4083 volatiliqu

527 4113 673 4179 cmli,
702 4125 863 4183 atque
887 4130 1167 4184 pecorum.
1190 4119 1266 4169 Ac
1290 4119 1689 4188 rogo,animum
1723 4122 1950 4176 adverte
1975 4137 2102 4176 num

531 4205 653 4260 inde
680 4207 1022 4275 conﬁciatur,
1054 4209 1197 4278 quod
1230 4209 1343 4264 haec
1365 4209 1586 4266 silentio
1609 4228 1796 4283 pressa
1828 4213 1957 4277 sint,
1992 4230 2100 4268 non

527 4298 692 4354 fuisse
736 4310 928 4354 cuncta
960 4302 1211 4355 animalia
1260 4303 1312 4355 in
1347 4304 1581 4359 hominis
1613 4307 1842 4373 gratiam
1887 4317 2096 4370 creata,

2212 1844 2329 1897 μεν
2376 1827 2492 1894 τὴν
2529 1828 2739 1880 εἰκόνα
2785 1827 2895 1881 τοῦ
2941 1828 3178 1897 χοϊκοῦ,
3223 1831 3414 1896 οὕτως
3470 1831 3818 1900 φορέσωμεν

2219 1919 2317 1972 xui
2348 1919 2465 1986 τὴν
2507 1920 2714 1972 εἰκόνα
2753 1919 2860 1973 τοῦ
2892 1920 3279 1988 ἑποιιρανίου.
3325 1923 3525 1976 Εἱκόνα
3564 1923 3662 1994 μὲν
3709 1923 3816 1994 γὰρ

2219 2011 2373 2079 φορεῖ
2405 2008 2594 2080 χοῖκὴν
2621 2011 2649 2063 6
2684 2009 2827 2062 κατὰ
2855 2011 3034 2082 σάρκα
3068 2011 3199 2075 ζῶν,
3233 2015 3328 2066 xui
3364 2014 3535 2067 ποιῶν
3566 2016 3637 2069 τὰ
3683 2015 3818 2085 ἔργα

2219 2100 2316 2169 τῆς
2346 2099 2579 2169 σαρκόςο
2609 2099 2792 2152 εἰκόνα
2821 2099 2877 2152 δὲ
2904 2101 2998 2153 τοῦ
3031 2102 3357 2173 ἐπουρανίου
3387 2105 3416 2155 6
3442 2102 3522 2173 τῷ
3545 2103 3817 2174 πνεύματι

2216 2191 2316 2254 τὰς
2350 2190 2578 2261 πράξεις
2608 2192 2707 2262 τῆς
2741 2192 2942 2262 σαρκὸς
2979 2192 3244 2246 θανατῶν.
3292 2194 3404 2247 Καὶ
3450 2197 3507 2247 ὲν
3549 2197 3716 2266 ἑτέρα
3759 2195 3816 2248 δὲ

2217 2285 2472 2354 ἐπιστολῇ
2501 2285 2769 2338 διδάσκων
2805 2285 2880 2349 ὼς
2905 2286 2986 2338 δεῖ
3019 2286 3187 2356 βιοῦν,
3223 2287 3477 2358 ἐπιφέρει
3507 2291 3626 2352 ταῖς
3666 2291 3815 2342 ἐντο-

2216 2371 2336 2436 λαῖς
2362 2373 2446 2437 τὸ,
2470 2375 2606 2428 Ἵνα
2630 2374 2888 2444 γένησθε
2925 2376 3049 2428 κατ’
3081 2377 3290 2429 εἰκόνα
3329 2375 3436 2429 τοῦ
3466 2377 3810 2444 κτίσαντος.

2216 2467 2420 2538 Κύριος
2473 2468 2846 2539 μακρόθυμος,
2886 2469 2983 2521 xui
3034 2470 3062 2522 6
3119 2469 3474 2541 μακρόθυμος
3525 2470 3813 2542 ἄνθρωπος

2217 2560 2329 2630 ἔχει
2357 2559 2420 2613 τὸ
2445 2560 2565 2613 κατ’
2591 2559 2776 2613 εἰκόνα
2795 2559 2951 2612 Θεοῦ.
2995 2559 3212 2622 Δίκαιος
3239 2560 3333 2612 xui
3358 2561 3502 2624 ὅσιος
3527 2563 3555 2614 6
3585 2561 3810 2633 Κύριος,

2217 2653 2311 2704 xui
2338 2652 2640 2722 οἰκτίρμων
2679 2653 2771 2704 xui
2807 2651 3054 2721 ἐλεήμων
3079 2651 3108 2702 6
3142 2651 3361 2722 Κύριος.
3391 2651 3601 2705 Οὐκοῦν
3630 2656 3658 2706 6
3683 2655 3813 2722 ἀγα-

2217 2745 2335 2796 πῶν
2362 2744 2712 2816 δικαιοσύνην
2741 2744 2834 2797 xui
2859 2744 3133 2812 ὁσιότητα,
3168 2744 3262 2796 xui
3292 2745 3547 2816 πράττων
3594 2746 3690 2798 καὶ
3721 2764 3811 2818 τη-

2217 2837 2328 2910 ρῶν
2366 2838 2463 2909 τὴν
2490 2838 2709 2909 ἐντολὴν
2736 2837 2830 2890 τοῦ
2869 2837 3124 2908 Σωτῆρος
3154 2835 3279 2906 τὴν,
3306 2837 3559 2890 Γίνεσθε
3591 2839 3808 2906 οἰκτιρ-

2211 2947 2418 3000 μον-ες,
2449 2930 2530 2995 ὡς
2557 2931 2655 2983 καὶ
2682 2933 2715 2984 ό
2744 2927 2947 2995 Πατὴρ
2974 2926 3142 2997 ὑμῶν
3171 2927 3486 2996 οἰκτίρμων
3507 2928 3661 2992 ἐστὶ,
3691 2929 3806 2996 xui,

2139 3050 2186 3112 Ο
2218 3024 2473 3077 Γίνεσθε
2507 3022 2742 3086 τέλειοι,
2793 3021 2875 3086 ὡς
2921 3023 2954 3074 ὀ
2999 3019 3204 3088 Πατὴρ
3252 3018 3417 3088 ὑμῶν
3453 3022 3486 3073 ό
3526 3020 3808 3088 οὐράνιος

2215 3113 2446 3180 τέλειός
2468 3114 2660 3178 ἐστιν,
2692 3111 2856 3166 εἰκὼν
2886 3111 3097 3181 γίνεται
3140 3110 3281 3163 κατὰ
3323 3109 3501 3164 πάντα
3524 3111 3618 3164 τοῦ
3645 3112 3802 3170 Θεοῦ.

2285 3205 2394 3257 Καὶ
2431 3203 2648 3272 ἄρχετε
2671 3203 2787 3256 τῶν
2809 3203 3031 3271 ἰχθύων
3058 3200 3164 3267 τῆς
3193 3199 3532 3268 θαλάσσης,
3564 3203 3663 3257 καὶ
3688 3204 3806 3258 τῶν

2212 3294 2500 3346 πετεινῶν
2515 3293 2623 3347 τοῦ
2637 3291 2917 3360 οὐρανοῦ,
2938 3291 3033 3345 καί
3047 3292 3288 3344 πάντων
3301 3289 3419 3344 τῶν
3429 3291 3689 3360 κτηνῶν,
3707 3293 3803 3348 καὶ

2210 3385 2413 3451 πάσης
2423 3403 2453 3437 τ
2464 3383 2534 3452 ῆς
2547 3383 2682 3454 γῆς,
2697 3384 2792 3437 καὶ
2808 3381 3049 3436 πάντων
3063 3380 3176 3434 τῶν
3188 3380 3451 3449 ἑρπετῶν
3466 3383 3582 3436 τῶν
3596 3383 3804 3450 ἑρπόν-

2210 3495 2330 3531 των
2343 3479 2441 3532 ἐπί
2464 3477 2573 3546 τῆς
2589 3477 2720 3547 γῆς.
2742 3476 3020 3548 Τηρητέον
3034 3475 3144 3545 (³54)
3157 3475 3235 3539 δὲ,
3247 3476 3330 3528 ὃτι
3351 3476 3408 3528 ὲν
3425 3475 3502 3546 τῷ
3519 3475 3802 3548 καταλόγῳ

2208 3569 2308 3637 τῆς
2331 3568 2441 3620 τῶν
2467 3567 2620 3632 ξώων
2649 3567 3029 3638 δημιουργίας,
3063 3565 3198 3619 ἄλλα
3234 3565 3302 3619 τά
3346 3567 3506 3638 κήτη,
3548 3569 3642 3621 xui
3670 3567 3803 3621 ἄλλα

2208 3668 2416 3738 ἑρπετά
2453 3666 2671 3737 ψυχῶν·
2709 3667 2804 3720 xui
2839 3666 2915 3729 ὡς
2953 3664 3143 3736 ἄρχειν
3177 3661 3274 3716 νῦν
3315 3662 3422 3715 τῶν
3466 3663 3664 3732 ἰχθύων
3702 3665 3800 3735 τῆς

2209 3759 2490 3829 θαλάσσης
2513 3761 2542 3811 6
2569 3758 2854 3829 ἄνθρωπος
2877 3756 3116 3824 λέγεται,
3143 3751 3480 3822 σεσιώπηται
3508 3754 3563 3806 δὲ
3591 3754 3653 3807 τὸ
3689 3754 3799 3810 τῶν

2209 3849 2388 3920 κητῶν
2409 3849 2564 3916 γένος
2590 3851 2682 3901 xui
2709 3848 2769 3899 τὸ
2793 3847 2901 3898 τῶν
2921 3844 3146 3914 Θηρίων.
3172 3842 3247 3894 Οὐ
3273 3842 3379 3912 γάρ
3411 3844 3586 3914 μάτην
3611 3845 3692 3897 δεῖ
3712 3863 3798 3899 νο-

2209 3941 2384 4012 μίζειν
2415 3939 2490 4010 μὴ
2515 3936 2897 4009 προστίθεσθαι
2928 3935 3020 3988 καὶ
3049 3931 3244 3995 ταῦτα,
3273 3932 3568 4005 δυναμένου
3592 3938 3794 4006 ἀναγε-

2204 4031 2471 4104 γράφθαιο
2508 4028 2618 4082 Καὶ
2645 4029 2964 4100 ἀρχέτωσαν
3004 4027 3115 4082 τῶν
3163 4029 3381 4100 ἰχθύων,
3408 4029 3501 4082 xui
3545 4028 3656 4081 τῶν
3694 4047 3795 4100 κη-

2203 4123 2312 4177 τῶν
2343 4124 2441 4193 τῆς
2499 4119 2795 4191 θαλάσσης,
2844 4120 2938 4172 καὶ
2977 4117 3084 4170 τῶν
3123 4118 3328 4190 θηρίων
3376 4119 3474 4189 τῆς
3521 4120 3646 4188 γῆς,
3698 4121 3792 4173 καὶ

2204 4215 2312 4268 τῶν
2358 4211 2623 4267 πετεινῶν
2674 4211 2768 4264 τοῦ
2811 4210 3062 4281 οὐρανοῦ,
3110 4211 3204 4264 καὶ
3246 4211 3355 4264 τῶν
3401 4211 3634 4280 κτηνῶν.
3679 4212 3789 4264 Καὶ

2204 4307 2527 4376 ἐπίστησον,
2593 4306 2641 4356 εἰ
2699 4302 2921 4356 δυνατὸν
2972 4303 3061 4356 διὰ
3115 4302 3176 4356 τὸ
3237 4302 3653 4372 σεσιωπῆσθαι,
3711 4304 3786 4374 μὴ

523 4394 620 4445 sed
678 4393 789 4448 haec
841 4409 1068 4463 quorum
1103 4394 1370 4450 dominari
1406 4395 1632 4460 dicitur,
1683 4412 1874 4466 nempe
1927 4397 2099 4466 pisces

2209 4401 2383 4454 πάντα
2430 4398 2496 4452 τὰ
2552 4397 2666 4462 ζῶα
2703 4396 2790 4449 διά
2826 4395 2916 4448 τὸν
2962 4395 3247 4466 ἄνθρωπον
3302 4397 3600 4464 γεγονέναι,
3653 4395 3786 4448 ἀλλά

527 4484 714 4549 maris,
753 4484 999 4540 volucres
1027 4487 1172 4549 εαξη,
1233 4502 1295 4540 ac
1325 4496 1483 4542 terra:
1518 4504 1737 4557 pecora,
1782 4488 1920 4542 forte
1969 4505 2098 4543 vero

523 4588 576 4631 et
609 4588 767 4632 terra:
799 4579 1008 4646 reptilia
1037 4581 1106 4633 oh
1133 4577 1369 4632 remedia
1401 4595 1613 4634 summe
1648 4583 1954 4635 necessaria
1978 4598 2100 4652 quin

520 4689 585 4726 ex
623 4673 728 4728 illis
761 4673 812 4727 in
839 4675 1135 4729 humanum
1169 4691 1324 4729 usum
1357 4679 1723 4746 proveniunt;
1786 4693 1891 4732 non
1922 4687 2097 4732 tamen

520 4765 756 4820 hominis
779 4781 942 4820 causa
968 4776 1122 4820 cetos
1147 4783 1365 4833 magnos
1390 4786 1452 4825 ac
1475 4784 1634 4825 terra:
1664 4769 1867 4823 bestias
1887 4778 2100 4825 creatas

516 4870 656 4910 esse.
695 4855 828 4911 Nam
867 4856 1068 4926 alioqui
1099 4858 1149 4911 in
1181 4869 1449 4927 potestate
1502 4859 1705 4914 homini
1748 4860 1874 4912 data
1905 4873 2095 4914 eorum

516 4960 668 5004 exset
719 4952 1084 5006 nomenclatio
1119 4953 1325 5009 addita.
1381 4954 1496 5008 Non
1549 4955 1856 5008 invenimus
1915 4965 2093 5008 autem

519 5046 570 5098 iu
625 5045 906 5113 Scriptura
955 5057 1269 5114 serpentqu
1311 5062 1480 5112 genus
1517 5047 1624 5116 27
1651 5047 1931 5115 reptilibus
1963 5061 2098 5099 con-

515 5137 815 5198 numerari,
851 5137 943 5190 sed
995 5137 1206 5192 bestiis.
1265 5138 1492 5206 Serpens
1547 5139 1710 5203 enim,
1751 5138 1946 5206 inquit,
1981 5149 2095 5191 erat

511 5226 952 5292 prudentissimus
983 5231 1215 5283 antatium
1235 5230 1515 5283 bestiarum
1534 5231 1598 5283 τ’.
1627 5228 1926 5282 lnActihus
1955 5243 2094 5298 quo-

588 5362 630 5394 "
667 5362 830 5421 lCor.
873 5383 962 5432 xv,
994 5367 1080 5422 49.
1159 5369 1204 5399 ⁶⁸
1232 5369 1435 5424 Coloss.
1469 5385 1550 5429 ut.
1582 5367 1670 5422 l0.

591 5503 702 5576 (ὅδὲ)
723 5505 790 5560 Τὸ
824 5503 948 5558 κατ’
974 5504 1315 5563 uixdum-Ic.
1370 5505 1658 5576 Imaginem
1683 5506 1771 5559 Dei
1795 5505 1845 5558 in
1876 5521 1978 5576 qua
1999 5505 2097 5559 ho-

518 5574 679 5646 mini)
701 5588 852 5642 parte
887 5578 1203 5644 inqrrossam
1224 5592 1340 5628 csse
1358 5574 1591 5632 senserit
1611 5574 2095 5646 ()rigetn.-s,'dispu-

521 5654 598 5698 tat
624 5644 849 5717 lim-tius
871 5647 1309 5714 (Ιιιςμνιὶιιιιονηιη
1337 5647 1426 5697 Iih.
1458 5663 1513 5709 ιι,
1541 5644 1730 5717 qua-sl.
1763 5649 1848 5714 1‘2,
1869 5665 2015 5702 num.
2035 5648 2084 5701 9.

591 5715 702 5784 (55)
747 5716 1087 5786 ’El’y'outérq.
1147 5718 1475 5772 (lotiubcltsio
1526 5715 1806 5789 lcgcudutu
1879 5721 2088 5776 videtur

1751 5369 1796 5399 ⁶⁹
1825 5369 1953 5425 Luc.
1977 5383 2051 5434 vr,
2082 5367 2174 5422 36.

2201 4493 2374 4548 ταῦτα
2404 4533 2419 4557 ,
2449 4485 2523 4546 ὧν
2546 4492 2734 4560 ἄρχειν
2757 4489 2992 4558 λέγεται,
3022 4489 3209 4559 ἰχθύας
3236 4489 3528 4559 θαλάσσης,
3561 4489 3654 4540 xui
3693 4506 3787 4541 πε-

2202 4585 2352 4638 τεινά
2387 4583 2638 4656 οὐρανοῦ,
2669 4583 2762 4635 xui
2801 4583 2974 4653 κτήνη
3018 4581 3118 4651 τῆς
3158 4581 3282 4650 γῆς,
3316 4580 3455 4650 τάχα
3488 4579 3546 4632 δὲ
3594 4580 3688 4632 xui
3720 4581 3786 4632 τά

2203 4677 2411 4750 ἑρπετὰ
2437 4677 2534 4747 τῆς
2559 4676 2681 4746 γῆς,
2711 4674 2798 4727 διά
2832 4673 2931 4737 τὰς
2964 4673 3396 4742 ἀναγκαιοτάτας
3418 4671 3526 4725 τῶν
3565 4673 3786 4743 φαρμά-

2204 4787 2314 4822 κων
2356 4769 2542 4839 χρείας
2592 4769 2686 4823 ἁπ⁹
2732 4765 2912 4818 αὐτῶν
2963 4764 3325 4836 τελουμένας·
3361 4766 3422 4818 οὐ
3471 4766 3653 4836 μέντοι
3700 4765 3788 4818 διὰ

2202 4861 2292 4914 τὸν
2323 4860 2607 4932 ἄνθρωπον
2651 4863 2824 4916 ταῦτα
2873 4857 3112 4926 ἐγεγόνει
3160 4856 3229 4909 τά
3279 4859 3418 4929 κήτη
3463 4857 3531 4911 τὰ
3575 4857 3783 4928 μεγάλα

2203 4954 2294 5006 xui
2332 4953 2400 5006 τά
2431 4953 2595 5024 θηρία
2631 4952 2730 5021 τῆς
2761 4950 2884 5020 γῆς.
2912 4944 2987 5021 ’ῌ
3031 4949 3140 5020 γάρ
3175 4947 3240 5002 ἂν
3271 4949 3572 5020 προσετέθη
3602 4953 3666 5019 τῇ
3697 4949 3782 5002 δε-

2200 5045 2398 5117 δομένῃ
2425 5046 2642 5117 ἐξουσία
2670 5045 2776 5098 τῶν
2816 5043 3119 5114 ἀνθρώπων
3157 5045 3250 5096 καὶ
3280 5046 3312 5114 ή
3354 5044 3553 5098 τούτων
3583 5044 3780 5113 ὀνομα-

2201 5139 2310 5190 σία.
2355 5139 2466 5208 Οὐχ
2514 5135 2913 5209 εὑρίσκομενδὲ
2947 5138 3003 5188 ἐν
3047 5139 3114 5208 τῇ
3157 5137 3346 5206 Γραφῇ
3373 5136 3432 5188 τὸ
3462 5135 3568 5187 τῶν
3601 5135 3779 5203 δφεων

2199 5228 2356 5294 γένος
2402 5229 2460 5283 ὲν
2507 5231 2756 5301 ἑρπετοῖς
2797 5229 3146 5300 τεταγμένον,
3191 5230 3304 5282 ἀλλ’
3351 5230 3408 5280 ὲν
3461 5229 3686 5300 θηρίοις.
3722 5230 3777 5282 Ὀ

2268 5371 2312 5400 ⁷ο
2349 5370 2540 5428 Matth.
2578 5389 2630 5438 ν,
2661 5371 2752 5428 48.
2845 5373 2888 5403 ⁷¹
2927 5373 3064 5428 Gen.
3088 5387 3128 5438 ι,
3160 5373 3252 5428 ‘28.
3361 5373 3406 5404 "
3439 5373 3574 5430 Gen.
3599 5389 3683 5440 ιιι,
3716 5377 3772 5432 2.

2204 5507 2476 5579 ἐρωμένη,
2512 5511 2654 5578 quod
2689 5527 2793 5564 non
2829 5513 3042 5566 videtur
3073 5512 3461 5566 necessarium.

2274 5581 2384 5653 (54)
2423 5581 2716 5653 Τηρητέον
2736 5580 2824 5646 δέ,
2849 5593 2955 5639 etc.
2986 5581 3250 5636 Eshibent
3285 5583 3383 5637 hoc
3415 5583 3775 5653 fragmentum

2201 5652 2412 5706 schedm
2445 5652 2686 5707 Coluhcl'.
