4180 6216
440 371 510 426 97
1870 376 1932 431 IN
1975 377 2276 434 CENESIM
2289 423 2301 436 .
3653 397 3716 450 illi

435 498 548 566 γὰρ
597 496 750 564 ὄφις,
797 498 986 567 φησὶν,
1031 492 1110 567 ἦν
1146 497 1586 567 φρονιμώτατος
1623 498 1866 551 πάντων
1911 497 2010 552 τῶι

2129 517 2257 569 quo,
2307 501 2491 568 vipera
2543 516 2663 570 qn:e
2721 501 2944 558 Paulum
3004 512 3394 579 momorderat,
3454 531 3517 573 ex
3579 517 3719 571 illitis

439 588 680 654 θηρίων.
712 589 816 641 Καὶ
841 589 898 642 ἐν
936 592 1054 653 ταῖς
1093 588 1363 660 Πράξεσιν
1405 589 1586 660 ἔχιδνα
1635 589 1878 642 δακοῦσα
1933 591 2026 643 τὸν

445 679 676 742 Παῦλον,
703 681 972 751 ἐκρέματο
1008 682 1149 735 κατὰ
1180 683 1282 754 τῆς
1323 684 1502 754 χειρὸς
1540 682 1738 735 αὑτοῦ·
1781 683 1875 735 καὶ
1907 685 2025 736 ὲπι-

441 771 624 844 φέρει·
680 771 924 838 Ἰδόντες
961 773 1029 826 δὲ
1069 774 1363 842 βάρϐαροί
1413 772 1786 843 κρεμάμενον
1816 772 1883 826 τὸ
1924 778 2025 840 οη-

428 863 585 934 ρίον.
630 865 716 917 Ἐν
741 863 796 917 δὲ
831 865 908 935 τῷ
944 866 1212 938 Λευῖτικῷ
1245 868 1345 940 ὅρα
1392 868 1484 920 ἐπὶ
1514 867 1674 920 τίνων
1720 867 1916 919 τάσσει
1962 865 2023 919 τὸ

431 955 677 1025 ἑρπετὸν,
705 955 779 1018 ὡς
801 957 1051 1026 οὐδαμῶς
1085 960 1176 1012 ἐπὶ
1199 959 1308 1012 τῶν
1339 957 1434 1011 νῦν
1467 960 1524 1011 ὲν
1551 961 1616 1028 τῇ
1646 957 1902 1029 συνηθείᾳ
1929 977 2023 1012 κα-

429 1047 519 1100 λου
527 1047 722 1118 μένων.
747 1049 937 1102 Ταῦτα
959 1049 1086 1121 γὰρ,
1114 1051 1270 1122 φησὶ,
1289 1051 1551 1120 φάγεσθε
1580 1049 1699 1104 άπὸ
1720 1050 1839 1102 τῶν
1857 1051 2023 1118 ἑρπε-

429 1139 546 1192 τῶν
564 1139 680 1191 τῶν
694 1140 999 1204 πετεινῶν,
1014 1141 1050 1196 ἂ
1066 1144 1416 1211 πορεύονται
1433 1144 1530 1196 ἐπὶ
1551 1141 1668 1196 τῶν
1683 1141 2017 1209 τεσσάρων,

428 1230 465 1283 ά
495 1232 618 1298 ἔχει
657 1231 848 1297 σκέλη
877 1232 1172 1301 ἀνώτερον
1203 1235 1323 1288 τῶν
1352 1235 1554 1289 ποδῶν
1576 1236 1788 1300 αὑτοῦ,
1819 1234 2020 1303 πηδςῐν

425 1323 496 1375 ἐν
514 1323 718 1389 αὐτοῖς
735 1325 831 1377 ἐπὶ
855 1323 964 1391 τῆς
984 1326 1097 1396 γῆς
1115 1345 1129 1358 ο
1153 1328 1252 1381 καὶ
1284 1329 1470 1382 ταῦτα
1497 1330 1759 1398 φάγεσθε
1782 1329 1883 1382 ἀπ’
1913 1331 2020 1380 αὐ-

426 1416 562 1480 τῶν,
595 1417 702 1471 τὸν
729 1418 1004 1488 βροῦχον
1048 1421 1147 1473 καὶ
1195 1421 1270 1473 τὰ
1314 1420 1488 1489 ὅμοια
1535 1419 1718 1484 αὐτῷ,
1764 1421 1865 1472 καὶ
1907 1419 2022 1487 τὴν

425 1507 638 1575 ἀκρίδα
689 1509 784 1563 καὶ
839 1511 913 1566 τὰ
963 1511 1138 1580 ὅμοια
1175 1511 1352 1578 αὐτῇ,
1386 1512 1484 1564 καὶ
1529 1510 1796 1577 άττάκην
1826 1510 2022 1563 καὶτὰ

425 1600 597 1670 ὅμοια
632 1601 815 1666 αὐτῷ,
869 1602 968 1655 καὶ
1030 1601 1142 1653 τὸν
1195 1603 1536 1669 όφιομάχην
1584 1601 1680 1654 καὶ
1731 1601 1805 1654 τὰ
1852 1601 2021 1670 ὅμοια

422 1695 612 1760 αὐτῷ’
661 1695 760 1748 καὶ
809 1693 934 1747 πᾶν
965 1692 1222 1760 ἑρπετὸν
1269 1693 1387 1747 ἀπὸ
1437 1693 1556 1746 τῶν
1603 1693 1889 1747 πετεινῶν
1927 1689 2020 1760 οἷς

423 1789 541 1841 εισι
595 1787 894 1852 τέσσαρες
945 1783 1148 1850 πόδες,
1175 1784 1489 1854 βδέλυγμα
1534 1785 1676 1855 ὑμῖν
1706 1786 1870 1850 ἐστι,
1916 1785 2014 1838 καὶ

423 1879 497 1930 ἐν
527 1878 762 1942 τούτοις
780 1874 1208 1945 μιανθήσεσθε.
1238 1876 1350 1929 Οὐκ
1381 1877 1537 1948 ἄρχει
1585 1878 1764 1932 τοίνυν
1805 1878 2018 1950 ἄνθρω-

430 1985 532 2029 πος
562 1966 686 2020 οὔτε
719 1967 826 2020 τῶν
860 1967 1037 2038 κητῶν
1063 1967 1168 2020 τῶν
1200 1969 1446 2038 μεγάλων
1470 1969 1597 2022 οὔτε
1639 1971 1751 2023 τῶν
1785 1969 2012 2041 θηρίων,

433 2058 575 2128 τάχα
601 2059 696 2130 τὴν
723 2059 894 2130 ἀρχὴν
922 2057 1046 2112 οὔτε
1095 2060 1162 2113 δι’
1207 2062 1369 2115 αὑτὸν
1411 2062 1818 2133 γεγενημένων.
1853 2062 1926 2114 Τὸ
1958 2061 2016 2114 δὲ

428 2149 613 2219 ὅμοιον
643 2154 753 2214 τοῖς
781 2151 964 2205 ἐνθάδε
998 2151 1508 2225 ἀναγεγραμμένοις
1559 2153 1666 2206 ὑπὸ
1711 2154 1811 2224 τὴν
1859 2153 2013 2217 ἐξου-

427 2239 547 2293 σίαν
581 2241 674 2294 τοῦ
704 2241 990 2314 ἀνθρώπου
1022 2246 1081 2298 ὲν
1111 2245 1189 2317 τῷ
1222 2253 1270 2318 η’
1296 2245 1497 2317 ψαλμῷ
1532 2246 1779 2314 λέγεται·
1811 2246 2014 2299 Πάντα

427 2331 723 2400 ὑπέταξας
767 2337 1044 2391 ὑποκάτω
1088 2338 1290 2392 ποδῶν
1345 2338 1554 2402 αὐτοῦ,
1602 2340 1865 2406 πρόϐατα
1913 2337 2012 2392 xal

2130 595 2400 662 pendebat
2431 611 2618 659 manu,
2659 596 3075 668 subjungitqne:
3109 600 3176 654 Ut
3213 605 3452 662 viderunt
3497 612 3718 664 barbari

2125 687 2433 752 pendentem
2462 686 2678 738 bestiam
2706 688 2773 741 ".
2813 688 2866 741 In
2898 689 3140 745 Levitico
3163 705 3341 749 autem
3372 701 3492 755 vide
3516 703 3568 756 in
3594 705 3684 771 qui

2127 773 2228 827 bus
2260 775 2449 843 reptile
2479 777 2799 840 constituat,
2859 789 3026 847 utque
3061 782 3114 835 in
3154 785 3302 838 nullo
3357 803 3545 844 eorum
3589 808 3712 862 qua:

2126 865 2286 918 modo
2319 881 2450 920 usus
2490 870 2799 921 communis
2834 871 3014 926 habet.
3058 873 3148 928 Ait
3176 879 3353 932 enim:
3392 879 3518 935 ΙΙηέ
3542 902 3713 939 rome-

2125 955 2260 1007 detis
2281 955 2346 1008 de
2379 957 2652 1023 reptilibus
2705 961 3001 1016 volatilium
3053 982 3170 1035 qua:
3205 971 3530 1037 gradiuntur
3557 992 3714 1041 super

2123 1059 2374 1118 quatuor;
2413 1066 2530 1116 qua’
2581 1049 2768 1104 habent
2817 1070 2974 1108 crura
3026 1059 3270 1127 longiora
3312 1075 3450 1116 retro
3489 1069 3710 1132 pedibus

2123 1140 2257 1201 suis,
2287 1156 2378 1207 per
2405 1156 2521 1208 qua'
2545 1142 2738 1194 saliant
2773 1161 2931 1210 super
2974 1156 3191 1214 terram;
3225 1163 3269 1204 et
3297 1152 3408 1206 ha'c
3431 1160 3711 1213 comedetis

2123 1232 2187 1284 de
2216 1232 2322 1284 eis:
2365 1233 2642 1296 brut/inm,
2673 1243 2720 1286 et
2752 1251 2868 1302 qua:
2895 1249 3017 1292 sunt
3050 1241 3096 1294 ei
3143 1243 3361 1308 similia;
3385 1256 3432 1299 et
3451 1247 3709 1303 lucustam

2121 1333 2168 1373 et
2201 1339 2320 1391 qua:
2352 1334 2474 1376 sunt
2499 1326 2544 1377 ei
2606 1327 2819 1389 similia;
2885 1339 2933 1381 et
2965 1341 3222 1397 atlncum,
3273 1345 3320 1388 et
3367 1353 3484 1406 qum
3513 1351 3634 1393 sunt
3658 1347 3708 1394 ei

2121 1414 2344 1475 similia;
2390 1427 2437 1468 et
2484 1418 2911 1486 apliimnachum,
2943 1433 2992 1474 et
3036 1440 3152 1492 qna:
3184 1436 3304 1479 sunt
3331 1429 3376 1480 ei
3417 1429 3635 1494 similia;
3657 1443 3708 1485 et

2121 1522 2274 1558 omne
2300 1507 2480 1574 reptile
2502 1510 2566 1561 de
2594 1509 2911 1574 volatilibus,
2931 1515 3116 1582 quibus
3147 1528 3266 1569 sunt
3283 1531 3508 1586 quatuor
3527 1525 3704 1590 pedes,

2121 1599 2444 1653 abominalio
2463 1611 2535 1653 est
2555 1602 2719 1668 vobis,
2745 1605 3117 1671 etpolluemini
3144 1609 3196 1660 in
3228 1613 3382 1666 eis“.
3401 1611 3514 1666 Non
3546 1616 3707 1684 igitur

2122 1691 2283 1744 homo
2331 1693 2696 1762 principatum
2741 1697 2898 1751 liabet
2945 1709 3191 1754 cetorum
3245 1719 3584 1773 magnorum,
3647 1721 3706 1766 et.

2121 1784 2441 1847 bestiarum,
2491 1801 2611 1853 qua:
2642 1803 2738 1840 nec
2781 1789 2896 1856 ipsa
2951 1788 3094 1846 [orte
3120 1809 3147 1844 ιι
3183 1795 3452 1866 principio
3507 1800 3557 1852 in
3586 1801 3703 1869 ejus

2124 1875 2354 1942 gratiam
2388 1887 2568 1930 creata
2602 1888 2750 1932 sunt.
2785 1881 3166 1937 Cousentanec
3205 1887 3288 1939 liis
3315 1901 3437 1956 qua:
3467 1891 3706 1950 hominis

2111 1965 2367 2025 potestati
2393 1962 2698 2031 mancipata
2723 1964 2811 2018 hic
2835 1968 3168 2032 scribuntur,
3195 1972 3394 2028 dicitur
3414 1975 3466 2028 in
3492 1980 3704 2046 psalmo

2111 2047 2556 2128 octavo:0mnia
2598 2052 2867 2120 subjecisti
2901 2057 2995 2108 sub
3039 2061 3252 2124 pedibus
3293 2065 3407 2131 ejus
3448 2084 3465 2118 :
3497 2085 3612 2121 oves
3652 2082 3700 2123 et

2109 2137 2259 2192 boves
2288 2141 2578 2206 universas,
2601 2144 2813 2214 insuper
2829 2157 2875 2199 et
2897 2165 3084 2215 pecora
3109 2155 3282 2224 campi
3300 2173 3318 2218 ;
3334 2157 3564 2212 volucres
3584 2163 3700 2214 caeli

2109 2239 2157 2282 et
2196 2233 2360 2300 pisces
2401 2236 2600 2300 maris,
2632 2253 2720 2306 qui
2765 2241 3132 2306 perambulant
3177 2249 3392 2301 semitas
3432 2253 3597 2308 maris
3624 2255 3693 2309 ⁷⁸.

2110 2321 2242 2376 Nam
2273 2323 2358 2378 ille
2389 2341 2606 2397 quoque
2637 2328 2704 2382 de
2736 2331 2872 2384 cetis
2900 2348 2963 2386 ac
2993 2334 3182 2391 bestiis
3209 2338 3418 2396 siletur.

425 2422 573 2488 βόας
599 2424 862 2490 ἁπάσας,
897 2427 982 2479 ἐτι
1025 2427 1095 2479 δὲ
1145 2427 1242 2480 καί
1271 2429 1344 2482 τὰ
1379 2427 1570 2495 κτήνη
1612 2427 1720 2481 τοῦ
1762 2427 2005 2480 πεδίου³
2046 2421 2121 2475 τὰ
2169 2416 2410 2471 πετεινὰ
2445 2415 2552 2469 τοῦ
2605 2416 2866 2484 οὐρανοῦ
2895 2417 2992 2472 καὶ
3026 2419 3170 2486 τοὺς
3209 2425 3421 2491 ἰχθύας
3448 2425 3559 2493 τῆς
3597 2430 3701 2481 θα-

420 2515 663 2585 λάσσης
685 2558 701 2581 ,
746 2519 820 2572 τὰ
866 2519 1334 2591 διαπορευόμενα
1386 2524 1624 2591 τρίϐους
1663 2519 2012 2577 θαλασσῶν.
2051 2512 2342 2570 Κάνταῦθα
2391 2512 2499 2582 γὰρ
2557 2510 2625 2564 τὰ
2669 2512 2808 2583 κήτη
2863 2511 2956 2564 καὶ
3008 2513 3076 2564 τὰ
3125 2513 3289 2584 Θηρία
3342 2515 3700 2588 σεσιώπηται.

493 2614 600 2667 Kal
631 2615 1039 2669 συνετέλεσεν
1066 2619 1099 2670 ό
1131 2619 1276 2684 Θεὸς
1312 2618 1383 2671 ἐν
1413 2617 1487 2686 τῇ
1517 2618 1707 2686 ἡμέρᾳ
1750 2615 1826 2684 τῇ
1866 2617 2008 2682 ἕκτῃ

422 2706 493 2759 τὰ
520 2705 662 2775 ἔργα
693 2706 884 2759 αὑτοῦ
918 2705 956 2760 d
985 2707 1446 2780 ἐποίησεν.’Ἦδη
1490 2709 1635 2773 τινὲς
1662 2709 1771 2778 (35)
1810 2707 2010 2761 ἄτοπον

2191 2604 2252 2659 Et
2283 2609 2661 2660 consummavit
2690 2606 2828 2659 Deus
2869 2607 2922 2658 in
2952 2608 3037 2660 die
3057 2618 3202 2661 sexto
3238 2624 3395 2677 Opera
3444 2629 3540 2665 sua
3583 2630 3702 2682 quia

2116 2702 2238 2770 fecit
2273 2700 2340 2752 ".
2369 2698 2550 2768 Aliqui
2579 2697 2690 2766 jam
2745 2697 3042 2751 absurdum
3095 2700 3474 2757 existimantes
3530 2704 3698 2758 Dettm

424 2797 897 2868 ὑπολαμϐάνοντες
923 2799 1015 2850 τὸν
1063 2798 1194 2852 Θεὸν
1231 2800 1387 2870 δίκην
1427 2801 1709 2871 οἰκοδόμου
1747 2797 1824 2869 μὴ
1864 2799 2010 2870 διαρ-

2117 2792 2403 2848 architecti
2465 2805 2619 2844 more
2666 2805 2775 2844 non
2805 2791 2965 2845 aliter
3021 2807 3182 2860 quam
3225 2793 3459 2861 plurium
3491 2798 3698 2851 dicrtnn

424 2887 685 2950 κέσαντος
727 2887 896 2958 χωρὶς
936 2886 1159 2958 ἡμερῶν
1195 2889 1456 2941 πλειόνων
1487 2889 1774 2959 πληρῶσαι
1803 2889 1904 2960 τὴν
1931 2890 2012 2941 οἰ-

425 2979 677 3048 κοδομὴν,
695 2979 751 3030 ὲν
781 2977 1020 3032 πλείοσιν
1047 2979 1283 3050 ἡμέραις
1308 2980 1651 3034 τετελεκέναι
1673 2981 1764 3033 τὸν
1785 2981 2009 3051 κόσμον,

424 3070 586 3137 φασιν
626 3068 718 3135 ὑφ’
749 3067 807 3120 ἓν
847 3069 1026 3122 πάντα
1071 3070 1374 3138 γεγονέναι,
1417 3072 1510 3124 καὶ
1553 3071 1802 3125 ἐντεῦθεν
1854 3071 2012 3125 τοῦτο

2119 2887 2311 2940 labore
2361 2883 2624 2938 fabricam
2675 2883 2908 2937 valentis
2956 2883 3263 2949 absolvere,
3321 2886 3461 2939 intra
3503 2888 3702 2942 multos

2119 2978 2235 3032 dies
2269 2976 2527 3030 mundum
2574 2975 2900 3044 perfecisse,
2940 2991 3048 3028 uno
3093 2987 3291 3030 cuncta
3328 2986 3600 3034 momento
3638 2994 3701 3031 ac

2118 3068 2280 3124 simul
2312 3067 2592 3123 exstitisse
2627 3067 2801 3133 aiunt,
2834 3078 2888 3122 et
2911 3067 3037 3122 hinc
3077 3068 3203 3122 illud
3239 3079 3521 3136 astruuut;
3550 3072 3700 3127 ordi-

424 3159 922 3224 κατασκευάζουσιν
938 3177 951 3190 ⁸
981 3160 1166 3214 ἕνεκεν
1186 3163 1243 3214 δὲ
1269 3162 1472 3227 τάξεως
1498 3163 1698 3216 οἴονται
1723 3164 1814 3217 τὸν
1837 3164 2008 3218 κατά-

2119 3162 2202 3216 nis
2234 3169 2415 3215 autem
2476 3173 2658 3228 causa,
2690 3168 2745 3212 et
2793 3168 2852 3212 ut
2897 3161 3072 3214 series
3104 3171 3338 3225 constet,
3391 3163 3602 3218 dierum
3643 3175 3701 3218 et

423 3253 577 3322 λογον
602 3253 712 3305 τῶν
741 3253 965 3324 ἡμερῶν
991 3253 1240 3324 εἰρῆσθαι
1267 3255 1362 3308 καὶ
1399 3255 1507 3307 τῶν
1539 3256 1596 3306 ὲν
1619 3256 1806 3319 αὐταῖς
1847 3273 2002 3324 γενο-

426 3345 621 3414 μένων.
653 3345 900 3407 Πιθανῶς
931 3345 976 3398 δ’
1007 3344 1075 3397 ἂν
1108 3345 1242 3415 πρὸς
1281 3346 1436 3399 τοῦτο
1477 3347 2004 3418 κατασκευαζομένῳ

423 3436 719 3504 χρήσαιντο
751 3423 920 3507 ῥητῷ,
941 3435 1043 3506 τῷ·
1072 3438 1265 3503 Αὐτὸς
1289 3435 1438 3500 εἷπε,
1474 3437 1571 3490 καί
1591 3438 1968 3508 ἐγενήθησαν
1986 3455 1999 3470 ’

422 3523 609 3589 αὐτὸς
639 3526 996 3592 ἐνετείλατο,
1029 3528 1127 3581 καὶ
1153 3529 1544 3594 ἐκτίσθησαν.

488 3615 650 3682 Αὕτη
682 3617 720 3683 ἠ
743 3617 962 3682 βίϐλος
1007 3619 1294 3686 γενέσεως
1327 3618 1586 3686 οὐρανοῦ
1617 3618 1718 3672 καὶ
1749 3618 1884 3688 γῆς,
1913 3619 2012 3672 ὅτε

421 3706 662 3776 ἐγένετο
679 3723 694 3736 ·
720 3702 760 3778 ᾖ
787 3707 978 3776 ἡμέρᾳ
1021 3707 1120 3761 ὅτε
1143 3707 1394 3774 ἐποίησε
1428 3710 1640 3776 Κύριος
1664 3712 1696 3761 ὀ
1730 3709 1873 3775 Θεὸς
1903 3709 2013 3762 τὸν

421 3798 684 3866 οὐρανὸν
716 3799 812 3853 καί
847 3798 963 3866 τὴν
983 3797 1119 3868 γῆν.
1151 3799 1246 3865 Τὸ,
1271 3799 1490 3865 βίϐλος
1513 3800 1641 3870 ('56),
1660 3801 1718 3852 ὲν
1756 3799 1834 3869 τῷ
1860 3801 2011 3870 τόπῳ

422 3889 594 3960 τούτῳ
623 3891 852 3944 καθόλου
901 3893 962 3944 οὐ
1006 3894 1183 3944 κεῖται
1224 3893 1352 3962 παρ’
1389 3891 1690 3963 Ἑϐραίοις·
1731 3893 1847 3946 ἀλλ’
1895 3891 2011 3944 ἐστι

427 3981 599 4053 πλάνη
639 3980 892 4052 Ἐϐραίου
925 3981 1202 4052 γραφέως,
1229 3980 1594 4052 πλανηθέντος
1633 3985 1692 4036 ἐν
1734 3985 1800 4053 τῇ
1829 3982 2006 4055 πλάνῃ

423 4075 655 4138 ἐκείνου,
708 4075 766 4127 ὲν
805 4067 850 4141 ᾧ
894 4076 1068 4127 κεῖται
1103 4072 1255 4146 παρὰ
1300 4073 1398 4144 μὲν
1445 4073 1676 4145 Ἀκύλᾳ·
1704 4072 1882 4128 Τοῦτο
1905 4075 2006 4137 βι-

422 4165 590 4217 ϐλίον
617 4162 998 4233 γεννημάτων
1042 4162 1214 4232 Ἀδάμ
1235 4178 1248 4192 ο
1288 4163 1439 4233 παρὰ
1471 4161 1527 4215 δὲ
1579 4165 1692 4224 τοῖς
1723 4163 1777 4214 0¹
1797 4178 1811 4192 ⁸
1843 4163 2006 4230 Αὕτη

427 4255 464 4320 ἡ
488 4255 704 4320 βίϐλος
738 4254 1030 4324 γενέσεως
1067 4253 1410 4320 άνθμόπων.
1459 4252 1624 4324 ᾭήθη
1671 4255 1780 4325 γὰρ
1821 4255 1919 4307 καὶ
1952 4256 2010 4307 ὲν

421 4345 592 4416 τούτῳ
626 4349 708 4420 τῷ
755 4346 905 4416 τόπῳ
929 4345 1170 4410 βιϐλίον
1211 4343 1656 4414 παραλελεῖφθαι,
1697 4346 1793 4396 καὶ
1840 4344 2012 4409 οὕτως

421 4439 552 4492 αὐτὸ
577 4439 904 4510 προσέθηκε.

493 4529 600 4582 Kal
653 4528 988 4596 ἐφύτευσεν
1030 4528 1064 4579 ό
1113 4525 1255 4592 Θεὸς
1302 4525 1672 4593 παράδεισον
1719 4525 1790 4578 ἐν
1838 4524 2006 4591 Ἐδὲμ

425 4617 572 4669 κατὰ
602 4617 920 4682 ἀνατολὰς,
952 4616 1051 4669 καί
1087 4614 1253 4668 ἔθετο
1272 4614 1402 4668 ἐκεῖ
1437 4615 1542 4668 τὸν
1572 4614 1904 4682 ἄνθρωπον,
1935 4614 2008 4668 ὃν

422 4709 677 4764 ἔπλασε.
716 4709 822 4762 Kal
863 4705 1238 4772 ἐξανέτειλεν
1273 4709 1306 4760 ὁ
1355 4707 1497 4771 Θεὸς
1529 4709 1616 4760 ἑτι
1649 4707 1719 4760 ἐκ
1760 4706 1870 4774 τῆς
1899 4705 2009 4778 τῆς

425 4799 551 4856 πᾶν
595 4800 785 4865 ξύλον
829 4799 1044 4870 ὡραῖον
1096 4802 1181 4865 εις
1231 4799 1466 4868 ὅρασιν,
1515 4800 1612 4853 καὶ
1676 4800 1869 4853 καλὸν
1921 4803 2009 4866 εις

494 4943 677 4997 "Act.
715 4957 906 5003 xxvnt.
943 4942 994 4996 4.
1086 4939 1132 4971 ⁷³
1161 4939 1336 4994 Levit.
1377 4941 1530 5004 st,°2l
1562 4958 1715 5012 seqq.

422 5013 478 5070 4.
552 5015 599 5048 ⁷⁸
636 5014 794 5075 ibid.,
821 5013 854 5066 8
877 5026 928 5065 et
955 5012 1008 5067 9.

495 5128 605 5198 ('55)
649 5127 796 5194 Ἡδη
829 5129 1006 5192 τινές,
1034 5137 1138 5180 etc.
1168 5125 1421 5198 Origeniis
1451 5125 1709 5198 esse_hocr
1732 5126 2008 5198 fragmen-

425 5195 560 5262 tum,
586 5195 729 5266 quod
758 5198 805 5249 ei
838 5198 1002 5250 etiam
1041 5197 1288 5250 tribuunt
1323 5197 1535 5266 scheibe
1562 5195 2000 5266 Combelisiaum,

425 5263 651 5324 Silltlel-ll
680 5283 740 5318 ea
769 5282 888 5333 qua:
915 5268 1028 5335 ipse
1056 5267 1215 5319 habet
1247 5265 1339 5319 lib.
1374 5281 1425 5318 IV
1459 5263 1532 5318 De
1563 5265 1836 5333 principiis
1860 5280 1878 5317 .'
1907 5265 2004 5328 Τίς

419 5337 554 5407 γοῦν
596 5336 720 5389 νοῦν
765 5336 901 5406 ἔχων
938 5334 1187 5404 οἰήσεται
1225 5334 1447 5406 πρώτην
1480 5336 1573 5388 καὶ
1607 5335 1864 5405 δευτέραν
1888 5336 2003 5407 καὶ

421 5405 612 5481 τρίτην
646 5405 877 5481 ἡμέραν,
904 5408 1141 5481 έσςπέραν
1169 5423 1224 5459 τε
1243 5405 1356 5481 Δκαὶ
1390 5407 1600 5477 πρωῖαν
1619 5407 1816 5481 ’χωρξις
1850 5405 2000 5481 ἡλίου

422 5434 612 5481 τριῑην
651 5434 877 5478 ιλμιρπν,
904 5434 1141 5477 ιυνιιιραν
1169 5434 1224 5459 ἰε’-
1268 5434 1356 5458 και
1390 5434 1599 5477 ἰψωιςιν
1647 5434 1745 5476 χυλα
1769 5434 1814 5467 ιε,
1856 5434 1998 5478 ιδιιιυυ

422 5477 737 5548 γεγονέναι.
768 5477 867 5548 ,καὶ
901 5476 1128 5548 σελήνης
1174 5478 1266 5548 καθ.
1298 5476 1532 5548 ἄστρων,
1557 5547 1560 5548 ν
1581 5475 1680 5547 τὴν
1729 5434 1785 5528 δὲ
1837 5476 1998 5548 οἱονεὶ

421 5545 646 5619 api.)qu
695 5547 788 5619 xa‘t
817 5548 983 5617 χωρὶς
1019 5545 1293 5619 οὐρανοῦ,
1333 5545 1462 5611 Quis
1495 5545 1654 5619 igitur
1687 5563 1848 5619 sanus
1881 5547 1998 5598 exi-

421 5614 660 5671 stimabit
708 5614 934 5684 prim—am
965 5629 1012 5669 et
1069 5614 1349 5670 secundum
1384 5626 1430 5668 et
1477 5617 1686 5669 tertiam
1733 5615 1904 5674 diem.
1948 5624 1996 5667 et

424 5703 687 5751 vesperam
725 5697 772 5739 et
804 5702 957 5739 mane
984 5689 1093 5739 sine
1133 5689 1264 5749 sole,
1291 5687 1442 5745 luna.
1486 5696 1533 5738 et
1570 5687 1750 5746 astris.
1791 5696 1836 5736 et
1884 5686 1997 5748 pri-

427 5774 561 5809 niam
595 5756 744 5808 illam
791 5757 901 5809 sine
931 5758 1057 5808 cirlo
1108 5757 1312 5822 fuisse?
1356 5756 1420 5807 lit
1471 5769 1589 5819 qua!
1641 5755 1802 5806 liabet
1860 5755 1996 5806 libro

422 5839 580 5882 sexto
621 5835 804 5880 contra
839 5824 1071 5894 Celsum,
1105 5843 1252 5881 num.
1275 5825 1364 5880 60.
1405 5825 1535 5880 Vide
1587 5824 1786 5878 locum.
1821 5823 1996 5878 (ist-tc—

2115 3269 2293 3308 rerum
2327 3267 2450 3320 quia
2483 3254 2536 3306 in
2582 3252 2688 3306 illis
2742 3253 2900 3308 facta
2957 3265 3105 3316 sum,
3149 3269 3431 3309 numerum
3489 3256 3702 3311 dictum

2110 3353 2324 3413 putant.
2376 3343 2440 3397 lli
2499 3343 2856 3413 probabiliter
2903 3344 3232 3397 sententiam
3287 3347 3573 3400 stabiliunt
3635 3363 3701 3400 ea

2111 3435 2432 3489 auctoritate
2460 3448 2568 3502 qua
2604 3433 2808 3488 dictum
2830 3441 2947 3485 est:
2977 3432 3096 3498 Ipse
3119 3433 3279 3494 dixit,
3303 3443 3352 3485 et
3380 3433 3525 3500 facta
3554 3445 3704 3500 sunt;

2111 3528 2220 3595 ipse
2261 3527 2554 3590 mandavit,
2583 3537 2629 3580 et
2658 3535 2836 3578 creata
2871 3534 2990 3578 sunt
3026 3525 3096 3579 ".

2189 3619 2292 3672 Hic
2319 3631 2393 3674 est
2423 3621 2555 3672 liber
2587 3617 2942 3688 generationis
2983 3617 3099 3670 caeli
3127 3625 3177 3670 et
3211 3627 3387 3682 terrm,
3411 3635 3529 3672 cum
3555 3619 3704 3684 facta

2113 3721 2233 3763 sunt
2255 3725 2272 3762 :
2296 3726 2402 3778 qua
2419 3711 2503 3762 die
2525 3709 2642 3777 fecit
2670 3708 2926 3761 Dominus
2953 3707 3090 3761 Deus
3118 3707 3301 3760 uelum
3334 3719 3380 3762 et
3407 3719 3601 3762 terram
3628 3709 3700 3764 ⁷⁸.

2116 3800 2241 3854 llaec
2275 3814 2398 3862 vox,
2427 3799 2582 3863 liber,
2610 3799 2716 3852 hoc
2747 3798 2868 3851 loco
2903 3813 3010 3852 non
3036 3806 3213 3853 exstat
3244 3801 3384 3868 apud
3408 3799 3699 3863 Hebraeos;

2111 3903 2206 3955 sed
2239 3914 2430 3954 errore
2462 3897 2673 3952 llebrzei
2731 3898 2938 3951 librarii
2986 3896 3195 3962 adjecta
3232 3902 3335 3957 est,
3377 3891 3590 3958 decepti
3625 3891 3701 3944 si-

2111 3992 2417 4045 militudine
2471 3989 2571 4044 loci
2623 3990 2766 4044 illius
2813 3988 2986 4056 (Gen.
3031 4002 3084 4048 ν,
3131 3984 3225 4054 1,)
3259 3985 3311 4037 in
3357 3997 3465 4052 quo
3503 3981 3698 4050 legitur

2110 4085 2251 4152 apud
2293 4083 2539 4151 Aquilam
2565 4085 2819 4150 quidem:
2864 4079 2969 4133 llic
3003 4089 3079 4134 est
3129 4079 3261 4130 liber
3301 4077 3693 4146 generationum

2111 4175 2318 4237 Adam;
2361 4174 2500 4243 apud
2541 4171 2706 4236 LXX,
2736 4186 2896 4227 vero:
2932 4171 3036 4224 llic
3081 4179 3159 4224 est
3184 4169 3318 4222 liber
3343 4167 3696 4237 generationis

2111 4268 2404 4320 liom'nnm.
2443 4264 2662 4318 Putavit
2685 4265 2829 4317 enim
2854 4264 3015 4318 etiam
3041 4263 3144 4316 hoc
3169 4264 3288 4315 loco
3306 4274 3517 4322 vocem,
3540 4258 3692 4320 liber,

2115 4357 2547 4426 praetermissam
2572 4355 2760 4422 fuisse,
2787 4367 2953 4424 atque
2987 4353 3120 4408 adeo
3154 4353 3298 4408 illam
3330 4349 3550 4418 adjecit.

2185 4529 2296 4598 28
2345 4528 2410 4581 Et
2458 4529 2712 4597 plantavit
2777 4527 2917 4583 Deus
2964 4530 3267 4597 paradisum
3317 4528 3371 4581 in
3411 4527 3577 4581 Edent
3626 4527 3694 4577 ml

2115 4623 2388 4682 orientem,
2418 4629 2464 4672 et
2511 4621 2682 4686 posuit
2733 4619 2843 4673 illic
2868 4621 3128 4675 hominem
3162 4637 3312 4690 quem
3347 4618 3690 4689 formaverat.

2119 4710 2183 4764 Et
2217 4712 2468 4777 produxit
2503 4712 2644 4766 Deus
2671 4713 2859 4765 iterum
2891 4729 2956 4767 ea:
2992 4725 3132 4766 terra
3161 4727 3310 4765 autne
3344 4710 3541 4779 lignum
3569 4708 3690 4772 pnl—

2115 4803 2297 4854 clirnm
2329 4802 2396 4853 ad
2445 4802 2750 4866 ridendum,
2783 4813 2830 4856 et
2863 4803 3054 4856 bonum
3081 4802 3150 4855 ad
3195 4798 3571 4854 comedendum
3622 4793 3690 4844 ".

1794 4941 1838 4972 ⁷⁸
1871 4939 2010 4997 l‘sal.
2043 4957 2160 5006 vni,
2188 4943 2242 4996 8.
2319 4941 2365 4971 "
2396 4940 2532 4995 Gen.
2559 4957 2617 5007 ιι,
2635 4942 2692 4996 ‘2.
2770 4940 2976 4995 "l’sal.
3001 4954 3226 5001 οιιΛίιι,
3249 4937 3302 4989 5.
3379 4934 3424 4966 ⁷⁸
3453 4930 3589 4986 Gen.
3626 4942 3684 4988 II.

2105 5141 2223 5180 rum
2255 5128 2320 5180 de
2351 5127 2450 5180 hac
2481 5125 2734 5192 Origenis
2761 5125 3022 5194 opinione
3054 5118 3274 5194 disserit
3310 5114 3536 5172 Huetius
3563 5113 3688 5171 Ori-

2102 5197 2447 5265 genianorum
2479 5188 2662 5260 libfit,
2691 5188 2890 5265 qntést.
2914 5195 2976 5265 8,_
3001 5205 3148 5245 num.
3175 5188 3229 5265 6.

2175 5266 2288 5336 (δῦ)
2335 5266 2424 5329 Τὸ,
2455 5257 2829 5330 βίϐλος-,ὶδιᾳ
2868 5263 2920 5314 In
2949 5261 3138 5336 lucem
3171 5257 3338 5336 edidit
3373 5257 3492 5336 hoc.
3515 5257 3677 5336 Stltit-

2105 5337 2213 5390 lion
2258 5327 2705 5388 Montel'ZdCOn'rt'ts
2737 5342 2918 5384 noster
2949 5331 3000 5382 in
3034 5328 3149 5381 suis
3175 5330 3241 5383 ad
3279 5327 3525 5396 ilexnpla
3563 5327 3688 5384 Ori-

2107 5407 2262 5476 gcnis
2291 5405 2600 5476 nutis,rtmn
2649 5403 2690 5463 Ι,
2727 5417 2850 5469 pag.
2883 5399 3088 5476 lli,_ulii
3132 5412 3314 5476 monet
3349 5400 3450 5468 legi
3489 5401 3538 5476 in
3569 5415 3690 5454 om-

2109 5469 2270 5528 nibus
2301 5475 2509 5527 catenis
2545 5488 2672 5523 mss.
2707 5485 2845 5537 quas
2884 5469 3038 5532 vidit,
3067 5480 3121 5522 at
3157 5469 3274 5523 sine
3318 5470 3553 5522 auctoris
3593 5487 3688 5521 nu-

2108 5545 2269 5596 mine.
2311 5543 2362 5593 In
2398 5540 2775 5610 Monspclicnsi
2817 5551 2996 5610 tamen
3032 5556 3194 5609 quam
3235 5541 3370 5594 vidit
3417 5537 3688 5610 (iambell-

2107 5615 2242 5675 sius,
2290 5611 2509 5680 Origeui
2547 5607 2823 5664 tribuitur.
2858 5609 2923 5665 Ut
2965 5623 3020 5664 ut
3052 5607 3177 5672 est,
3209 5610 3290 5662 liis
3338 5607 3517 5662 verbis
3562 5610 3690 5661 Uri-

2108 5699 2296 5762 genus,
2346 5681 2746 5762 senuquisquis
2787 5682 2948 5762 alius,
2986 5682 3189 5762 indicat
3228 5695 3410 5732 vocem
3449 5681 3686 5762 .wrp‘ab

2109 5755 2336 5806 Item-tuo
2363 5749 2544 5806 scriba
2590 5751 2640 5805 in
2680 5753 2820 5806 hunc
2851 5751 3130 5806 Geneseos
3173 5749 3347 5804 locum
3394 5749 3682 5801 advectam

2107 5825 2273 5878 luisse
2318 5825 2372 5878 in
2410 5826 2656 5896 quiedatn
2685 5823 3043 5894 exetnplaria.
