4180 6216
416 338 505 395 (Oi

1818 338 1883 392 IN
1915 334 2256 395 GENESIM-

3565 352 3669 406 id!

483 454 588 510 Kal
627 454 876 525 ἐποίησε
907 455 1121 523 Κύριος
1166 457 1199 509 ὁ
1255 455 1402 521 Θεὸς
1440 456 1521 522 τῷ
1565 455 1734 525 Ἀδὰμ
1775 456 1874 510 καί
1919 457 1973 525 τί

2165 457 2229 511 Et
2263 457 2386 527 fecit
2422 459 2681 513 Dominus
2716 460 2855 514 Deus
2886 462 3013 517 Atla:
3060 472 3110 517 et
3133 466 3283 519 uxori
3315 469 3429 536 ejus
3459 474 3669 525 (unicus

412 548 649 618 γυναικὶ
684 547 869 601 αὑτοῦ
902 548 1156 616 χιτῶνας
1188 546 1600 616 δερματίνους,
1641 548 1739 601 καί
1784 547 1988 602 ἐνέδυ-

412 653 525 695 σεν
559 640 796 704 αὐτούς.
834 639 897 691 Τί
929 639 1009 691 δεῖ
1037 641 1177 693 νοεῖν
1224 639 1333 709 (49.)
1372 640 1497 703 τοὺς
1525 639 1878 711 δερματίνους
1907 659 1989 710 χι-

411 733 615 796 τῶναςς
642 730 852 801 Σφόδρα
877 730 974 801 μὲν
995 728 1089 784 οὖν
1113 731 1316 799 ἠλίθιον
1336 731 1428 785 καὶ
1453 733 1716 802 γραῶδες,
1743 734 1836 786 καὶ
1864 732 1989 787 ἀνά-

413 821 520 886 ξιον
563 822 652 876 τοῦ
707 822 865 886 Θεοῦ,
922 823 983 876 τὸ
1023 824 1231 877 οἴεσθαι
1266 824 1420 888 ζώων
1464 824 1625 877 τινῶν
1673 824 1988 897 περιελόντα

407 914 645 987 δέρματα
671 915 762 969 τὸν
794 914 948 979 Θεὸν,
984 914 1395 987 ἀναιρεθέντων,
1428 916 1461 986 ἢ
1495 913 1667 980 άλλως
1701 935 1817 981 πως
1849 918 1983 974 ἀπο-

409 998 695 1069 θανόντων,
739 1006 1095 1078 πεποιηκέναι
1141 1009 1394 1079 σχήματα
1427 1006 1685 1077 χιτώνων,
1706 1012 1984 1082 καταρρά-

407 1090 584 1167 ψαντα
608 1097 854 1169 δέρματα
878 1099 1033 1171 δίκην
1058 1101 1407 1171 σκυτοτόμου.
1440 1101 1608 1155 Πάλιν
1631 1117 1710 1167 τε,
1746 1106 1984 1173 φυγόντα

406 1190 468 1245 τὸ
509 1192 682 1255 οὕτως
720 1194 937 1258 ἄτοπον,
978 1193 1156 1262 λέγειν
1177 1194 1324 1256 .τοὺς
1358 1192 1712 1265 δερματίνους
1752 1197 1988 1265 χιτῶνας

406 1284 505 1336 οὐκ
530 1283 718 1347 ἄλλους
754 1280 892 1338 εἶναι
925 1286 957 1356 ἢ
1006 1285 1073 1338 τά
1107 1284 1332 1355 σώματα
1365 1285 1587 1338 πιθανὸν
1618 1287 1734 1356 μὲν,
1770 1288 1862 1341 καὶ
1905 1290 1986 1351 είς

408 1373 800 1442 συγκατάθεσιν
822 1375 1229 1430 ἐπισπάσασθαι
1248 1375 1567 1447 δυνάμενον,
1589 1378 1650 1430 οὐ
1685 1378 1790 1448 μὴν
1818 1378 1986 1447 σαφὲς

405 1464 481 1527 t'u;
507 1464 719 1536 ἀληθές.
749 1466 810 1519 El
841 1465 953 1537 γὰρ
983 1468 1032 1519 οἱ
1059 1467 1370 1538 δερμάτινοι
1397 1464 1621 1537 χιτῶνες
1657 1464 1857 1537 σάρκες
1896 1463 1985 1519 καὶ

405 1557 566 1609 ὀστέα
607 1558 730 1619 εἰσὶ,
769 1556 887 1621 πῶς
917 1554 1025 1627 πρὸ
1061 1557 1264 1609 τούτων
1300 1557 1466 1627 φησὶν
1505 1552 1533 1607 6
1575 1556 1772 1628 Ἀδάμ·
1808 1557 1985 1611 Τοῦτο

400 1649 519 1702 νῦν
551 1648 777 1704 ὀστοῦν
801 1648 869 1701 ἐκ
907 1648 1030 1701 τῶν
1059 1647 1255 1700 ὀστῶν
1280 1664 1422 1717 μου,
1458 1651 1554 1703 καί
1589 1647 1743 1718 σὰρξ
1784 1650 1851 1702 ἐκ
1876 1648 1986 1716 τῆς

2088 549 2354 618 pelliceas,
2386 556 2435 602 et
2476 550 2643 603 induit
2679 566 2767 605 eos
2799 552 2863 606 ⁸⁷.
2896 550 3032 617 Quid
3064 555 3374 610 existimare
3406 558 3669 613 debemus

2086 659 2207 698 esse
2234 655 2414 697 vestes
2465 644 2584 698 illas
2618 644 2905 713 pollicens?
2944 645 3105 701 Valde
3141 648 3356 715 quidem
3405 651 3665 707 stolidum

2087 744 2169 788 est
2194 735 2424 797 etauile,
2454 733 2668 803 Oeaque
2699 735 2921 788 minime
2941 734 3183 804 diguu-n,
3208 737 3459 792 arbitrari
3493 742 3664 795 Deum

2087 826 2253 896 pelles
2282 822 3006 895 animaliumiugulatorum,
3028 839 3116 880 aut
3140 828 3299 882 aliter
3323 840 3662 884 mortuorum

2086 920 2386 988 accepisse,
2436 927 2490 972 et
2540 917 2664 973 inde
2716 919 2882 986 pelles
2916 919 3030 972 illas
3065 921 3398 983 consnendo,
3443 921 3664 975 coriarii

2087 1025 2260 1072 more,
2292 1010 2344 1063 in
2396 1009 2702 1063 vestimenti
2738 1007 2966 1062 formam
2997 1006 3291 1079 redegisse.
3328 1011 3559 1064 Rursum
3608 1022 3666 1064 ut

2088 1100 2288 1153 vitetur
2336 1100 2447 1152 haec
2487 1099 2813 1165 absurditas,
2850 1102 3031 1155 dicere
3054 1109 3230 1154 vestes
3263 1102 3382 1154 illas
3406 1102 3665 1170 pelliceas

2086 1189 2219 1243 nihil
2259 1189 2402 1243 aliud
2455 1202 2575 1244 esse
2606 1204 2767 1257 quam
2827 1205 3077 1260 corpora,
3129 1192 3406 1259 probabile
3440 1195 3659 1262 quidem

2085 1292 2190 1344 est,
2228 1292 2280 1336 et
2329 1282 2396 1336 ad
2419 1281 2788 1335 assensionem
2836 1282 3156 1337 eliciendam
3206 1283 3425 1337 efﬁcax:
3460 1295 3511 1337 at
3551 1302 3657 1339 non

2083 1373 2304 1426 evidens
2335 1375 2495 1441 quale
2526 1388 2647 1429 esse
2698 1376 2860 1429 debet
2884 1376 3028 1444 quod
3064 1392 3251 1431 verum
3279 1388 3382 1432 est.
3416 1377 3471 1431 Si
3506 1381 3659 1432 enim

2084 1462 2325 1532 pellicem
2350 1474 2525 1518 veSIes
2560 1472 2686 1518 sunt
2714 1478 2907 1520 carnes
2940 1476 2993 1520 et
3024 1481 3172 1531 ossa,
3206 1471 3473 1535 quomodo
3499 1481 3657 1523 antea

2084 1552 2221 1605 dixit
2242 1553 2441 1608 Adam:
2480 1553 2595 1608 Hoc
2619 1569 2756 1608 nunc
2793 1570 2850 1609 os
2877 1569 2940 1609 ea:
2971 1558 3174 1610 ossibus
3202 1556 3349 1621 meis,
3378 1565 3428 1610 el
3447 1573 3568 1611 caro
3592 1562 3658 1612 de

2083 1660 2242 1696 carne
2269 1660 2383 1697 mea
2412 1645 2492 1696 "‘l
2520 1644 2614 1698 His
2647 1646 2809 1712 igitur
2833 1647 3281 1715 ambiguitatibus
3310 1650 3493 1701 obruti
3517 1666 3655 1701 non-

401 1743 630 1810 σαρκός
651 1754 811 1810 μου;
839 1738 1053 1801 Ταύτας
1084 1735 1176 1792 οὖν
1203 1740 1299 1803 τὰς
1319 1738 1550 1811 ἀπορίας
1574 1741 1973 1813 περιιστάμενοι

2086 1733 2219 1785 ιιιιΙΙὶ
2243 1746 2594 1788 asseruerunt
2630 1744 2804 1791 vestes
2835 1736 3088 1805 pelliceas
3124 1751 3245 1793 esse
3263 1740 3654 1793 mortalitatem

400 1808 570 1895 τινες,
590 1808 947 1903 δερματίνους
975 1830 1203 1900 χιτῶνας
1228 1831 1325 1903 τὴν
1351 1808 1631 1902 νέκρωσιν,
1646 1808 1726 1904 ’ἣν
1751 1808 1973 1905 ἀμφιέν-

2086 1823 2252 1887 illam,
2292 1840 2395 1894 qua
2432 1826 2754 1879 circumdati
2807 1836 2934 1880 sunt
2980 1827 3151 1881 Adam
3194 1842 3249 1883 et
3303 1829 3431 1893 Eva,
3498 1831 3657 1884 tnorti

402 1938 593 1975 vovmt
612 1924 641 1974 6
677 1920 848 1991 Ἀδὰμ
877 1920 1019 1990 καὶή
1046 1916 1177 1981 Εὕα,
1205 1918 1291 1972 διὰ
1310 1920 1409 1991 τὴν
1435 1920 1708 1992 ἁμαρτίαν
1735 1920 1980 1975 θανατω-

405 2011 614 2073 θέντες.
648 2011 989 2081 ἀπεφήναντο
1021 2009 1317 2078 τυγχάνειν.
1373 2010 1447 2062 Ού
1484 2010 1624 2063 πάνυ
1647 2027 1700 2063 τι
1731 2010 1852 2064 οὐδὲ
1883 2012 1981 2064 αύ-

403 2101 490 2156 col.
521 2100 756 2173 εὐχερῶς
786 2099 1065 2170 δυνάμενοι
1100 2099 1473 2170 παραστῆσαι,
1505 2099 1621 2163 πῶς
1647 2102 1676 2153 6
1704 2100 1854 2168 Θεὸς,
1887 2100 1981 2156 καὶ

402 2192 522 2264 οὐχὶ
551 2192 824 2264 ἁμαρτία,
858 2192 1121 2263 νέκρωσιν
1160 2193 1379 2261 ἐμποιεῖ
1421 2190 1500 2263 τῷ
1549 2191 1976 2264 παραϐεϐηκότι.

402 2284 544 2346 Πρὸς
575 2283 779 2345 τούτοις
804 2284 1044 2352 ἀνάγκην
1069 2281 1249 2353 ἔχουσι
1279 2282 1459 2351 λέγειν
1485 2283 1663 2355 σάρκα
1701 2284 1791 2336 καὶ
1818 2283 1979 2339 ὀστέα

394 2373 472 2445 τῷ
509 2374 623 2444 ἰδίῳ
652 2373 792 2443 λόγῳ
822 2371 896 2444 μὴ
920 2367 1056 2426 εἶναι
1092 2372 1326 2442 φθαρτὰ,
1365 2373 1479 2440 εἴγε
1512 2373 1736 2444 ὕστερον
1763 2375 1861 2445 τὴν
1889 2375 1978 2429 νέ-

400 2480 601 2535 >ρωσιν
625 2465 675 2515 οἱ
702 2463 937 2534 πατέρες
959 2458 1113 2533 ἡμῶν
1137 2462 1224 2516 διὰ
1244 2463 1343 2535 τὴν
1376 2464 1649 2534 ἁμαρτίαν
1672 2464 1974 2535 εἰλήφασιν.

410 2544 548 2602 Ἀλλ’
574 2552 622 2603 εἰ
658 2551 749 2603 καὶ
772 2553 801 2603 6
824 2550 1147 2621 παράδεισος
1181 2547 1318 2603 θεῖόν
1345 2567 1397 2603 τι
1428 2552 1623 2623 χωρίον
1656 2554 1793 2620 ἐστὶ,
1828 2554 1979 2623 λεγέ-

393 2657 575 2694 τωσαν
602 2640 719 2703 πῶς
744 2640 972 2693 ἕκαστον
1002 2643 1118 2692 ἐκεῖ
1142 2639 1248 2693 τῶν
1281 2641 1455 2712 μελῶν
1524 2643 1597 2713 μή
1626 2644 1802 2715 μάτην
1826 2646 1980 2716 δεδη-

399 2731 800 2803 μιουργημένον
849 2731 944 2802 τὴν
991 2731 1197 2784 οἰκείαν
1241 2732 1517 2803 ἐνέργειαν
1563 2736 1799 2806 ἐνήργει.
1841 2737 1978 2809 Περὶ

398 2822 496 2891 μὲν
525 2818 618 2875 οὖν
645 2821 739 2874 τοῦ
778 2822 1029 2894 μυκτῆρα
1054 2822 1307 2891 λέγεσθαι
1341 2824 1489 2895 παρὰ
1531 2824 1609 2895 τῷ
1653 2826 1851 2898 Ἀκύλᾳ
1886 2828 1979 2881 καὶ

392 2914 692 2985 Συμμάχῳ,
728 2914 761 2985 ἦ
791 2914 1079 2984 πρόσωπον
1105 2913 1255 2985 παρὰ
1290 2917 1401 2978 τοῖς
1444 2916 1843 2988 Ἐϐδομήκοντα
1880 2918 1973 2971 τοῦ

393 3004 802 3073 πεπλασμένον,
837 3005 915 3066 εἰς
938 3003 966 3056 ὃ
1001 3002 1330 3075 ἐνεφύσησεν
1369 3006 1397 3056 6
1443 3004 1573 3069 Θεὸς
1611 3007 1776 3078 πνοὴν
1807 3005 1973 3078 ζωῆς,

393 3095 632 3161 λεκτέον,
672 3096 753 3149 ὅτι
802 3096 864 3150 οὐ
897 3097 977 3149 δεῖ
1008 3096 1352 3168 περιέχεσθαι
1386 3096 1478 3150 τοῦ
1517 3096 1840 3169 γράμματος
1873 3099 1970 3169 τῆς
1997 3139 2043 3197 C

394 3187 613 3260 Γραφῆς
635 3188 711 3251 ὡς
735 3188 986 3259 ἀληθοῦς,
1017 3188 1106 3241 τὸν
1131 3189 1187 3242 δὲ
1212 3188 1591 3260 κεκρυμμένον
1617 3188 1886 3262 θησαυρὸν
1911 3192 1969 3243 ὲν

391 3279 469 3351 τῷ
497 3280 784 3352 γράμματι
817 3279 1017 3351 ζητεῖν.

461 3372 573 3425 Καὶ
614 3371 791 3436 ἔταξε
828 3370 901 3425 τὰ
948 3372 1246 3440 χερουϐίμ.
1284 3369 1357 3424 Ού
1409 3372 1567 3442 μόνον
1600 3371 1710 3443 (45)
1739 3372 1813 3425 τὰ
1854 3375 1976 3426 λει-

387 3460 673 3530 τουργικὰ
710 3463 1018 3529 πνεύματα
1045 3462 1373 3530 φυλάσσουσι
1406 3463 1504 3534 τὴν
1535 3464 1650 3517 ὁδὸν
1687 3463 1781 3516 τοῦ
1817 3462 1975 3527 ξύλου

389 3552 490 3622 τῆς
540 3550 708 3618 ζωῆς,
763 3551 1257 3619 ἀποστελλτνζμενα
1298 3553 1395 3607 διὰ
1449 3552 1591 3617 τοὺς
1634 3552 1974 3620 μέλλοντας

387 3640 790 3709 κληρονομεῖν
814 3641 1137 3708 σωτηρίαν,
1166 3642 1300 3695 ἀλλὰ
1328 3644 1418 3695 καὶ
1449 3644 1690 3696 ἐναντίαι
1718 3642 1971 3713 δυνάμεις

389 3733 741 3803 φυλάττουσι,
793 3730 1095 3786 κωλύουσαι
1150 3734 1279 3797 τοὺς
1328 3732 1683 3804 βουλομένους
1733 3750 1973 3804 προσπο-

392 3823 642 3896 ρευοῆναι
672 3821 750 3892 τῷ
774 3820 915 3891 ξύλῳ
939 3820 1039 3891 τῆς
1067 3821 1228 3892 ζωῆς.

460 3916 568 3970 Καὶ
603 3911 734 3969 εἷπε
764 3913 916 3967 Krin
942 3910 1093 3981 πρὸς
1122 3909 1301 3967 Ἅϐελ
1334 3911 1441 3965 τὸν
1469 3909 1737 3979 ἀδελφὸν
1760 3909 1965 3964 αὑτοῦ·

388 4007 718 4076 Διέλθωμεν
763 4008 851 4071 εις
890 4004 955 4057 τὸ
1000 4000 1227 4058 πεδίον.
1274 4004 1361 4057 Ἐν
1401 4002 1478 4074 τῷ
1540 4002 1811 4073 ’1⁸26ραῖκῷ
1855 4000 1966 4074 (44)

388 4096 449 4150 τὸ
475 4096 659 4167 λεχθὲν
685 4095 788 4149 ὑπὸ
810 4094 905 4148 τοῦ
930 4076 1225 4167 Κάῖν’πρὸς
1251 4094 1340 4148 τὸν
1370 4090 1529 4147 Ἅϐελ
1552 4094 1612 4145 ού
1635 4093 1962 4164 γέγραπται·

390 4190 479 4242 καὶ
504 4190 555 4241 οἱ
603 4188 732 4258 περὶ
781 4185 1008 4239 Ἀκύλαν
1052 4186 1279 4250 ἔδειξαν,
1325 4186 1407 4239 ὅτι
1447 4188 1504 4239 ὲν
1546 4184 1622 4255 τῷ
1664 4184 1964 4255 ἀποκρύφῳ

390 4282 551 4349 φασὶν
588 4282 637 4333 οἱ
690 4280 930 4352 Ἑϐραῖοι
975 4279 1188 4333 κεῖσθαι
1220 4276 1380 4332 τοῦτο
1419 4275 1651 4332 ἐνταῦθα
1680 4278 1820 4331 κατὰ
1866 4278 1965 4350 τὴν

389 4367 494 4420 τῶν
525 4366 926 4439 Ἐϐδομήκοντα
954 4367 1201 4437 ὲκδοχήν.

2083 1926 2303 1985 propter
2328 1926 2606 1985 peccatum
2640 1919 2878 1984 addicti;
2932 1916 3026 1974 sed
3072 1921 3161 1975 isti
3193 1936 3295 1975 non
3329 1918 3482 1975 facile
3531 1938 3658 1991 pro—

2082 2007 2213 2060 bare
2256 2018 2501 2075 possunt,
2530 2010 2804 2075 quomodo
2852 2006 3012 2069 Deus,
3039 2021 3094 2064 et
3140 2027 3245 2065 non
3286 2013 3454 2066 ttudto
3487 2015 3659 2081 magis

2080 2109 2383 2169 peceatum,
2409 2098 2795 2152 mortalitatem
2837 2103 3018 2169 pariat
3052 2102 3464 2172 transgressori.
3509 2104 3655 2158 Prai-

2082 2204 2227 2247 terea
2254 2202 2477 2246 necesse
2500 2199 2691 2244 estcos
2715 2190 2918 2255 dicere,
2949 2205 3173 2247 carnem
3205 2203 3258 2247 et
3284 2207 3406 2245 ossa
3436 2194 3657 2263 propria

2081 2284 2291 2338 ratione
2328 2298 2432 2336 non
2487 2296 2607 2337 esse
2645 2282 3046 2352 corruptibilia,
3085 2299 3207 2338 cum
3257 2293 3439 2353 p0stea
3476 2296 3658 2352 patres

2079 2376 2248 2431 nosui
2282 2385 2508 2445 propter
2555 2386 2832 2446 peccatum
2885 2377 3240 2431 mortalitatis
3285 2379 3653 2432 conditionem

2078 2469 2412 2537 acceperint.
2441 2468 2709 2522 Caeterum
2743 2468 2788 2521 si
2827 2469 3117 2538 paradisus
3144 2477 3227 2523 est
3259 2469 3412 2522 locus
3433 2470 3653 2538 quidam

2078 2557 2328 2621 divinus,
2376 2558 2682 2626 exprimant
2744 2558 3016 2626 quomodo
3067 2558 3176 2613 illic
3235 2561 3657 2627 unumquodque

2081 2647 2417 2712 membrum,
2467 2662 2570 2702 non
2634 2646 2835 2702 frustra
2888 2659 3157 2707 creatum.
3209 2653 3484 2717 propriam
3546 2651 3655 2703 vim

2079 2738 2388 2793 exercebat.
2427 2740 2506 2793 Ac
2536 2739 2601 2791 de
2646 2752 2712 2791 eo
2770 2738 2991 2807 quidem
3044 2739 3191 2807 quod
3251 2753 3416 2792 nasus
3452 2739 3657 2791 dicitur

2077 2830 2216 2896 apud
2247 2828 2499 2897 Aquilam
2545 2839 2597 2883 et
2633 2826 3060 2899 Symmachum,
3117 2829 3258 2897 apud
3296 2827 3656 2897 Septuaginta

2078 2934 2209 2973 vero
2243 2918 2434 2985 facies,
2462 2935 2524 2974 ea
2561 2936 2687 2989 pars
2710 2920 2928 2975 formati
2968 2917 3226 2982 hominis,
3252 2918 3487 2986 inquam
3516 2919 3660 2971 Deus

2078 3008 2374 3065 insuiilavit
2398 3012 2644 3081 spiritum
2675 3012 2824 3076 vitae,
2850 3010 3133 3065 dicendum
3165 3020 3247 3063 est
3278 3026 3383 3064 non
3405 3018 3659 3080 oportere

2076 3101 2356 3156 adhaerere
2401 3101 2556 3156 nuda:
2586 3102 2779 3156 littera:
2825 3101 3140 3169 Scripturaa,
3181 3109 3435 3169 tanquam
3476 3114 3656 3164 verte,

2075 3193 2170 3249 sed
2199 3194 2516 3248 thesaurum
2553 3192 2804 3248 inlittera
2842 3191 3096 3247 latentem
3133 3205 3398 3261 quaerere.

2145 3376 2213 3430 Et
2236 3376 2409 3445 posuit
2445 3376 2793 3430 cherubim".
2833 3373 2984 3428 Viam
3016 3373 3142 3443 ligni
3178 3374 3300 3426 vitae
3339 3370 3657 3427 custodiunt

2074 3483 2180 3521 non
2206 3466 2381 3521 solum
2419 3465 2864 3519 administratorii
2889 3465 3128 3533 spiritus,
3157 3463 3305 3515 missi
3336 3474 3545 3531 propter
3565 3479 3653 3515 eos

2071 3557 2161 3627 qui
2186 3557 2547 3611 Ita'reditatent
2571 3555 2777 3624 capient
2803 3554 2993 3609 salutis
3016 3553 3084 3619 “,
3113 3552 3206 3607 sed
3236 3564 3290 3606 et
3321 3554 3655 3607 adversariae

2072 3656 2372 3717 potestates
2393 3663 2515 3715 quae
2542 3654 2728 3700 arcent
2763 3660 2857 3700 eos
2887 3644 2980 3714 qui
3010 3645 3077 3698 ad
3112 3645 3312 3713 lignum
3345 3646 3464 3699 vita:
3489 3659 3653 3699 acce—

2071 3738 2204 3791 dere
2232 3737 2525 3790 voluerint.

2141 3915 2207 3970 Et
2237 3917 2370 3970 dixit
2401 3916 2539 3971 Cain
2568 3915 2637 3969 ad
2672 3913 2799 3968 Abel
2816 3913 3039 3981 fratrem
3061 3928 3253 3968 suum:
3299 3911 3646 3966 Transeamus

2067 4011 2122 4063 in
2164 4023 2407 4077 campum
2438 4006 2506 4059 ⁸⁸.
2536 4002 2591 4057 In
2623 4003 2890 4058 llebraico
2916 4001 3024 4071 30
3045 4002 3248 4056 dictum
3272 4000 3404 4056 illud
3426 4000 3557 4054 Cain
3586 4002 3651 4053 ad

2066 4098 2223 4163 Abel,
2247 4095 2509 4166 scriptum
2538 4109 2645 4148 non
2672 4093 2975 4162 reperitur:
2994 4093 3185 4160 Aquila
3208 4103 3387 4146 tamen
3407 4092 3647 4154 exhibet;

2065 4190 2322 4260 quoniam
2367 4189 2575 4243 Hebrazi
2620 4187 2806 4241 dicunt
2845 4187 2945 4238 hoc
2986 4183 3038 4237 in
3086 4186 3399 4254 apocrypho
3437 4182 3644 4252 jacere,

2066 4281 2523 4350 quemadmodum
2554 4278 2783 4332 habetur
2810 4276 2953 4346 apud
2989 4274 3373 4345 Septuaginta.

456 4460 565 4512 Kal
593 4454 723 4512 εἷπε
756 4456 906 4512 Κάτν
945 4459 1093 4527 πρὸς
1126 4458 1343 4526 Κύριον
1385 4457 1491 4511 τὸν
1525 4458 1704 4510 Θεόν·
1740 4455 1965 4517 Μείζὶυν

2142 4458 2375 4527 ΕιΛὶαἱι
2401 4457 2530 4511 Cain
2550 4458 2617 4511 ad
2651 4457 2927 4511 Dominum
2948 4454 3143 4509 Deum:
3169 4453 3347 4522 Majas
3370 4462 3444 4506 est
3463 4468 3652 4521 pecca-

388 4551 425 4617 ὴ
466 4552 720 4621 ἁμαρτία
761 4568 881 4619 μου
912 4550 1017 4604 τοῦ
1055 4548 1351 4619 ἀφεθῆναί
1384 4566 1481 4617 με.
1527 4550 1602 4601 ού
1641 4548 1831 4601 διεῖλεν
1864 4549 1957 4621 ὀρ-

387 4640 495 4703 θῶς
555 4642 694 4712 (45)·
758 4644 857 4713 τῆς
940 4642 1087 4704 θείας
1148 4639 1463 4711 νομοθεσίας
1525 4640 1957 4710 κατεφρόνησεν·

384 4732 702 4791 ἀπέκτεινεν
736 4733 988 4801 ἀδελφόν·
1026 4732 1310 4786 ἀπέκτεινε
1360 4728 1495 4802 πρὸς
1539 4728 1714 4800 τούτῳ
1757 4715 1849 4783 καὶ
1883 4729 1961 4782 δί-

386 4837 538 4874 καιον
556 4838 570 4851 ·
606 4821 865 4891 ἐψεύσατο
883 4840 897 4853 ο
932 4823 1157 4876 θάνατον
1185 4824 1425 4894 ᾐτήσατο
1450 4822 1506 4874 ὲν
1537 4821 1961 4891 άπευδοκιμήσει

385 4911 531 4983 ζωῆς
562 4914 653 4965 καὶ
684 4913 989 4984 μετανοίας.

2068 4561 2176 4603 tum
2210 4568 2378 4604 meum
2417 4566 2576 4619 quam
2622 4560 2675 4601 ut
2712 4549 2914 4601 veniant
2958 4562 3164 4599 merear
3197 4544 3264 4597 “.
3297 4542 3411 4597 Non
3462 4543 3648 4597 divisit

2069 4650 2259 4704 recte;
2313 4640 2553 4692 divinum
2621 4648 2954 4706 praeceptum
3014 4635 3388 4704 contempsit;
3447 4632 3646 4687 occidit

2070 4728 2326 4797 fratrem;
2353 4724 2556 4784 occidit
2591 4739 2851 4799 pra-terea
2879 4738 2936 4781 et
2955 4727 3193 4795 justum;
3234 4726 3490 4779 mentitus
3517 4732 3646 4789 est;

2074 4832 2301 4877 mortem
2326 4824 2481 4891 petiit
2516 4836 2626 4891 prze
2653 4828 2961 4889 contemptu
2994 4820 3117 4873 vita:
3142 4824 3196 4873 et
3221 4813 3569 4886 poenitentiai.

453 5034 498 5067 ⁸⁷
524 5036 662 5091 Gen.
696 5051 779 5101 ιιι,
805 5036 897 5089 2i.
976 5035 1021 5068 ⁸⁸
1055 5036 1192 5093 Gen.
1227 5052 1287 5101 ιι,
1330 5036 1424 5090 23.
1501 5035 1545 5066 θ’
1573 5034 1710 5090 Gen.
1739 5051 1822 5100 ιιι,
1847 5035 1939 5088 24.

2090 5034 2249 5089 llebr.
2278 5050 2316 5097 ι,
2350 5034 2436 5089 li.
2514 5033 2554 5064 ⁹¹
2587 5030 2723 5087 Gen.
2766 5044 2835 5095 Iv,
2867 5030 2923 5085 8.
2992 5029 3039 5061 "
3066 5026 3196 5082 ibid.
3240 5026 3326 5079 l5.

455 5218 565 5289 με)
610 5219 671 5272 Τί
700 5218 795 5272 δεῖ
817 5217 999 5280 νοεῖν,
1029 5226 1135 5272 etc.
1166 5215 1540 5272 Theodoretus
1574 5213 1867 5289 (μιάνειε-59
1899 5214 1952 5268 in

381 5285 579 5345 Cenes.
622 5298 670 5340 et
728 5301 915 5342 omnes
957 5289 1174 5343 Catena:
1220 5300 1327 5340 uno
1383 5301 1652 5339 eoitseusu
1706 5285 1954 5337 tribuunt

380 5359 602 5427 Origeni
634 5357 734 5412 hoc
786 5358 1170 5426 fragmentum,
1218 5356 1270 5407 in
1303 5370 1411 5427 quo
1448 5371 1552 5427 non
1588 5355 1821 5427 obscure
1861 5353 1957 5427 de:

380 5423 626 5482 claratur
678 5428 765 5480 illa
823 5423 895 5481 de
937 5428 1166 5480 scorteis
1206 5425 1403 5479 tunicis
1455 5424 1639 5490 opinio
1693 5439 1855 5491 quam
1900 5423 1949 5476 ei

381 5501 572 5551 tribuit
615 5506 667 5549 et
719 5497 936 5550 crimini
969 5496 1133 5549 vertit
1186 5492 1546 5562 Hieronymus
1588 5497 1746 5560 epist.
1775 5494 1835 5544 6i
1883 5492 1952 5544 ad

378 5568 816 5630 l'amtuachium,
851 5568 937 5620 itis
981 5563 1161 5617 verbis
1192 5580 1205 5616 :
1242 5562 1524 5627 Quartum,
1562 5564 1701 5630 quod
1738 5563 1947 5614 tunicas

375 5638 623 5705 pellicem
654 5639 886 5689 Inuuana
948 5650 1171 5699 corpora
1204 5633 1805 5705 interpretetttr,_quibus
1832 5642 1945 5705 post

377 5700 636 5785 offensam
682 5718 750 5785 et.
776 5706 1083 5785 ejeclionugt
1128 5708 1192 5755 de
1230 5703 1489 5782 paradiso
1533 5701 1792 5785 Αιίιιιιιμει
1840 5700 1945 5778 Ιςυα

376 5769 552 5831 ἱιῖιίιιιὲ
578 5778 704 5841 sint,
732 5769 873 5829 haud
910 5769 1123 5829 dubi—tim
1151 5772 1277 5843 quin
1307 5780 1428 5825 autc
1467 5772 1519 5823 in
1548 5770 1799 5837 paradiso
1829 5769 1947 5822 sine

2062 5229 2244 5275 carne,
2280 5206 2450 5265 nervis
2480 5218 2526 5263 et
2560 5207 2764 5262 ossibus
2805 5204 3027 5275 fuerint.
3060 5202 3193 5275 Vide
3237 5198 3488 5255 "uetiam
3519 5200 3641 5261 Ori.

2058 5272 2406 5351 geniunorum
2441 5281 2533 5351 lib.
2559 5293 2614 5339 tt,
2639 5272 2948 5351 quaest.“in
2986 5272 3215 5351 nutu._8.

2131 5352 2246 5422 (45).
2415 5341 2753 5422 “appete.
2798 5342 2896 5398 Hic
2929 5342 3081 5396 locus
3120 5341 3437 5412 desumpttts
3476 5352 3557 5399 est
3596 5361 3630 5402 e

2058 5415 2277 5475 scliedis
2306 5415 2749 5471 Counbeflsiauis.

2130 5490 2243 5561 (64)
2296 5489 2399 5561 ἰξν
2421 5485 2501 5551 τῷ
2528 5480 2839 5561 ξιξὸραζκῷ,
2874 5489 2982 5535 etc.
3019 5484 3073 5561 ιιι
3118 5480 3289 5561 lucrm
3321 5480 3499 5561 edidit
3533 5483 3637 5538 hoc

2057 5550 2301 5613 Scholion
2340 5550 2798 5609 Montet‘aleoiiius
2829 5563 3014 5608 uoster
3041 5551 3093 5605 in
3126 5550 3405 5617 lleaaplis,
3435 5551 3634 5609 Cenes.

2057 5645 2130 5694 tv,
2161 5629 2213 5682 8.
2251 5626 2382 5680 Vide
2409 5626 2528 5693 ejus
2568 5632 2753 5694 notam
2785 5626 2850 5677 ad
2884 5624 3027 5678 hunc
3056 5634 3296 5694 νιςιηδιιιιι.

2131 5699 2243 5766 (45)
2288 5698 2369 5751 Οὺ
2409 5687 2632 5750 διεῖλεν
2676 5693 2881 5762 ὀρθῶς,
2933 5703 3043 5749 etc.
3084 5690 3125 5744 Ε
3158 5687 3375 5745 schedis
3409 5690 3639 5746 Combe-

2054 5768 2286 5825 lisianis.
