4180 6216
487 305 595 363 105

1924 300 2086 358 ORIG
2095 300 2176 356 ΕΝ
2185 301 2269 358 ES

3660 309 3761 366 ιοι

566 423 632 477 Et
659 422 838 493 genuit
868 421 1153 475 secundum
1180 419 1351 472 idenm
1389 435 1536 472 suam
1559 427 1605 472 et
1636 419 1919 472 secundum
1948 419 2076 472 inta-

2249 417 2357 471 Kai
2373 417 2666 488 ἐγέννησε
2690 417 2841 472 naui
2859 417 2968 486 τὴν
2986 417 3152 472 ἰδέαν
3169 417 3356 473 αὑτοῦ
3373 419 3470 472 καὶ
3487 419 3632 472 κατὰ
3648 419 3760 486 τὴν

486 516 660 586 ginem
691 531 841 568 suam
874 514 940 566 ’³.
966 513 1047 564 Al)
1072 513 1152 566 eis
1186 512 1278 580 qui
1305 521 1496 580 putant
1525 511 1668 565 aliu'd
1703 511 1921 580 quidem
1951 527 2073 566 esse

491 607 784 676 imaginem
831 605 944 668 Dei,
984 603 1130 655 aliud
1170 618 1298 655 vero
1329 617 1452 656 eum
1479 603 1568 671 qui
1599 604 1895 657 secundum
1935 603 2073 655 iuta-

491 700 671 769 gineni
711 697 884 749 factus
915 704 1022 757 est,
1077 694 1432 763 quaerendum
1484 704 1568 748 est
1623 710 1752 749 num
1813 695 1954 748 aliud
2007 694 2078 748 sit

493 792 664 845 Adam
698 799 753 842 et
785 786 930 840 aliud
972 786 1149 856 imago
1185 787 1321 854 ejus,
1362 795 1417 840 et
1443 801 1510 839 an
1545 785 1735 840 tertius
1754 787 1972 855 quidam
2008 788 2079 842 sit

493 885 561 938 ab
591 883 682 935 illo
709 880 866 948 cujus
890 878 958 932 ad
991 877 1281 945 imaginem
1310 877 1484 931 factus
1513 886 1597 932 est
1621 877 1810 930 Adam.
1848 877 2077 932 Utentur

491 984 673 1027 autem
703 974 788 1026 lii-ts
815 972 1027 1026 verbis:
1059 971 1300 1030 Domine.
1331 969 1384 1021 in
1415 970 1620 1023 civitate
1661 978 1752 1023 tua
1792 971 2074 1038 imaginem

491 1072 726 1132 ipsorum
755 1065 823 1116 ad
845 1064 1067 1116 nihilum
1097 1061 1402 1131 rediget”;
1436 1071 1490 1114 et
1523 1060 1664 1116 illis;
1709 1058 2078 1113 Verumtamen

493 1159 554 1211 ἰή
592 1159 819 1225 imagine
861 1156 1144 1224 pertransit
1188 1155 1342 1208 homo
1365 1156 1435 1205 οδ.
1488 1154 1846 1221 Quaerendum
1896 1165 2076 1207 autem

493 1258 572 1303 est
611 1249 660 1300 in
691 1263 796 1315 quo
831 1244 1043 1299 differat
1071 1245 1188 1298 idea
1219 1245 1388 1297 Adam
1420 1245 1486 1298 ab
1517 1245 1636 1312 ejus
1671 1243 1927 1312 imagine.

568 1339 634 1390 Et
669 1338 862 1407 placuit
911 1335 1093 1389 Enoch
1145 1334 1272 1398 Deo,
1319 1345 1597 1404 postquam
1634 1335 1809 1403 genuit
1861 1331 2080 1385 Mathu-

493 1430 665 1483 salam
692 1428 757 1482 ⁸⁸.
794 1428 849 1482 Si
890 1437 1177 1496 postquam
1215 1428 1402 1495 genuit
1429 1424 1810 1488 Mathusalatn,
1850 1423 2075 1494 placuit,

494 1531 651 1573 antea
683 1521 980 1574 secundum
1014 1516 1350 1587 Scripturam
1377 1533 1483 1571 non
1517 1525 1635 1571 erat
1659 1526 1916 1584 acceptus
1945 1515 2074 1568 Deo.

499 1613 843 1666 Manifestum
904 1621 989 1664 est
1040 1626 1164 1664 eum
1223 1611 1292 1665 ob
1349 1610 1723 1679 paenitentiam
1788 1608 2076 1677 placuisse,

497 1703 711 1774 quando
763 1702 948 1771 genuit
989 1701 1339 1756 emissiOnem
1389 1702 1602 1768 mortis,
1656 1715 1823 1771 quam
1891 1700 2079 1754 habuit

497 1798 812 1866 priusquam
842 1800 1156 1862 generaret.

571 1889 633 1941 Et
665 1886 993 1942 dixitDeus:
1020 1884 1208 1938 Delebo
1250 1884 1516 1937 hominem
1545 1899 1696 1951 quem
1729 1881 1832 1950 feci
1875 1898 1907 1934 a
1939 1880 2076 1950 [acie

497 1989 647 2032 terra:
681 1976 744 2030 ⁸⁷.
797 1975 912 2029 Νοιι
977 1975 1229 2028 absolute
1281 1973 1492 2036 delebo,
1516 1972 1611 2026 sed
1646 1987 1677 2025 a
1734 1981 1900 2026 terra.
1958 1971 2074 2025 Non

493 2072 637 2123 enim
673 2071 809 2123 solet
850 2068 1071 2122 omnino
1102 2067 1270 2122 deleri
1306 2065 1399 2136 qui
1453 2064 1629 2119 iactus
1657 2073 1762 2129 est,
1818 2063 2072 2134 quoniam

494 2162 586 2230 qui
622 2160 794 2214 factus
819 2168 931 2222 est,
963 2160 1029 2212 ad
1059 2156 1348 2228 imaginem
1382 2155 1475 2209 Dei
1499 2153 1679 2210 factus
1723 2163 1827 2208 est.

567 2339 668 2394 Ha:
695 2349 811 2393 sunt
845 2339 1205 2408 generationes
1254 2337 1368 2392 Noe
1396 2337 1463 2400 ⁸⁸,
1491 2347 1600 2394 etc.
1631 2337 1688 2391 Si
1713 2338 2075 2394 communiori

495 2446 658 2486 sensu
691 2431 806 2484 haec
827 2430 1026 2495 scripta
1059 2441 1261 2493 essent,
1298 2431 1382 2484 his
1415 2430 1625 2484 verbis:
1649 2428 1746 2484 Ila:
1775 2440 2075 2500 suntgene-

498 2525 726 2576 rationes
771 2519 916 2586 Noe;
964 2521 1361 2590 adiungendum
1406 2533 1558 2576 erat:
1594 2521 1712 2576 Noe
1757 2524 1935 2592 genuit
1968 2533 2073 2577 tres

494 2615 655 2683 ﬁlios.
693 2613 848 2667 Nunc
899 2627 1024 2668 vero
1059 2615 1315 2681 quoniam
1351 2613 1578 2681 justitia:
1625 2623 1744 2668 erat
1793 2617 2076 2684 generatio

492 2705 632 2778 ejus,
657 2707 808 2776 prius
841 2706 1044 2760 dictqu
1075 2716 1179 2768 est,
1206 2708 1289 2760 Ita:
1321 2715 1443 2760 sunt
1476 2708 1857 2776 generationes,
1893 2718 1949 2764 et
1980 2709 2075 2762 ad-

496 2803 666 2856 ditqu
691 2819 702 2852 :
733 2800 809 2852 vir
833 2799 1162 2862 eratjustns.

568 2912 678 2966 Deo
706 2912 904 2980 placuit
949 2909 1087 2966 Noe.
1137 2911 1328 2966 Genuit
1375 2923 1550 2967 autem
1606 2911 1720 2966 Noe
1767 2922 1870 2966 tres
1908 2913 2074 2982 ﬁlios,

495 3001 637 3067 Sam,
658 3003 822 3056 Citam
845 3010 892 3055 et
913 2999 1101 3068 .lapltet
1121 3002 1188 3060 ”.
1215 3001 1386 3070 Supra
1419 3003 1616 3071 legitur
1641 3021 1653 3056 :
1685 3001 1827 3056 Viait
1851 3003 2073 3057 Lamecli

496 3118 662 3154 annos
693 3114 897 3155 centum
930 3113 974 3154 et
1001 3101 1266 3169 octoginta
1293 3109 1340 3152 et
1376 3109 1510 3162 octo,
1544 3107 1592 3152 et
1625 3099 1806 3169 genuit
1844 3097 1977 3154 Noe.
2005 3097 2072 3152 Et

497 3196 620 3248 vixit
662 3192 884 3246 Lamech
936 3205 1210 3261 postquam
1253 3189 1428 3258 genuit
1465 3187 1582 3243 Noe
1627 3205 1792 3242 annos
1830 3203 1991 3254 DLXV,
2028 3200 2074 3242 et

496 3284 622 3351 [acti
651 3293 772 3338 sunt
797 3299 972 3336 omnes
1013 3283 1124 3334 dies
1170 3277 1396 3332 Lamecli
1431 3279 1554 3332 anni
1585 3279 1895 3348 septingenti
1926 3279 2079 3348 quin-

492 3379 745 3446 quaginta
770 3388 892 3440 tres,
909 3385 953 3425 et
972 3382 1207 3425 mortuus
1227 3380 1322 3424 est.
1339 3370 1442 3440 31
1468 3369 1532 3423 Et
1550 3380 1660 3424 erat
1683 3369 1798 3423 Noe
1817 3386 2076 3423 annorum

494 3482 552 3531 ι),
597 3481 646 3520 et
687 3466 862 3536 genuit
915 3474 1018 3518 tres
1060 3462 1265 3531 ﬁlius‘.
1302 3460 1478 3516 Etiam
1523 3463 1612 3516 ltic
1644 3477 1914 3515 annorum
1967 3459 2078 3514 Noe

495 3560 778 3628 sexaginta
834 3558 1074 3625 quinque
1118 3555 1544 3625 discrepantiam
1599 3552 2074 3622 deprehendimus.

499 3648 700 3703 Verum
745 3649 847 3702 hoc
879 3648 996 3702 loco
1025 3647 1310 3715 Scriptura
1343 3646 1479 3701 dicit
1506 3644 1619 3700 Noe
1644 3644 1754 3700 Deo
1783 3645 2076 3713 placuisse.

495 3743 644 3796 sicut
669 3741 833 3796 etiam
865 3741 933 3794 de
953 3739 1138 3794 Euocb
1167 3740 1432 3809 scriptum
1455 3748 1562 3794 est.
1586 3737 1721 3794 Nam
1748 3737 1835 3792 ille
1859 3751 2077 3808 quoque

494 3851 617 3888 ruut
655 3832 860 3901 placuit
912 3830 1044 3892 Deo.
1076 3840 1205 3883 tunc
1237 3830 1532 3885 translatus
1563 3841 1646 3885 est
1685 3831 1752 3884 ab
1782 3844 1866 3884 eo.
1909 3829 2076 3884 Sinti-

496 3925 622 3978 liter
654 3934 834 3976 autem
871 3931 925 3974 et
954 3921 1053 3988 ipsi
1087 3919 1202 3973 Noe
1255 3920 1535 3988 sexaginta
1585 3921 1828 3989 quinque
1881 3935 2074 3985 annos,

495 4026 794 4082 antequam
826 4011 1062 4080 placeret
1090 4011 1198 4064 Deo
1249 4009 1600 4078 clapsos,nou
1632 4010 1965 4080 computavit
1996 4011 2077 4064 di-

496 4107 622 4160 vina
652 4107 954 4175 Scriptura.
983 4104 1156 4160 Sicuti
1187 4119 1288 4158 nec
1315 4103 1626 4157 Abrahamo
1642 4103 1921 4170 sexaginta
1944 4103 2073 4157 anni

497 4199 622 4252 vitae
658 4210 952 4268 antequam
987 4198 1154 4252 Deum
1187 4204 1562 4266 cegnosceret,
1593 4197 1890 4265 eomputati
1922 4203 2073 4260 sunt,

497 4309 596 4348 nec
619 4293 837 4348 Enoclto
871 4292 1116 4360 triginta,
1145 4303 1245 4345 nec
1263 4288 1414 4344 Sauli
1440 4289 1652 4360 viginti,
1679 4305 1776 4345 nec
1799 4289 2074 4345 Salomoni

495 4385 881 4454 quadraginta,
916 4399 1014 4438 nec
1056 4383 1303 4437 Ezechiae
1335 4382 1757 4449 septemdecim:
1788 4385 1880 4438 sed
1910 4383 2072 4438 etiam

2175 511 2379 562 εἰκόνα
2414 508 2621 562 αὐτοῦ.
2671 509 2815 580 Πρὸς
2847 512 2974 572 τοὺς
3009 509 3292 580 οἰομένους
3321 509 3430 579 (46)
3453 509 3620 580 ἄλλην
3662 509 3758 579 μὲν

2176 598 2314 653 εἶναι
2343 601 2441 670 τὴν
2473 601 2659 653 εἰκόνα
2691 600 2783 652 τοῦ
2819 599 2973 663 Θεοῦ,
3006 600 3162 654 ἄλλον
3194 600 3249 652 δὲ
3286 599 3376 652 τὸν
3411 600 3530 654 κατ’
3557 599 3760 661 εἰκόνα,

2176 694 2414 756 λεκτέον,
2443 695 2492 745 εἰ
2521 693 2677 756 ἄλλος
2713 692 2812 763 μὲν
2841 695 2868 746 ὁ
2912 693 3102 762 Ἀδὰμ,
3137 691 3294 756 ἄλλος
3321 692 3378 744 δὲ
3409 694 3443 762 ἡ
3469 691 3634 745 εἰκὼν
3663 691 3764 744 αὺ-

2177 784 2270 838 τοῦ
2292 801 2303 814 ·
2339 785 2430 838 κα).
2465 784 2512 836 εἰ
2539 783 2722 852 τρίτος
2752 781 2894 836 κατὰ
2919 783 3010 835 τὸν
3045 777 3105 836 οὗ
3138 782 3258 834 κατ’
3288 781 3470 834 εἰκόνα
3502 783 3531 833 ὁ
3569 781 3761 852 Ἀδάμ.

2177 876 2481 947 Χρήσονται
2510 874 2566 927 δὲ
2598 873 2705 944 τῷο
2742 868 2944 942 Κύριε,
2971 873 3038 926 ἐν
3075 872 3149 942 τῇ
3193 874 3365 927 πόλει
3400 887 3516 926 σου
3547 871 3661 940 τὴν
3685 873 3766 924 εἰ-

2177 968 2328 1020 κόνα
2358 963 2556 1019 αὐτῶν
2593 963 3022 1030 ἐξουδενώσεις
3041 981 3055 993 ·
3102 964 3195 1018 καὶ
3226 962 3304 1033 τῷ
3324 980 3338 993 θ
3371 962 3657 1031 Μέντοιγε
3692 963 3765 1016 ἐν

2176 1061 2362 1113 εἰκόνι
2401 1058 2814 1126 διαπορεύεται
2862 1056 3190 1125 ἄνθρωπος.
3240 1054 3508 1126 Ζητητέον
3553 1054 3610 1106 δὲ
3656 1053 3763 1107 τίνι

2177 1152 2420 1223 διαφέρει
2463 1153 2497 1222 ἡ
2533 1151 2647 1204 ἰδέα
2692 1148 2863 1220 Ἀδὰμ
2910 1149 3008 1228 τῆς
3053 1148 3259 1212 εἰκόνος
3298 1148 3464 1200 αὑτοῦ
3502 1147 3634 1218 (47).

2252 1331 2650 1398 Εὑηρέστησε
2665 1329 2732 1384 δὲ
2747 1329 2935 1400 Ἑνὼχ
2963 1331 3042 1396 τῷ
3065 1330 3187 1397 Θεῷ
3199 1331 3348 1401 μετὰ
3370 1331 3436 1384 τὸ
3464 1332 3757 1400 γεννῆσαι

2180 1422 2368 1477 αὑτὸν
2392 1422 2500 1475 τὸν
2516 1423 2906 1476 Μαθουσάλα.
2923 1424 2983 1475 Εἰ
3005 1422 3139 1492 μετὰ
3166 1423 3226 1475 τὸ
3255 1423 3511 1494 γεννῆσαι
3538 1422 3646 1494 (48)
3670 1421 3763 1475 τὸν

2181 1514 2510 1569 Μαθουσάλα
2538 1514 2892 1584 εὐηρέστησε,
2929 1515 3034 1586 πρὸ
3059 1513 3248 1567 τούτου
3290 1513 3429 1567 κατὰ
3467 1515 3570 1586 τὴν
3620 1516 3762 1585 Γραι-

2182 1606 2286 1676 φὴν
2311 1606 2409 1659 οὐκ
2436 1601 2502 1676 ἦν
2536 1607 2847 1678 εὐάρεστος.
2880 1605 3065 1676 Δῆλον,
3086 1607 3169 1658 ὅτι
3222 1606 3286 1657 ὲκ
3314 1605 3598 1676 μετανοίας
3631 1605 3761 1674 εὑη-

2187 1698 2466 1769 ρέστησεν,
2502 1699 2590 1750 ὅτε
2623 1699 2914 1770 ἐγέννησεν
2948 1699 3044 1768 τὴν
3088 1697 3182 1750 τοῦ
3214 1697 3443 1751 Θανάτου
3474 1697 3765 1761 ὲξαποστο-

2107 1787 2150 1842 Β
2177 1787 2296 1858 λὴν,
2338 1787 2396 1840 ὃν
2423 1783 2566 1858 εἰχον
2596 1788 2723 1859 πρὶν
2757 1789 3016 1858 γεννῆσαι
3050 1787 3233 1840 αὐτόν.

2250 1880 2363 1932 Καὶ
2398 1875 2569 1932 εἶπεν
2604 1882 2636 1932 ό
2688 1879 2832 1944 Θεός
2852 1896 2865 1909 ·
2925 1879 3267 1946 Ἀπαλείψω
3294 1876 3401 1932 τὸν
3432 1878 3763 1946 ἄνθρωπον,

2182 1971 2256 2026 ὃν
2290 1972 2567 2039 ἐποίησα,
2607 1971 2724 2026 ἀπὸ
2776 1969 3100 2040 προσώπου
3135 1971 3244 2040 τῆς
3280 1970 3407 2042 γῆς.
3453 1974 3562 2042 Οὐχ
3595 1972 3768 2037 ἀπαξ-

2182 2063 2368 2127 απλῶς
2395 2062 2504 2135 (49)
2529 2062 2833 2132 ἀπαλείψω,
2867 2063 2982 2116 ἀλλ’
3017 2063 3125 2116 ἀπὸ
3149 2063 3248 2132 τῆς
3273 2064 3394 2133 γῆς.
3425 2065 3499 2117 Οὐ
3535 2064 3642 2135 γὰρ
3672 2064 3767 2116 πέ-

2184 2173 2321 2226 φυκε
2382 2155 2663 2219 παντελῶς
2720 2154 3112 2223 ὰπαλείφεσοαι
3156 2156 3185 2207 ό
3241 2154 3516 2224 ποιηθεὶς,
3560 2156 3681 2207 ἐπεὶ
3736 2157 3766 2208 ὁ

2182 2248 2429 2318 ποιηθεὶς
2459 2250 2577 2303 κατ’
2610 2249 2794 2302 εἰκόνα
2827 2248 2961 2301 Θεοῦ
2991 2247 3302 2319 πεποίηται.

2253 2337 2440 2397 Αὖται
2465 2340 2532 2394 δὲ
2567 2345 2626 2394 al
2660 2341 2928 2410 γενέσεις
2959 2341 3104 2404 Νῶε,
3137 2342 3230 2394 καὶ
3257 2339 3325 2393 τὰ
3363 2339 3511 2410 ἑξῆς.
3549 2341 3612 2393 Εἰ
3644 2357 3764 2395 κοι-

2183 2434 2399 2506 νότερον
2424 2435 2536 2506 (50)
2572 2437 2841 2507 ἐγράφετο
2873 2435 3066 2498 ταῦτα,
3095 2436 3258 2506 ἐχρῆν
3282 2434 3640 2507 ἐπιφέρεσθαι
3662 2432 3764 2505 τῷ,

2183 2522 2366 2586 Λῦται
2401 2531 2458 2580 al
2486 2525 2683 2596 γενεαί
2722 2525 2866 2590 Νῶε,
2903 2527 3031 2580 Νῶε
3065 2525 3356 2597 ἐγέννησε
3387 2524 3541 2594 τρεῖς
3574 2526 3764 2591 υἱούς.

2183 2614 2296 2668 Νῦν
2347 2615 2400 2668 δὲ
2442 2616 2564 2670 ἐπεὶ
2615 2614 2960 2685 δικαιοσύνης
2999 2618 3032 2687 ἡ
3068 2616 3281 2685 γένεσις
3331 2615 3515 2679 αὑτοῦ,
3571 2613 3766 2685 προτέ-

2181 2724 2378 2760 τακται
2413 2707 2510 2778 μὲν
2531 2711 2610 2772 τὸ,
2642 2703 2816 2763 αὗται
2846 2711 2904 2762 al
2939 2707 3226 2778 γενέσεις,
3253 2707 3570 2779 ἐπιφέρεται
3593 2707 3649 2760 δὲ
3677 2707 3762 2775 τὸ,

2182 2795 2492 2868 ἄνθρωπος
2517 2798 2751 2866 δίκαιος
2775 2798 2880 2854 ὧν.

2260 2912 2343 2980 Τῷ
2390 2914 2511 2981 Θεῷ
2541 2914 2915 2984 εῠηρέστησε
2960 2913 3105 2969 Νῶε.
3163 2913 3481 2984 Ἑγέννησε
3522 2912 3590 2967 δὲ
3636 2911 3763 2966 Νῶε

2183 3007 2336 3076 τρεῖς
2369 3008 2561 3074 υἱοὺς,
2597 3007 2704 3062 τὸν
2735 3008 2884 3077 Σὴμ,
2929 3007 3037 3061 τὸν
3079 3007 3225 3078 Χὰμ,
3258 3006 3363 3060 τὸν
3408 3006 3619 3075 Ἰιὶεοεα
3662 3005 3764 3056 Πε-

2186 3098 2354 3170 ριέχει
2382 3101 2438 3151 ὲν
2477 3101 2589 3161 τοῖς
2623 3097 2931 3169 ἔμπροσθεν
2979 3098 3108 3168 (51),
3153 3098 3236 3151 ὅτι
3295 3094 3509 3163 Ἕζησε
3562 3097 3762 3164 Λάμεχ

2179 3191 2282 3257 ἐτη
2303 3190 2520 3244 ἑκατὸν
2541 3190 2637 3242 καὶ
2661 3189 3029 3261 ὀγδοήκοντα
3049 3190 3150 3244 καὶ
3163 3189 3336 3256 ὀκτὼ,
3355 3190 3448 3242 καὶ
3471 3187 3764 3257 ἐγέννησε

2178 3283 2326 3336 Νῶε.
2354 3282 2465 3336 Καὶ
2476 3281 2652 3348 ἔζησε
2666 3281 2890 3352 Λάμεχ,
2900 3284 3050 3353 μετὰ
3065 3282 3129 3337 τὸ
3147 3283 3435 3353 γεννῆσαι
3453 3278 3641 3334 αὑτὸν
3657 3279 3764 3332 τὸν

2178 3374 2446 3441 Νῶε,έτη
2470 3377 2837 3428 πεντακόσια
2856 3376 2953 3428 κ(ιί
2981 3374 3278 3442 ἐξήκοντα
3301 3375 3398 3429 καὶ
3421 3375 3627 3430 πέντε·
3659 3373 3759 3428 καὶ

2177 3465 2457 3536 ἐγένοντο
2493 3463 2682 3520 πᾶσαι
2711 3469 2770 3519 al
2815 3468 3029 3536 ἡμέραι
3061 3467 3266 3538 Λάμεχ
3299 3468 3402 3536 ἐτη
3432 3467 3763 3521 ἑπτακόσια

2178 3558 2275 3612 καί
2315 3557 2692 3623 πεντήκοντα
2723 3558 2873 3626 τρια,
2912 3559 3008 3612 καὶ
3053 3559 3339 3615 ἀπέθανε.
3380 3559 3492 3615 Kal
3529 3556 3607 3630 ἦν
3637 3557 3765 3612 Νῶε

2176 3650 2328 3704 ἐτῶν
2360 3651 2798 3715 πεντακοσίων,
2830 3651 2929 3704 καὶ
2959 3651 3254 3720 ἐγέννησε
3273 3651 3428 3720 τρεῖς
3449 3654 3631 3719 υἱούς.
3655 3652 3764 3705 Καὶ

2177 3744 2503 3817 εὑρίσκομεν
2527 3747 2584 3798 ὲν
2613 3744 2786 3816 τούτῳ
2815 3744 3113 3813 διαφωνίαν
3141 3745 3402 3814 ἑξήκοντα
3429 3745 3590 3798 πέντε
3623 3743 3762 3796 ἐτῶν

2176 3837 2269 3891 τοῦ
2289 3837 2429 3891 Νῶε.
2483 3837 2618 3890 Ἀλλ’
2654 3836 2886 3890 ἐνταῦθα
2916 3838 2949 3906 ἡ
2988 3836 3176 3908 Γραφὴ
3207 3836 3375 3904 λέγει,
3409 3837 3492 3888 ὅτι
3525 3836 3602 3906 τῷ
3643 3836 3763 3907 Θεῷ

2177 3927 2509 3996 εὐηρέστησε
2560 3927 2719 3994 Νῶε,
2762 3928 2946 3993 καθὼς
2992 3929 3301 3998 γέγραπται
3350 3929 3446 3979 κα)⁵
3484 3926 3613 3996 περὶ
3665 3925 3759 3978 τοῦ

2189 4017 2376 4089 Ἑνώχ.
2417 4020 2680 4082 Κάκεῖνος
2717 4018 2826 4090 γὰρ
2856 4020 2942 4072 ὅτε
2980 4019 3313 4090 εὐηρέστησε
3351 4013 3429 4084 τῷ
3463 4015 3601 4086 Θεῷ,
3639 4016 3759 4070 τότε

2176 4111 2270 4163 καὶ
2300 4109 2599 4181 μετέθηκεν
2635 4111 2818 4166 αὐτόν.
2873 4112 3102 4183 Ὁμοίως
3136 4107 3227 4164 οὖν
3267 4110 3360 4162 καὶ
3391 4108 3487 4162 τοῦ
3530 4109 3653 4162 Νῶε
3690 4108 3761 4162 τὰ

2177 4201 2284 4273 πρὸ
2327 4201 2430 4273 τῆς
2463 4203 2872 4275 εὐαρεστήσεως
2905 4202 3170 4274 ἐξήκοντα
3197 4203 3291 4256 καὶ
3323 4202 3485 4256 πέντε
3532 4200 3628 4271 ἐτη
3659 4201 3758 4255 οὐκ

2177 4294 2461 4363 ἐλογίσατο
2494 4294 2644 4366 αὑτῷ
2695 4297 2728 4367 ὴ
2763 4296 2882 4349 θεία
2915 4297 3126 4369 Γραφή.
3157 4297 3367 4366 Ὥσπερ
3410 4295 3503 4348 κα).
3532 4293 3623 4346 ἐπὶ
3663 4292 3758 4345 τοῦ

2189 4385 2440 4457 Ἀϐραὰμ
2465 4387 2566 4441 οὐκ
2598 4387 2849 4458 ἐλογίσθη
2882 4391 2959 4452 εἰς
2992 4388 3133 4460 ζωὴν
3158 4388 3228 4440 τὰ
3259 4387 3521 4458 ἐξήκοντα
3557 4385 3654 4455 ἐτη
3691 4385 3759 4439 τὰ

496 4477 641 4530 circa
677 4473 975 4528 Mathusala
1007 4478 1274 4540 reperitur
1295 4473 1591 4528 discrimen
1622 4488 1886 4528 annorum
1909 4474 2070 4544 quiu-

2179 4479 2281 4550 πρὸ
2310 4479 2407 4549 τῆς
2429 4480 2756 4548 θεογνωσίας
2790 4480 2975 4544 αὑτοῦ,
3019 4482 3111 4533 καὶ
3141 4479 3234 4532 τοῦ
3284 4478 3451 4548 Ἑνὼχ
3477 4477 3571 4548 ἔτη
3604 4477 3759 4548 τριά-

495 4569 700 4622 decnn.

2181 4586 2374 4623 κοντα·
2407 4571 2498 4624 καὶ
2538 4570 2633 4624 τοῦ
2676 4570 2849 4624 Σαοὺλ
2891 4570 2986 4639 ἔτη
3013 4570 3206 4631 εἴκοσι,
3239 4569 3332 4621 κα),
3363 4567 3457 4621 τοῦ
3489 4566 3758 4637 Σολομῶν·

494 4679 585 4725 τος
608 4663 704 4734 ἐτη
726 4661 1150 4733 τεσσαράκοντα,
1171 4661 1264 4714 καὶ
1289 4661 1381 4715 τοῦ
1420 4660 1663 4726 Ἐζεκίου
1693 4661 1786 4734 ἔτη
1812 4661 1946 4717 δέκα
1973 4665 2068 4718 καὶ
2097 4665 2268 4718 ἑπτά·
2305 4665 2441 4720 ἀλλὰ
2472 4667 2564 4721 καὶ
2598 4668 2726 4739 περ).
2751 4667 2845 4720 τοῦ
2903 4665 3236 4722 Μαθουσὰλα
3288 4664 3602 4737 εὑρίσκεται
3649 4663 3763 4716 δια-

495 4757 671 4826 φωνία
700 4754 835 4808 ἐτῶν
854 4754 1167 4809 δεκαπέντε.

640 4933 687 5007 ⁸-³
715 4933 854 5007 Gen.
885 4949 936 5000 ν,
963 4935 1097 5007 1,5:
1171 4935 1219 4967 ³⁵
1245 4935 1386 5007 Psal.
1415 4953 1587 5003 Lxxu,
1615 4937 1704 4994 20.
1782 4943 1828 4973 ’⁵
1869 4942 2008 4996 f’sal.
2041 4959 2273 5007 xxxviii,
2306 4943 2356 4996 7.

490 5005 538 5039 ”
566 5005 723 5069 ibid.,
751 5005 806 5070 9,
841 5007 926 5060 10.
1007 5005 1022 5036 ¹
1059 5005 1195 5060 Gen.
1229 5022 1281 5071 ν,
1303 5006 1374 5060 ‘28
1403 5024 1552 5077 seqq.

529 5183 712 5308 ὲίὲῇὶζ
734 5185 891 5252 Πρὸς
946 5184 1089 5252 τοὺς
1151 5183 1499 5256 οἰομένους,
1558 5193 1665 5239 etc.
1733 5185 1809 5239 Ex
1875 5185 2065 5240 iisdem

495 5270 734 5312 scueuts.

567 5325 682 5398 (fl)
728 5325 862 5398 Post
880 5323 1044 5398 αὑτοῦ
1072 5326 1232 5398 codd.
1262 5327 1411 5394 Regii
1443 5325 1648 5398 addunt
1679 5326 1798 5398 sine
1825 5325 2070 5398 auctoris

495 5392 758 5468 nomine:
800 5392 932 5468 Ἰδέα
987 5396 1134 5468 ἐστὶν
1181 5398 1214 5467 ἡ
1249 5392 1535 5467 σωματικὴ
1579 5396 1866 5468 ὁμοίωσις’
1907 5394 2070 5448 εἰκὼν

491 5467 548 5520 δὲ
584 5467 617 5536 ἡ
663 5463 867 5535 ψυχικὴ
914 5463 1263 5536 κατάστασις.
1313 5463 1442 5536 Ιίἰεα
1471 5463 1545 5519 est
1594 5463 1844 5536 cet'porea
1875 5467 2070 5519 simili-

496 5535 664 5597 tudo;
696 5537 873 5602 imago
905 5549 1024 5585 vero
1051 5535 1243 5602 animm
1274 5535 1507 5590 habitus.

567 5605 678 5675 (48)
723 5601 822 5658 El’
835 5601 986 5672 μετὰ
1030 5601 1095 5654 τὸ
1159 5603 1488 5675 γεννῆσαι,
1529 5618 1637 5661 etc.
1691 5604 1931 5660 [labetur
1986 5605 2070 5659 ltic

497 5677 652 5730 locus
685 5677 738 5728 in
770 5677 959 5728 iisdem
991 5676 1209 5726 SCllt’tilS
1241 5674 1536 5729 (ZOndn-tis.

573 5746 685 5817 (49)
729 5747 850 5816 Οὺχ
891 5743 1284 5809 ἁπαξαπλῶς,
1330 5756 1437 5798 etc.
1485 5744 1540 5799 ιιι
1604 5745 1792 5800 iisdem
1854 5743 2071 5799 scltedis

2435 4942 2481 4972 ⁹⁶
2513 4942 2652 4997 Gen.
2679 4957 2727 5006 ν,
2751 4942 2842 4995 εν.
2934 4941 2977 4972 ⁸⁷
3005 4939 3145 4995 Gen.
3185 4954 3263 5003 γι,
3296 4941 3349 4994 7.
3444 4937 3490 4973 ⁸⁸
3515 4935 3666 4998 ibid.,
3707 4931 3759 4988 9.

2173 5187 2468 5241 Combetis.

2249 5257 2362 5326 (50)
2402 5258 2472 5326 El
2503 5256 2863 5323 κοινότερον,
2909 5261 3014 5308 etc.
3053 5257 3312 5326 Quantam
3353 5261 3560 5326 catena:
3597 5251 3756 5326 _lutuc

2178 5321 2355 5380 locqu
2391 5325 2688 5380 ἀδέσποτον
2719 5321 2938 5388 habent,
2973 5327 3069 5379 sed
3112 5324 3358 5379 llounaua
3392 5321 3612 5392 Origcni
3657 5326 3754 5375 tri-

2180 5398 2318 5450 buit.
2691 5393 2702 5405 ⁸

2251 5466 2364 5536 (5i)
2406 5463 2665 5534 Περιέχει
2691 5464 2760 5519 ἐν
2783 5463 2908 5530 τοῖς
2929 5465 3288 5534 ἔμπροσθεν,
3315 5471 3423 5516 etc.
3451 5460 3755 5536 ln_sc|tedis

2178 5532 2491 5588 Coiulrelisii
2541 5532 2883 5602 tlesuutptutu
2943 5532 3144 5588 dieitur
3193 5551 3222 5586 e
3271 5541 3459 5586 catena
3505 5532 3750 5586 llountua

2181 5607 2280 5658 hoc
2317 5608 2677 5674 fragmentum
2709 5607 2854 5675 quod
2887 5603 3552 5675 Mentelalconiusyoster
3581 5602 3752 5675 edidit

2182 5675 2233 5726 iu
2265 5671 2742 5745 obserraliouibus
2774 5676 2888 5732 suis
2933 5676 3000 5730 ad
3051 5672 3291 5745 Hexapla
3335 5673 3606 5745 Origenis,
3642 5671 3746 5730 Ge-

2179 5759 2293 5800 tica.
2324 5761 2376 5809 ν,
2403 5743 2474 5798 25
2499 5756 2551 5800 et
2587 5744 2677 5798 26.
3099 5740 3134 5769 ⁸
