4180 6216
507 287 604 339 Ill

1979 272 2327 329 ORIGENES

3654 282 3756 335 ΗΞ

509 404 821 465 Qinerentes
853 406 1034 448 autem
1067 391 1353 445 discrimen
1393 388 1515 442 labii
1546 395 1600 441 et
1625 386 1792 452 vocis,
1827 386 2068 441 dicemus

2178 390 2271 443 καὶ
2300 389 2500 459 φωνῆς,
2529 391 2774 459 φήσομεν
2795 388 2893 459 τὴν
2921 389 3018 459 μὲν
3043 391 3224 462 φωνὴν
3250 391 3336 446 ἐπὶ
3363 394 3462 464 τῆς
3480 393 3756 448 διαλέκτου

512 505 696 543 vocem
728 489 795 541 ad
826 497 1133 540 sermonem
1167 482 1456 551 pertinere,
1491 479 1632 535 forte
1661 487 1842 532 autem
1871 479 2070 532 lahium

514 580 578 631 ad
609 576 1007 646 cogitationem,
1035 578 1126 622 aut
1156 569 1272 622 vice
1299 581 1474 620 versa.

588 667 787 727 Venite,
816 675 862 717 et
907 659 1274 715 descendentes
1318 656 1704 724 confundnmus
1735 655 1806 706 ibi
1835 655 2070 722 lingumn

509 775 708 819 eorum,
753 765 806 808 ut
853 771 957 806 non
997 751 1182 805 audiat
1225 749 1581 815 unusquisque
1621 746 1856 814 linguam
1891 745 2072 812 proxi-

510 850 654 902 mi“.
689 846 901 901 Malitia:
935 843 1192 898 indicium
1220 838 1467 896 confusio
1495 837 1822 907 linguarum,
1854 836 2072 890 virtutis

509 957 634 994 vero
661 939 944 998 indicium,
976 935 1195 1005 quando
1219 942 1332 986 erat
1363 931 1594 985 omnium
1625 929 1949 982 credentium
1981 943 2072 979 cor

505 1045 549 1086 et
581 1033 758 1086 anima
784 1046 886 1082 una
900 1029 967 1080 ".
1009 1027 1207 1094 Sicque
1234 1023 1570 1092 Scripturam
1595 1021 1892 1074 observans
1921 1017 2072 1071 inve-

507 1127 645 1186 nies,
681 1123 989 1188 ubicunque
1036 1126 1119 1173 est
1165 1114 1453 1170 multitudo
1500 1113 1731 1174 numeri,
1764 1111 2072 1178 ubicunque

503 1227 582 1269 est
616 1215 873 1276 schisma,
923 1211 1231 1277 ubicunque
1265 1216 1348 1262 est
1404 1205 1598 1259 divisio
1633 1211 1686 1257 et
1717 1201 1984 1255 discordia
2016 1211 2072 1254 et

504 1308 605 1359 alia
647 1301 970 1372 lmjusmodi,
997 1298 1215 1354 malitiae
1238 1309 1356 1350 esse
1387 1293 1624 1355 indicia;
1667 1291 1754 1342 ubi
1789 1304 1921 1342 vero
1950 1293 2072 1340 uni-

506 1411 586 1453 tas
618 1405 671 1449 ct
703 1391 1016 1454 concordia,
1041 1400 1094 1443 et
1127 1388 1289 1442 multa
1321 1387 1400 1439 vis
1432 1387 1484 1438 in
1521 1383 1723 1449 verbis,
1749 1381 1822 1435 ibi
1858 1380 2071 1433 virtutis

497 1502 622 1544 esse
658 1484 878 1540 indicia.

584 1578 826 1648 Vixitque
879 1575 1085 1627 Tltarra
1135 1569 1470 1638 septuaginta
1527 1563 1724 1626 annis,
1791 1572 1836 1615 et
1893 1561 2069 1631 genuit

505 1674 718 1736 Abram,
745 1678 792 1722 et
825 1665 1064 1728 Nae/tor,
1099 1672 1147 1717 et
1173 1664 1364 1715 Arram
1381 1659 1450 1712 ’7.
1483 1656 1696 1710 Patrem
1726 1653 1900 1724 gentis
1928 1654 2073 1707 cele-

2175 480 2498 543 τάσσεσθαι,
2531 481 2672 550 τάχα
2699 480 2755 532 δὲ
2793 479 2854 532 τὸ
2886 480 3061 549 χεῖλος
3090 481 3181 534 ἐπὶ
3207 483 3305 552 τῆς
3333 483 3572 547 διανοίας
3592 502 3606 514 ·
3638 483 3674 556 ἢ
3699 484 3762 538 τὺ

2175 569 2432 638 ἔμπαλιν.

2245 660 2420 714 Δεῦτε
2443 701 2458 723 ,
2490 661 2592 714 καὶ
2635 660 3000 726 καταϐάντες
3033 661 3385 730 συγχέωμεν
3409 660 3611 716 αὐτῶν
3638 663 3769 717 ἐκεῖ

2176 749 2288 816 τὴν
2316 749 2654 844 Ξολῶσσαν,
2693 752 2793 803 ἵνα
2843 751 2930 819 μὴ
2981 753 3328 805 ἀκούσωσιν
3357 751 3616 818 ἕκαστος
3651 753 3764 822 τῆς

2173 835 2377 902 φωνῆς
2425 835 2532 890 τοῦ
2589 839 2876 904 πλησίον.
2931 838 3221 910 Γνώρισμα
3270 841 3468 904 κακίας
3516 841 3652 910 (66)
3699 843 3762 894 τὸ

2175 926 2504 996 συγχυθῆναι
2537 927 2636 990 τὰς
2670 926 2922 996 γλώσσας
2941 945 2955 958 ο
2985 929 3273 1000 γνώρισμα
3299 932 3503 1001 ἀρετῆς
3523 972 3537 995 ,
3565 933 3654 985 ὅτε
3681 929 3761 1001 ἦν

2171 1017 2410 1070 πάντων
2432 1018 2551 1072 τῶν
2583 1021 2994 1073 πιστευόντων
3021 1020 3256 1087 καρδία,
3292 1023 3390 1075 καὶ
3426 1023 3597 1092 ψυχὴ
3627 1025 3760 1092 μία.

2172 1109 2279 1160 Καὶ
2326 1108 2469 1162 οὕτω
2519 1109 2703 1180 τηρῶν
2751 1110 2851 1181 τὴν
2896 1111 3118 1182 Γραφὴν
3171 1113 3446 1184 εὑρήσεις,
3496 1115 3580 1168 ὃτι
3626 1118 3764 1169 ὅπου

2171 1201 2373 1272 πλῆθος
2404 1202 2663 1274 ἀριθμοῦ,
2695 1203 2828 1255 ὅπου
2881 1203 3110 1272 σχίσμα.
3139 1203 3274 1256 ὅπου
3317 1204 3580 1276 διαίρεσις
3602 1245 3618 1268 ,
3670 1203 3768 1259 καὶ

2167 1294 2473 1362 διαφωνία,
2529 1296 2624 1348 καὶ
2689 1296 2790 1348 ὅσα
2867 1295 3129 1359 τοιαῦτα,
3185 1297 3384 1360 κακίας
3452 1299 3568 1350 ἐστὶ
3625 1315 3767 1365 γνω-

2173 1381 2446 1452 ρίσματα·
2493 1383 2630 1434 ὅπου
2677 1381 2733 1434 δὲ
2780 1383 2998 1452 ἑνότης,
3043 1384 3138 1436 καὶ
3189 1385 3433 1454 ὁμόνοια,
3468 1387 3564 1440 καὶ
3596 1387 3766 1458 πολλὴ

2169 1473 2398 1543 δύναμις
2445 1474 2503 1525 ὲν
2537 1473 2713 1542 λόγοις
2736 1513 2750 1535 ,
2780 1475 2983 1544 ἀρετῆς
3014 1475 3394 1547 γνωρίσματα.
3693 1483 3698 1487 “

2239 1567 2351 1618 Καὶ
2399 1565 2574 1632 ἔζησε
2616 1564 2811 1634 stippa
2857 1566 3265 1635 ἐϐδομήκοντα
3291 1567 3432 1635 ἔτη,
3461 1569 3558 1623 καί
3601 1567 3767 1638 ἐγέν-

2171 1673 2324 1724 νησε
2352 1655 2458 1709 τὸν
2491 1655 2717 1724 Ἁϐρὰμ,
2736 1655 2833 1708 καὶ
2858 1655 2964 1708 τὸν
2989 1655 3224 1725 Ναχώρ,
3250 1659 3348 1711 καὶ
3381 1658 3489 1711 τὸν
3517 1659 3758 1728 Ἀρῤἀμ.

494 1763 711 1818 ⁵1ηἰιιιιίε
745 1759 1089 1814 festivitatem
1123 1750 1478 1808 hebdomadaa
1506 1747 1697 1819 genuit
1741 1744 1949 1798 Tharra
1985 1759 2071 1798 se-

2178 1749 2276 1801 Τδν
2310 1747 2518 1818 πατέρα
2551 1746 2658 1816 (67)
2687 1746 2779 1800 τοῦ
2807 1746 3158 1818 ἐορτάζοντος
3189 1749 3376 1813 ἔθνους
3404 1750 3504 1822 τὴν
3532 1750 3765 1822 ἑϐδομά-

491 1853 908 1927 .ptttagenarius.
943 1849 1094 1904 lland
1129 1846 1244 1901 scio
1280 1853 1462 1898 autem
1494 1859 1561 1894 an
1598 1849 1709 1893 tres
1741 1837 2070 1907 tergeminos

485 1948 764 2019 genuerit.
803 1945 974 1997 Aliter
1023 1939 1170 1994 enim
1222 1932 1672 2005 septuagenarius
1719 1945 1840 1984 cum
1899 1939 2065 1995 esset,

499 2058 605 2095 non
636 2038 897 2109 potuisset
929 2049 995 2088 ex
1023 2048 1125 2085 una
1151 2029 1314 2084 trium
1339 2037 1494 2098 pater
1519 2023 1780 2080 ﬁeri.$ed
1805 2035 1861 2077 et
1885 2022 2068 2092 plures

499 2145 604 2184 non
646 2127 960 2182 referuntur
989 2121 1106 2190 ejus
1141 2133 1358 2174 uxores.

570 2305 637 2360 Et
661 2302 924 2357 descendit
952 2298 1146 2350 Abram
1188 2298 1239 2346 in
1269 2292 1556 2362 zEgyptum
1601 2300 1655 2342 ut
1699 2289 2064 2358 peregrinare-

485 2410 585 2451 tur
616 2397 707 2459 ibi,
757 2391 1002 2463 quoniam
1042 2387 1336 2440 inualuerat
1378 2384 1541 2452 fames
1582 2397 1740 2449 super
1793 2378 2064 2433 terram".

498 2489 770 2545 Abraham
797 2500 902 2539 non
941 2484 992 2534 in
1025 2480 1257 2550 {Egypto
1301 2476 1600 2537 habitabat,
1635 2473 1728 2528 sed
1759 2472 2068 2542 peregrina-

486 2584 680 2643 batur,
711 2577 968 2648 quoniam
1001 2572 1302 2626 invaluerat
1329 2570 1498 2621 fames
1522 2581 1685 2635 super
1716 2574 1936 2619 terram.

571 2667 858 2724 Chanana'i
899 2674 1076 2717 autem
1114 2671 1161 2715 et
1209 2656 1479 2712 Pltereztei
1520 2665 1644 2708 tunc
1674 2652 1980 2706 habitabant
2015 2653 2069 2704 in

499 2776 638 2817 terra
654 2761 721 2814 ”.
753 2755 1042 2813 Chananwi
1073 2762 1258 2823 utpote
1289 2750 1413 2804 mali
1447 2748 1782 2806 habitabant.
1825 2761 1930 2799 non
1967 2760 2064 2813 pe-

500 2854 938 2927 regritmbantnr,
979 2850 1030 2902 in
1076 2856 1244 2902 terra.
1278 2843 1398 2897 Mali
1451 2843 1634 2908 itaque
1666 2839 1931 2902 habitant,
1968 2854 2069 2890 non

491 2945 931 3017 peregrinantur,
969 2941 1021 2995 in
1056 2948 1222 2992 terra.

564 3038 677 3112 35
707 3037 767 3092 Si
801 3048 857 3090 tu
881 3035 950 3089 ad
979 3031 1282 3090 sinistram,
1313 3043 1406 3097 ego
1445 3027 1511 3079 atl
1562 3027 1830 3077 dexteram
1869 3041 1884 3087 ;
1915 3022 1960 3075 si
2009 3031 2065 3073 tu

499 3136 568 3188 ad
608 3137 910 3193 dexteram,
950 3141 1043 3196 ego
1085 3125 1154 3178 ad
1181 3122 1452 3177 sinistram
1486 3117 1565 3180 ⁵ο,
1602 3123 1709 3168 etc.
1748 3113 1858 3168 Etsi
1898 3114 2072 3166 Abra-

502 3227 624 3280 ham
694 3235 803 3289 praa
846 3213 1261 3272 mansuetudine
1314 3205 1550 3278 eligendi
1601 3215 1926 3274 pote5tatem
1981 3200 2070 3255 fe-

495 3318 575 3371 cit
631 3314 852 3377 Lotho;
917 3305 1314 3362 observandum
1383 3309 1468 3356 est
1540 3313 1662 3352 eum
1719 3297 1809 3366 qui
1873 3293 2073 3366 elegit,

501 3426 601 3464 suo
657 3408 866 3460 delectu
922 3419 1028 3457 non
1090 3399 1236 3463 frui,
1298 3397 1450 3451 illum
1505 3403 1686 3448 autem
1741 3391 1831 3460 qui
1898 3390 2076 3457 optio-

497 3519 628 3560 nem
678 3500 866 3561 dedit,
922 3491 1262 3550 benedictum
1324 3489 1522 3546 habere
1580 3487 1724 3556 quod
1779 3483 1883 3538 sibi
1941 3481 2074 3537 reli~

501 3608 648 3651 Cllllll
674 3604 776 3650 851.

577 3690 826 3759 Dixitque
861 3686 998 3740 Deus
1027 3685 1094 3737 ad
1127 3682 1322 3735 Abram
1357 3687 1629 3748 postquam
1685 3681 1959 3741 separatus
2001 3677 2076 3722 est

494 3786 566 3838 'ab
589 3785 701 3851 ipso
729 3781 853 3834 Lat:
881 3779 1092 3845 Respice
1115 3775 1281 3828 oculis
1313 3772 1440 3833 tuis,
1465 3779 1512 3822 et
1538 3770 1651 3820 vide
1674 3785 1705 3819 a
1737 3767 1848 3817 loco
1884 3764 1939 3814 in
1976 3777 2078 3826 quo

505 3893 640 3930 nunc
654 3891 728 3938 es,
748 3873 816 3926 ad
830 3870 1124 3940 aquilonem
1140 3877 1186 3919 et
1202 3863 1490 3924 meridiem,
1505 3871 1552 3912 et
1571 3861 1637 3911 ad
1651 3858 1922 3918 orientem,
1944 3865 1991 3908 et
2009 3853 2077 3904 ad

505 3970 843 4026 occidentem,
861 3963 1108 4033 quoniam
1128 3973 1330 4012 omnem
1344 3964 1535 4007 terram
1554 3967 1712 4021 quam
1731 3959 1785 4001 tu
1801 3947 1963 4010 vides,
1987 3943 2080 3996 tibi

505 4061 643 4114 dabo
669 4059 732 4110 “.
779 4056 880 4124 Qui
914 4051 1099 4108 virtuti
1128 4051 1257 4106 dant
1303 4060 1526 4117 operam
1556 4084 1571 4108 ,
1613 4057 1708 4096 cos
1753 4039 2000 4109 sequitur
2049 4054 2078 4088 a

506 4153 616 4207 Deo
642 4147 962 4206 consolatio.
987 4145 1283 4214 Postquam
1318 4140 1596 4210 optionem
1628 4135 1778 4190 dedit
1817 4131 1994 4195 fratri,
2029 4137 2084 4186 ct

507 4246 595 4300 ille
625 4240 1054 4298 ammnissimam
1103 4247 1158 4291 et
1201 4234 1529 4289 uberrimam
1564 4228 1730 4300 elegit
1783 4229 2079 4299 regionem,

508 4333 759 4404 apparuit
813 4331 955 4384 Deus
996 4326 1343 4385 Abrahamo,
1397 4323 1553 4390 cujus
1608 4317 1848 4372 animam
1898 4313 2080 4368 verbis

2169 1841 2234 1893 δα
2276 1841 2564 1912 ἐγέννησεν
2609 1841 2638 1892 6
2676 1838 3186 1910 Θάρραεγενόμενος
3235 1841 3759 1912 ἑϐδομηκονταεπεης.

2184 1932 2473 2002 Ἐιρίστημι
2493 1933 2550 1984 δὲ
2577 1933 2771 2002 μήπως
2799 1931 2924 1994 τοὺς
2951 1935 3098 2002 τρεῖς
3125 1931 3421 2002 τριδύμους
3446 1932 3757 2003 ἐγέννησεν.

2175 2025 2382 2087 Ἀλλως
2410 2026 2536 2096 γὰρ,
2568 2023 3066 2094 ἑϐδομηκονταέτης
3113 2024 3212 2088 ὢν,
3241 2027 3303 2078 οὔ
3335 2026 3535 2079 δύναιτ’
3560 2025 3625 2079 ἂν
3653 2027 3764 2080 τῶν

2169 2113 2335 2183 τριῶν
2364 2116 2428 2166 ἐκ
2461 2116 2589 2184 μιᾶς
2621 2113 2871 2180 γενέσθαι
2898 2118 3103 2186 πατὴρ.
3142 2118 3301 2170 Ἀλλὰ
3330 2119 3424 2171 καὶ
3450 2119 3510 2170 οὑ
3539 2118 3760 2188 δηλοῦν-

2169 2223 2258 2257 ται
2285 2205 2502 2268 πλείους
2531 2204 2696 2257 αὑτοῦ
2731 2208 3010 2273 γυναῖκες.

2239 2298 2346 2352 Καὶ
2401 2299 2616 2365 κατέϐη
2660 2298 2877 2368 Ἀϐρὰμ
2928 2302 3015 2366 εἰς
3054 2301 3358 2368 Αἴγυπτον
3393 2299 3758 2369 παροικῆσαι

2170 2388 2324 2451 ἐκεῖ,
2389 2389 2475 2441 ὅτι
2542 2389 2877 2458 ἐνίσχυσεν
2935 2393 2968 2444 ὀ
3054 2393 3231 2460 λιμὸς
3289 2391 3388 2444 ἐπὶ
3450 2391 3560 2458 τῆς
3622 2391 3752 2461 γῆς.

2184 2479 2432 2551 Ἀϐραὰμ
2485 2480 2594 2550 (68)
2629 2481 2689 2533 οῦ
2722 2480 2960 2552 κατῴκει
2995 2483 3263 2550 Αἴγυπτον
3283 2523 3298 2547 ,
3329 2483 3464 2536 ἀλλὰ
3490 2482 3759 2556 παρῴκει,

2170 2573 2252 2626 ὅτι
2282 2571 2556 2643 ἐνίσχυσεν
2577 2575 2605 2626 6
2628 2571 2784 2642 λιμὸς
2814 2573 2906 2625 ἐπὶ
2940 2573 3040 2642 τῆς
3072 2573 3196 2643 γῆς.

2236 2667 2300 2717 Ol
2333 2662 2400 2716 δὲ
2420 2663 2735 2717 Χαναναῖοι
2763 2663 2860 2716 καὶ
2887 2667 2941 2718 oi
2967 2663 3256 2732 Φερεζαῖοι
3286 2667 3419 2720 τότε
3448 2663 3760 2730 κατῴκουν

2172 2757 2286 2824 τὴν
2315 2757 2448 2825 γῆν.
2469 2758 2555 2820 Ὠς
2586 2755 2777 2826 φαῦλοι
2801 2756 2908 2827 (69)
2935 2758 2983 2809 οί
3013 2759 3305 2811 Χαναναῖοι
3337 2759 3637 2830 κατῴκουν,
3665 2758 3760 2811 καὶ

2172 2849 2232 2900 οὐ
2263 2847 2553 2920 παρῴκουν
2582 2849 2680 2918 τὴν
2713 2848 2844 2918 γῆν.
2889 2847 3049 2902 Ὥστε
3080 2846 3270 2916 φαῦλοι
3298 2848 3660 2913 κατοικοῦσιν,
3695 2848 3759 2901 οὐ

2177 2939 2499 3010 παροικοῦσι
2521 2939 2616 3010 τὴν
2647 2939 2771 3009 γῆν.

2250 3034 2315 3086 El
2345 3031 2425 3085 σὺ
2449 3033 2535 3096 εις
2555 3030 2856 3098 ἀριστερὰ,
2883 3028 2997 3098 ἐγὼ
3029 3031 3114 3094 εἰς
3145 3029 3311 3095 δεξιά
3330 3048 3342 3059 ·
3375 3033 3428 3084 εί
3455 3029 3523 3083 δὲ
3550 3029 3632 3084 σὺ
3669 3032 3759 3098 είς

2178 3123 2374 3188 δεξιὰ,
2401 3123 2515 3191 ἐγὼ
2563 3125 2650 3188 εὶς
2688 3121 3006 3190 ἀριστερά·
3059 3121 3152 3173 καὶ
3197 3122 3264 3175 τὰ
3305 3121 3454 3190 ἑξῆς.
3489 3122 3552 3174 Εἰ
3585 3123 3677 3175 καὶ
3720 3125 3753 3192 ἠ

2177 3215 2373 3285 ἐκλογὴ
2397 3215 2508 3286 (70)
2533 3215 2722 3282 γέγονε
2752 3211 3162 3284 συγχωρηθεῖσα
3193 3213 3300 3264 ἀπὸ
3327 3213 3426 3283 τῆς
3459 3212 3756 3276 ἐπιεικείας

2176 3309 2270 3362 τοῦ
2329 3307 2580 3380 Ἀϐραὰμ
2619 3306 2698 3376 τῷ
2733 3305 2886 3359 Λώτο
2945 3305 3391 3376 παρατηρητέον,
3434 3306 3516 3358 ὅτι
3568 3308 3599 3359 6
3657 3305 3757 3376 μὲν

2179 3399 2534 3469 ἐκλεξάμενος
2601 3397 2702 3450 οὐκ
2760 3395 3020 3449 ἀπολαύει
3088 3395 3186 3464 τῆς
3254 3395 3422 3448 αὑτοῦ
3496 3395 3760 3465 ἐκλογῆς,

2178 3495 2206 3545 ὁ
2237 3495 2293 3547 δὲ
2325 3491 2734 3564 παραχωρήσας
2764 3488 3123 3560 εὐλογημένον
3160 3488 3272 3558 ἔχει
3301 3487 3365 3542 τὸ
3402 3487 3761 3559 καταλελειμ-

2185 3587 2342 3657 μένον
2351 3624 2364 3636 .

2262 3682 2326 3732 Ὀ
2355 3678 2423 3733 δὲ
2463 3677 2608 3744 Θεὸς
2630 3676 2758 3732 εἶπε
2789 3678 2937 3745 πρὸς
2966 3675 3194 3742 Ἀϐρὰμ,
3221 3674 3372 3741 μετὰ
3396 3673 3463 3726 τὸ
3491 3673 3762 3742 διαχωρι-

2182 3772 2401 3840 σθῆναι
2450 3772 2556 3824 τὸν
2604 3771 2734 3824 Λὼτ
2787 3768 2886 3822 ἀπ’
2931 3766 3143 3820 αὐτοῦ·
3200 3764 3576 3832 Ἀνάϐλεψον
3638 3765 3762 3828 τοῖς

2183 3862 2509 3933 ὀφθαλμοῖς
2529 3876 2664 3923 σου,
2695 3860 2788 3912 καὶ
2819 3857 2907 3910 ἴδε
2932 3857 3050 3910 ἀπὸ
3082 3855 3188 3909 τοῦ
3221 3854 3410 3908 τόπου
3437 3850 3508 3909 οὗ
3534 3852 3651 3907 νῦν
3677 3854 3762 3907 σὺ

2182 3952 2253 4018 εἷ,
2293 3955 2441 4023 πρὸς
2475 3950 2704 4020 ,βορῤᾶν
2732 3950 2828 4003 καὶ
2871 3949 3010 4001 ,λίϐα
3032 3986 3049 4010 ,
3077 3946 3173 3999 καὶ
3202 3945 3504 4011 ἀνατολὰς
3530 3945 3628 3998 καί
3661 3944 3764 3998 θά-

2181 4051 2460 4109 λασσαν,
2490 4045 2578 4096 ὅτι
2618 4041 2822 4096 πᾶσαν
2866 4038 2980 4105 τὴν
3016 4037 3133 4106 γῆν
3160 4078 3173 4100 ,
3219 4034 3298 4102 ἢν
3331 4035 3412 4089 σὺ
3458 4035 3632 4104 ὁρᾷς,
3662 4035 3760 4087 σοὶ

2184 4138 2356 4192 δώσω
2373 4136 2583 4202 αὐτὴν.
2619 4135 2846 4187 Ἕπεται
2875 4131 2990 4198 (71)
3019 4133 3130 4193 τοῖς
3163 4127 3488 4197 κατορθοῦσι
3516 4127 3613 4197 τὴν
3643 4128 3766 4196 ἁρεο

2184 4231 2281 4301 τὴν
2311 4233 2343 4300 ἡ
2380 4229 2530 4300 παρὰ
2563 4227 2656 4280 τοῦ
2686 4225 2820 4279 Θεοῦ
2851 4223 3214 4296 παράκλησις.
3248 4222 3401 4276 Μετὰ
3429 4221 3486 4273 δὲ
3509 4237 3764 4291 παραχω-

2191 4323 2351 4394 ρῆσαι
2380 4321 2456 4390 τῷ
2487 4318 2699 4389 ἀδελφῷ
2723 4317 2820 4388 τὴν
2849 4317 3081 4387 αἵρεσιν,
3114 4316 3364 4367 κάκεῖνον
3394 4311 3454 4365 τὸ
3480 4311 3765 4364 κάλλιστον

505 4425 933 4487 consolatoriis,
977 4431 1031 4478 et
1076 4420 1234 4476 bonis
1277 4413 1731 4488 promissionibus
1773 4407 2075 4469 recreavit,

2189 4415 2281 4467 καὶ
2307 4411 2680 4482 εὐφορώτατον
2709 4407 3030 4463 ἐκλέξασθαι
3059 4404 3276 4476 χωρίον,
3304 4403 3548 4470 ἐπεφάνη
3577 4402 3606 4452 ὁ
3633 4399 3766 4462 Θεὸς

511 4521 901 4593 propemodum
949 4517 1137 4571 dicens
1175 4529 1188 4566 ι
1233 4511 1460 4565 Terram
1514 4509 1653 4562 hanc
1705 4503 1983 4558 minimam
2027 4509 2083 4554 et

509 4615 826 4672 sensibilem
853 4605 1233 4678 contempsisti
1280 4620 1293 4667 ;
1329 4617 1428 4673 ego
1460 4601 1554 4654 tibi
1583 4599 1722 4652 dabo
1764 4603 2080 4649 mansueto-

520 4725 640 4762 rnm
668 4718 870 4761 terram
903 4717 1021 4772 qua:
1051 4699 1216 4755 estin
1245 4697 1466 4767 regione
1497 4691 1811 4746 viventium.
1850 4686 2082 4755 Respice

509 4803 655 4858 enim
700 4797 896 4853 mentis
927 4794 1102 4847 oculis
1128 4831 1143 4855 ,
1181 4799 1236 4844 et
1262 4789 1383 4842 vide
1413 4802 1440 4839 a
1469 4786 1589 4838 loco
1638 4784 1690 4837 in
1719 4797 1826 4849 quo
1855 4789 1908 4832 tu
1940 4795 2083 4832 nunc

511 4907 590 4945 es.
622 4887 800 4945 Locus
827 4894 1009 4939 autem
1052 4879 1182 4950 justi
1217 4877 1389 4930 virtus
1434 4883 1552 4936 est,
1584 4889 1614 4926 a
1647 4887 1749 4940 qua
1791 4883 1912 4938 qua:
1954 4883 2079 4936 spc-

515 4983 682 5038 randa
724 4987 890 5042 sunt,
945 4973 1141 5043 cupide
1185 4976 1506 5039 exspectat,
1551 4974 1609 5020 et
1653 4977 1772 5032 qua:
1819 4963 1872 5015 in
1929 4959 2083 5015 ccelis

517 5074 748 5144 reposita
797 5078 963 5131 sunt,
999 5063 1361 5136 przestolatur.
1418 5056 1530 5112 Nisi
1579 5055 1723 5111 enim
1774 5053 1850 5107 ita
1892 5065 1952 5105 se
1995 5065 2083 5103 res

517 5142 774 5229 haberet,
827 5173 1083 5230 quantam
1145 5153 1441 5210 verisimile
1507 5158 1591 5204 est
1657 5148 1831 5215 ipsmn
1912 5142 2084 5198 oculis

581 5257 626 5287 "
651 5255 785 5309 Gen.
827 5267 902 5317 ιι,
933 5250 988 5304 7.
1062 5250 1109 5282 ³⁸
1148 5249 1270 5303 Act.
1329 5261 1400 5311 tv,
1453 5245 1542 5300 52.

519 5328 558 5359 ⁸⁸
596 5327 749 5388 ibid.,
785 5324 870 5386 N,
904 5324 989 5376 15.

521 5490 551 5545 Γ
731 5415 1048 5486 Γνώρισμα
1075 5413 1280 5477 κακίας
1305 5454 1319 5478 ,
1349 5423 1453 5466 etc.
1515 5408 1555 5463 E
1602 5408 1817 5464 Schetlis
1865 5403 2092 5460 Combe-

539 5506 643 5544 tstt.

539 5506 643 5544 lSll.

590 5591 702 5660 (67)
738 5588 848 5642 Τὸν
883 5584 1130 5654 πατέρα,
1162 5591 1268 5638 etc.
1310 5582 1386 5636 Ex
1421 5581 1608 5636 iisdem
1633 5577 1866 5634 schedis.

593 5690 705 5746 t68l
755 5687 1022 5759 Ἀϐραάμ,
1059 5697 1166 5742 rtc.
1198 5682 1418 5754 Origcni
1466 5680 1706 5736 tribuunt
1750 5688 1860 5734 tres
1888 5686 2092 5732 catenae

1648 5243 1690 5274 ”
1725 5241 1858 5296 Gen.
1908 5237 2092 5300 xtﬂli.
2169 5235 2214 5266 "
2247 5235 2384 5290 Gen.
2425 5252 2524 5299 ιιι,
2569 5234 2654 5289 10.
2731 5234 2778 5265 ¹⁹
2800 5231 2935 5288 Gen.
2982 5243 3104 5292 XIII,
3145 5227 3200 5279 7.

2179 4503 2254 4573 τῷ
2309 4501 2558 4573 Ἀϐραὰμ
2584 4541 2597 4564 ,
2646 4499 2824 4568 λόγοις
2885 4494 3312 4567 παρακλητικοῖς
3360 4491 3456 4544 καὶ
3501 4492 3766 4562 χρησταῖς

2180 4594 2538 4665 ὑποσχέσεσιν
2560 4593 2721 4646 αὐτὸν
2745 4585 3109 4660 ψυχαγωγῶν,
3131 4583 3410 4656 μονονουχὶ
3439 4581 3633 4651 λέγων’
3658 4579 3766 4651 Γῆς

2179 4688 2379 4758 ταύτης
2423 4685 2832 4756 κατεφρόνησας
2878 4681 2977 4751 τῆς
3007 4678 3297 4749 ἐλαχίστης
3330 4675 3424 4728 καὶ
3461 4672 3726 4744 αἰσθητῆς
3748 4688 3763 4702 ο

2183 4781 2293 4849 ἐγώ
2322 4797 2402 4832 σοι
2426 4777 2580 4831 δώσω
2608 4775 2714 4828 τῶν
2742 4772 2961 4845 πραέων
2992 4771 3088 4842 τὴν
3133 4769 3239 4839 γῆν
3269 4767 3367 4838 τὴν
3399 4769 3456 4818 ὲν
3480 4764 3632 4836 χώρᾳ
3655 4763 3767 4815 τῶν

2188 4867 2424 4932 ζώντων.
2464 4862 2788 4932 Ἀνάὃλεψον
2822 4860 2930 4932 γὰρ
2954 4863 3066 4923 τοῖς
3110 4857 3212 4927 τῆς
3251 4856 3489 4917 διανοίας
3533 4854 3766 4923 δμμασι,

2191 4960 2286 5012 καὶ
2312 4958 2385 5011 ίδε
2424 4957 2530 5010 ἀπὸ
2579 4955 2671 5009 τοῦ
2704 4954 2870 5008 τόπου
2897 4993 2911 5016 ,
2953 4946 3014 5004 οὗ
3044 4951 3107 5004 σὺ
3142 4945 3192 5002 εἷ
3219 4947 3314 5001 νῦν
3337 4963 3350 4977 ο
3381 4947 3545 5008 τόπος
3585 4944 3642 4997 δὲ
3670 4941 3766 4994 τοῦ

2189 5051 2396 5104 δικαίου
2439 5051 2473 5121 ἡ
2513 5047 2717 5121 ἁρετὴ,
2760 5047 2852 5116 ἀφ’
2900 5042 2968 5118 ἦς
3017 5043 3086 5096 τὰ
3131 5044 3190 5094 ὲν
3230 5039 3413 5092 ἐλπίσι
3450 5035 3765 5109 καραδοκεῖ,

2191 5143 2284 5194 καὶ
2369 5139 2438 5194 τὰ
2513 5138 2851 5210 ἀποκείμενα
2920 5138 2978 5188 ἐν
3047 5135 3160 5196 τοῖς
3218 5131 3469 5201 οὐρανοῖς
3537 5123 3769 5181 ἀπεκδέ-

3277 5225 3321 5255 ³⁶
3350 5222 3488 5278 Gen.
3541 5235 3666 5283 xm,
3711 5219 3766 5272 9.

2273 5391 2388 5462 (69)
2430 5392 2525 5457 Ὠς
2553 5391 2794 5462 φαῦλοι,
2821 5395 2929 5444 etc.
2976 5384 3165 5440 Eidem
3203 5377 3464 5435 tribuitur
3497 5377 3549 5430 in
3578 5375 3770 5430 iisdem

2202 5474 2488 5603 “8338.161
2521 5530 2617 5584 καὶ
2649 5531 2688 5603 ἡ
2719 5525 3100 5603 ὲινίστιὶ-,ιιοη
3119 5521 3432 5603 [inscriptus
3459 5515 3658 5603 dicitur
3686 5515 3774 5569 hic

2200 5587 2415 5658 lodusle
2445 5611 2638 5654 catena
2668 5587 2906 5662 lloman'gt
2927 5587 2991 5650 in
3025 5595 3241 5648 srhedis
3275 5587 3610 5662 (Ltuubelisii.

2269 5653 2675 5743 ’(ilf'inesai,
2719 5653 2836 5743 etc.
2878 5653 2952 5720 iis
2999 5666 3186 5720 eadem
3240 5672 3436 5716 catena
3479 5668 3534 5712 et
3583 5653 3772 5711 iisdem

2200 5740 2416 5800 sclied'is
2442 5740 2772 5798 Combcllsii.
