4180 6216
457 319 556 374 [13

1865 319 1928 374 IN
1969 318 2288 376 GENIZSIM.

3603 314 3700 370 lit

451 451 627 503 χεται.
663 435 724 488 El.
787 436 892 506 γὰρ
947 435 1021 504 μὴ
1084 433 1241 488 τοῦτο
1292 427 1380 505 ἦν,
1425 435 1600 505 πόσην
1637 436 1782 499 εἰκὸς
1821 431 1888 507 ἦν
1937 437 2014 489 αύ-

2135 433 2353 489 carneis
2388 429 2739 498 conspexisse
2771 438 2971 480 terram
2995 426 3020 478 ?
3056 437 3148 481 aut
3179 444 3460 497 usqncuno
3491 440 3702 497 poterat

452 527 546 577 τὸν
579 526 680 596 γῆν
713 525 932 598 θεωρεῖν
967 525 1245 597 αἰσθητοῖς
1291 526 1588 596 ὀφθαλμοῖς
1621 544 1636 592 ;
1679 527 1713 596 ἢ
1751 526 1856 590 ἕως
1887 527 2028 591 τίνος

457 617 697 672 ἀτενίσαι
723 618 946 688 ἠδύνατο
974 617 1159 688 κύκλῳ
1198 617 1460 688 περιθέων
1489 620 1584 672 καὶ
1613 619 1891 690 περιάγων
1932 620 2029 691 τὴν

457 707 614 776 '6',w;

532 800 778 854 Ἕλαϐον
813 800 883 854 δὲ
927 800 1045 870 τὴν
1093 802 1281 854 ἵππον
1319 801 1428 875 (72)
1473 804 1679 859 πᾶσαν
1708 806 1820 874 τὴν
1847 806 2026 860 Σοδό-

451 907 594 958 μων.
640 891 830 946 Ἵππον
875 893 1157 964 Σοδομῖται
1202 892 1295 945 νῦν
1355 894 1571 964 πρῶτον
1633 896 2026 968 ὠνομασμένην

449 980 524 1044 ὡς
551 981 740 1050 φαῦλοι
765 983 911 1053 ἔχειν
940 984 1214 1053 λέγονται.

518 1075 1001 1145 Παραγενόμενος
1029 1076 1096 1129 δὲ
1126 1078 1246 1131 τῶν
1265 1079 1697 1133 ἀνασωθέντων
1717 1099 1826 1146 τις,
1845 1081 2029 1150 ἀπήγ-

449 1163 645 1229 γειλεν
705 1162 917 1232 Ἀὄρὰμ
968 1165 1049 1230 τῷ
1097 1167 1340 1235 περάτῃ.
1385 1170 1635 1239 Περάτης
1693 1169 1936 1224 καλεῖται
2000 1173 2027 1223 6

459 1249 736 1321 Ἀϐραὰμ,
793 1255 980 1326 ἐπειδὴ
1045 1257 1153 1309 ἀπὸ
1194 1256 1291 1327 τῆς
1337 1255 1628 1314 Χαλδαίων
1679 1260 1862 1331 χώρας
1914 1262 2029 1314 δια-

450 1343 692 1412 περάσας
743 1345 841 1417 τὴν
890 1349 1310 1420 Μεσοποταμίαν
1375 1348 1538 1423 ἦλθεν
1613 1353 1692 1414 εἰς
1760 1353 1831 1405 τὰ
1886 1354 2028 1424 μέρη

443 1435 552 1488 τῶν
574 1437 912 1494 Χαναναίων.
946 1441 1337 1513 Ἐρμηνεύεται
1365 1445 1420 1498 δὲ
1451 1446 1680 1508 καὶτοῖς
1713 1448 1841 1517 περὶ
1874 1449 2030 1501 Ἀκύ-

442 1523 541 1579 λαν
575 1525 856 1597 Ἐϐραῖος.

510 1617 622 1672 Καὶ
651 1613 821 1671 εἶπεν
849 1614 1012 1686 αὐτῷ
1030 1634 1042 1646 °
1089 1618 1454 1689 Ἀνάϐλεψον
1490 1626 1578 1689 εἰς
1621 1625 1730 1677 τὸν
1760 1627 2023 1692 οίιρανὸν

440 1708 539 1761 καὶ
573 1708 918 1776 ἀριθμησον
968 1707 1109 1774 τοὺς
1173 1710 1466 1779 ἀστέρας,
1494 1717 1546 1767 εὶ
1596 1715 1835 1784 δυνήσῃ
1884 1718 2020 1782 ἐξα-

2133 537 2338 582 attente
2398 525 2642 590 intueri,
2703 525 3084 593 circumagens
3147 533 3202 577 et
3267 525 3700 579 circumvolrens

2128 619 2357 674 oculos?

2197 798 2458 867 Ceperunt
2488 809 2660 852 autem
2691 813 2890 850 attinent
2923 795 3216 865 equitatum
3245 792 3596 849 Sodomorum
3631 798 3696 849 ³⁸.

2131 892 2443 960 eqtilatum
2476 891 2576 944 hoc
2603 891 2722 944 loco
2763 891 2998 960 primum
3030 887 3373 942 nominatmn
3409 885 3702 943 Sodomita!

2130 993 2186 1035 ut
2214 982 2335 1036 mali
2367 982 2567 1036 habere
2597 983 2878 1036 dicuntur.

2198 1075 2484 1127 Adveniens
2513 1086 2684 1127 autem
2721 1074 2834 1143 quis
2886 1087 3066 1126 eorum
3105 1073 3196 1141 qui
3232 1069 3524 1137 evaserant,
3561 1089 3700 1126 nun-

2128 1165 2274 1218 tiavit
2313 1165 2507 1217 Abram
2545 1168 2818 1220 trnusitori
2857 1167 2921 1220 ³³.
2965 1165 3252 1220 Transitor
3277 1176 3500 1217 vocatur
3529 1166 3701 1218 Abra-

2128 1256 2272 1318 ham,
2293 1257 2416 1325 quia
2447 1273 2511 1311 ex
2537 1257 2910 1312 Chaldzeorum
2944 1257 3166 1327 regione
3197 1256 3422 1323 trajecta
3450 1255 3701 1324 Mesopo-

2131 1347 2293 1400 tamia
2323 1348 2470 1402 venit
2500 1349 2550 1401 in
2598 1358 2776 1414 partes
2805 1349 3266 1403 Cbauanmornm.
3302 1346 3700 1416 interpretan

2128 1451 2306 1492 autem
2337 1439 2551 1508 Aquila,
2581 1440 2854 1496 llcbrieus.

2192 1611 2259 1666 Et
2291 1614 2424 1666 dixit
2456 1616 2544 1666 ei:
2577 1612 2792 1681 Respice
2821 1613 2875 1666 in
2909 1612 3127 1675 cit-lum,
3163 1623 3208 1664 et
3242 1626 3458 1664 numera
3494 1608 3696 1673 stellas,

2122 1705 2166 1756 si
2193 1706 2386 1773 poteris
2413 1719 2690 1757 numerare
2717 1719 2803 1757 eas
2829 1719 2847 1756 :
2870 1703 2946 1756 sic
2977 1704 3071 1754 erit
3102 1717 3276 1754 semen
3308 1711 3457 1753 (unm
3480 1699 3544 1753 ³⁸.
3570 1698 3700 1752 Pro-

434 1798 724 1867 [Ιθλιῆσαι
769 1800 1022 1866 αὐτούς’
1057 1802 1242 1868 οὕτως
1287 1804 1458 1858 ἔσται
1499 1806 1563 1858 τὸ
1602 1807 1839 1878 σπέρμα
1876 1825 2012 1865 σου.

2122 1798 2330 1866 geniem
2358 1795 2503 1850 enim
2536 1797 2731 1850 anima:
2753 1795 2923 1863 justi,
2960 1804 3015 1848 et
3047 1792 3392 1848 multitudine
3441 1802 3494 1847 ct
3529 1792 3696 1847 clari-

441 1891 525 1943 Τὰ
552 1891 658 1961 γὰρ
683 1893 998 1962 γεννήματά
1026 1894 1138 1962 (75)
1175 1911 1304 1965 φησι
1337 1895 1438 1966 τῆς
1481 1897 1660 1968 ψυῂς
1704 1898 1800 1951 τοῦ
1836 1901 2013 1969 ἁγίου,

445 1980 540 2031 καὶ
565 1980 754 2051 πλήθει
785 1983 878 2034 καὶ
907 1980 1264 2054 λαμπρότητι,
1282 1985 1380 2038 ἆτε
1400 1986 1537 2039 Θεοῦ
1564 1991 2016 2062 συνεργήσαντος,

445 2069 674 2124 τοσαῦτα
711 2073 803 2124 καὶ
845 2073 1066 2128 τοιαῦτα
1097 2075 1371 2143 γενέσθαι.
1414 2079 1564 2132 Αύτὰ
1594 2081 1893 2153 παρίστησι
1921 2082 2018 2153 τὴν

443 2153 589 2208 θείαν
613 2157 880 2225 εὐλογίαν.

504 2243 647 2300 Elite
684 2247 751 2301 δέ
773 2266 786 2279 ·
823 2251 1094 2306 Δέσποτα
1131 2256 1307 2324 Κύριε
1330 2297 1345 2321 ,
1387 2259 1539 2313 κατὰ
1590 2261 1649 2314 τί
1696 2261 2015 2331 γνώσομαι,

437 2335 524 2424 6n
580 2341 1015 2410 κληρονομήσω
1075 2347 1330 2414 aberit»;
1393 2353 1487 2404 καὶ
1556 2352 1626 2405 τὰ
1687 2354 1832 2424 ἑξῆς.
1905 2356 2017 2408 Οὐκ

436 2422 503 2497 ἦν
531 2426 642 2498 (74)
693 2429 834 2484 κατὰ
877 2432 967 2485 τὸν
1000 2437 1367 2493 πιστεύσαντα
1405 2441 1589 2495 πίστιν
1635 2422 2016 2515 λελογισμένην

436 2521 588 2592 αύτῷ
621 2524 700 2586 είς
735 2523 1080 2599 δικαιοσύνην
1105 2531 1388 2598 ἀπιστεῖν,
1430 2534 1505 2598 ὡς
1548 2537 1612 2590 ἄν
1654 2554 1738 2602 τις
1783 2538 2015 2609 οἰηθείη.

446 2611 607 2666 Ἀλλὰ
699 2617 910 2686 μήποτε
991 2623 1287 2689 πιστεύσας
1373 2627 1672 2699 πρότερον,
1743 2629 1839 2682 νῦν
1922 2631 2015 2684 καὶ

434 2703 637 2772 γνῶσιν
699 2710 842 2762 αίτεῖ
903 2711 1001 2783 τὴν
1057 2718 1185 2786 περὶ
1246 2717 1356 2771 τῶν
1412 2721 1879 2790 πεπιστευμένων.
1939 2725 2014 2777 Ού

433 2796 714 2866 νομοθετεί
779 2801 836 2855 δὲ
896 2804 975 2873 τῷ
1040 2805 1291 2879 Ἀϐραὰμ
1353 2809 1500 2865 θύειν
1571 2813 1600 2864 6
1672 2812 1805 2877 Θεὸς
1832 2853 1847 2876 ,
1900 2814 2014 2868 ἀλλ’

434 2886 460 2935 ι
474 2887 622 2959 πειδὴ
645 2891 692 2942 oi
714 2891 1059 2948 παλαιότατοι
1084 2897 1181 2961 τὰς
1199 2900 1544 2970 ὁρκωμοσίας
1559 2902 1646 2957 διὰ
1668 2903 1872 2958 τούτων
1896 2905 2019 2958 ἐϐε-

439 2977 647 3032 6αίουν.

511 3068 763 3140 Τετάρτῃ
786 3071 854 3126 δὲ
882 3075 1056 3144 γενεᾷ
1080 3078 1652 3150 ἀποστραφήσονται
1677 3079 1792 3139 ὦδε
1813 3104 1825 3115 ·
1849 3088 2013 3141 οὔπω

436 3156 545 3224 γὰρ
565 3159 1100 3231 ἁναπεπλήρωνται
1130 3171 1190 3221 al
1215 3169 1490 3237 ἁμαρτίαι
1511 3171 1629 3225 τῶν
1661 3175 2015 3243 Ἀμορραίων

434 3247 544 3314 ἕως
573 3251 680 3305 τοῦ
705 3253 842 3309 νῦν.
891 3256 1058 3311 Ἐτῶν
1088 3259 1132 3312 υ¹
1166 3261 1277 3332 (75)
1304 3261 1468 3326 δόσις,
1502 3266 1581 3327 είς
1620 3265 1680 3318 τὸ
1715 3267 2015 3339 πληθυνθῆ-

434 3353 521 3392 ναι
549 3342 648 3410 μὲν
673 3345 767 3397 τοῦ
809 3340 1055 3422 Ἀϐραὰμ
1079 3352 1139 3404 τὸ
1165 3353 1392 3425 σπέρμα
1415 3395 1430 3419 ,
1462 3355 1712 3425 γενέσθαι
1742 3359 1799 3410 δὲ
1829 3360 1897 3413 τὰ
1922 3375 2014 3429 γε-

434 3429 635 3498 νόμενα
665 3437 884 3504 σημεῖα.
911 3439 1034 3503 Πῶς
1069 3437 1162 3494 οὖν
1191 3444 1273 3506 τὸ,
1296 3446 1471 3498 Οὔπω
1494 3446 2016 3516 ἁνεπληρώθησαν

432 3522 495 3572 ai
520 3520 793 3589 ἁμαρτίαι
822 3525 941 3579 τῶν
982 3531 1384 3602 Ἀμορῤαίων;
1413 3535 1504 3587 ἵνα
1538 3536 1687 3608 δείξῃ
1706 3579 1720 3599 ,
1752 3538 1832 3590 ὅτι
1865 3539 2015 3592 εύλὸ-

433 3628 548 3679 γως
580 3614 928 3672 ὲκϐἀλλονται
959 3619 1026 3671 δι’
1057 3622 1348 3693 ἁμαρτίας.
1385 3626 1494 3677 Καὶ
1543 3626 1648 3696 γὰρ
1687 3627 1815 3680 ὃταν
1843 3627 2012 3696 λέγει,

432 3704 878 3772 Μετεμελήθην,
903 3707 962 3760 ού
993 3709 1148 3762 τοῦτο
1189 3711 1333 3778 λέγει
1365 3713 1393 3765 ὃ
1432 3715 1661 3785 πάσχει,
1697 3715 1819 3770 οὔτε
1858 3719 2015 3772 τοῦτο

435 3794 632 3864 πάσχει
657 3795 684 3848 6
713 3796 879 3864 λέγει,
910 3797 1044 3852 ἀλλὰ
1062 3801 1160 3871 τὴν
1185 3802 1280 3854 τοῦ
1297 3804 1590 3874 γενομένου
1626 3807 1855 3862 ἀτοπίαν
1881 3825 2016 3882 παρ-

436 3885 664 3956 ίστησιν.
711 3889 819 3942 Καὶ
857 3890 984 3958 μετ’
1033 3892 1246 3961 ὀλίγαο
1278 3895 1507 3948 Ἔπειτα
1557 3892 1697 3967 ἦσαν
1741 3899 1909 3952 πάλαι
1953 3903 2012 3954 ὲν

438 3977 534 4046 μὲν
589 3978 920 4052 Παλαιστίνῃ
965 3981 1185 4050 δίκαιοι,
1240 3987 1268 4038 6
1327 3988 1659 4058 Μελχισεδὲκ
1713 3991 1805 4042 καὶ
1861 3991 2010 4045 ἄλλοι

435 4069 634 4124 πολλοί.
666 4073 740 4124 Οὐ
770 4073 879 4146 γὰρ
905 4070 974 4147 ἦν
1005 4076 1192 4140 ἁπλῶς
1241 4079 1415 4149 ἱερεὺς
1447 4080 1522 4152 μὴ
1547 4081 1718 4135 ὄντων
1749 4083 1858 4138 τῶν
1889 4101 2009 4138 πει-

434 4157 694 4229 θομένων.
743 4162 917 4215 Οὔπω
963 4161 1055 4219 οὖν
1111 4167 1653 4239 ἀναπεπλήρωνται
1701 4175 1823 4227 ἀντὶ
1877 4175 2007 4239 τοῦ,

431 4252 595 4306 Οὔπω
636 4253 948 4307 ἐκλέλοιπεν
1005 4256 1152 4320 ὅσιος
1205 4259 1263 4325 ἐξ
1325 4261 1540 4314 αὐτῶν·
1593 4263 1744 4318 οὔπω
1791 4266 2010 4338 πεπλή-

435 4357 671 4411 ρωνται,
705 4345 799 4398 καὶ⁹
845 4347 1244 4420 τετελειωμένοι
1299 4355 1436 4407 εἰσὶν
1494 4357 1806 4429 ἁμαρτίαις.
1864 4360 2008 4415 Δέκα

2122 1898 2265 1952 tate,
2317 1887 2426 1940 Deo
2488 1887 2740 1941 videlicet
2796 1895 3158 1954 c00pcrante,
3214 1893 3420 1938 tantam
3489 1892 3541 1936 et
3607 1893 3694 1935 ta-

2121 1981 2224 2032 lem
2276 1992 2399 2032 esse
2448 1977 2546 2030 ait.
2588 1977 2705 2045 Ipsa
2765 1977 3103 2031 demonstrat
3160 1975 3400 2028 divinam
3459 1973 3695 2028 benedi-

2121 2070 2377 2123 ctionem.

2193 2251 2336 2305 Dixit
2365 2261 2538 2305 autem
2563 2268 2582 2305 .°
2607 2250 2924 2304 Darninalor
2942 2248 3189 2316 Domine,
3216 2250 3353 2302 unde
3373 2250 3695 2317 sciamquod

2118 2345 2422 2399 liwreditate
2452 2344 2658 2411 capiam
2693 2326 2911 2395 illam"
2937 2341 2959 2394 ἲ
2989 2352 3044 2395 et
3076 2351 3296 2395 cwtcra.
3326 2340 3426 2406 Qui
3460 2343 3701 2395 credidit

2117 2455 2180 2491 ea
2209 2437 2310 2490 [ide
2340 2451 2460 2506 quae
2498 2445 2739 2504 repntata
2768 2443 2852 2488 est
2878 2434 2926 2488 ei
2965 2434 3033 2487 ad
3079 2432 3346 2501 justitiam
3367 2473 3380 2495 ,
3411 2433 3553 2486 ltttnc
3585 2447 3692 2484 non

2118 2526 2412 2581 verisimile
2436 2533 2519 2579 est
2560 2524 2793 2580 dilllsum
2825 2538 2970 2588 esse,
3015 2533 3072 2576 ut
3107 2522 3376 2591 quispiam
3413 2522 3693 2575 existima-

2117 2621 2272 2675 verit.
2325 2618 2432 2673 Sed
2471 2616 2614 2672 forte
2666 2617 2757 2687 qni
2805 2619 2955 2686 prius
2998 2615 3268 2680 credidit,
3328 2629 3476 2669 nunc
3524 2615 3690 2668 etiam

2117 2712 2310 2781 quaarit
2350 2710 2490 2764 unde
2517 2719 2807 2780 cognoscat
2844 2725 2961 2776 qua:
2990 2723 3049 2762 se
3090 2707 3399 2761 habiturum
3430 2707 3686 2760 credidit.

2115 2802 2232 2857 Non
2289 2802 2536 2872 praecipit
2582 2811 2766 2856 autem
2817 2801 3132 2854 Abrahamo
3197 2800 3337 2852 Dens
3391 2806 3449 2850 ut
3505 2797 3689 2851 sacri-

2117 2897 2281 2962 ﬁcet,
2337 2895 2432 2949 sed
2482 2892 2608 2963 quia
2648 2902 2860 2949 veteres
2914 2908 3009 2947 sua
3074 2890 3278 2946 foedera
3345 2889 3429 2944 bis
3485 2889 3690 2942 lit-ma-

2115 2986 2270 3039 bant.

2185 3076 2295 3147 36
2335 3077 2537 3142 Quarta
2581 3086 2752 3128 autem
2804 3075 3138 3145 generatione
3195 3082 3514 3127 revertentur
3564 3071 3685 3128 Imc.

2118 3167 2371 3223 Nondum
2411 3169 2549 3222 enim
2596 3167 2806 3236 impleta
2850 3177 2969 3221 sunt
3012 3177 3225 3235 peccatu
3255 3166 3685 3218 Amorrltceorum

2117 3278 2276 3331 usque
2319 3278 2456 3314 nunc
2477 3261 2543 3314 ³⁸.
2573 3260 3108 3329 Quadringentorum
3139 3275 3405 3314 annorum
3442 3259 3684 3326 spatium

2115 3355 2302 3408 datum
2350 3364 2434 3408 est
2458 3393 2473 3418 ,
2509 3363 2565 3406 ιιι
2603 3352 3056 3420 multiplicaretnr
3089 3351 3321 3405 Abrahae
3359 3367 3543 3405 seum:
3569 3389 3586 3411 ,
3637 3359 3690 3403 et

2117 3446 2308 3498 lirrent
2337 3444 2487 3513 signa
2521 3456 2641 3511 qua:
2670 3439 3037 3508 contigerunt.
3071 3439 3209 3504 Quid
3243 3455 3374 3509 ergo
3403 3440 3530 3503 hoc,
3549 3439 3689 3494 Non-

2115 3538 2239 3589 dum
2270 3535 2480 3604 impleta
2518 3543 2637 3588 sunt
2665 3543 2877 3600 peccata
2908 3530 3338 3585 Amorrhworum
3364 3534 3390 3586 Ρ
3416 3543 3474 3585 nt
3503 3543 3688 3587 osten-

2105 3629 2266 3682 deret
2292 3642 2386 3680 eos
2420 3625 2541 3692 jure
2565 3625 2760 3692 expelli
2795 3635 3015 3691 propter
3045 3633 3287 3691 peccata.
3320 3622 3532 3676 Etenim
3563 3639 3688 3676 cmn

2115 3717 2191 3769 ait
2217 3733 2231 3770 :
2260 3715 2482 3768 Paenitet
2513 3731 2612 3778 me,
2647 3729 2754 3767 non
2787 3714 2888 3768 hoc
2916 3713 3044 3766 dicit
3071 3713 3214 3782 quod
3250 3715 3473 3781 patitur,
3510 3728 3689 3783 neque

2116 3808 2218 3862 hoc
2248 3807 2451 3875 patitur
2475 3807 2616 3875 quod
2645 3806 2800 3870 dicit,
2825 3807 2920 3858 sed
2948 3803 3078 3858 facti
3103 3804 3474 3874 indignitatem
3503 3816 3690 3859 osten-

2113 3903 2210 3956 dit.
2245 3899 2310 3954 Et
2339 3902 2520 3971 paucis
2546 3899 2832 3968 interjectis
2858 3914 2876 3951 :
2915 3899 3119 3953 Deinde
3145 3909 3302 3952 erant
3328 3899 3458 3952 olim
3491 3899 3542 3952 in
3578 3897 3686 3951 Pa-

2111 3996 2317 4050 Ιωειὶιιιι
2366 3994 2488 4061 justi
2513 4034 2530 4057 ,
2567 3992 2966 4048 Melchisedech
3011 4000 3065 4046 et
3107 3991 3194 4045 alii
3227 3991 3464 4061 plurimi.
3499 3989 3688 4061 Neque

2111 4089 2253 4143 enim
2287 4085 2433 4140 solus
2463 4093 2581 4139 erat
2618 4086 2879 4139 sacerdos
2911 4085 3116 4152 absque
3147 4083 3300 4152 plebe
3332 4082 3497 4136 ﬁdeli.
3530 4081 3685 4136 Non-

2111 4179 2236 4231 dum
2267 4191 2395 4246 ergo
2428 4177 2642 4246 impleta
2685 4185 2810 4229 sunt
2837 4217 2850 4240 ,
2900 4177 3100 4231 dictum
3144 4185 3226 4228 est
3276 4190 3374 4242 pro
3411 4191 3513 4228 eo:
3546 4175 3688 4231 Non-

2111 4271 2239 4325 dum
2288 4284 2354 4322 ex
2414 4268 2547 4338 ipsis
2603 4266 2807 4322 defeclt
2857 4277 3118 4330 sanctus,
3170 4267 3407 4320 nondum
3463 4266 3683 4334 perfecti

2110 4374 2166 4419 et
2221 4364 2580 4420 consummati
2639 4372 2766 4418 sunt
2825 4362 2879 4416 in
2946 4363 3208 4431 peccatis.
3278 4361 3474 4416 Decem
3539 4364 3681 4416 enim

432 4433 540 4526 γὰρ
583 4434 779 4490 δίκαιοι
833 4438 1052 4510 ῥύονται
1097 4441 1196 4512 τὴν
1237 4445 1421 4498 πόλιν·
1457 4447 1575 4501 τότε
1614 4449 1668 4502 δὲ
1704 4450 1804 4503 ούκ
1840 4451 2008 4521 ὀλίγοι

2116 4456 2241 4525 iusti
2317 4456 2550 4510 liberant
2626 4455 2857 4519 urbem,
2921 4463 3048 4510 tunc
3118 4463 3300 4508 autem
3360 4470 3465 4509 non
3528 4459 3682 4526 ιιιιιη-νι

432 4541 591 4594 ησαν.

510 4617 992 4676 Ταπεινώσουσιν
1033 4625 1256 4692 αὐτοὺς
1300 4632 1652 4694 τετρακόσια
1679 4632 1802 4699 ἔτη.
1831 4633 1928 4687 Διὰ
1954 4636 2008 4688 τί

430 4703 490 4756 δὲ
533 4705 644 4775 (76)
681 4711 914 4779 περισσὰ
959 4713 1050 4785 ἔτη
1098 4715 1243 4784 λέγει
1290 4718 1318 4770 6
1359 4719 1677 4784 ’Λπόστολος
1712 4722 1797 4786 λ’,
1838 4725 1907 4778 τά
1947 4743 2008 4778 τε

576 4797 882 4870 Διαθήκης,
931 4805 997 4874 ἢν
1049 4807 1342 4879 ἐποιήσατο
1389 4811 1528 4880 μετὰ
1577 4811 1669 4864 τοῦ
1725 4812 2006 4887 Ἀϐραὰμ,

433 4886 526 4939 καὶ
571 4887 671 4958 τῆς
716 4887 776 4953 ὲξ
819 4891 1094 4960 Αἰγύπτου
1136 4899 1355 4969 πορείας
1411 4901 1466 4952 ἐν
1507 4903 1572 4971 τῇ
1625 4903 1815 4974 ἐρήμῳ
1841 4943 1854 4967 ,
1911 4905 2005 4957 καὶ

430 4977 530 5046 τῆς
555 4977 648 5031 τοῦ
678 4980 842 5050 νόμου
871 4983 1107 5052 δόσεωςς
1144 4989 1218 5041 Οὐ
1249 4990 1478 5060 μάχεται
1519 4991 1588 5045 τὰ
1625 4994 1857 5048 ἐνταῦθα
1893 4998 2004 5059 τοῖς

430 5069 490 5120 ιν
535 5072 603 5141 τῇ
663 5071 878 5138 Ἐξόδῳ
914 5080 1337 5151 γεγραμμένοις.
1400 5082 1544 5136 Ἑκεί
1589 5083 1698 5157 γὰρ
1752 5086 2003 5158 εἴρηται,

430 5160 585 5213 Μετὰ
630 5160 708 5214 υλ¹
764 5163 858 5236 ἔτη
903 5165 1123 5239 ἐξῆλθεν
1187 5173 1219 5242 ἡ
1273 5172 1498 5244 δύναμις
1543 5177 1746 5247 Κυρίου
1797 5180 1861 5231 ἐκ
1907 5179 2007 5248 τῆς

430 5250 736 5318 Αἰγύπτουο
780 5257 1014 5312 ἐνταῦθα
1076 5260 1132 5313 δὲ
1183 5265 1319 5332 μετὰ
1371 5266 1417 5317 υ’
1481 5267 1662 5338 φησίν.
1690 5264 1833 5322 Ἀλλ’
1882 5271 2003 5322 ἑπι-

431 5341 626 5412 στῆσαι
673 5345 789 5413 δεῖ,
821 5349 902 5401 ὅτι
945 5351 1047 5404 ούκ
1077 5353 1274 5424 ἐρρέθη
1303 5395 1317 5418 ,
1353 5357 1428 5420 ὡς
1473 5358 1864 5430 πληρωθέντων
1899 5360 2005 5414 τῶν

2114 4554 2290 4603 erant.

2186 4635 2557 4690 llumiliabunt
2587 4651 2672 4690 eos
2703 4637 3103 4706 quadringentis
3131 4638 3285 4691 annis
3317 4637 3383 4695 ⁸⁷.
3415 4639 3527 4693 Cur
3556 4655 3686 4706 pre:-

2114 4738 2258 4784 lerea
2288 4728 2438 4781 addit
2468 4726 2759 4796 Apostolus
2790 4729 3013 4798 triginta
3046 4744 3241 4793 annos,
3271 4739 3327 4782 et
3372 4744 3494 4798 qua!
3523 4731 3685 4797 perti-

2114 4829 2242 4873 nent
2285 4833 2404 4872 cum
2445 4819 2510 4871 ad
2553 4816 2728 4872 itedus
2782 4820 2924 4885 qnml
2972 4819 3174 4888 pepigit
3218 4834 3340 4871 cum
3387 4819 3682 4883 Abraham,

2113 4918 2223 4963 tum
2257 4911 2323 4962 ad
2354 4909 2744 4977 profectionem
2780 4924 2843 4963 ex
2877 4907 3114 4976 Aﬁgypto
3162 4908 3214 4960 in
3260 4923 3481 4972 eremo,
3518 4921 3571 4960 et
3615 4907 3682 4958 ad

2111 5001 2280 5068 legem
2314 4997 2542 5051 datam?
2568 4996 2682 5052 Non
2716 5007 2955 5067 pugnant
2975 5012 3093 5064 qua:
3121 4997 3225 5049 huc
3253 4995 3372 5048 loco
3407 4997 3681 5065 leguntur,

2112 5103 2233 5142 eum
2266 5088 2330 5140 iis
2355 5102 2476 5156 qua:
2501 5088 2554 5140 in
2585 5088 2768 5140 Exodo
2790 5086 2991 5154 scripta
3019 5097 3167 5139 sunt.
3195 5084 3268 5138 lbi
3303 5086 3447 5139 enim
3481 5089 3682 5142 dictum

2112 5189 2193 5233 est
2237 5187 2359 5248 post
2408 5179 2826 5246 quadringentos
2865 5186 2918 5228 et
2974 5175 3193 5242 triginta
3260 5191 3432 5232 annos
3482 5180 3684 5234 exiisse

2113 5271 2413 5325 exercitum
2444 5268 2653 5322 Domini
2682 5268 2748 5320 de
2777 5267 3032 5336 IEgypto,
3063 5271 3151 5325 hic
3176 5279 3358 5325 autem
3392 5281 3514 5340 post
3549 5288 3683 5341 qua-

2115 5362 2429 5428 dringentos
2456 5375 2468 5409 :
2501 5358 2595 5411 sed
2630 5358 3169 5415 animadvertetnlum
3217 5373 3300 5417 est
3333 5379 3439 5416 non
3473 5363 3680 5416 dictum

398 5515 406 5554 τ
505 5477 551 5508 ³³
582 5479 718 5535 Gen.
745 5498 854 5550 xiv,
884 5486 968 5540 ll.
1045 5487 1090 5518 ³³
1117 5486 1272 5553 ίῗιίιι.,
1311 5490 1398 5546 15.
1473 5494 1521 5527 ’δ
1552 5496 1690 5552 Gen.
1726 5513 1814 5562 xv,
1846 5498 1900 5554 5.
1979 5499 2014 5531 ³⁸

2116 5501 2205 5567 id.,
2236 5503 2290 5555 8.
2369 5500 2704 5564 "ibid.,16.
2782 5501 2824 5532 ιτ
2851 5501 3005 5569 ibid.,
3036 5508 3123 5562 ιδ.

640 5599 872 5684 Easter;
905 5612 1010 5657 etc.
1043 5604 1128 5684 .Ex
1161 5605 1337 5662 tribus
1371 5613 1581 5684 catenis
1615 5613 1816 5684 Regiis.

643 5671 714 5722 Τὰ
751 5673 1234 5742 γὺργεννὴματα,
1261 5687 1368 5736 etc.
1405 5680 1478 5733 lix
1501 5669 1995 5740 ratettauﬂumaua.

505 5735 616 5806 ιη)
655 5735 775 5796 οὐκ
815 5735 898 5816 ἦν
947 5735 1119 5815 miri,
1160 5735 1264 5804 etc.
1309 5735 1386 5803 Ex
1421 5751 1605 5806 eadem
1649 5735 2007 5812 catenavll-ot-

2106 5633 2286 5673 tuana.

2180 5687 2292 5765 (15)
2346 5687 2824 5765 fEchr_tt:_6o'Utc,
2847 5701 2962 5765 etc.
2999 5691 3076 5746 Ex
3113 5695 3324 5750 schedis
3348 5697 3658 5754 Contbeliati

2187 5758 2298 5830 (ἶυ)
2333 5761 2435 5814 Διά
2481 5759 2534 5813 τί
2572 5757 2666 5829 δὲ,
2695 5769 2804 5817 etc.
2843 5762 2917 5816 Ex
2949 5763 3136 5820 iisdem
3174 5767 3410 5823 schedia.
