4180 6216
505 262 599 316 ΙΞἸ

1981 257 2322 315 οιιιδιζΝΕδ

3648 239 3748 296 19.8

498 387 761 452 scriptum
791 386 874 434 est
901 397 917 434 :
947 377 1170 444 Tempus
1219 374 1456 444 jucicndi
1495 374 1724 444 lapides,
1769 385 1817 429 et
1865 387 2067 445 tempus

2185 368 2631 439 Ἐκκλησιαστῇ
2670 368 2999 438 γέγραπται·
3033 361 3247 430 ιιάιρὲς
3285 358 3390 413 τοῦ
3416 358 3634 422 ,ϐαλεῖν
3656 362 3743 413 λί-

495 471 776 542 colligendi
809 470 1010 540 lapides
1026 468 1090 518 ⁸⁸.
1123 467 1461 536 Colligttutur
1498 474 1677 519 autem
1721 465 1877 533 jussu
1904 467 2068 522 Jacob

497 562 589 630 qui
640 574 798 632 typus
849 568 965 612 erat
1008 556 1245 621 Christi,
1292 566 1350 610 ut
1393 556 1682 610 aediﬁcatio
1730 557 2070 626 compleatur

498 669 661 722 super
693 653 1100 706 fundamentum
1146 648 1511 716 apostolorum
1560 656 1615 702 et
1653 647 2067 717 prophetarum,

498 744 616 811 ipso
646 755 854 796 summo
883 739 1132 810 angulari
1164 739 1344 810 lapide
1360 739 1578 793 Christo
1604 738 1828 793 Domino
1859 750 2066 805 nostro,

498 851 562 888 ex
601 833 870 902 lapidibus
903 831 1061 894 vivis,
1106 831 1322 900 quando
1351 830 1410 884 lit
1438 831 1630 886 domus
1659 831 1942 910 spiritalis,
1983 848 2070 887 sa-

497 925 800 980 cerdotium
829 936 1101 978 sanctum.

567 1015 636 1069 Et
667 1033 944 1070 conversus
982 1014 1166 1067 Laban
1210 1014 1337 1066 abiit
1365 1014 1418 1066 in
1462 1014 1632 1068 locum
1674 1031 1826 1068 suum
1843 1015 1908 1068 ⁸⁸.
1945 1014 2068 1069 Mali

496 1108 648 1162 locus
675 1123 841 1177 prope
877 1118 960 1162 est
1007 1109 1076 1161 ob
1127 1106 1554 1176 improbitatem.
1591 1107 1720 1177 Ejus
1763 1119 1942 1164 autem
1976 1111 2066 1178 qui

499 1200 828 1266 proliciendo
863 1201 963 1252 iter
995 1199 1123 1268 agit,
1148 1198 1403 1268 quoniam
1437 1199 1624 1267 procul
1656 1209 1740 1253 est
1763 1199 1935 1262 locus.
1964 1217 2067 1254 non

499 1294 725 1354 exiguus
755 1296 838 1340 est
876 1286 1050 1340 labor.

573 1376 642 1430 Et
668 1377 879 1446 fuerunt
916 1377 963 1430 ei
991 1377 1192 1430 obviam
1236 1376 1408 1447 angeli
1436 1376 1531 1431 Dei
1553 1377 1618 1430 ⁸³.
1659 1375 1920 1432 Dominus
1945 1377 2020 1431 ait
2051 1394 2066 1430 :

501 1466 614 1535 Ego
642 1484 757 1520 sum
805 1469 882 1520 ria
901 1467 971 1520 ⁸⁸.
1000 1466 1101 1532 Qui
1151 1482 1281 1535 ergo
1329 1467 1468 1522 hanc
1518 1467 1663 1521 viam
1717 1468 1988 1538 sequitur,
2019 1468 2068 1522 ei

500 1559 712 1613 obviam
745 1571 877 1614 eunt
907 1559 1081 1630 angeli
1122 1559 1234 1614 Dei.

2171 469 2333 531 θους,
2370 463 2470 517 καὶ
2520 459 2722 528 καιρὸς
2775 458 2880 511 τοῦ
2911 453 3278 523 συναγαγεῖν
3308 452 3537 514 λίθους.
3585 451 3752 505 Συνά-

2170 573 2355 624 γονται
2388 555 2444 607 δὲ
2478 552 2617 606 κατά
2645 547 2939 621 πρόσταξιν
2980 544 3284 607 Ἰακὼϐνὸς
3310 541 3478 604 τύπος
3520 537 3590 611 ἦν
3615 543 3752 611 Χρι-

2173 645 2322 710 στοῦ,
2359 647 2445 698 ἴνα
2473 647 2506 716 ἡ
2552 640 2806 710 οἰκοδομὴ
2849 636 3109 707 πληρωθῇ
3139 634 3230 687 ἐπὶ
3251 633 3328 704 τῷ
3353 631 3590 702 Θεμελίῳ
3642 631 3754 686 τῶν

2170 739 2481 792 ἀποστόλων
2517 736 2612 789 καὶ
2647 730 2962 804 προφητῶν,
3009 729 3160 791 ὄντος
3211 725 3604 796 ἀκρογωνιαίου
3663 723 3754 777 αὐ-

2169 830 2261 883 τοῦ
2305 827 2539 900 Χριστοῦ
2585 824 2681 878 τοῦ
2730 823 2934 892 Κυρίου
2971 819 3146 891 ἡμῶν,
3187 820 3250 870 ὲκ
3292 815 3455 868 λίθων
3508 814 3748 881 ζώντων,

2170 923 2257 974 ὅτε
2280 922 2485 990 γίνεται
2517 913 2663 979 οἶκος
2696 913 3078 984 πνευματικὸς,
3112 909 3408 980 ἱεράτευμα
3434 908 3608 976 ἆγιον.

2241 1013 2352 1067 Καὶ
2378 1009 2785 1077 ἀποστραφεὶς
2815 1002 3305 1071 Λάϐανάπῆλθεν
3318 1004 3405 1066 είς
3435 1001 3543 1053 τόν
3565 1002 3754 1054 τόπον

2169 1103 2376 1157 αὑτοῦ.
2408 1100 2513 1154 Τοῦ
2547 1099 2644 1170 μὲν
2672 1097 2874 1167 φαύλου
2906 1095 3014 1162 (Η)
3050 1093 3135 1146 διὰ
3179 1093 3278 1162 τὴν
3306 1090 3506 1144 κακίαν
3533 1091 3697 1158 ἐγγὺς
3722 1090 3754 1142 6

2169 1194 2351 1257 τόπος·
2387 1191 2479 1245 τοῦ
2522 1191 2578 1244 δὲ
2623 1190 2710 1242 διὰ
2744 1185 3026 1260 προκοπῆς
3045 1183 3338 1246 ὁδεύοντος,
3373 1181 3494 1235 ἐπεὶ
3536 1181 3754 1252 μακράν

2171 1289 2316 1338 ἐστιν
2346 1286 2374 1337 ό
2409 1283 2593 1345 τόπος,
2623 1281 2684 1333 ού
2715 1276 3152 1350 μικρὸςόκόπος.

2241 1375 2352 1429 Καὶ
2403 1371 2802 1438 συνήντησαν
2846 1367 3006 1433 αὐτῷ
3041 1371 3095 1420 οὶ
3135 1365 3381 1436 ἄγγελοι
3429 1362 3536 1416 τοῦ
3582 1361 3751 1416 Θεοῦ.

2183 1471 2240 1522 '0
2287 1467 2491 1538 Κύριός
2528 1482 2690 1535 φησιν
2737 1463 2866 1533 (15)°
2915 1458 3058 1529 Ἐγώ
3090 1460 3205 1526 εἰμι
3240 1458 3279 1525 η
3323 1455 3483 1520 ὁδός.
3516 1453 3608 1523 Τῷ
3661 1449 3757 1507 οὖν

2170 1561 2268 1633 τὴν
2299 1559 2414 1612 ὁδὸν
2443 1557 2645 1628 ταύτην
2679 1553 3028 1625 πορευομένῳ
3053 1547 3384 1602 συναντῶσιν
3417 1545 3636 1615 ἄγγελοι
3659 1545 3754 1598 τοῦ

2171 1651 2326 1706 Θεοῦ.

577 1735 639 1788 lt't
667 1735 909 1802 pra‘cepit
959 1736 1032 1790 eis
1075 1737 1295 1791 dicens:
1326 1735 1416 1791 Sic
1465 1737 1646 1791 dicetis
1695 1739 1908 1792 domino
1956 1755 2068 1792 meo

2245 1743 2354 1798 Kal
2387 1741 2726 1796 ἐνετείλατο
2761 1734 2964 1801 αὐτοῖς
2993 1733 3205 1804 λέγων·
3243 1731 3440 1797 Οὕτως
3469 1727 3654 1797 ἐρεῖτε
3676 1725 3758 1792 τῷ

503 1823 819 1880 Esau:ch
843 1827 968 1878 dicit
996 1843 1175 1880 servus
1203 1838 1324 1881 tuus
1354 1827 1518 1881 Jacob
1549 1844 1567 1882 :
1592 1827 1743 1899 Apud
1770 1827 1951 1882 Laban
1977 1847 2068 1898 pe-

502 1921 798 1986 rrgr'natus
824 1934 935 1971 sum
951 1918 1018 1975 ⁸⁵.
1046 1918 1275 1974 Honoris
1299 1935 1463 1974 causa
1491 1920 1713 1974 fratrem
1749 1929 1873 1974 untu
1905 1919 2071 1986 majo-

504 2022 615 2062 rem
648 2012 849 2079 absque
885 2011 1231 2064 simulatione
1267 2011 1542 2064 dominum
1566 2027 1720 2065 suum
1757 2023 1931 2065 vocat.
1967 2011 2070 2066 Sed

500 2106 556 2152 et
569 2101 835 2170 _responsio
855 2101 1069 2153 humilis
1092 2102 1273 2153 avertit
1299 2101 1435 2153 iram
1449 2101 1514 2153 ⁸⁸.
1538 2101 1600 2154 Et
1629 2111 1877 2170 tanquam
1911 2102 2072 2156 homo

501 2190 717 2256 quidem
753 2191 953 2256 timuit,
988 2191 1096 2247 Deo
1145 2207 1273 2247 vero
1323 2192 1582 2259 conﬁsus,
1617 2207 1720 2246 non
1772 2191 1931 2264 fugit,
1977 2197 2070 2248 scd

500 2281 754 2336 accessit.
1907 2286 1910 2289 ’

570 2461 677 2535 43
704 2461 771 2515 Et
801 2464 1009 2517 transiit
1033 2463 1218 2518 vadum
1249 2465 1414 2519 Jaboc
1445 2465 1511 2519 ⁸⁷.
1545 2464 1714 2521 Jaboc
1749 2465 1939 2524 ﬂuvius
1991 2479 2075 2523 est

500 2555 735 2618 Arabiae,
771 2554 868 2624 qui
899 2570 1043 2609 nunc
1090 2567 1308 2609 vocatur
1337 2556 1627 2616 Jambiccs.

573 2737 804 2791 Relicms
843 2751 918 2792 est
950 2748 1124 2792 autent
1167 2738 1333 2793 Iacob
1378 2741 1543 2804 solus,
1579 2753 1628 2795 et
1666 2742 1968 2797 luctabatur
1995 2745 2074 2798 vir

501 2845 617 2884 cum
644 2846 703 2883 eo
738 2829 818 2895 ⁸⁸,
841 2840 948 2886 etc.
993 2831 1124 2897 Quis
1165 2832 1321 2886 fuerit
1357 2833 1443 2886 hic
1481 2833 1965 2902 appellatusltomo
1996 2837 2074 2891 si-

503 2921 613 2974 mul
649 2930 705 2975 et
748 2922 911 2988 Deus,
942 2924 1033 2992 qui
1078 2922 1386 2976 luctabatur
1410 2933 1463 2976 et
1485 2925 1797 2980 deccrtabat
1827 2943 1946 2981 cum
1975 2927 2072 2983 Ja-

2171 1833 2354 1902 κυρίῳ
2368 1849 2488 1900 μου
2537 1827 2738 1884 Ἠσαῦ
2757 1827 2951 1892 Οὕτως
2980 1825 3142 1895 λέγει
3179 1827 3211 1878 ό
3235 1821 3377 1886 παῖς
3395 1835 3510 1874 σου
3536 1818 3752 1873 Ἰακώϐο

2170 1926 2330 1980 Μετὰ
2364 1922 2564 1978 Λάϐαν
2592 1919 2940 1988 παρῴκησα.
2984 1916 3142 1972 Κατά
3173 1915 3336 1986 τιμὴν
3368 1914 3476 1985 (16)
3505 1913 3595 1967 τὸν
3621 1928 3755 1983 πρε-

2175 2017 2431 2088 σϐύτερον
2492 2013 2717 2083 ἀδελφὸν
2761 2012 3140 2082 ἀνυποκρίτως
3191 2009 3378 2081 κύριον
3441 2006 3606 2061 αὑτοῦ
3658 2023 3750 2059 κα-

2171 2108 2270 2160 λεῖ.
2344 2104 2489 2175 Πλὴν
2556 2104 2652 2156 καὶ
2714 2102 3029 2169 ἀπόκρισις
3116 2099 3543 2155 ὑποπίπτουσα
3608 2095 3755 2148 ἀπον-

2171 2195 2414 2265 στρέφει
2465 2196 2675 2263 θυμόν.
2745 2194 2858 2246 Καὶ
2923 2193 2999 2256 ὡς
3061 2190 3346 2262 ἄνθρωπος
3402 2190 3499 2259 μὲν
3550 2186 3752 2258 ἐφοϐή-

2173 2287 2262 2360 Θη,
2313 2286 2391 2358 τῷ
2436 2285 2553 2357 Θεῷ
2595 2285 2653 2339 δὲ
2708 2283 3039 2348 πιστεύσας,
3104 2283 3202 2336 οὐκ
3249 2281 3466 2350 ἔφυγεν,
3513 2280 3627 2334 ἀλλ’
3655 2281 3755 2352 ἧρ-

2207 2397 2294 2434 ετο
2302 2423 2314 2434 .

2172 2399 2352 2521 1'}:ta
2379 2466 2541 2535 διέϐη
2571 2465 2685 2534 τὴν
2705 2464 2982 2520 διάϐασιν
3008 2463 3115 2517 τοῦ
3149 2462 3364 2518 Ἰαϐώκ.
3413 2459 3608 2514 Ἰαϐὼκ
3642 2460 3752 2529 (l7)

2172 2557 2415 2628 πόταμός
2453 2559 2569 2610 ὲστι
2618 2555 2719 2626 τῆς
2780 2555 3058 2627 Ἀραϐίας,
3082 2557 3110 2608 ὁ
3132 2553 3226 2608 νῦν
3253 2551 3582 2630 καλούμενος
3617 2552 3757 2621 Ἰαμ-

2171 2649 2351 2721 ϐίκης.

2251 2740 2600 2808 ’Υπελείφθη
2644 2736 2712 2791 δὲ
2754 2737 2955 2792 Ἰακὼὸ
2976 2739 3186 2806 μόνος,
3217 2736 3313 2788 καὶ
3355 2733 3604 2788 enitare
3626 2732 3754 2801 μετ’

2171 2835 2356 2889 αὑτοῦ
2386 2834 2714 2902 ἅνθρωπος,
2744 2833 2839 2885 καὶ
2875 2832 2946 2885 τὰ
2995 2831 3139 2900 ἑξῆς.
3173 2832 3270 2894 Τίς
3288 2831 3330 2883 δ’
3361 2829 3427 2883 ἂν
3461 2829 3614 2891 ἀλλος
3645 2827 3756 2899 (l8)

2172 2928 2254 2996 εἴη
2278 2927 2307 2978 6
2325 2924 2614 2994 λεγόμενος
2641 2923 2822 2994 ἄνθρω
2832 2940 2926 2985 πος
2952 2921 3086 2993 ὁμοῦ
3105 2922 3198 2974 καὶ
3213 2921 3366 2983 θεὸς,
3398 2919 3757 2990 συμπαλαίων

500 3013 624 3077 coli,
658 3013 760 3068 nisi
798 3014 847 3067 id
886 3016 1028 3083 quod
1063 3015 1412 3070 multifariam
1447 3018 1738 3087 multisque
1773 3020 1947 3075 modis
1989 3020 2070 3074 lo-

2174 3018 2266 3070 xa‘t
2297 3013 2798 3085 συναγωνιζόμενος
2822 3013 2900 3084 τῷ
2948 3012 3164 3077 Ἰακὼϐ,
3203 3012 3235 3084 ἢ
3264 3015 3292 3064 6
3321 3010 3641 3084 πολυμερῶς
3661 3009 3755 3061 καὶ

499 3115 683 3158 cutum
710 3106 950 3175 patribus
1011 3121 1224 3161 sacrum
1283 3106 1374 3160 Dei
1430 3108 1703 3176 Verbum,
1737 3110 1994 3166 Dominus
2019 3121 2073 3167 ct

506 3202 643 3251 uicus
673 3208 922 3260 voratur,
974 3198 1226 3266 quodque
1278 3199 1441 3253 etiam
1500 3199 1827 3255 benedicens
1869 3202 2068 3266 Iacob,

501 3286 664 3340 Israel
696 3289 869 3354 ipsum
920 3289 1226 3356 appellavit,
1263 3290 1449 3345 dicens
1481 3293 1605 3358 quia
1646 3292 1918 3348 invaluisti
1954 3312 2070 3348 cum

504 3375 611 3429 Deo
631 3375 858 3430 "?Eutn
883 3388 1063 3430 autem
1096 3377 1146 3430 in
1180 3377 1395 3432 modum
1425 3379 1585 3449 hujus
1626 3382 1802 3436 aetatis
1830 3384 2074 3437 Immincs

501 3466 756 3521 videbant
807 3467 899 3521 Dei
947 3467 1219 3528 Verbum.
1256 3472 1710 3539 quemadmodum
1761 3482 1814 3526 et
1861 3473 2070 3526 Domini

504 3559 674 3612 nostri
713 3559 943 3627 apostoli
977 3560 1069 3628 qui
1123 3560 1382 3614 dixerunt
1419 3577 1432 3613 :
1476 3561 1628 3627 Quod
1650 3575 1762 3617 erat
1793 3565 1856 3617 ab
1899 3565 2070 3632 initio,

501 3649 639 3715 quod
659 3649 884 3704 uidimus
912 3650 1080 3704 oculis
1129 3652 1343 3716 nostris,
1377 3665 1422 3706 et
1455 3659 1837 3724 perspeximus,
1880 3668 1926 3711 et
1960 3675 2074 3712 nta-

503 3756 599 3793 nns
650 3748 843 3794 nostra:
896 3752 1349 3795 contrectaverunt
1381 3743 1444 3797 de
1487 3743 1651 3799 Verbo
1697 3747 1894 3800 vitae”.
1921 3747 2072 3814 Quod

505 3829 735 3885 \"erlutm
765 3841 819 3886 et
845 3847 1007 3901 quam
1043 3833 1208 3884 vitam
1253 3836 1648 3903 contemplatus
1671 3839 1836 3890 etiam
1884 3837 2069 3904 Jacob,

501 3919 664 3975 infert
692 3922 877 3976 dicens
906 3938 920 3974 :
965 3920 1085 3974 Vidi
1115 3922 1254 3975 enim
1291 3924 1454 3977 Deum
1479 3927 1618 3994 [acie
1648 3929 1716 3980 ad
1754 3929 1940 3997 (aciem
1968 3931 2033 3984 9‘.

571 4099 741 4155 Jacob
791 4111 967 4154 autent
1015 4101 1264 4172 diligebat
1292 4103 1487 4175 Ioseph
1534 4122 1691 4174 super
1715 4124 1889 4161 omnes
1933 4109 2089 4178 ﬁlios;

500 4208 644 4253 suos,
674 4195 798 4262 quia
821 4192 967 4262 [ilius
1020 4201 1299 4250 senectutis
1329 4209 1439 4250 erat
1477 4200 1545 4252 ei.
1583 4196 1734 4253 Fecit
1769 4217 1886 4255 vero
1910 4204 1957 4255 ei
1984 4213 2073 4255 tn-

503 4284 675 4336 m’cam
726 4285 925 4338 variam
955 4289 1022 4340 ⁰².
1055 4285 1260 4341 Tunica
1301 4290 1449 4343 varia
1497 4299 1583 4344 est
1639 4291 1857 4346 habitus
1898 4296 2071 4348 b0uus

504 4376 792 4431 virtutibus
820 4386 1064 4432 ornatus.

580 4467 825 4524 Videntes
856 4479 1026 4524 autent
1067 4471 1262 4538 fratres
1289 4472 1403 4540 ejus
1433 4473 1560 4544 quia
1601 4491 1719 4528 eum
1764 4487 1915 4545 pater
1945 4478 2067 4532 dili-

499 4559 649 4628 gebat
677 4575 788 4629 pra'
834 4561 1070 4614 omnibus
1096 4560 1221 4628 ﬁliis
1249 4564 1383 4629 suis,
1408 4566 1629 4618 oderunt
1662 4583 1800 4632 eum,
1841 4585 1933 4622 nec
1973 4589 2068 4638 po-

501 4660 669 4705 terant
690 4651 737 4704 ei
772 4649 913 4721 loqui
939 4651 1223 4721 quidquam
1250 4655 1530 4721 paciﬁcum
1559 4656 1625 4711 ⁸³.
1657 4656 1758 4722 Qui
1792 4659 1925 4725 odit,
1963 4677 2067 4714 nou

501 4745 680 4806 potest
716 4737 1009 4807 quidquam
1061 4739 1288 4809 paciﬂce
1319 4743 1466 4812 loqui
1510 4745 1560 4798 ei
1600 4761 1760 4814 quem
1795 4750 1921 4804 odio
1969 4751 2068 4804 lia-

501 4829 610 4885 bet.
641 4830 984 4900 Depouamus
1008 4845 1138 4902 ergo
1167 4833 1375 4900 odium,
1409 4846 1467 4892 ut
1503 4839 1727 4906 paciﬁce
1770 4839 1914 4909 loqui
1939 4857 2068 4911 pos-

499 4935 685 4978 ειιιιυε.

569 5059 614 5091 ⁸⁸
635 5059 810 5114 Eccle.
833 5076 911 5125 ιιι,
940 5060 994 5116 5.
1069 5063 1117 5094 ⁸³
1143 5062 1278 5118 Gen.
1308 5080 1460 5124 χχχι.
1486 5063 1577 5119 55.

495 5126 540 5157 θ’
564 5127 698 5181 Gen.
744 5146 917 5197 χχχιι,
956 5132 1047 5186 22.
1123 5133 1356 5202 “ibid.,
1403 5134 1495 5188 24.

497 5193 543 5224 ”
570 5193 728 5260 ibid.,
757 5199 812 5252 4.

568 5328 682 5402 (If)
718 5331 828 5386 Τοῦ
845 5333 962 5401 μὲν
981 5337 1239 5402 φαύλου,
1269 5347 1377 5394 etc.
1409 5336 1452 5392 E
1480 5350 1667 5393 catena
1698 5337 1965 5395 Romana.

568 5399 682 5473 (‘15)
720 5402 770 5473 ’ρ
799 5399 1013 5471 Κϋριός
1038 5399 1248 5473 φησιν,
1274 5420 1379 5463 etc.
1409 5408 1450 5462 E
1488 5409 1703 5464 schedis
1737 5411 2068 5467 Combelisii.

569 5467 681 5542 (lli)
716 5467 1246 5542 Kacdnﬁﬁketc.
1268 5479 1343 5531 Ex
1381 5479 1568 5532 iisdem
1597 5481 1837 5533 scltcdis.

568 5540 679 5611 (I7)
724 5540 1288 5607 ἸαὸώκίυιαΕαίιΙιι
1345 5550 1444 5602 hoc
1501 5548 1741 5603 scltoliou
1778 5549 2067 5604 Montclal-

498 5611 690 5688 fortius
720 5615 1099 5688 nosterthth
1133 5612 1380 5688 llexapl.,
1405 5632 1529 5688 pag.
1567 5617 1657 5680 4|,
1695 5620 1780 5672 ubi
1809 5634 1905 5687 pro
1921 5620 2067 5688 Ἰαμ-

499 5677 679 5752 δίκης,
710 5686 853 5755 quod
909 5686 1142 5744 habetur
1192 5687 1245 5744 in
1282 5677 1504 5744 'scbc'dis'
1555 5677 1888 5757 Cuiubctiéii,
1937 5677 2064 5757 legit

2175 3108 2528 3180 πολυτρόπως
2578 3107 2817 3179 λαλήσας
2863 3110 2975 3170 τοῖς
3020 3107 3290 3177 πατράσιν
3325 3105 3468 3176 ἱερὸς
3503 3103 3596 3156 τοῦ
3617 3102 3753 3155 Θεοῦ

2175 3199 2366 3268 Λόγος,
2418 3197 2622 3270 Κύριος
2662 3199 2758 3252 καὶ
2793 3198 2925 3261 Θεὸς
2967 3197 3340 3269 χρηματίζων.
3389 3195 3448 3257 ὃς
3485 3194 3579 3246 καὶ
3606 3193 3756 3244 εύλο-

2173 3292 2348 3362 γήσας
2374 3291 2465 3344 τὸν
2502 3291 2717 3356 Ἰακὼϐ,
2759 3290 2973 3361 Ἰσραὴλ
2990 3291 3148 3343 αὑτὸν
3177 3284 3752 3358 ὡνόμασεν,ὲπειπὼν,

2174 3385 2256 3437 ὅτι
2284 3385 2623 3452 ἑνίσχυσας
2660 3384 2810 3453 μετὰ
2841 3383 3028 3447 Θεοῦ;
3057 3381 3196 3434 οὕτω
3244 3379 3300 3432 δὲ
3336 3377 3521 3448 ἐώρων
3553 3378 3601 3429 οἱ
3630 3376 3756 3428 τότε

2174 3474 2365 3545 ἄνδρες
2400 3473 2492 3526 τὸν
2525 3474 2618 3527 τοῦ
2640 3474 2775 3527 Θεοῦ
2808 3473 2998 3542 Λόγον,
3031 3474 3106 3536 ὼς
3133 3471 3224 3525 καὶ
3264 3471 3312 3523 οἱ
3341 3470 3613 3540 φήσαντες
3661 3465 3755 3520 τοῦ

2175 3563 2380 3634 Κυρίου
2399 3563 2554 3634 ἡμῶν
2586 3564 2891 3617 ἀπόστολοι·
2925 3566 2987 3616 Ὃ
3021 3560 3101 3634 ἦν
3126 3563 3226 3617 ἀπ’
3260 3559 3474 3630 ἀρχῆς,
3497 3556 3758 3625 ἑωράκα-

2169 3671 2285 3724 μεν
2315 3655 2439 3721 τοῖς
2464 3655 2795 3726 ὀφθαλμοῖς
2815 3654 3005 3724 ἡμῶν,
3030 3654 3130 3709 καὶ
3157 3653 3545 3721 ἐθεασάμεθα,
3567 3649 3666 3703 καὶ
3698 3651 3758 3703 αἱ

2175 3745 2368 3816 χεῖρες
2381 3747 2549 3815 ἡμῶν
2566 3729 2972 3818 ἐψηλάφησαν
2988 3745 3122 3812 περὶ
3138 3745 3242 3798 τοῦ
3257 3745 3450 3812 Λόγου
3467 3741 3573 3808 τῆς
3587 3739 3755 3807 ζωῆςο

2174 3839 2232 3892 ὃν
2257 3838 2448 3906 Λόγον,
2485 3839 2580 3892 καὶ
2617 3839 2758 3909 ζωὴν
2792 3837 3127 3907 θεασάμενος
3170 3837 3263 3889 καὶ
3302 3839 3330 3888 6
3388 3832 3602 3897 Ἰακὼϐ,
3639 3836 3760 3886 ἐπι-

2176 3929 2334 3998 φέρει
2392 3929 2588 3997 λέγων·
2660 3925 2840 3982 Εἶδον
2890 3928 3001 3996 γὰρ
3053 3926 3202 3980 Θεὸν
3239 3927 3562 3994 πρόσωπον
3607 3923 3757 3990 πρὸς

2174 4023 2523 4088 πρόσωπον.

2257 4113 2456 4167 Ἰακὼϐ
2485 4113 2554 4166 δὲ
2568 4112 2770 4182 ἠγάπα
2799 4112 2905 4165 τὸν
2935 4109 3146 4180 Ἰωσὴφ
3162 4109 3322 4178 παρὰ
3351 4107 3580 4173 πάντας
3617 4106 3760 4172 τοὺς

2174 4205 2342 4270 υἱοὺς
2373 4205 2580 4267 αὐτοῦ,
2626 4204 2717 4257 ὅτι
2750 4203 2881 4270 υἱὸς
2912 4202 3106 4274 γήρως
3139 4199 3218 4274 ἦν
3249 4200 3426 4267 αὐτῷ.
3482 4199 3758 4266 Ἐποίησε

2175 4295 2414 4362 δὲαὺτῷ
2440 4296 2660 4365 χιτῶνα
2687 4295 2990 4350 ποικίλον.
3009 4293 3188 4347 Χιτὼν
3219 4292 3326 4363 (l9)
3351 4291 3590 4356 ποικίλος
3612 4290 3758 4344 ἐστὶν

2104 4413 2149 4468 ι)
2173 4387 2286 4456 ἕξις
2311 4389 2504 4460 ἀρίστη
2531 4392 2650 4450 ταῖς
2675 4389 2894 4458 ἀρεταῖς
2925 4385 3334 4456 κεκοσμημένη.

2258 4480 2504 4546 Ἰδόντες
2537 4479 2606 4533 δὲ
2637 4482 2691 4533 οἱ
2726 4479 2975 4549 ἀδελφοὶ
3009 4477 3217 4540 αὐτοῦ,
3253 4477 3341 4528 ὅτι
3370 4473 3556 4528 αὐτὸν
3587 4477 3620 4527 ὁ
3653 4487 3757 4525 πα-

2176 4572 2285 4641 τὴρ
2321 4573 2488 4642 φιλεῖ
2513 4573 2582 4626 ἐκ
2613 4571 2855 4625 πάντων
2881 4571 2998 4624 τῶν
3039 4569 3185 4623 υἱῶν
3209 4567 3417 4631 αὑτοῦ,
3449 4567 3756 4637 ἐμίσησαν

2175 4664 2394 4728 αὐτὸν,
2445 4663 2542 4717 καί
2597 4665 2708 4718 οὐκ
2761 4663 3061 4731 ἠδύναντο
3106 4659 3318 4715 λαλεῖν
3365 4657 3525 4724 αὐτῷ
3576 4657 3758 4712 οὐδὲν

2174 4755 2493 4822 εἰρηνικόν.
2539 4755 2596 4807 Ὀ
2657 4755 2828 4825 μισῶν
2872 4754 2983 4825 (9.0)
3039 4753 3314 4814 ἀδυνάτως
3365 4752 3478 4822 ἔχει
3517 4750 3651 4821 πρὸς
3697 4749 3758 4803 τὸ

2179 4845 2448 4918 εἰρηνικόν
2480 4864 2533 4899 τι
2562 4846 2741 4900 λαλεῖν
2780 4846 2858 4917 τῷ
2898 4846 3232 4917 μισουμένῳ.
3280 4842 3633 4913 Ἀποθώμεθα
3663 4837 3757 4897 οὖν

2177 4937 2239 4991 τὸ
2281 4941 2454 5010 μῖσος,
2496 4941 2583 4993 ἴνα
2620 4939 2800 4993 λαλεῖν
2838 4938 3091 5008 εἰρηνικά
3125 4937 3458 5009 δυνηθῶμεν.

1653 5065 1700 5139 ἦέ
1723 5064 1868 5139 _G_eu.
1896 5083 2070 5130 xxxii,

2242 5075 2288 5108 ⁸⁵
2311 5075 2470 5131 Joan.
2501 5092 2611 5138 χιν,
2635 5075 2689 5129 6.
2750 5075 2796 5106 ⁸⁵
2823 5074 2959 5129 Gen.
2991 5089 3164 5139 χχχιι,
3185 5074 3240 5127 4.
3315 5073 3362 5104 ⁸⁸
3391 5071 3550 5125 Prov.
3585 5087 3675 5135 xv,
3702 5072 3752 5125 l.

1591 5136 1635 5168 ”
1660 5135 1820 5202 ibid.,
1866 5139 1958 5194 28.
2033 5141 2070 5173 ⁹ί

2177 5144 2332 5200 Joau.
2372 5149 2478 5209 t,l.
2553 5135 2755 5201 “Gen.
2816 5144 3102 5208 xxxu,50.
3153 5135 3224 5175 ’⁸³
3262 5142 3399 5198 Gen.
3443 5156 3654 5208 χχχνιι,
3699 5141 3754 5196 5.

2191 5344 2505 5416 Ἰαμϐύκης.

2197 5385 2565 5498 ξῖΐξῖῖᾙξσ
2607 5412 2686 5469 ἂν
2729 5413 2945 5482 ἄλλος,
3002 5423 3110 5470 etc.
3173 5413 3252 5467 Ex
3295 5412 3487 5468 iisdem
3538 5410 3758 5468 schedia

2175 5486 2512 5540 Combelisii.

2245 5555 2357 5622 (l9)
2397 5551 2606 5616 Χιτώιν,
2646 5561 2756 5610 etc.
2793 5555 2868 5608 Ex
2900 5555 3090 5610 iisdem
3124 5553 3362 5622 scliedi-s.

2274 5558 2357 5622 l9)
2397 5558 2606 5616 Χιτώιν,
2646 5561 2756 5610 etc.
2793 5558 2868 5608 Ex
2900 5558 3090 5610 iisdem
3124 5558 3362 5609 scltedi-s.

2245 5558 2356 5696 ίεο)
2406 5625 2459 5676 '0
2478 5623 2697 5695 μισῶν,
2735 5636 2842 5683 etc.
2872 5625 2949 5681 Ex
2978 5625 3169 5681 iisdem
3194 5621 3438 5681 schedis.
