4180 6216
418 327 517 381 129

1857 326 1922 381 ΙΝ
1963 326 2285 383 GENESIM.

3561 327 3663 380 13’)

484 452 550 501 Ol
573 447 642 500 δὲ
676 445 1022 516 Μαδιηνιιῖοι
1055 445 1350 500 ἀπέδοντο
1391 447 1498 498 τὸν
1540 446 1750 516 Ἰωσὴφ
1780 449 1867 512 εἰς
1895 449 1981 501 Αἵ·

2162 445 2476 499 Madianitw
2528 453 2703 497 autent
2740 445 3078 500 vendiderunt
3119 446 3310 516 Ioseph
3348 450 3402 504 in
3437 449 3669 520 μεθειμιο

418 555 644 604 γυπτον
671 537 750 602 τῷ
775 535 1039 604 Πετερρῇ
1063 534 1142 600 τῷ
1170 535 1464 589 σπάδοντι
1498 536 1708 605 Φαραὼ
1745 538 1992 607 ἁρχιμα-

414 632 606 698 τειζρῳ.
656 631 936 701 Πετεφρῆς
988 629 1098 700 (2H
1145 630 1298 700 παρὰ
1337 628 1538 699 Ἀκύλᾳ
1587 629 1680 681 καὶ
1710 630 1992 700 Συμμάχῳ

413 719 680 791 Φουτιφὰρ
711 719 924 790 εἴρηται
974 721 1033 771 ὲν
1076 719 1252 788 τούτῳ
1307 717 1383 787 τῷ
1414 718 1584 788 τόπῳ,
1619 718 1675 792 εν
1727 718 1783 771 δὲ
1822 719 1993 789 ἑτέρῳ

413 811 732 880 Φουτιφαρέ.
761 813 869 864 Καὶ
897 812 929 881 ή
959 810 1058 880 μὲν
1100 808 1195 862 τοῦ
1228 809 1489 879 παρόντος
1529 809 1787 879 ὀνόματος
1821 811 1992 881 ἑρμη-

413 901 526 955 νεία
562 903 886 970 παράκειται
913 905 978 973 τῇ
1010 901 1150 965 λέξει
1358 904 1392 973 ἡ
1421 902 1477 955 δὲ
1506 902 1718 965 ἔκθεσις
1750 902 1846 955 τοῦ
1876 902 1990 955 ἑτέ-

414 1010 506 1062 ρου
536 995 591 1045 ὲν
618 998 728 1056 τοῖς
753 995 881 1063 ἑξῆς
911 999 1179 1064 φανεῖται.

429 1117 440 1132 .
479 1083 675 1147 Γνοὺς
701 1083 768 1136 δὲ
794 1083 1019 1147 Ain-(ir,
1044 1085 1130 1138 ὅτι
1148 1085 1259 1138 οὐκ
1279 1082 1438 1149 αὐτῷ
1453 1082 1624 1137 ἔσται
1642 1083 1709 1137 τὸ
1726 1082 1986 1152 σπέρμα,

409 1173 642 1243 ἐγένετο
697 1176 844 1230 ὅταν
884 1179 1200 1248 εἰσήρχετο
1247 1178 1396 1245 πρὸς
1437 1178 1554 1244 τὴν
1596 1177 1851 1245 γυναῖκα
1881 1178 1988 1231 τοῦ

409 1264 674 1334 ἀδελφοῦ
705 1269 911 1332 αὑτοῦ,
941 1269 1184 1338 ἐξέχεεν
1209 1269 1306 1322 ἐπὶ
1333 1269 1448 1336 τὴν
1467 1266 1604 1336 γῆν.
1643 1269 1758 1330 Πᾶς
1778 1270 1808 1320 ὁ
1835 1269 1989 1320 σπεί-

411 1373 520 1426 ρων
555 1359 667 1428 (25)
694 1361 784 1413 ἐπὶ
819 1360 918 1431 τὴν
944 1361 1142 1433 σάρκα,
1181 1363 1277 1414 καί¹
1306 1360 1378 1413 τὰ
1413 1360 1549 1431 ἔργα
1572 1361 1668 1429 τῆς
1706 1361 1908 1430 σαρκὸς
1935 1362 1992 1413 ἐν

406 1448 472 1516 τῇ
526 1450 595 1516 γῇ
627 1448 992 1522 θησαυρίζων,
1043 1451 1227 1520 ὅμοιος
1255 1450 1332 1520 τῷ
1361 1450 1559 1502 Αὑνᾶν*
1591 1448 1670 1500 διὸ
1693 1449 1791 1500 καὶ
1828 1449 1991 1503 θανα-

405 1537 588 1590 τοῦται
617 1539 722 1592 ὑπὸ
752 1539 910 1593 Θεοῦ.

476 1627 589 1678 Καὶ
603 1624 680 1697 ἦν
699 1630 915 1694 Κύριος
937 1626 1092 1694 μετὰ
1119 1625 1352 1692 Ἰωσήφ·
1372 1626 1470 1680 καὶ
1485 1623 1562 1697 ἦν
1579 1626 1731 1693 ἀνὴρ
1751 1626 1989 1695 ἐπιτυγ-

405 1722 630 1790 χάνωνο
674 1720 761 1780 Ὠς
799 1717 892 1769 ἐπὶ
923 1716 1127 1769 σκοπὸν
1158 1714 1268 1786 (24)
1299 1716 1526 1786 βάλλων,
1565 1716 1731 1768 ἔτεινε
1763 1715 1823 1767 τὸ
1860 1717 1987 1784 ήγε-

410 1786 629 1882 μονικδν
655 1807 872 1867 ἑαυτοῦ,
897 1807 992 1860 καὶ
1014 1807 1098 1859 ἀεὶ
1126 1806 1474 1876 ἐπετύγχανε.
1512 1805 1785 1875 Πολλαχοῦ
1812 1807 1869 1858 δὲ
1899 1807 1984 1859 κέ·
2019 1786 2056 1840 Β

404 1917 610 1972 χρηται
631 1898 805 1968 τούτῳ
829 1899 861 1968 ἡ
894 1898 1103 1968 Γραφή.

482 1993 589 2046 Καὶ
627 1993 924 2061 εὐλόγησε
952 1991 1160 2058 Κύριος
1188 1990 1293 2043 τὸν
1317 1985 1484 2042 οἷκον
1511 1989 1618 2043 τοῦ
1657 1991 1980 2058 Αἰγυπτίου

407 2084 506 2136 διὰ
550 2084 778 2151 Ἰωσήφ.
823 2082 919 2134 Διὰ
956 2081 1048 2134 τὸν
1095 2080 1244 2148 ἅγιον
1293 2080 1406 2152 (25)
1435 2083 1492 2133 ἐν
1538 2080 1672 2151 οἴκῳ
1712 2081 1840 2133 ὅντα
1884 2083 1980 2134 Αί-

407 2173 952 2242 γυπτίουᾼεὺλογείται
992 2173 1020 2224 ὁ
1055 2167 1221 2234 οἶκος,
1273 2171 1367 2224 καὶ
1407 2171 1474 2224 τὰ
1516 2170 1852 2240 ὑπάρχοντα,
1889 2171 1983 2223 καὶ

401 2239 432 2319 ό
465 2239 649 2336 ἀγρὸς*
669 2264 761 2317 τοῦ
793 2239 1115 2332 [Αἰγυπτίου.
1155 2262 1303 2328 Αὕτη
1337 2263 1394 2315 δὲ
1427 2263 1486 2315 οὐ
1522 2263 1862 2335 πνευματικὴ
1894 2264 1982 2316 εὑ-

402 2357 584 2424 λογία.

483 2446 745 2515 Ἐγένετο
768 2445 836 2498 δὲ
853 2446 1003 2514 μετά
1023 2443 1257 2513 ῥήματα
1287 2444 1494 2508 ταῦτα,
1523 2444 1788 2512 ἥμαρτεν
1818 2445 1852 2496 o'
1874 2443 1978 2510 ἀρ-

399 2539 732 2606 χιοινοχόος
754 2536 859 2589 τοῦ
871 2535 1176 2600 βασιλέως
1205 2536 1527 2604 Αἰγύπτου,
1559 2534 1654 2587 καὶ
1683 2536 1716 2587 ὀ
1744 2533 1977 2602 ἀρχισι-

399 2627 636 2692 τοποιὸς
681 2626 763 2692 τῷ
789 2627 972 2693 κυρίῳ
999 2625 1198 2679 αὐτῶν
1221 2625 1472 2690 ,ϐασιλεῖ
1512 2625 1832 2693 Αἰγύπτου.
1868 2624 1977 2676 Νο-

404 2716 545 2787 μίζω
572 2718 685 2788 (26)
741 2719 822 2770 ὅτι
866 2717 926 2770 τὸ
959 2717 1216 2784 ἀνάλογον
1256 2715 1352 2786 τῷ·
1395 2717 1687 2784 Ἥμαρτον
1729 2712 1981 2778 ,βασιλεῖ

400 2809 723 2878 Αἰγύπτου,
771 2807 964 2875 λέγοιτ’
1019 2806 1084 2860 ἂν
1108 2805 1367 2875 περὶτῶν
1427 2803 1737 2876 μαρτύρων,
1784 2801 1979 2874 ὃτιτῷ

400 2898 575 2969 νοητῷ
635 2897 843 2968 βασιλεί
891 2898 990 2968 τῆς
1033 2896 1307 2965 Αἰγύπτου
1359 2889 1502 2949 οὗτοι
1554 2895 1978 2966 ἁμαρτάνουσιν,

2102 536 2356 601 l’etephre
2404 537 2643 590 eunucho
2695 533 2996 590 Pharaonis
3038 553 3324 606 coquorum
3345 543 3568 609 principi
3603 539 3669 592 ’⁸.

2094 627 2414 696 Peteplirem
2448 626 2644 696 Aquila
2683 638 2739 681 et
2782 626 3142 698 Symmachus
3177 629 3475 702 Phutiphar
3510 634 3666 688 dixe-

2096 727 2218 768 runt
2264 717 2366 771 boc
2400 717 2518 771 loco
2551 734 2563 770 :
2602 718 2653 770 in
2713 718 2822 771 alio
2877 729 3062 773 autetn
3116 717 3482 790 Pliutipbare;
3535 739 3672 792 prae-

2093 807 2266 861 sentis
2316 822 2441 860 vero
2475 807 2710 861 nominis
2737 809 3114 876 interpretatio
3149 812 3270 863 voci
3309 812 3550 881 ailjaeet;
3593 817 3674 869 al-

2093 899 2259 952 terius
2303 909 2485 952 autem
2533 899 2800 968 expositio
2857 901 2907 953 in
2956 902 3318 970 sequentibus
3367 904 3667 960 declarabi-

2093 999 2200 1044 tur.

2163 1078 2340 1132 Sciens
2364 1088 2536 1133 autem
2570 1080 2774 1134 Aunam
2804 1082 2903 1134 sibi
2945 1097 3046 1134 non
3100 1080 3213 1150 {ore
3241 1101 3434 1150 semen,
3458 1090 3668 1156 quando

2090 1172 2477 1239 ingrediebatur
2519 1172 2587 1224 ad
2639 1188 2853 1225 uxorem
2903 1173 3087 1240 fratris
3121 1174 3224 1238 sui,
3269 1176 3566 1244 e/fundebat
3611 1179 3666 1231 in

2092 1272 2286 1316 terram
2309 1263 2376 1315 ³⁵.
2412 1261 2604 1318 Omnis
2645 1264 2735 1332 qni
2776 1267 3009 1318 seminat
3053 1263 3103 1316 in
3152 1279 3344 1330 carne,
3397 1276 3450 1320 et
3499 1282 3664 1336 opera

2093 1353 2275 1406 carnis
2330 1353 2383 1406 in
2435 1362 2579 1407 terra
2627 1354 2996 1418 tliesaurizit,
3053 1355 3245 1409 similis
3295 1365 3378 1411 est
3425 1359 3661 1412 Annam.

2093 1444 2455 1510 Quamobrem
2489 1444 2818 1500 interficitur
2843 1462 2870 1499 a
2906 1446 3035 1500 Deo.

2159 1621 2227 1674 Et
2266 1631 2376 1674 erat
2416 1622 2673 1677 Dominus
2700 1641 2816 1676 cum
2843 1624 3060 1693 Ioseph,
3086 1637 3134 1678 et
3166 1635 3280 1679 erat
3311 1627 3390 1680 vir
3422 1644 3665 1696 prospere

2086 1727 2245 1778 agens
2265 1712 2331 1766 ⁸⁸.
2389 1712 2672 1782 Tanquam
2702 1714 2755 1768 iu
2798 1730 3020 1784 scopum
3067 1717 3312 1783 mittens,
3350 1719 3664 1772 intendebat

2087 1803 2251 1855 animi
2286 1804 2648 1872 principatum
2675 1816 2728 1860 et
2763 1822 2979 1876 semper
3000 1821 3259 1876 prospere
3288 1810 3500 1878 agebat.
3525 1810 3657 1865 Fre-

2087 1901 2314 1960 quenter
2350 1905 2529 1949 autem
2571 1897 2672 1951 hoc
2706 1899 2871 1952 verbo
2906 1899 3072 1952 utitur
3110 1898 3413 1969 Scriptura.

2163 1982 2228 2034 Et
2262 1984 2523 2036 benedixit
2551 1985 2809 2040 Dominus
2845 1989 3026 2040 domui
3065 1989 3304 2059 ngyptii
3326 2003 3540 2060 prapter
3566 1993 3663 2047 Jo-

2086 2075 2303 2141 seph".
2355 2072 2584 2141 Propter
2638 2085 2883 2130 sanctum
2936 2079 3026 2145 qui
3077 2089 3197 2132 erat
3245 2081 3299 2133 in
3350 2083 3507 2136 domo
3550 2083 3662 2155 44

2089 2161 2325 2234 Εεγριίἰ
2353 2202 2367 2225 .
2405 2164 2742 2219 benedicitur
2785 2170 2995 2230 dormis,
3055 2168 3192 2221 bona
3230 2179 3282 2223 et
3317 2185 3445 2238 ager
3491 2171 3652 2243 Egy-

2089 2255 2205 2324 ptii.
2245 2254 2365 2310 Haec
2418 2265 2597 2309 autem
2637 2274 2742 2312 non
2790 2270 2871 2314 est
2910 2260 3166 2328 spiritalis
3192 2262 3518 2322 benedictio.

2157 2435 2256 2488 llis
2285 2437 2358 2489 ita
2402 2438 2560 2506 gestis
2591 2440 2780 2492 accidit
2829 2450 2888 2494 ut
2927 2455 3194 2511 peccarent
3239 2447 3488 2514 pincerna
3523 2451 3656 2519 regis

2088 2525 2304 2596 Egypti
2336 2541 2384 2580 et
2426 2530 2594 2598 pistor
2625 2531 2836 2586 domino
2878 2550 2972 2586 suo
3009 2536 3120 2606 regi
3159 2534 3377 2605 .Egypti
3410 2538 3478 2592 θ’.
3517 2539 3658 2594 Con-

2085 2628 2340 2672 sentanee
2367 2618 2452 2672 liis
2492 2621 2672 2676 verbis
2707 2640 2720 2676 :
2758 2621 3048 2678 Peccarunt
3096 2628 3206 2696 regi
3233 2627 3486 2698 /Egypti,
3514 2633 3658 2684 arbi-

2087 2717 2199 2761 tror
2229 2709 2333 2762 dici
2365 2724 2524 2778 posse
2557 2722 2827 2783 martyres
2856 2715 3084 2783 spiritali
3126 2719 3236 2786 regi
3275 2718 3494 2788 ngypti
3529 2736 3655 2787 pee-

2086 2814 2230 2862 care,
2262 2800 2357 2853 sed
2398 2817 2504 2854 non
2544 2803 2672 2856 Deo.
2719 2803 2977 2859 Videntur
3015 2808 3158 2860 enim
3195 2824 3420 2876 peccare
3468 2821 3654 2865 contra

2091 2891 2271 2944 tnundi
2303 2891 2496 2961 legem,
2516 2910 2634 2962 qua:
2663 2896 2983 2951 adversatur
3015 2898 3113 2966 legi
3157 2898 3270 2952 Dei.

402 2991 515 3044 ἀλλ’
571 2992 633 3044 οὐ
703 2992 780 3063 τῷ
844 2991 980 3061 Θεῷ.
1043 2993 1138 3055 Ei;
1187 2989 1296 3061 γὰρ
1359 2990 1449 3044 τὸν
1500 2989 1591 3042 τοῦ
1647 2989 1852 3060 κόσμου
1918 2989 2081 3059 νόμον
2155 2987 2400 3041 δοκοῦσιν
2468 2989 2832 3062 ἁμαρτάνειν,
2888 2992 3127 3046 ἐναντίον
3191 2994 3318 3049 ὄντα
3381 2994 3458 3068 τῷ
3506 2997 3656 3070 νόμῳ

400 3085 492 3139 τοῦ
525 3087 658 3140 Θεοῦ
669 3127 680 3138 .

468 3182 588 3234 Ὅτι
615 3179 812 3250 κλοπῇ
835 3181 1110 3248 ἐιλάπην
1129 3181 1198 3234 ἐκ
1225 3179 1336 3250 τῆς
1373 3180 1674 3248 Ἐϐραίων,
1713 3180 1812 3233 καὶ
1855 3173 1971 3232 ὧδε

2149 3179 2289 3244 Quia
2329 3180 2473 3248 furto
2519 3182 2758 3236 sublatus
2815 3199 2928 3236 sum
2969 3184 3032 3236 de
3089 3193 3228 3239 terra
3285 3185 3650 3250 "chi-(eorum.

400 3273 508 3325 οὐκ
527 3272 785 3339 ἐποίησα
810 3271 1006 3326 οὐδέν.
1033 3271 1105 3324 Τὸ
1137 3272 1300 3342 μηδὲν
1325 3271 1438 3342 (27)
1471 3271 1783 3342 ἐπιχωρίων
1817 3271 1976 3338 Αίγυ-

399 3362 568 3414 πτίων
601 3364 771 3416 ποιεῖν
799 3363 1097 3415 αἰνίσσεται
1141 3363 1228 3416 διὰ
1251 3361 1364 3416 τοῦο
1393 3359 1535 3416 Ὧδε
1571 3363 1681 3414 οὐκ
1719 3361 1976 3428 ἐποίησα

398 3451 598 3505 οὐδέν.
653 3451 959 3518 Αἰγυπτίων
1006 3453 1061 3506 δὲ
1090 3452 1248 3522 ἔργον
1279 3448 1346 3522 ἦν
1375 3453 1468 3505 καὶ
1500 3453 1560 3504 τὸ
1612 3452 1882 3504 συνελθεῖν
1906 3453 1974 3521 τῇ

397 3541 494 3594 τοῦ
513 3541 703 3612 κυρίου
737 3542 976 3608 γυναικί.

483 3633 838 3700 Ἀποκριθεὶς
896 3631 964 3684 δὲ
1017 3631 1230 3700 Ἰωσὴφ
1283 3627 1452 3685 εἶπεν
1495 3633 1671 3698 αὐτῷ·
1727 3633 1886 3699 Αὕτη
1935 3633 1974 3699 ἠ

396 3725 714 3793 σύγκρισις
767 3723 972 3775 αὐτοῦ’
1008 3722 1078 3776 τὰ
1125 3724 1257 3790 τρία
1292 3723 1446 3778 κανᾶ
1475 3721 1629 3790 τρεῖς
1659 3723 1867 3791 ἡμέραι
1895 3723 1975 3774 εἰ-

397 3815 520 3868 σίν.
571 3814 679 3865 Καὶ
712 3813 969 3884 ἀνωτέρω
999 3813 1109 3882 (28)
1137 3814 1370 3884 εἴρηται,
1398 3817 1452 3868 οἱ
1487 3814 1644 3881 τρεῖς
1677 3813 1976 3883 πυθμένες

395 3907 552 3974 τρεῖς
586 3906 795 3975 ἡμέραι
819 3908 997 3960 εἰσίν.
1021 3905 1230 3958 Οὐκοῦν
1277 3907 1358 3969 τὸ,
1418 3910 1570 3978 τρεῖς
1614 3908 1841 3978 ἡμέραι,
1881 3907 1973 3960 καὶ

395 3999 482 4052 διὰ
524 3998 812 4068 πυθμένων
849 3999 944 4050 καὶ
982 3996 1072 4050 διὰ
1116 3996 1294 4051 κανῶν
1335 3997 1684 4069 παρίσταταιο
1734 3981 1973 4068 συγκρη-

398 4091 637 4161 σαμένης
687 4089 947 4161 Προνοίας
1001 4090 1080 4150 είς
1135 4088 1477 4160 παράστασιν
1524 4088 1689 4159 τριῶν
1749 4087 1970 4159 ἡμερῶν

395 4177 612 4240 οἰκείοις
663 4176 1067 4247 παραδείγμασι
1100 4177 1192 4254 τοῦ
1232 4177 1491 4248 ἑκατέρου
1547 4177 1681 4246 βίου.
1737 4176 1970 4230 Τοιαῦτα

395 4265 438 4320 δ’
468 4265 533 4320 ἂν
578 4265 757 4338 εὕροις
809 4267 902 4317 καὶ
925 4268 982 4318 ὲν
1030 4269 1150 4328 ταῖς
1200 4265 1412 4331 λοιπαῖς
1443 4267 1702 4339 Γραφαῖς·
1747 4267 1807 4320 τὸ
1839 4266 1970 4320 αὐτὸ

393 4357 717 4428 δηλούμενον
761 4357 872 4409 ἀπὸ
932 4355 1204 4428 διαφόρων
1257 4353 1396 4411 εἶναι
1448 4357 1745 4411 δοκούντων
1790 4374 1968 4426 παρα-

393 4443 508 4511 δειγ
515 4445 718 4514 μάτων.

2077 3279 2126 3323 et
2157 3274 2241 3324 hic
2275 3271 2407 3324 nihil
2444 3271 2545 3341 feci
2588 3271 2655 3324 θ’.
2691 3273 2900 3327 Iudicat
2951 3275 3080 3328 nillil
3121 3292 3180 3329 se
3204 3279 3347 3344 quod
3390 3279 3654 3347 indigena:

2077 3360 2316 3431 Egyptii
2367 3361 2592 3424 faciunt,
2627 3362 2829 3429 facere,
2879 3382 3001 3420 cum
3058 3368 3132 3420 ait
3168 3386 3182 3420 :
3217 3370 3318 3422 llic
3365 3371 3495 3423 nihil
3527 3373 3650 3438 [ατε.

2076 3452 2452 3524 Egyptiorum
2507 3470 2634 3508 vero
2667 3471 2804 3525 Opus
2854 3468 2994 3524 erat,
3049 3460 3214 3512 etiam
3270 3476 3390 3514 cum
3443 3461 3649 3516 domini

2078 3559 2245 3598 uxore
2267 3545 2438 3599 coire.

2149 3633 2484 3702 Respondeas
2513 3645 2686 3688 autem
2710 3634 2901 3704 Ioseph
2937 3639 3069 3691 dixit
3110 3641 3157 3693 ei
3184 3655 3202 3693 :
3229 3641 3355 3695 "(ec
3387 3655 3463 3696 est
3492 3645 3652 3700 inter-

2074 3725 2296 3791 pretatio
2319 3723 2432 3790 ejus
2467 3739 2485 3776 :
2525 3725 2629 3776 tria
2675 3725 2928 3790 canistra,
2972 3741 3076 3779 tres
3112 3730 3222 3780 dies
3251 3741 3368 3782 sunt
3398 3732 3436 3782 ¹.
3469 3731 3646 3798 Supra

2075 3811 2238 3864 etiam
2287 3812 2489 3864 dictum
2535 3823 2638 3876 est,
2674 3823 2778 3868 tres
2831 3819 3166 3887 prOpagines,
3196 3831 3299 3873 tres
3344 3820 3455 3874 dies
3497 3823 3643 3876 sunt.

2076 3901 2210 3957 Tres
2237 3917 2365 3972 ergo
2409 3903 2522 3958 dies
2557 3915 2611 3959 et
2658 3920 2752 3975 per
2794 3910 3114 3975 prOpagiltes
3160 3920 3214 3962 et
3259 3926 3352 3978 per
3401 3913 3638 3968 canis-tri

2073 3991 2452 4062 signiﬁcantur
2503 4012 2516 4047 :
2561 3995 2630 4049 ad
2688 3995 2737 4048 id
2795 4011 2985 4064 nempe
3037 4014 3129 4051 usa
3170 4009 3250 4053 est
3297 4000 3642 4058 Providentia

2071 4083 2306 4154 propriis
2355 4086 2635 4154 utriusque
2690 4087 2814 4140 vita:
2864 4089 3143 4157 exemplis.
3197 4089 3346 4146 Talia
3405 4096 3642 4162 reperies

2070 4185 2126 4229 et
2151 4175 2202 4228 in
2230 4174 2454 4244 reliquis
2480 4175 2799 4245 Scripturis,
2829 4179 2917 4233 ubi
2953 4179 3092 4234 idem
3126 4182 3436 4238 declaratur
3465 4197 3646 4240 exem-

2071 4265 2171 4335 plis
2199 4268 2376 4336 specie
2419 4266 2668 4321 diversis.

476 4535 734 4603 Ἐγένετο
759 4534 827 4588 δὲ
849 4536 919 4589 ἑν
943 4534 1017 4604 τῇ
1048 4535 1238 4604 ἡμέρᾳ
1257 4535 1333 4604 τῇ
1355 4536 1521 4604 τρίτῃ
1538 4575 1553 4600 ,
1579 4534 1768 4604 ἡμέρα
1803 4535 1965 4606 γενέ-

2143 4533 2241 4589 Die
2295 4547 2467 4590 autem
2519 4541 2671 4590 tertia
2716 4539 2930 4599 accidit.
2961 4551 3016 4593 ut
3045 4541 3155 4595 dies
3195 4552 3324 4596 esset
3362 4543 3639 4600 natalitins

391 4640 546 4690 σεως
572 4621 650 4694 ἦν
677 4626 907 4694 Φαραὼ,
939 4626 1038 4680 καὶ
1080 4627 1265 4680 ἐποίει
1292 4629 1479 4681 πότον
1509 4626 1659 4682 πᾶσι
1687 4628 1812 4693 τοῖς
1833 4643 1966 4681 παι-

388 4715 498 4770 σίν
523 4717 726 4770 αὑτοῦ.
754 4717 872 4770 Τῶν
901 4718 999 4789 μὲν
1035 4717 1142 4788 πρὸ
1167 4718 1320 4788 ἡμῶν
1354 4717 1464 4789 (29)
1491 4718 1726 4789 ἐτήρησέ
1747 4736 1850 4782 τις,
1880 4721 1962 4772 ὅτι

391 4805 594 4875 φαῦλός
626 4808 769 4859 ἐστιν
799 4809 827 4860 ὁ
874 4807 942 4860 τὰ
971 4808 1237 4876 γενέσεως
1287 4809 1461 4878 τιμῶν
1515 4807 1831 4879 πράγματα,
1873 4808 1968 4861 καὶ

389 4898 486 4968 τὴν
519 4897 730 4970 ἡμέραν
763 4899 860 4968 τῆς
889 4900 1153 4966 γενέσεως
1175 4898 1339 4954 αὑτοῦ
1361 4898 1771 4969 ἀποδεχόμενος·
1805 4901 1965 4970 ἡμεῖς

473 5038 520 5069 ⁸³⁵
545 5037 680 5093 Gen.
718 5054 922 5100 xxxvii,
955 5039 1044 5094 36.
1142 5041 1188 5072 ’⁸
1213 5041 1347 5096 Gen.
1387 5055 1616 5105 xxxvm,
1650 5041 1705 5094 9.

391 5109 406 5137 ’
444 5108 600 5171 una,
635 5109 722 5164 η.
805 5112 825 5141 ι
854 5110 1008 5177 ibid,
1042 5110 1134 5166 eo.

455 5242 575 5314 (21)
596 5245 921 5314 Πετεφρῆς,
955 5254 1058 5300 etc.
1101 5246 1279 5300 Edidit
1305 5246 1419 5300 ‘hoc
1452 5247 1698 5300 scliolion
1739 5245 1952 5301 Monte-

387 5313 650 5368 faleouius
677 5313 862 5369 ..θεία
904 5327 1034 5368 tom.
1063 5315 1082 5369 1
1117 5315 1368 5384 Hexapl.,
1403 5332 1520 5385 pag.
1554 5315 1642 5380 45,
1701 5317 1790 5368 ubi
1851 5317 1952 5370 ini-

388 5385 518 5436 tium
544 5385 816 5456 diivet'sum
849 5395 972 5456 est:
1006 5388 1116 5448 τοῖς
1151 5385 1250 5452 μὲν
1285 5387 1413 5456 περὶ
1428 5385 1658 5438 Ἀκύλαν
1689 5386 1780 5439 καὶ
1807 5385 1951 5456 Σύμ-

385 5468 555 5525 μαχον
585 5454 856 5525 Φουτιφὰρ
885 5453 1118 5525 εἴρηται,
1136 5464 1260 5525 etc.

476 5521 566 5594 ἦ)
597 5521 952 5594 [χαράκέιτιιί
978 5521 1052 5592 τῇ
1073 5523 1257 5586 λέξει.
1290 5521 1556 5594 Nimirum
1588 5523 1850 5594 Origenes
1880 5539 1946 5578 ex

382 5588 610 5646 Philone
633 5588 821 5648 Juilmo
841 5635 855 5656 ,
892 5609 957 5648 ac
985 5588 1302 5662 plerumque
1331 5608 1430 5647 suo
1465 5593 1634 5648 Marte
1663 5588 1939 5649 nvominum

375 5665 720 5734 propriorum
748 5663 1136 5719 llebraieorum
1167 5664 1471 5734 signiﬁcata
1523 5665 1590 5718 ad
1640 5665 1938 5733 marginem

381 5745 472 5786 asc
481 5733 726 5800 ripserat.

2075 4625 2373 4681 Pharaonis
2423 4638 2474 4682 et
2511 4631 2706 4697 faceret
2743 4635 3032 4686 convivium
3063 4636 3238 4704 pueris
3276 4637 3386 4690 suis
3416 4639 3458 4692 ’.
3500 4639 3638 4691 Ante

2071 4733 2169 4772 nos
2203 4719 2511 4773 observavit
2549 4722 2817 4790 quispiam
2858 4731 3057 4778 malum
3107 4741 3228 4778 esse
3261 4742 3380 4780 eum
3411 4727 3502 4794 qni
3535 4745 3636 4778 na-

2077 4809 2243 4862 talitia
2278 4826 2373 4864 sua
2404 4812 2647 4866 celebrat
2677 4823 2732 4868 et
2776 4816 2917 4868 diem
2962 4829 3118 4870 ortus
3155 4817 3233 4869 sui
3287 4817 3497 4884 probat.
3529 4816 3635 4870 Nos

2072 4909 2253 4953 autem
2316 4903 2710 4970 expositionem
2761 4906 3181 4969 conﬁrmamus,
3215 4915 3270 4959 et
3324 4908 3376 4960 in
3421 4904 3633 4960 Herode

1795 5040 1840 5071 "
1867 5039 2004 5094 Gen.
2031 5054 2222 5106 xxxtx,
2280 5039 2334 5094 2.
2411 5042 2455 5074 ⁸⁷
2483 5043 2636 5106 ibid.,
2673 5043 2726 5098 5.
2802 5043 2848 5075 ⁸⁸
2876 5042 3015 5098 Gen.
3045 5058 3133 5106 XL,
3175 5043 3227 5096 1.
3303 5042 3350 5074 ⁹⁹
3375 5041 3627 5096 ibid..15.

2154 5243 2244 5311 25)
2273 5242 2399 5309 Πᾶς
2434 5245 2467 5296 ό
2495 5243 2779 5311 σπείρων,
2827 5251 2933 5296 etc.
2973 5243 3013 5297 E
3045 5242 3258 5299 schedis
3291 5242 3627 5303 Combclisii.

2154 5244 2224 5295 25
2273 5244 2399 5309 Πᾶς
2434 5245 2467 5296 ό
2495 5244 2779 5311 σπείρων,
2827 5251 2933 5296 etc.
2973 5244 3013 5297 E
3045 5244 3258 5299 schedis
3291 5244 3488 5300 Combe

2154 5244 2244 5381 2ιῖ
2277 5313 2372 5377 Ὡς
2393 5313 2491 5366 ἐπὶ
2516 5315 2772 5376 σκοπόν,
2801 5321 2908 5366 etc.
2939 5313 3015 5366 Ex
3043 5313 3231 5368 iisdem
3253 5315 3488 5370 scliedis.

2133 5381 2246 5448 (‘25)
2279 5385 2382 5436 Διά
2401 5383 2508 5435 τὸν
2523 5382 2714 5451 ἅγιον,
2751 5391 2855 5434 etc.
2875 5382 2964 5451 ‘Ex
2991 5381 3179 5436 iisdem
3193 5386 3430 5440 seltedis.

2128 5451 2242 5520 (26)
2272 5453 2521 5520 Νομίζω.
2547 5448 2655 5508 etc.
2680 5451 2755 5504 Ex
2786 5448 2976 5506 iisdem
3003 5453 3235 5509 sebedis.

2127 5519 2244 5588 (27)
2279 5519 2586 5588 Τὸμηδέν.
2609 5531 2714 5574 etc.
2752 5520 2826 5574 Ex
2856 5523 3046 5576 iisdem
3077 5524 3311 5583 scliedis.

2127 5587 2240 5660 (23)
2273 5587 2380 5660 Κᾳί
2401 5587 2692 5660 ἀνωτέρω,
2722 5602 2828 5660 ete.
2873 5591 2946 5645 Ex
2979 5593 3166 5647 iisdem
3195 5592 3431 5648 scliedis.

2122 5647 2236 5730 ('29)
2271 5659 2394 5714 Τῶν
2415 5657 2534 5728 μὲν
2564 5647 2892 5729 προτιμῶν,
2919 5671 3027 5718 etc.
3080 5660 3123 5715 E
3179 5647 3376 5720 catena
3417 5665 3620 5724 Roma-
