4084 6214
419 286 541 351 139

1902 288 2223 347 οιιιοΕΝιδ

3580 309 3688 364 ιω

418 423 585 472 mum,
620 404 691 461 itit
717 415 769 463 ut
801 409 1027 479 quinque
1049 406 1287 477 partibus
1322 408 1584 461 excederet
1618 408 1828 462 illorum
1860 426 1977 478 par-

2084 412 2259 478 ρίδας
2292 412 2532 466 πάντων
2573 418 3036 489 πενταπλασὶως
3090 418 3239 486 πρὸς
3269 418 3374 485 τὰς
3414 420 3679 475 ἐκείνων.

417 509 493 554 tes
521 500 586 553 ³⁸.
630 500 800 570 Major
837 502 979 555 facta
1015 509 1115 563 est,
1150 501 1231 553 rel
1281 510 1501 569 propter
1535 498 1858 566 Jerusalem,
1906 501 1987 554 vel

416 608 679 657 tanquam
716 604 872 663 typus
908 592 1135 661 apostoli
1158 590 1327 644 Pauli.
1355 591 1600 647 EtJosue
1624 592 1862 662 quidem,
1896 594 1989 663 qui

417 703 445 737 e
479 687 617 738 tribu
650 694 765 738 erat
795 685 1074 753 Ephraim,
1109 685 1297 740 divisit
1323 686 1442 739 aliis
1484 686 1729 741 tribubus
1760 695 1984 741 terram.

485 774 628 828 Misit
655 777 790 829 enim
821 791 900 828 me
924 774 1061 828 Deus
1088 786 1208 831 ante
1249 794 1355 841 vos,
1402 785 1457 831 ut
1492 788 1660 832 essent
1688 780 1830 833 vobis
1859 778 1986 832 reli-

412 866 639 931 quim".
696 864 1146 935 Quandoquidem
1202 866 1340 921 Deus
1385 869 1453 922 ob
1495 868 1787 924 multorum
1819 871 1986 924 vitam

410 953 705 1025 Iosephunt
735 965 860 1011 ante
885 956 1086 1011 fratres
1109 973 1233 1012 suos
1262 958 1406 1013 misit
1438 959 1488 1013 in
1518 958 1836 1032 Egyptunt,
1865 978 1989 1031 pro-

414 1046 558 1103 fecto
592 1050 658 1104 ad
706 1049 1031 1105 mittendum
1062 1050 1190 1122 ,49
1245 1051 1391 1105 illum
1444 1052 1499 1109 in
1528 1052 1821 1125 Aﬁgyptum
1857 1070 1984 1109 usus

410 1148 495 1193 est
524 1139 721 1193 invidia
753 1148 807 1193 et
836 1142 1113 1209 proposito
1134 1140 1361 1195 fra'rum
1401 1141 1541 1211 ejus,
1570 1154 1627 1196 ut
1656 1143 1761 1199 illic
1794 1146 1985 1201 multo-

412 1246 532 1285 rum
565 1230 723 1286 saluti
759 1232 1093 1286 consuleret.
1156 1231 1249 1287 Sic
1279 1247 1409 1303 ergo
1452 1234 1719 1290 interdum
1753 1236 1982 1291 aliorum

413 1323 650 1387 peccatis
683 1324 850 1378 utitur
884 1325 1024 1380 Deus
1060 1334 1117 1379 ut
1146 1324 1377 1380 aliorum
1413 1325 1710 1383 saluti-con
1750 1328 1881 1382 ulnt.

486 1593 642 1650 Nunc
682 1614 806 1669 ergo
836 1613 937 1650 non
978 1615 1062 1651 vos
1096 1615 1174 1651 me
1202 1599 1303 1651 huc
1337 1599 1571 1663 misistis,
1612 1602 1701 1653 sed
1742 1600 1897 1660 Deus.
1932 1612 1979 1654 et

407 1687 527 1757 {erit
557 1705 635 1742 me
663 1699 915 1758 tanquam
945 1700 1144 1757 patrem
1182 1687 1480 1743 Pharaonis
1508 1700 1555 1743 et
1596 1691 1865 1745 dominum
1898 1704 1981 1746 lor-

406 1781 511 1831 tius
558 1780 743 1833 domus
780 1781 894 1849 ejus
944 1794 989 1834 et
1023 1781 1309 1849 principem
1342 1782 1596 1836 universa:
1626 1795 1779 1836 terra:
1806 1783 1979 1855 digg-

405 1872 482 1939 pti
506 1872 571 1924 '8.
614 1871 716 1937 Qui
750 1882 944 1939 prmest
992 1873 1153 1927 rebus
1184 1873 1463 1941 corporeis
1487 1884 1541 1927 et
1577 1875 1681 1929 illis
1709 1885 1791 1929 est
1819 1892 1980 1943 supe-

409 1964 541 2026 rior,
590 1963 769 2017 dicere
807 1965 1007 2032 poterit
1044 1983 1057 2016 :
1095 1963 1248 2018 Fecit
1283 1980 1369 2019 me
1405 1965 1544 2019 Dens
1577 1966 1844 2021 universa:
1881 1978 1984 2022 ter-

404 2071 478 2110 ra:
509 2054 731 2127 {Egypti
761 2056 1064 2110 dominum.

476 2236 542 2292 Et
575 2256 636 2292 ne
661 2238 937 2292 dimittatis
959 2241 1247 2309 quidquam
1288 2241 1351 2293 de
1374 2242 1513 2293 rasis
1542 2241 1741 2294 vestris.
1788 2239 1980 2294 Omnia

401 2332 535 2385 enim
561 2332 694 2385 bona
727 2330 951 2400 /Egypti
1000 2346 1167 2385 vestra
1189 2342 1310 2385 sunt
1337 2333 1400 2388 ³³.
1466 2332 1522 2386 Si
1573 2333 1866 2401 quidquam
1898 2343 1981 2387 est

404 2424 457 2477 in
490 2422 721 2491 spiritali
748 2421 1005 2493 ngyplo,
1038 2438 1142 2475 non
1168 2424 1234 2476 ad
1258 2421 1562 2493 Algyptios,
1594 2425 1686 2477 sed
1710 2424 1776 2476 ad
1803 2423 1974 2476 Israe-

404 2516 505 2570 lem
534 2515 788 2584 pertinet.
833 2516 965 2569 Eam
995 2516 1065 2570 ob
1099 2530 1213 2569 rem
1246 2514 1298 2569 in
1338 2517 1514 2569 exodo
1542 2531 1667 2569 vasa
1697 2513 1979 2585 Egyptio-

406 2623 523 2661 rum
557 2608 775 2678 rapiunt
807 2607 1039 2671 Hebraei,
1089 2615 1139 2661 et
1172 2608 1395 2676 capiunt
1428 2623 1555 2662 vasa
1610 2625 1773 2663 aurea
1811 2620 1866 2663 et
1892 2623 1979 2662 ar-

402 2710 619 2771 gentea,
651 2710 702 2755 et
736 2701 995 2771 quidquid
1031 2702 1231 2755 bonum
1265 2710 1349 2755 est
1382 2701 1435 2755 in
1468 2700 1726 2771 «Egypto.
1815 2686 1819 2690 ’

475 2884 544 2938 Ιιι
576 2900 667 2954 ego
699 2885 944 2937 reducant
988 2895 1036 2938 te
1063 2884 1115 2937 in
1149 2884 1306 2951 ﬁnem
1331 2884 1397 2938 ’⁶⁰.
1441 2884 1666 2955 D'gnum
1699 2884 1806 2938 Deo
1852 2901 1977 2955 pro-

402 2975 647 3038 missum,
705 2974 823 3030 fore
854 2984 910 3030 ut
950 2992 1054 3029 non
1086 2975 1261 3030 solum
1298 2977 1538 3039 reducat,
1572 2978 1666 3031 sed
1703 2988 1979 3032 reverten-

402 3079 511 3124 tem
545 3067 610 3121 ad
649 3067 808 3121 linem
839 3068 1019 3121 ducat.

476 3157 751 3230 Quadam.
810 3158 888 3210 Ad
937 3174 1032 3212 eos
1067 3157 1154 3225 qui
1209 3157 1260 3210 in
1314 3157 1684 3213 Pentateucho
1726 3169 1976 3229 qumruut

398 3267 519 3303 eam
572 3265 691 3317 qua:
729 3250 869 3303 hunc
900 3249 1125 3318 excipit,
1162 3250 1350 3313 vitam,
1383 3250 1626 3305 dicemus
1674 3267 1688 3306 :
1722 3251 1973 3317 Quando-

395 3342 615 3412 quidem
649 3341 817 3396 falsus
838 3357 952 3396 non
986 3351 1072 3397 est
1103 3342 1195 3409 qui
1221 3342 1359 3396 dixit
1389 3360 1402 3394 :
1439 3340 1703 3395 Reducunt
1733 3354 1800 3410 te,
1830 3356 1977 3398 certe

402 3434 615 3487 reduxit
648 3433 793 3487 illum
824 3434 873 3487 in
913 3433 1013 3487 hac
1048 3433 1154 3485 vita
1190 3442 1399 3501 postea,
1427 3442 1483 3487 et
1513 3444 1631 3503 post
1661 3436 1862 3489 exitum
1899 3451 1978 3490 re-

399 3523 555 3577 duxit
611 3525 781 3591 ilium,
815 3524 1032 3593 quando
1063 3533 1247 3593 postea
1276 3523 1474 3594 Joseph
1508 3526 1730 3581 immisit
1783 3543 1973 3580 manus

402 3618 450 3670 in
481 3616 666 3670 oculos
696 3618 939 3687 corporis
966 3615 1156 3671 Jacob.
1199 3616 1434 3671 Reduxit
1462 3629 1641 3672 autem
1679 3618 1838 3683 Deus,
1868 3623 1974 3676 eri-

396 3724 531 3777 gens
561 3719 680 3779 post
709 3710 830 3764 vita:
856 3709 1016 3763 tinem
1050 3709 1302 3765 Israelem
1331 3709 1396 3765 ad
1428 3724 1553 3765 eum
1591 3711 1683 3780 qui
1720 3712 1771 3764 in
1805 3726 1865 3765 se
1892 3722 1974 3767 est

399 3803 584 3857 Πυθίη.

470 3893 713 3950 Surrexit
740 3903 914 3946 autem
940 3891 1106 3946 Jacob
1133 3911 1164 3946 a
1189 3903 1345 3961 puteo
1360 3892 1674 3959 jnramenti,
1699 3903 1975 3949 etcassum-

400 3993 616 4055 pserunt
644 3984 754 4052 ﬁlii
778 3983 950 4037 Israel
983 3982 1148 4037 Iacob
1175 3993 1374 4052 patrem
1400 4000 1551 4035 suum
1581 3982 1647 4040 δι.
1690 3983 1790 4049 Qui
1827 3986 1977 4039 venit

399 4077 469 4132 ad
498 4085 716 4144 puteum
737 4074 1054 4141 juramenti.
1088 4072 1251 4128 Israel
1277 4084 1380 4136 est,
1426 4075 1605 4129 ferens
1636 4091 1757 4129 cum
1795 4076 1973 4128 muni-

396 4168 501 4222 bus
530 4166 686 4221 bonis
718 4165 854 4228 suis,
901 4165 1114 4234 opinor,
1168 4164 1464 4229 Jacobunt;
1514 4168 1605 4236 qui
1640 4178 1818 4222 autem
1849 4182 1972 4221 sur-

397 4260 475 4326 git
501 4274 528 4312 a
564 4241 1072 4327 putco'juramenti.
1102 4255 1272 4312 Jacob
1298 4266 1400 4312 est.
1443 4258 1591 4326 Opus
1623 4258 1769 4312 enim
1802 4260 1972 4314 babe-

399 4353 495 4405 bat
532 4350 935 4405 resurrectione
966 4363 1074 4403 non
1131 4348 1316 4417 Israel,
1379 4350 1470 4404 sed
1520 4349 1708 4405 Jacob.
1770 4350 1972 4407 Deinde

2107 502 2472 575 Ἐμεγαλύνθη
2500 505 2535 576 ἢ
2560 503 2647 558 διὰ
2670 504 2768 576 τὴν
2815 506 3184 580 Ἰερουσαλὴμ,
3215 510 3248 580 ἢ
3277 510 3353 573 ὡς
3385 509 3550 574 τύπος
3586 512 3681 565 τοῦ

2092 594 2389 647 ἀποστόλου
2448 595 2682 652 Παύλου.
2722 598 2834 651 Kal
2888 600 3091 671 Ἰησοῦς
3148 601 3205 654 δὲ
3246 601 3347 672 τῆς
3388 602 3563 673 φυλῆς
3608 603 3686 656 ὢν

2105 682 2343 755 Ἐφραῒμ
2366 684 2643 755 διεμέρισε
2672 689 2792 749 ταῖς
2820 685 3005 752 ἄλλαις
3033 688 3227 756 φυλαῖς
3253 691 3351 761 τὴν
3380 690 3505 761 γῆν.

2176 773 2518 829 Ἀπέστειλε
2532 776 2642 845 γάρ
2662 794 2738 846 με
2756 779 2787 830 ὀ
2810 778 2954 844 Θεὸς
2973 779 3312 849 ἔμπροσθεν
3329 780 3514 850 ὑμῶν,
3538 784 3685 835 ὐπο-

2088 865 2398 920 λείπεσθαι
2420 867 2561 937 ὑμῖν
2593 866 2978 938 καταλείμμα.
3031 870 3292 942 Ἐπείπερ
3325 873 3354 924 ὁ
3385 870 3517 935 Θεὸς
3543 874 3684 927 ἀπέ-

2091 960 2262 1013 στειλε
2289 960 2374 1015 διὰ
2408 962 2503 1034 τὴν
2536 963 2645 1017 τῶν
2679 964 2887 1019 πολλῶν
2915 966 3058 1037 ζωὴν
3087 967 3176 1021 τὸν
3218 967 3412 1039 Ἰωσὴφ
3472 969 3680 1040 ἐμπρο-

2089 1050 2212 1105 σοεν
2262 1054 2369 1107 τῶν
2424 1053 2669 1124 ἀδελφῶν
2707 1056 2870 1110 αὐτοῦ
2912 1059 2990 1120 εἰς
3027 1058 3299 1125 Αἴγυπτον
3324 1100 3339 1125 ,
3386 1060 3626 1132 δηλονότι
3651 1064 3683 1118 ὁ

2087 1142 2218 1207 Θεὸς
2254 1144 2596 1200 ἀποστέλλων
2640 1148 2801 1201 αὐτὸν
2841 1150 2920 1211 εἰς
2953 1150 3245 1217 Αἴγυπτον,
3307 1155 3679 1224 συγκατεχρή-

2088 1249 2216 1285 σατο
2239 1232 2316 1304 τῷ
2346 1233 2492 1305 ζήλῳ
2522 1236 2614 1289 καὶ
2645 1240 2708 1307 τῇ
2765 1238 3079 1310 προαιρέσει
3109 1240 3215 1293 τῶν
3247 1240 3490 1310 ἀδελφῶν
3513 1242 3681 1296 αὑτοῦ

2087 1327 2165 1388 εἰς
2193 1324 2290 1397 τὴν
2320 1328 2447 1398 περὶ
2475 1326 2569 1380 τοῦ
2622 1330 2818 1401 Ἰωσὴφ
2846 1331 2937 1383 ἐπὶ
2963 1329 3075 1401 ζωῇ
3110 1330 3319 1383 πολλῶν
3348 1334 3680 1403 οἰκονομίαν.

2086 1416 2295 1471 Οὐκοῦν
2347 1418 2460 1471 ἔσθ’
2503 1420 2591 1473 ὅτε
2643 1421 3029 1493 συγχρώμενος
3080 1423 3281 1495 ἐτέρων
3325 1425 3619 1496 ἁμαρτίαις
3648 1428 3680 1479 ὁ

2084 1508 2237 1573 Θεὸς,
2273 1510 2447 1563 οἰκεῖα
2474 1511 2783 1580 βουλεύεται
2813 1515 2903 1567 ἐπὶ
2930 1514 3104 1568 ἄλλων
3128 1516 3391 1588 σωτηρίᾳ.

2156 1599 2284 1654 Νῦν
2309 1596 2422 1656 οὖν
2454 1603 2568 1672 οὐχ
2596 1603 2764 1671 ὑμεῖς
2782 1622 2862 1673 με
2894 1605 3314 1661 ἀπεστάλκατε
3344 1602 3462 1661 ὧδε
3480 1649 3498 1673 ,
3536 1610 3677 1663 ἀλλ’

2085 1692 2117 1741 ό
2142 1689 2313 1756 Θεὸς,
2355 1690 2453 1744 καί
2485 1691 2736 1760 ἐποίησέ
2775 1711 2851 1763 με
2895 1695 2975 1761 ὡς
3017 1696 3247 1765 πατέρα
3295 1698 3524 1766 Φαραὼ,
3581 1701 3680 1754 καί

2084 1781 2292 1849 κύριον
2319 1783 2549 1849 παντὸς
2577 1783 2684 1837 τοῦ
2707 1786 2875 1839 οἴκου
2898 1787 3104 1851 αὐτοῦ,
3144 1788 3241 1841 καί
3270 1790 3528 1858 ἄρχοντα
3565 1791 3681 1846 πά-

2083 1889 2200 1942 σης
2223 1878 2334 1946 γῆς
2354 1878 2678 1946 Αἰγύπτου.
2728 1877 2785 1931 Ὀ
2817 1879 2997 1950 ἅρχων
3035 1879 3144 1933 τῶν
3180 1882 3505 1951 σωματικῶν
3534 1900 3679 1954 πρα-

2082 1967 2329 2034 γμάτων,
2364 1967 2456 2020 καὶ¹
2491 1965 2755 2037 μηδαμῶς
2794 1967 2977 2033 αὐτοῖς
3012 1969 3195 2033 εἴκων,
3244 1970 3435 2038 λέγοιτ’
3474 1972 3541 2026 ἂν
3592 1972 3677 2038 τὸ,

2097 2055 2351 2126 Ἐποίησε
2401 2073 2466 2127 με
2502 2058 2530 2109 ὁ
2562 2056 2692 2120 Θεὸς
2738 2057 2918 2129 πάσης
2967 2059 3064 2129 τῆς
3114 2059 3217 2129 γῆς
3258 2060 3530 2129 Αἰγύπτου
3582 2062 3680 2115 κύ-

2086 2164 2220 2217 ριον.

2151 2238 2263 2292 Καὶ
2289 2240 2373 2309 μὴ
2404 2240 2702 2309 φείσησθε
2748 2240 2872 2308 τοῖς
2910 2241 3237 2311 ὀφθαλμοῖς
3282 2240 3399 2295 τῶν
3429 2243 3677 2297 ,σκευῶν

2079 2331 2263 2401 ὑμῶν.
2297 2333 2373 2386 Τὰ
2399 2333 2509 2403 γὰρ
2531 2334 2727 2387 πάντα
2752 2335 2944 2403 ἀγαθὰ
2971 2334 3272 2404 Αἰγύπτου
3297 2333 3464 2403 ὑμῶν
3480 2335 3676 2388 ἔσται.

2081 2422 2148 2476 El’
2183 2441 2235 2476 τι
2268 2424 2506 2495 ὑπάρχει
2536 2426 2592 2480 ὲν
2625 2429 2688 2496 τῇ
2731 2427 3005 2497 τροπικῶς
3040 2425 3347 2499 καλουμένῃ
3394 2425 3677 2496 Αἰγύπτῳ,

2080 2516 2177 2567 οὐκ
2203 2516 2514 2583 Αἰγυπτίων
2552 2517 2730 2583 ἐστὶν,
2761 2516 2897 2570 ἀλλά
2941 2517 3035 2570 τοῦ
3091 2516 3327 2588 Ἰσραήλ.
3370 2518 3467 2569 Διά
3516 2516 3676 2569 τοῦτο

2083 2608 2175 2660 καὶ
2206 2609 2261 2659 ὲν
2305 2610 2372 2679 τῇ
2408 2608 2571 2680 ἐξόδῳ
2626 2608 3050 2674 συσκευάζουσιν
3097 2609 3331 2680 Ἑϐραῖοι
3392 2609 3519 2670 τοὺς
3580 2610 3678 2661 Αἰ-

2080 2700 2362 2764 γυπτίους,
2393 2699 2486 2752 καὶ
2515 2699 2849 2770 λαμϐάνουσι
2902 2700 3067 2769 σκεύη
3098 2699 3274 2770 χρυσᾶ
3312 2698 3404 2750 καὶ
3433 2699 3670 2771 ἀργυρᾶ.

2081 2791 2174 2844 καὶ
2209 2791 2263 2843 εἴ
2290 2810 2343 2845 τι
2372 2791 2570 2860 ἀγαθὸν
2598 2792 2655 2845 ὲν
2681 2793 2942 2862 Αἰγύπτῳ
2972 2787 3061 2862 ἦν.

2148 2882 2258 2938 Καὶ
2290 2882 2404 2951 ἐγὼ
2470 2881 2808 2936 ἀναϐιϐάσω
2860 2896 2933 2934 σε
2983 2884 3070 2948 εἰς
3120 2878 3315 2946 τέλος.
3380 2878 3673 2949 Πρέπουσα

2078 2971 2381 3041 ἐπαγγελία
2412 2971 2489 3043 τῷ
2535 2970 2673 3041 Θεῷ,
2706 2972 2766 3024 οὑ
2798 2970 2964 3042 μόνον
2996 2968 3363 3033 ἀναϐιϐάζειν,
3409 2969 3542 3023 ἀλλά
3574 2973 3670 3022 καὶ

2005 3084 2048 3142 C
2083 3064 2175 3117 ἐπὶ
2208 3062 2357 3126 τέλος
2383 3065 2570 3135 φέρειν
2595 3062 2686 3116 τὸν
2720 3063 3200 3134 ἀναϐιϐαζόμενον.

2158 3154 2267 3208 Τοῦ
2312 3155 2517 3209 αὐτοῦ.
2549 3155 2692 3226 Πρὸς
2731 3157 2855 3219 τοὺς
2889 3155 2999 3208 ἀπὸ
3028 3156 3125 3226 τῆς
3166 3154 3537 3224 Πεντατεῦχου
3578 3155 3673 3225 ζη-

2076 3248 2298 3313 τοῦντας
2343 3249 2439 3319 τὴν
2490 3247 2626 3319 μετά
2675 3247 2847 3302 ταῦτα
2886 3247 3031 3318 ζωὴν
3076 3248 3361 3318 φήσομεν
3412 3248 3671 3319 Ἐπείπερ

2076 3340 2315 3411 ἀψευδής
2358 3343 2505 3394 ἐστιν
2531 3341 2560 3392 ὁ
2587 3339 2785 3405 εἰπὼν,
2835 3338 3197 3393 Ἀναϐιϐάσω
3224 3354 3318 3404 σε,
3354 3340 3669 3393 ἀνεϐίϐασεν

2077 3435 2134 3486 ὲν
2168 3435 2233 3503 τῇ
2262 3431 2372 3504 ζωῇ
2402 3435 2574 3505 ταύτῃ
2600 3432 2849 3503 ὕστερον,
2873 3433 2967 3485 καὶ
2994 3430 3132 3502 μετὰ
3163 3432 3262 3503 τὴν
3294 3430 3466 3497 ἔξοδον
3492 3433 3672 3485 ἀνεϐί-

2077 3524 2241 3577 ϐασεν
2274 3524 2457 3588 αὐτὸν,
2504 3525 2592 3577 ὅτε
2648 3523 2794 3596 μετά
2836 3523 2993 3576 τοῦτο
3051 3522 3246 3594 Ἰωσὴφ
3291 3523 3519 3578 ἐπέϐαλε
3569 3525 3669 3587 τὰς

2075 3615 2270 3670 ἑαυτοῦ
2309 3618 2497 3686 χεῖρας
2536 3618 2649 3679 τοῖς
2702 3614 2997 3685 ὀφθαλμοῖς
3031 3614 3123 3667 τοῦ
3159 3613 3410 3685 σώματος
3449 3615 3663 3669 Ἰακὼϐ.

2090 3708 2434 3762 Ἀνεϐίϐασεν
2454 3708 2509 3760 δὲ
2541 3710 2568 3761 ὁ
2585 3707 2736 3772 Θεὸς,
2763 3707 2977 3775 ἀνάγων
3015 3707 3151 3778 μετὰ
3170 3708 3231 3759 τὸ
3251 3707 3399 3772 τέλος
3427 3707 3519 3761 τοῦ
3547 3708 3671 3778 βίον

2077 3800 2168 3853 ἐπὶ
2186 3800 2246 3852 τὸ
2274 3801 2404 3872 παρ’
2444 3798 2621 3869 ἑαυτῷ
2643 3798 2794 3862 τέλος
2817 3798 2908 3850 τὸν
2953 3797 3194 3870 Ἰσραήλ.

2160 3891 2410 3959 Ἀνέστη
2437 3890 2504 3943 δὲ
2546 3889 2753 3943 Ἰακὼϐ
2776 3888 2893 3944 ἀπὸ
2917 3887 3023 3941 τοῦ
3042 3887 3293 3957 φρέατος
3320 3886 3426 3943 τοῦ
3458 3888 3665 3956 ὅρκου,

2076 3985 2174 4038 καί
2218 3982 2515 4038 ἀνέλαϐον
2566 3983 2684 4036 υἱοί
2753 3980 2999 4050 Ἰσραὴλ
3064 3980 3269 4037 Ἰακὼϐ
3302 3982 3411 4035 τὸν
3438 3978 3664 4047 πατέρα

2074 4076 2290 4130 αὐτῶν.
2319 4076 2375 4129 ὐ
2408 4076 2505 4146 μὲν
2521 4073 2691 4128 ἐλθὼν
2721 4075 2812 4127 ἐπὶ
2837 4074 2896 4127 τὸ
2918 4072 3093 4146 φρέαρ
3124 4073 3216 4127 τοῦ
3246 4074 3410 4146 ὅρκου
3447 4073 3666 4144 Ἰσραήλ

2075 4171 2212 4233 ἐστι,
2245 4168 2425 4240 φέρων
2461 4167 2598 4240 μετὰ
2629 4167 2845 4221 πάντων
2882 4166 2990 4221 τῶν
3012 4166 3198 4236 αὑτοῦ,
3234 4162 3406 4237 οἶμαι,
3444 4166 3661 4218 Ἰακώϐο

2074 4263 2102 4313 ὁ
2132 4260 2188 4313 δὲ
2213 4260 2567 4331 ἀνιστάμενος
2592 4258 2700 4313 ἀπὸ
2733 4256 2826 4312 τοῦ
2854 4258 3087 4330 φρέατος
3115 4257 3204 4311 τοῦ
3247 4259 3431 4329 ὅρκου,
3465 4257 3659 4310 Ἰακώϐ

2076 4354 2221 4406 ἐστιν
2241 4368 2253 4381 ·
2285 4352 2453 4406 ἐδεῖτο
2479 4351 2591 4423 γὰρ
2619 4350 2965 4413 ἀναστάσεως
3005 4350 3101 4420 οὐχ
3131 4351 3159 4403 ὁ
3199 4350 3436 4421 Ἰσραὴλ,
3488 4350 3601 4403 ἀλλ’
3630 4350 3661 4400 ὁ

401 4451 608 4511 postea,
663 4440 754 4510 qui
803 4455 938 4504 opus
988 4441 1229 4495 habebat
1289 4441 1659 4509 assumptione
1700 4439 1969 4498 Jacobum

2082 4444 2287 4498 Ἰακώϐ.
2328 4440 2459 4498 Εἶτα
2507 4422 2645 4515 μετά
2689 4444 2864 4508 τοῦτο,
2898 4442 3147 4513 δεόμενον
3195 4441 3511 4512 ἀναλήψεως
3567 4442 3663 4493 Ἰα-

399 4543 611 4607 patrem
647 4543 930 4588 assumunt
962 4534 1056 4588 tilii
1096 4548 1202 4587 non
1234 4529 1552 4597 Jacob,sed
1579 4530 1765 4587 Israel.

475 4716 752 4788 Ejusdem.
794 4714 938 4770 Misit
978 4714 1193 4771 Pharao
1230 4731 1425 4770 currus
1459 4716 1549 4785 qui
1579 4715 1831 4771 tollerent
1868 4733 1972 4770 non

402 4808 587 4871 Israel,
638 4809 731 4862 sed
764 4804 951 4861 Jacob.
994 4806 1221 4861 Intravit
1277 4807 1327 4861 in
1364 4805 1687 4878 Egyptum,
1742 4824 1846 4861 non
1881 4808 1975 4861 de-

399 4900 613 4955 scendit
660 4897 846 4953 Iacob.
889 4898 1073 4953 lsraeli
1109 4898 1252 4953 enim
1291 4898 1494 4953 dictum
1546 4909 1630 4953 est
1671 4916 1684 4952 :
1735 4897 1861 4952 Noli
1897 4900 1966 4951 ti-

402 5008 538 5045 mere
565 4993 875 5045 descendere
896 4993 949 5045 in
978 4990 1273 5061 Egyptum
1298 4991 1365 5045 ".

474 5083 698 5135 Intravit
749 5084 802 5137 in
845 5082 1139 5153 :Egyptum
1164 5082 1354 5149 Jacob,
1387 5092 1439 5137 et
1465 5100 1617 5137 omne
1645 5100 1819 5138 semen
1855 5084 1971 5152 ejus

402 5191 520 5227 cum
562 5192 622 5229 eo
646 5175 712 5229 ”.
756 5174 907 5230 Nunc
941 5178 1157 5247 quidem
1209 5191 1393 5231 semen
1425 5175 1591 5230 Jacob
1619 5174 1821 5229 dictum
1868 5186 1971 5237 est,

402 5280 564 5332 supra
593 5280 722 5320 vero
753 5266 847 5321 lilii
874 5265 1063 5322 Israel.
1107 5269 1267 5337 Atqui
1318 5269 1362 5323 si
1400 5266 1565 5322 Jacoh
1607 5276 1662 5323 et
1692 5282 1852 5321 oume
1880 5284 1971 5321 se-

406 5370 527 5411 men
552 5355 671 5424 ejus
701 5356 923 5411 intravit
957 5359 1008 5411 in
1039 5358 1356 5429 [Egyplulm
1392 5375 1495 5415 non
1532 5359 1752 5414 intravit
1792 5369 1969 5412 autem

404 5447 515 5504 Her
539 5459 591 5504 et
622 5449 837 5515 Aunan,
870 5466 975 5504 non
1004 5463 1159 5505 erant
1190 5468 1373 5507 semen
1410 5450 1595 5508 δεινοί).

506 5669 553 5702 ³⁵
579 5667 712 5726 Gen.
750 5688 897 5736 xmt,
927 5675 1013 5727 5.4.

404 5740 453 5777 ⁸⁸
472 5741 626 5805 il~id.,
660 5742 711 5797 5.

1128 5674 1169 5704 ³⁷
1205 5673 1340 5729 Gen.
1372 5690 1521 5741 XLIV,
1556 5676 1606 5727 7.

822 5744 866 5774 “
895 5744 1004 5799 ibid
1034 5783 1047 5806 ,
1084 5746 1135 5796 ti.

1720 5674 1761 5705 ³⁸
1798 5670 1922 5726 ibid.
1944 5708 1960 5735 ,
1993 5672 2044 5725 8.

2073 4536 2189 4591 κὼϐ
2239 4537 2449 4609 πατέρα
2492 4537 2843 4607 ἀνειλήφασιν
2899 4535 3005 4589 υἱοὶ
3066 4535 3185 4604 οὐχὶ
3252 4530 3485 4595 Ἰακὼϐ,
3544 4533 3662 4585 ἀλλ’

2084 4627 2320 4699 Ἰσραήλ.

2150 4718 2259 4772 Τοῦ
2297 4716 2503 4773 αὐτοῦ.
2566 4718 2875 4772 Ἀπέστειλε
2924 4717 3123 4790 Φαραὼ
3168 4717 3382 4788 ἁμάξας
3436 4713 3564 4789 ἆραι
3600 4718 3664 4771 οὐ

2070 4809 2162 4861 τὸν
2213 4808 2445 4879 Ἰσραὴλ,
2475 4807 2609 4861 ἀλλὰ
2638 4807 2727 4860 τὸν
2744 4807 2958 4863 Ἰακώϐ.
2985 4808 3245 4879 Εἰσῆλθεν
3267 4810 3345 4871 είς
3368 4801 3664 4876 Αἴγυπτον,

2070 4902 2130 4953 οὐ
2165 4899 2366 4972 κατέϐη
2409 4898 2621 4954 Ἰακώϐ,
2649 4899 2739 4969 Τῷ
2772 4899 2880 4971 γὰρ
2920 4899 3138 4972 Ἰσραὴλ
3169 4899 3402 4971 εἴρηται,
3429 4896 3531 4969 Μὴ
3556 4917 3665 4967 5:0—

2073 4992 2179 5047 ϐοῦ
2204 4990 2529 5059 καταϐῆναι
2552 4993 2640 5056 εἰς
2670 4990 2994 5060 Αἴγυπτον.

2146 5083 2448 5152 Εἰσῆλθεν
2493 5086 2580 5150 εἰς
2634 5083 2939 5153 Αἴγυπτον
2976 5083 3224 5144 Ἰακὼϐ,
3276 5083 3374 5136 καί
3430 5078 3551 5134 πᾶν
3595 5079 3662 5133 τὸ

2075 5174 2311 5244 σπέρμα
2336 5172 2522 5228 αὑτοῦ
2554 5173 2680 5242 μετ’
2707 5173 2914 5227 αὑτοῦ.
2941 5173 3170 5245 Σπέρμα
3202 5173 3300 5243 μὲν
3318 5172 3412 5225 νῦν
3440 5171 3535 5224 τοῦ
3568 5173 3667 5223 Ἰα-

2080 5268 2194 5322 κὼϐ
2223 5267 2465 5320 λέλεκται
2491 5283 2503 5296 ο
2537 5264 2787 5337 ἀνωτέρω
2813 5264 2868 5318 δὲ
2901 5266 3005 5318 υἱοὶ
3050 5265 3286 5337 Ἰσραήλ.
3319 5264 3465 5336 Πλὴν
3505 5264 3665 5335 εἴπερ

2092 5359 2305 5421 Ἰακὼϐ,
2331 5359 2424 5411 καὶ
2454 5358 2561 5410 πᾶν
2587 5357 2648 5409 τὸ
2689 5356 2907 5427 σπέρμα
2941 5357 3103 5410 αὑτοῦ
3156 5357 3403 5427 εἰσῆλθεν
3445 5359 3525 5419 εἰς
3572 5355 3661 5407 Αἵ-

2083 5469 2304 5521 γυπτον,
2329 5451 2429 5504 οὐκ
2449 5450 2694 5519 εἰσῆλθεν
2722 5450 2777 5503 δὲ
2810 5451 2938 5521 Ἢρ,
2972 5448 3082 5501 ’καὶ
3126 5450 3328 5513 Αὑνάν,
3375 5449 3475 5503 οὐκ
3522 5442 3662 5519 ἦσαν

2085 5544 2301 5613 σπέρμα
2331 5543 2422 5596 τοῦ
2461 5540 2671 5594 Ἰακὼϐ.

2160 5671 2201 5701 ⁸9
2232 5670 2364 5726 Gen.
2399 5686 2527 5731 XLV,
2560 5671 2646 5725 ευ.
2764 5671 2805 5701 "°
2835 5669 2968 5725 Gen.
3011 5682 3154 5730 XLVI,
3181 5668 3211 5720 ὁ
3348 5665 3385 5695 “
3423 5661 3583 5726 ibid.,
3606 5661 3663 5719 5.

2764 5671 2805 5701 "°
2835 5669 2968 5725 Gen.
3011 5682 3154 5730 XLVI,
3181 5668 3211 5720 ὁ
