4180 6216
473 1216 488 1268 l

548 244 642 300 HI
1953 232 2018 293 IN
2054 242 2093 295 (ὲ

2201 239 2370 294 ESIM.
3689 245 3793 298 ΗΞ

617 358 943 430 Θυγατέρες
967 359 1059 411 καὶ
1088 355 1400 426 θυγατέρες
1421 349 1538 410 τῶν
1553 357 1888 426 θυγατέρων
1905 356 2090 409 αὑτοῦ

2290 355 2449 408 Filia)
2481 365 2528 408 et
2561 355 2684 421 ﬁlia?
2711 354 2942 422 ﬁliarum
2976 374 3188 410 suarum
3226 357 3291 416 “,
3337 357 3504 413 Filias
3537 359 3789 413 titleIiCet

541 455 798 528 Δηλσνότι
821 454 918 517 τὰς
945 452 1243 524 θυγατέρας
1272 452 1408 522 ἔχων
1453 433 1571 522 μεθ’
1628 450 1842 512 ἑαυτοῦ,
1872 451 1964 502 καὶ
1997 453 2086 503 τοὺ

2223 460 2404 498 secum
2444 444 2666 509 habens,
2718 445 2877 498 simul
2925 461 3136 515 quoque
3188 463 3418 518 generos
3465 450 3788 505 adducebat.

541 547 826 617 γαμϐροὺς
859 544 1206 610 συνεπάγετο.
1228 542 1301 594 Οὐ
1323 540 1430 612 γὰρ
1444 541 1689 611 ἠνείχετο
1707 539 1812 606 ἔξω
1825 541 1922 610 τῆς
1942 541 2086 592 οἰκία

2222 535 2406 605 Neque
2455 536 2599 596 enim
2651 536 2998 591 sustinuisset
3029 548 3179 591 extra
3228 539 3333 608 50
3367 541 3584 595 domum
3635 557 3790 595 suam

547 636 713 690 αὑτοῦ
745 633 1089 688 ἀποστέλλειν
1120 634 1218 702 τὰς
1254 631 1578 702 θυγατέρας,
1617 632 1814 702 μήπως
1861 633 2093 702 τραπεῖεε

2221 627 2361 688 ﬁlias
2395 628 2684 692 abducere,
2724 642 2792 682 ne
2841 629 2908 682 ad
2965 628 3229 682 idolorum
3280 631 3479 686 cultum
3510 645 3788 688 converte-

545 729 625 790 είς
652 725 1104 796 εἰδωλολατρείαν.

618 816 727 870 Τοῦ
749 816 955 870 αὐτοῦ.
985 816 1048 868 Εἰ
1093 815 1166 886 μὴ
1196 814 1306 884 ἔχει
1337 814 1642 886 θυγατέρας
1674 813 1703 867 ὁ
1739 813 1952 879 Ἰακὼϐ,
2001 814 2117 876 πῶς

541 911 597 962 αἱ
631 908 928 980 Θυγατέρες
959 905 1125 961 αὑτοῦ
1157 907 1570 960 καταϐαίνουσιν
1597 908 1677 970 εἰς
1703 905 1972 974 Αἴγυπτον
1993 923 2005 969 ;
2026 906 2116 977 Μὴ

537 999 716 1053 τοίνυν
749 999 1150 1071 ἀλληγορεῖται.
1204 999 1359 1070 Ἑξῆς
1390 999 1446 1052 δὲ
1469 999 1614 1068 λέγει
1649 1000 1714 1051 ἐκ
1751 997 1914 1062 Λείας
1957 995 2112 1062 εἶναι,

539 1090 632 1144 καὶ
658 1091 961 1162 θυγατέρας
984 1090 1067 1158 λγ¹
1091 1091 1249 1154 Δίνας
1277 1083 1688 1160 ὀνομασθείσης.

2221 728 2430 771 rentur.

2288 803 2563 875 Ejusdem.
2627 806 2682 860 Si
2719 805 2883 862 Iacob
2945 809 3084 861 ﬁlias
3137 823 3240 862 non
3290 811 3473 875 habet,
3522 817 3793 878 quomodo

2217 899 2339 952 ﬁliae
2381 897 2498 966 ejus
2531 899 2865 954 descendunt
2918 899 2970 952 iu
3001 899 3342 971 Egyptum?
3379 900 3512 954 Vide
3561 915 3688 970 ergo
3724 921 3791 955 ue

2217 1005 2313 1060 per
2345 990 2658 1060 allegoriam
2710 992 2824 1046 haec
2854 992 3123 1046 dicantur.
3168 990 3221 1043 In
3278 992 3631 1059 sequentibus
3663 995 3793 1047 dicit

2216 1093 2280 1132 ex
2311 1064 2578 1144 Lia'esse,
2622 1091 2676 1136 et
2707 1082 2847 1136 tilias
2895 1081 3113 1152 triginta
3150 1090 3261 1136 tres
3313 1081 3458 1136 illius
3505 1098 3626 1151 qua:
3657 1082 3790 1138 Dina

2217 1171 2532 1224 vorabatur.

2294 1259 2422 1314 IIa'c
2448 1272 2568 1315 sunt
2602 1263 2812 1316 nomina
2843 1263 3073 1330 ﬁliorum
3107 1263 3278 1316 Israel
3303 1263 3394 1333 qui
3422 1265 3643 1334 ingressi
3669 1279 3788 1321 sunt

2219 1352 2272 1402 in
2305 1349 2600 1421 .Egyptum
2623 1353 2688 1406 ".
2733 1352 2857 1406 Ilaec
2891 1363 3015 1406 sunt
3046 1354 3260 1406 nomina
3289 1354 3520 1410 ﬁliorum
3557 1373 3661 1410 uuu
3695 1357 3790 1410 Ja-

2219 1443 2340 1506 cob,
2379 1444 2475 1497 sed
2518 1443 2705 1507 Israel,
2755 1443 2846 1512 qui
2902 1444 3129 1515 ingressi
3164 1456 3310 1510 sunt,
3349 1462 3452 1500 non
3492 1446 3790 1503 descende-

614 1275 804 1329 Ταῦτα
843 1275 912 1328 δὲ
948 1275 1021 1328 τὰ
1057 1276 1316 1343 ὀνόματα
1347 1274 1464 1326 τῶν
1503 1272 1649 1327 υἱῶν
1689 1272 1956 1339 Ἰσραὴλ,
1997 1271 2115 1324 τῶν

533 1365 929 1418 εἰσελθόντων
950 1366 1038 1429 εἰς
1056 1363 1380 1431 Αἴγυπτον.
1412 1361 1578 1425 Υἰῶν,
1613 1363 1714 1413 οὐκ
1757 1359 1972 1425 Ἰακὼϐ,
2003 1359 2114 1411 ἀλλ’

545 1455 782 1527 Ἰσραὴλ,
836 1455 1184 1508 εἰσελθόντων
1204 1493 1219 1517 ,
1247 1453 1307 1504 οὐ
1339 1452 1690 1504 καταϐάντων
1720 1453 1798 1514 εἰς
1825 1453 2113 1520 Αἴγυπτον,

532 1545 602 1598 τὰ
631 1546 870 1616 ὀνόματα
896 1543 1071 1598 ταῦτά
1101 1544 1270 1594 ἐστιν.

2217 1543 2343 1585 runt
2375 1533 2427 1586 in
2461 1532 2774 1604 Egyptum.

599 1636 975 1702 Πρωτότοκος
1037 1631 1264 1692 Ἰακὼϐ,
1334 1629 1619 1700 Ῥουϐὴμ,
1693 1633 1784 1685 καὶ
1840 1631 1906 1684 τὰ
1963 1632 2086 1703 ἑξῆς

2287 1619 2677 1692 Primogenitus
2728 1625 2918 1688 Jocob,
2955 1625 3224 1692 Ruben“,
3271 1639 3378 1685 etc.
3439 1629 3570 1684 Cum
3623 1647 3786 1701 supra

544 1720 826 1792 Ἀνωτέρω
878 1719 1047 1772 εἰπὼν
1093 1718 1160 1772 τὰ
1202 1720 1438 1788 ὀνόματα
1489 1718 1595 1772 τῶν
1657 1719 1787 1772 υίῶν
1829 1716 1965 1774 εἶναι
2013 1718 2093 1774 τοῐ

2212 1713 2412 1768 dixerit
2435 1731 2560 1770 esse
2594 1719 2814 1773 nomina
2845 1719 3075 1773 ﬁliorum
3112 1721 3294 1785 Israel,
3327 1737 3467 1777 nunc
3499 1725 3570 1776 ait
3598 1724 3782 1779 Jacobi

545 1811 782 1881 Ἰσραὴλ,
815 1810 911 1864 νῦν
935 1811 1027 1864 τοῦ
1084 1809 1275 1862 Ἰακὼϐ
1298 1805 1434 1862 εἶναι
1461 1809 1799 1879 πρωτότοκόν
1836 1830 1968 1883 φησι
2016 1815 2106 1868 τὸν

548 1907 812 1976 Ῥουϐήμ.

610 1997 718 2051 Τοῦ
741 1997 946 2052 αὑτοῦ.
982 1999 1341 2069 Σημειωτέον,
1383 1999 1465 2051 ὅτι
1515 2000 1610 2054 σὺν
1650 2002 1763 2064 τοῖς
1801 2002 2106 2072 γενομένοις

531 2091 587 2141 ἐν
615 2093 682 2160 γῇ
718 2089 936 2142 Χαναὰν
970 2092 1104 2154 υίοῖς
1147 2089 1341 2144 Ἰακὼϐ
1372 2091 1596 2162 ἀριθμεῖ
1629 2093 1826 2157 αὐτοὺς
1867 2095 1960 2147 καὶ
1981 2096 2106 2158 τοὺς

527 2181 584 2232 ἐν
607 2178 864 2249 Δίγύπτῳ
915 2179 1074 2244 ὄντας
1118 2183 1265 2246 υἱοὺς
1320 2183 1540 2253 Ἰωσήφ.
1591 2183 1964 2254 Συμϐάλλεται
1998 2184 2105 2256 γὰρ

523 2271 678 2323 τοῦτο
703 2273 781 2334 εὶς
805 2271 866 2324 τὸ
889 2271 1015 2342 ἑξῆς
1050 2273 1212 2344 ῥητὸν
1264 2276 1391 2346 περὶ
1418 2275 1487 2328 τὰ
1514 2274 1643 2345 τέλη
1663 2315 1678 2338 ,
1726 2274 1856 2328 ἔνθα
1900 2269 2062 2346 φησίν
2088 2295 2099 2306 ·

535 2361 696 2428 Ἐμοί
743 2363 903 2416 εἰσιν
956 2364 1200 2434 Ἐ’φραῒμ
1230 2365 1326 2418 καὶ
1355 2359 1676 2434 Μανασσῆ,
1720 2366 1801 2432 ὡς
1848 2367 2103 2438 Ῥουϐἡμ

525 2451 624 2506 καὶ
641 2452 902 2522 Συμεὼν.

591 2544 698 2598 Kal
747 2541 916 2598 εἶπεν
957 2547 1202 2614 Ἰσραὴλ
1245 2548 1397 2615 πρὸς
1439 2547 1662 2616 Ἰωσήφ
1688 2565 1702 2579 ·
1749 2549 2100 2604 Ἀποθανσῦ-

515 2653 620 2705 μαι
649 2637 769 2693 ἀπὸ
797 2637 902 2691 τοῦ
930 2638 1068 2704 νῦν,
1103 2639 1231 2695 ἐπεὶ
1268 2639 1496 2708 ἑώρακα
1523 2641 1589 2692 τὸ
1613 2642 1936 2707 πρόσωπόν
1960 2657 2096 2695 σου.

526 2728 650 2780 ’Ἔτι
677 2728 786 2797 γὰρ
818 2729 902 2782 σὺ
925 2729 1054 2798 ζῇς.
1082 2731 1400 2801 Θαυμαστόν
1435 2732 1550 2783 ἐστι
1582 2730 1672 2784 τὸν
1706 2731 1993 2801 γενόμενον
2042 2735 2100 2786 ἐν

519 2818 777 2890 Αἰγύπτῳ
811 2819 885 2892 μὴ
911 2821 1173 2892 βλαϐῆναι
1217 2823 1324 2875 ἀπὸ
1351 2821 1458 2874 τῶν
1489 2821 1820 2890 Αἰγυπτίων,
1850 2823 1943 2875 καὶ
1986 2825 2098 2894 μεῖ-

519 2928 606 2964 ναι
660 2913 719 2964 ἐν
779 2915 844 2983 τῇ
883 2913 1052 2966 κατὰ
1119 2913 1250 2966 Θεὸν
1311 2914 1446 2985 ζωῇ.
1489 2913 1685 2986 Διόπερ
1736 2913 2026 2984 θαυμάζων
2069 2917 2096 2967 ὁ

532 3001 744 3067 Ἰακὼϐ,
777 2999 895 3056 εἷπε
921 3003 998 3074 τῷ
1043 3003 1238 3076 Ἰωσὴφ
1264 3005 1343 3069 τὸ,
1375 3006 1496 3057 Ἕτι
1520 3005 1629 3074 γὰρ
1653 3004 1734 3059 σὺ
1763 3003 1884 3073 ζῇς.

589 3095 869 3163 Ποιμένες
918 3095 1222 3164 προϐάτων
1263 3101 1316 3150 οι
1355 3096 1562 3162 παῖδές
1611 3113 1728 3151 σου
1765 3098 1833 3150 ἐκ
1881 3096 2093 3162 παιδὸς

514 3184 623 3250 ἕως
645 3183 752 3237 τοῦ
772 3185 905 3240 νῦν.
927 3226 938 3238 .
965 3227 978 3238 .
1000 3227 1013 3241 .
1040 3187 1231 3240 Εἶπαν
1253 3186 1320 3239 δὲ
1345 3185 1575 3254 Φαραάν
1605 3187 1916 3254 Παροικεῑν
1930 3187 2000 3239 ἐν
2018 3184 2094 3254 τῇ

513 3273 592 3341 γῇ
618 3274 864 3343 ἥκαμεν.
899 3275 1368 3348 Παρῤησιάζονται
1396 3277 1457 3330 τὸ
1486 3276 1742 3347 ποιμένες
1784 3272 1921 3329 εἶναι
1957 3277 2091 3347 πρὸς

515 3363 606 3415 τὸν
631 3365 848 3435 Φαραὼ.
890 3363 1055 3432 Εἶτα,
1094 3369 1180 3423 ἵνα
1219 3369 1292 3439 μὴ
1335 3367 1580 3439 ταραχθῇ
1622 3367 1852 3439 Φαραὼ,
1887 3369 2048 3438 φασίν
2074 3385 2087 3397 ·

517 3456 830 3520 Παροικεῖν
847 3457 917 3509 ἐν
938 3457 1013 3524 τῇ
1036 3457 1113 3525 τῇ
1138 3459 1387 3527 ἥκαμεν.
1556 3447 1566 3455 ’

531 3592 540 3599 .
580 3537 727 3596 Eine
747 3543 813 3596 δὲ
840 3545 1048 3613 Φαραὼ
1069 3547 1150 3611 τῷ
1189 3546 1430 3615 Ἰωσὴφ,
1459 3548 1654 3616 λέγων
1672 3565 1686 3579 ·
1714 3549 2092 3602 Κατοικείτω-

514 3650 639 3690 σαν
665 3636 736 3688 ἐν
751 3635 830 3705 τῇ
855 3636 1074 3706 Γεσέμ.
1119 3639 1334 3710 Ἐπειδὴ
1357 3641 1414 3692 ὲν
1435 3643 1545 3702 τοῖς
1565 3639 1924 3707 Τετραπλοῐς
1956 3639 2088 3709 (49),

511 3727 571 3793 ἐξ
594 3722 670 3782 ὧν
693 3728 870 3780 καὶτὸ
901 3728 1232 3802 ἀντίγραφον
1267 3729 1572 3800 μετελήφθη
1609 3728 1743 3799 πρὸς
1776 3729 1866 3780 τὸν
1903 3729 2091 3798 εἱρμὸν

509 3819 598 3871 τὸν
628 3821 686 3874 ἐν
719 3818 794 3890 τῷ
830 3819 1098 3890 Ἑϐραῖκῷ
1130 3821 1222 3873 καὶ
1261 3823 1379 3885 ταῖς
1425 3819 1610 3882 ἄλλαις
1658 3816 1933 3883 ἐκδόσεσι,
1980 3820 2091 3873 δεί-

509 3926 699 3964 κνυται
724 3911 814 3964 καὶ
841 3912 872 3983 ἡ
898 3911 1420 3984 τῶνἙϐδομήκοντα
1444 3913 1501 3966 ἐν
1517 3929 1626 3964 τισι
1646 3912 1830 3975 τόποις
1859 3929 2085 3983 μετατε-

511 4000 684 4065 θεῖσα,
714 4002 788 4066 ὼς
819 4001 887 4056 τὰ
920 4003 1109 4077 πρῶτα
1143 4002 1363 4074 ὕστερα,
1418 4005 1511 4058 καὶ
1539 4001 1607 4055 τὰ
1655 4003 1855 4075 ὕστερα
1893 4004 2086 4075 πρῶτα

510 4092 758 4160 γενέσθαι
783 4111 796 4124 ·
834 4095 1092 4166 ὅπερκαὶ
1114 4094 1343 4148 ἐνταῦθα
1369 4095 1565 4169 εὑρέθη
1603 4094 1865 4148 παθοῦσα·
1895 4095 2082 4148 τούτου

510 4185 667 4256 χάριν
696 4187 1088 4257 παρεθήκαμεν
1132 4186 1469 4240 ἀκολουθίαν.
1500 4189 1655 4240 Ἐστι
1685 4187 1740 4239 δὲ
1775 4185 1913 4256 αὕτη
1938 4203 1950 4215 ·
1985 4185 2080 4258 τῷ,

509 4276 954 4346 Κατοικήσομεν
989 4280 1042 4330 οἱ
1070 4277 1274 4343 παῖδές
1312 4291 1426 4331 σου
1463 4278 1533 4330 ἐν
1576 4276 1652 4347 γῇ
1698 4275 1916 4346 Γεσὲμ,
1957 4295 2083 4330 συν-

2209 1807 2628 1879 primogenitum
2662 1826 2779 1866 esse
2810 1810 3021 1866 Ruben.

2281 1985 2556 2058 Ejusdem.
2601 1992 3009 2046 Observandum
3063 2005 3144 2048 est
3199 1999 3337 2050 uatis
3375 1998 3427 2050 iu
3461 2007 3604 2052 terra
3638 1999 3777 2052 Cha-

2209 2097 2348 2136 naan
2387 2083 2512 2136 ﬁliis
2538 2081 2725 2147 Iacob,
2757 2088 3102 2139 annumerari
3152 2087 3312 2140 etiam
3347 2091 3486 2156 ipsos
3517 2093 3567 2144 in
3606 2091 3777 2160 ZEgy-

2209 2185 2298 2240 pto
2348 2183 2509 2227 natos
2555 2173 2696 2228 ﬁlios
2726 2172 2949 2242 Joseph.
3011 2175 3446 2232 Consentaneum
3499 2181 3644 2233 enim
3677 2182 3778 2235 hoc

2206 2271 2287 2316 est
2329 2262 2395 2316 iis
2423 2278 2543 2332 quae
2590 2261 2730 2315 inl‘ra
2759 2264 2906 2317 circa
2952 2263 3114 2318 ﬁnem
3152 2267 3296 2319 dicta
3327 2277 3452 2321 Slltll
3485 2291 3495 2323 :
3527 2267 3634 2324 Mei
3656 2283 3778 2324 sunt

2207 2351 2463 2421 Ephraim
2491 2365 2536 2407 et
2566 2352 2864 2423 Monasses,
2889 2355 3023 2408 sicut
3053 2355 3229 2410 Ruben
3254 2368 3301 2411 et
3326 2357 3535 2414 Simeou
3566 2361 3629 2413 ⁸⁷.

2277 2537 2340 2590 Et
2367 2540 2500 2592 dixit
2537 2538 2704 2593 Israel
2753 2541 2821 2592 ad
2852 2540 3050 2609 Ioseph
3094 2558 3111 2594 :
3151 2541 3355 2596 Moriar
3380 2548 3592 2608 omodo,
3643 2565 3769 2616 quo-

2205 2629 2348 2682 niam
2384 2631 2490 2683 ridi
2514 2631 2705 2700 faciem
2734 2641 2900 2686 tuam.
2943 2632 3126 2686 Adhuc
3159 2635 3295 2686 enim
3323 2637 3443 2689 viris
3467 2638 3532 2690 ⁸⁸.
3573 2637 3776 2692 Miran-

2202 2722 2328 2775 dum
2361 2722 2486 2775 illud
2513 2732 2613 2784 est.
2647 2740 2768 2777 eum
2794 2725 2880 2793 qui
2907 2723 3068 2778 fuerit
3096 2726 3145 2777 iu
3165 2724 3420 2796 Egypto,
3450 2729 3635 2784 laesum
3664 2747 3770 2784 non

2202 2811 2367 2867 fuisse
2390 2814 2455 2866 ab
2474 2811 2768 2884 IEgyptiis,
2798 2827 2850 2869 et
2880 2817 3143 2871 mansisse
3167 2817 3216 2870 in
3241 2833 3301 2871 ea
3329 2834 3448 2888 qua:
3475 2821 3768 2875 secundum

2203 2902 2369 2957 Deum
2409 2915 2493 2957 est
2542 2906 2673 2959 vita.
2729 2907 3096 2972 Quamobrem
3145 2909 3372 2963 miratus
3417 2909 3583 2967 Iacob
3636 2917 3773 2970 dixit.

2198 2996 2432 3067 Josepho
2469 3017 2480 3051 :
2519 2999 2700 3052 Adhuc
2727 3000 2861 3052 enim
2886 3001 3031 3054 rivis.

2270 3087 2517 3143 Pastores
2545 3094 2718 3143 ovium
2746 3091 2878 3145 servi
2906 3093 2984 3143 tui
3005 3093 3066 3144 ab
3095 3093 3325 3160 infantia
3345 3112 3504 3166 usque
3526 3113 3764 3152 nunc....

2197 3182 2460 3236 Dixerunt
2502 3193 2677 3235 autem
2722 3179 2995 3235 Pharaoni
3034 3197 3052 3234 :
3100 3185 3182 3236 Ad
3211 3186 3662 3255 peregrinandum
3710 3189 3768 3240 in

2196 3283 2336 3325 terra
2373 3275 2602 3326 venimus
2630 3272 2694 3325 δ’.
2739 3272 2932 3326 Libere
2970 3273 3293 3340 proﬁtentur
3319 3292 3501 3330 coram
3526 3276 3767 3330 Pharao-

2197 3378 2264 3416 ne
2297 3377 2356 3416 se
2402 3379 2520 3418 esse
2569 3373 2833 3430 pastores.
2880 3363 3082 3432 Deinde
3134 3379 3200 3418 ne
3253 3366 3501 3418 turbetur
3533 3365 3762 3428 Pharao,

2196 3455 2348 3507 aiunt
2387 3472 2400 3506 :
2435 3455 2514 3506 Ad
2548 3455 2992 3524 peregrinandum
3021 3456 3073 3506 in
3107 3466 3246 3507 terra
3274 3456 3528 3510 venimus.

2265 3547 2412 3600 Dixit
2460 3543 2674 3599 Pharao
2706 3548 2774 3599 ad
2805 3545 3001 3614 Joseph
3044 3562 3062 3599 :
3101 3546 3345 3600 Habitent
3387 3548 3441 3601 in
3477 3556 3617 3602 terra
3661 3549 3764 3603 Ce-

2192 3653 2299 3689 sem
2322 3637 2388 3690 '°.
2435 3637 2884 3706 Quandoquidem
2918 3639 2968 3690 in
3001 3637 3277 3702 Tetraplis,
3317 3639 3458 3692 unde
3485 3641 3763 3707 ext'mplar

2194 3729 2490 3782 secundum
2545 3727 2740 3781 seriem
2776 3727 3030 3781 Hebraici
3082 3727 3423 3796 aliarumque
3463 3730 3574 3782 edit
3595 3743 3760 3783 onum

2195 3826 2620 3886 transsumptuni
2642 3825 2747 3878 est,
2771 3815 3092 3879 ostenditur,
3122 3815 3468 3887 Septuaginta
3495 3817 3762 3888 Interpre-

2192 3919 2302 3960 tum
2335 3908 2630 3962 editionem
2663 3906 2867 3974 aliquot
2903 3906 2955 3960 in
2986 3907 3118 3962 locis
3154 3909 3534 3977 transpositam
3568 3909 3755 3975 fuisse,

2190 4002 2259 4052 ita
2293 4009 2348 4053 ut
2379 4015 2498 4069 quae
2529 3999 2709 4068 priora
2737 4008 2917 4062 erant,
2947 4000 3253 4068 posterius;
3287 4017 3404 4068 quae
3430 4005 3753 4070 posteriora,

2187 4091 2336 4159 prius
2389 4092 2706 4145 locarentur
2743 4109 2758 4143 :
2789 4092 2932 4159 quod
2967 4092 3066 4146 hoc
3099 4092 3262 4145 etiam
3313 4094 3435 4147 loco
3469 4094 3568 4162 ipsi
3615 4096 3757 4149 aeri-

2186 4185 2330 4238 disse
2361 4184 2789 4253 deprehenditur
2833 4207 2842 4237 ;
2875 4184 2993 4237 ideo
3026 4198 3210 4238 veram
3245 4187 3440 4239 seriem
3471 4188 3555 4240 hic
3586 4203 3756 4256 appo-

2184 4277 2415 4338 suimus,
2452 4289 2574 4343 qme
2617 4275 2694 4329 sic
2724 4277 2905 4330 habet.
2951 4276 3045 4331 llis
3087 4276 3265 4330 verbis
3321 4294 3333 4330 :
3383 4276 3752 4332 Ilabitabimus

509 4367 738 4420 ἅπτεται
767 4368 846 4430 τὸ,
883 4364 1031 4422 Eine
1057 4367 1124 4420 δὲ
1139 4367 1346 4436 Φαραὼ
1372 4366 1450 4432 τῷ
1473 4366 1694 4436 Ἰωσήφ
1720 4385 1733 4398 '
1776 4369 2073 4422 Κατοικεί-

2201 4369 2326 4421 tueri
2351 4370 2426 4420 tui
2451 4368 2502 4420 in
2528 4375 2667 4420 terra
2695 4365 2896 4428 Gesem,
2926 4368 3437 4436 subjungiturillud,
3470 4369 3616 4423 Dixit
3650 4389 3753 4424 au-

511 4476 709 4514 τωσαν
733 4461 804 4514 ὲν
829 4461 905 4530 τῇ
927 4464 1144 4530 Ιέονέμ.
1189 4462 1259 4515 Ei
1283 4459 1350 4512 δὲ
1404 4460 1641 4528 ἐπίστῃ,
1684 4461 1773 4513 ὅτι
1820 4458 1979 4513 εἰσιν
2008 4460 2078 4513 ἐν

508 4553 707 4618 αὐτοῖς
727 4571 740 4583 ο
773 4553 866 4606 καὶ
897 4554 965 4604 τὰ
1003 4553 1146 4623 ἑξῆς.

465 4650 476 4692 t
572 4643 639 4694 El
660 4642 727 4696 δὲ
748 4642 964 4710 ἐπίστῃ
989 4640 1079 4694 ὅτι
1100 4641 1259 4696 εἰσιν
1285 4639 1355 4694 ἑν
1383 4641 1586 4708 αὐτοῖς
1609 4640 1874 4704 δυνατοὶ,
1903 4636 2077 4693 κατά-

508 4747 742 4798 στησον
773 4732 994 4798 αὐτοὺς
1016 4731 1310 4801 ἄρχοντας
1335 4732 1454 4786 τῶν
1475 4731 1631 4803 ἐμῶν
1654 4731 1911 4801 κτηνῶν.
1938 4731 2076 4794 Τοὺς

505 4822 600 4876 τοῦ
644 4823 856 4895 Ἰσραὴλ
871 4824 1128 4886 δυνατοὺς
1140 4823 1339 4894 Φαραὼ
1359 4823 1605 4895 βούλεται
1635 4824 1898 4894 ἄρχοντας
1917 4840 2074 4876 κατα-

506 4915 1025 4987 στῆσαιΑἰγυπτίων
1062 4915 1292 4986 κτηνῶν.
1315 4915 1478 4977 Εἴτις
1503 4914 1559 4965 δέ
1593 4914 1708 4966 ἐστι
1733 4913 1825 4966 τοῦ
1859 4912 2074 4983 Ἰσραὴλ

502 5007 746 5070 δυνατὸς,
783 5008 1026 5077 φευγέτω
1042 5009 1100 5062 τὸ
1116 5007 1209 5060 ἐπὶ
1240 5005 1448 5069 τούτοις
1483 5004 1748 5075 βούλημα.

570 5101 677 5155 Καὶ
709 5099 1049 5170 εὐλογήσας
1089 5097 1295 5153 Ἰακὼό
1315 5096 1420 5151 τὸν
1440 5095 1668 5164 Φαραὼ,
1693 5095 1951 5163 ἐξῆλθεν
1968 5096 2070 5149 ἀπ’

2184 4469 2284 4512 tem
2305 4457 2516 4511 Pharao
2545 4458 2738 4525 Joseph
2765 4474 2784 4512 :
2813 4458 3065 4513 Habitent
3093 4462 3145 4513 iu
3177 4469 3315 4514 terra
3340 4460 3543 4516 Gesem.
3578 4461 3635 4516 Si
3663 4480 3753 4514 auo

2185 4557 2283 4601 tem
2313 4551 2512 4603 noveris
2548 4551 2686 4619 quod
2719 4551 2822 4603 sint
2857 4553 2910 4604 in
2933 4553 3028 4614 eis,
3059 4562 3167 4607 etc.

2255 4639 2316 4695 Si
2344 4649 2515 4696 autent
2546 4645 2743 4696 noveris
2785 4646 2926 4710 quod
2954 4645 3055 4699 sint
3097 4646 3149 4698 in
3178 4645 3249 4698 eis
3285 4647 3469 4715 fortes,
3495 4649 3750 4699 constitue

2182 4733 2300 4787 illos
2323 4735 2580 4802 principes
2610 4751 2849 4802 pecorum
2870 4753 3098 4790 meorum
3119 4737 3184 4790 ⁵¹.
3230 4738 3419 4792 Fortes
3447 4739 3608 4792 Israel
3638 4741 3750 4791 vult

2183 4823 2392 4877 Pharao
2444 4826 2715 4894 principes
2771 4827 3026 4880 constitui
3062 4827 3431 4897 Egyptiorum
3467 4841 3741 4894 pecorum.

2182 4911 2237 4967 Si
2277 4915 2400 4983 quis
2428 4923 2606 4970 autem
2661 4916 2713 4968 in
2767 4914 2930 4970 Israel
2985 4915 3140 4970 fortis
3192 4925 3296 4980 est,
3333 4915 3503 4984 fugiat
3553 4915 3742 4966 horum

2179 5007 2488 5061 consilium.
2533 5030 2536 5034 ’

2251 5097 2317 5151 Et
2363 5115 2480 5152 cum
2529 5097 2871 5150 benedixisset
2923 5096 3089 5149 Iacob
3135 5095 3428 5160 Pharaoni,
3479 5095 3634 5148 exivit
3679 5097 3742 5147 ab

501 5191 707 5246 αὐτοῦ.
769 5194 884 5246 υὺκ
941 5191 1040 5255 ἂν,
1098 5190 1301 5244 δίκαιον
1360 5188 1696 5258 εὐλογήσας,
1757 5187 1854 5240 ἀπ’
1911 5187 2073 5240 αὐτοῦ

2205 5191 2424 5245 o".'Si
2461 5189 2823 5244 benedixisset
2869 5186 3033 5254 justo.
3091 5203 3196 5241 non
3247 5187 3502 5242 exivisset
3535 5187 3604 5242 ab
3651 5203 3739 5241 eo.

504 5284 711 5355 ἐξῆλθε.
773 5285 1038 5355 Ζητητέον
1082 5283 1139 5336 δὲ
1188 5282 1367 5335 εἴποτε
1424 5279 1578 5348 ἅγιόν
1644 5297 1725 5342 τις
1774 5279 2073 5350 εὐλογήσας

2201 5284 2530 5350 ξιιωΐοιισὶιιηι
2555 5295 2684 5335 vero
2705 5296 2770 5334 an
2789 5278 3077 5348 quispiam,
3100 5280 3383 5336 benedicto
3393 5279 3564 5348 justo,
3593 5280 3744 5334 exie-

546 5390 978 5458 “Gen.x1.vr,7.
1033 5391 1226 5448 “Gen.
1262 5409 1405 5453 ιωί.
1437 5394 1488 5448 8.
1566 5395 1612 5423 ""
1659 5392 1791 5447 Ibid.

500 5465 546 5498 ⁸⁸
580 5466 738 5531 Ibid.,
766 5466 818 5519 4.
888 5467 934 5497 ⁸⁸
969 5465 1102 5520 Ibid.
1178 5464 1223 5496 ⁵³
1252 5464 1381 5516 Ibid.
1413 5465 1498 5516 I0.

1902 5394 1946 5424 "
1994 5393 2326 5462 Genusum,
2358 5395 2411 5448 5.

2523 5395 2568 5424 ’⁸⁸
2597 5393 2734 5448 Gen.
2766 5407 2916 5453 τινι,
2953 5390 3039 5446 30.
3121 5392 3166 5425 δ’
3203 5393 3339 5450 Gen.
3373 5407 3506 5454 xm.
3539 5395 3572 5446 5
3599 5399 3650 5444 rt
3679 5390 3737 5448 4.

499 5599 502 5602 -
551 5565 678 5640 ,(49)
711 5561 1048 5640 Ἐπειδῂιέν
1087 5559 1209 5626 τοῖς
1242 5558 1614 5626 Terpno-Mdg,
1669 5569 1773 5614 etc.
1810 5559 1987 5614 Edidit
2033 5559 2093 5614 hc

2201 5561 2530 5640 ηεοειιιοηιμιιι
2567 5549 3016 5608 Montefulconius
3063 5562 3246 5609 nos'er
3305 5565 3434 5609 tom.
3485 5554 3503 5608 I
3556 5554 3737 5608 Hexa-

505 5634 724 5701 pt'nrum,
755 5649 872 5702 pag.
910 5632 996 5686 5‘2.
