4084 6214
385 293 413 345 ’1
425 293 494 346 45
1841 297 1928 352 Oli

2038 298 2158 352 INIS
3539 304 3639 359 Ml

373 414 459 467 -rit
488 413 556 467 ab
586 428 672 468 eo.
718 413 782 467 I'Zt
808 415 893 469 hic
920 415 1136 484 quidem
1167 414 1496 470 benedicens
1537 417 1830 486 egreditur,
1868 435 1928 473 su

2061 417 2299 488 ἀπῆλθεν
2345 418 2437 470 ἀπ’
2477 419 2661 473 αὐτοῦ.
2711 421 2818 474 Καὶ
2869 421 3052 475 ἐνθάδε
3093 421 3192 492 μὲν
3221 421 3456 490 εὐλογῶν
3484 423 3636 495 ἐξέρ-

386 521 483 574 pra
536 521 664 560 vero
713 505 882 560 Jaeob
941 507 1312 561 benedictione
1377 507 1664 577 impetrata
1720 510 1926 578 ingredi

2061 517 2237 580 χεταιῐ·’
2283 511 2534 579 ἀνωτέρω
2563 512 2617 564 δὲ
2645 513 2673 563 ὁ
2711 514 2903 566 Ἰακὼϐ
2949 513 3198 582 εὐλογίας
3241 513 3416 584 τυχὼν
3459 514 3632 588 εἰσέρ-

389 609 492 651 (ιη’.

2060 619 2228 671 χεται.

458 686 558 756 51
602 687 668 740 Et
705 687 882 740 intulit
927 687 1119 755 Joseph
1164 706 1313 743 omne
1357 700 1630 759 argentum
1666 692 1716 743 in
1744 695 1931 745 donum

2128 693 2238 744 Καὶ
2293 690 2642 760 εἰσήνεγκεν
2685 693 2893 761 Ἰωσὴφ
2937 691 3059 746 πᾶν
3094 694 3157 746 τὸ
3206 695 3491 762 ἀργύριον
3543 695 3633 758 εἷς·

393 776 683 831 Pharaonis
705 778 776 834 ⁸³.
799 778 862 831 Ει
890 793 996 846 quo
1029 795 1124 847 par
1149 791 1267 833 erat
1299 796 1460 836 omne
1481 792 1760 848 argentum
1787 781 1922 852 A‘Igy

2057 784 2163 838 τὸν
2209 780 2376 840 οἷκον
2423 782 2645 852 Φαραώ.
2699 784 2807 836 Καὶ
2836 784 2937 837 ποῦ
2984 785 3089 836 ἔδει
3122 788 3230 838 πᾶν
3270 785 3330 838 τὸ
3357 787 3634 854 Αἰγύπτου

385 871 460 938 pti
491 884 544 924 et
568 871 826 926 Chanaan
858 871 1071 934 inferri,
1103 872 1204 926 nisi
1237 873 1289 925 in
1323 873 1540 929 domum
1572 872 1906 928 Pharaonis?

2054 877 2313 947 ἀργύριον
2390 878 2480 930 καὶ
2535 876 2754 930 Χαναὰν
2818 875 3090 944 γενέσθαι,
3151 878 3184 949 ἦ
3244 879 3302 930 ὲν
3354 878 3434 948 τῷ
3500 881 3632 950 οἴκῳ

2054 969 2130 1020 Φα
2141 967 2251 1040 ραὼ
2271 985 2284 1029 ;

450 1056 801 1110 Adduxerunt
827 1066 1002 1110 autem
1029 1072 1216 1125 pecora
1242 1072 1336 1108 sua
1373 1057 1441 1109 ad
1463 1055 1682 1124 Ioseph,
1715 1068 1762 1111 et
1809 1059 1929 1111 dedi

2127 1063 2379 1130 Ἦγαγον
2415 1059 2483 1113 δὲ
2522 1061 2594 1113 τὰ
2625 1059 2813 1126 κτήνη
2843 1059 3041 1114 αὐτῶν
3062 1060 3210 1128 πρὸς
3250 1060 3486 1129 Ἰωσὴφ,
3533 1061 3633 1114 καὶ

382 1149 452 1200 eis
477 1149 670 1216 Joseplt
720 1165 878 1214 panes
918 1164 1012 1214 pro
1061 1148 1227 1216 equis,
1269 1158 1314 1200 et
1351 1148 1553 1209 ovibus.
1595 1159 1642 1201 et
1691 1149 1870 1212 bobus,
1901 1166 1926 1201 ι’

2051 1152 2271 1205 ἔδωκεν
2317 1153 2524 1218 αὐτοῖς
2563 1153 2778 1220 Ἰωσὴφ
2817 1153 3034 1219 ἄρτους
3079 1154 3210 1206 ἀντὶ
3261 1152 3380 1206 τῶν
3409 1155 3628 1218 ἵππων,

380 1243 548 1295 asinis
587 1242 653 1293 ".
689 1239 804 1293 Non
849 1239 1137 1293 crudeliter
1179 1241 1280 1293 hoc
1326 1239 1454 1294 facit
1488 1239 1708 1308 Joseph,
1735 1243 1826 1295 sed
1885 1257 1931 1294 ιιι

2052 1242 2149 1294 καὶ
2182 1243 2312 1296 ἀντὶ
2344 1241 2462 1294 τῶν
2489 1242 2816 1310 προϐάτων,
2847 1243 2942 1294 καὶ
2990 1242 3122 1295 ἀντὶ
3164 1243 3282 1296 τῶν
3311 1243 3499 1309 βοῶν,
3533 1245 3630 1298 και

381 1333 633 1386 deﬁciant
675 1347 868 1401 pecora
915 1332 1206 1398 pascendo,
1241 1341 1381 1386 etut
1417 1343 1604 1401 postea
1652 1333 1823 1401 gratis
1859 1332 1931 1385 ill:

2050 1333 2182 1386 ἀντὶ
2213 1333 2330 1386 τῶν
2355 1334 2525 1386 ὄνων.
2551 1333 2664 1386 Οὐκ
2695 1333 2860 1404 ὠμῶς
2890 1332 3049 1386 τοῦτο
3092 1337 3237 1386 ποιεῖ
3274 1336 3491 1406 Ἰωσὴφ,
3513 1335 3629 1389 ἀλλ’

382 1423 639 1490 recipiant
665 1439 691 1475 a
715 1421 1015 1476 Pharaone.

2050 1423 2136 1474 ἴνα
2187 1424 2260 1493 μὴ
2305 1423 2522 1494 κάμωσι
2568 1423 2635 1476 τά
2673 1425 2838 1494 κτήνη
2886 1424 3197 1495 τρέφοντες,
3232 1426 3326 1477 καὶ
3361 1426 3448 1478 ἴνα
3491 1427 3628 1497 μετά

2049 1513 2220 1568 ταῦτα
2251 1515 2409 1585 χάριν
2430 1512 2567 1566 αὐτὰ
2593 1513 2848 1580 δέξωνται
2875 1515 3026 1585 παρὰ
3054 1515 3146 1567 τοῦ
3175 1513 3392 1586 Φαραώ.

2120 1605 2230 1658 Kal
2250 1607 2360 1672 οὺχ
2390 1605 2778 1658 ὑπολείπεται
2808 1605 2951 1674 ἡμῖν
2977 1605 3254 1658 ἐναντίον
3286 1604 3392 1658 τοῦ
3406 1605 3628 1674 Κυρίου

376 1705 712 1762 stro,prwler
750 1694 1022 1762 proprium
1059 1709 1247 1759 corpus
1285 1702 1331 1745 et
1372 1702 1564 1746 terram
1611 1700 1842 1743 nostram
1876 1690 1931 1742 ⁵⁵.

2051 1695 2220 1764 ἡμῶν
2243 1696 2280 1763 ἢ
2312 1695 2379 1748 τὸ
2413 1695 2565 1749 ἴδιον
2590 1694 2760 1764 σῶμα
2795 1696 2891 1749 καὶ
2920 1698 2956 1764 ἡ
2980 1696 3053 1765 γῆ
3089 1695 3274 1766 ἡμῶν.
3315 1697 3464 1748 Ἐπεὶ
3499 1697 3626 1768 περὶ

376 1790 642 1857 Quoniam
689 1792 754 1844 de
784 1790 1161 1858 peccatoribus
1202 1788 1400 1843 dicitur
1445 1787 1569 1841 illud
1601 1802 1614 1839 :
1643 1787 1782 1851 Quia
1821 1802 1931 1838 cari

2049 1757 2156 1840 tibi;
2204 1757 2542 1858 ἁμαρτωλῶν
2591 1757 2808 1856 λέγεται
2859 1757 3072 1852 suum
3113 1757 3179 1840 in)
3210 1785 3362 1841 εἶναι
3403 1757 3626 1854 αὐτοῦς

374 1891 494 1934 sunt
529 1884 596 1944 ⁸⁸,
629 1882 748 1936 ideo
779 1892 831 1936 et
861 1896 1002 1934 nunc
1047 1878 1282 1951 Egyptii
1317 1891 1499 1949 utpote
1545 1880 1750 1942 carnei,
1782 1878 1931 1934 relin-

2048 1879 2294 1945 σάρκαςο
2345 1877 2432 1930 διὰ
2475 1877 2633 1930 τοῦτο
2668 1877 2762 1931 καὶ
2801 1878 2892 1930 νῦν
2941 1879 3246 1947 Αἰγύπτιοι,
3279 1879 3355 1941 ὡς
3402 1880 3622 1948 σάρκες,

373 1977 462 2042 qui
490 1975 589 2028 sibi
621 1975 808 2029 dicunt
843 1988 950 2027 non
993 1974 1250 2038 animam,
1281 1973 1374 2027 sed
1422 1972 1703 2041 propriqu
1747 1985 1931 2038 corpus

2048 1967 2425 2034 ὑπολελεῖφθαι
2459 1983 2618 2036 φασιν
2650 1967 2832 2030 αὐτοῖς
2861 1969 2979 2038 οὐχ).
3007 1969 3201 2040 ψυχὴν,
3234 1969 3370 2023 ἀλλά
3403 1969 3464 2022 τὸ
3497 1969 3624 2022 ἴδιον

371 2079 418 2118 et
454 2079 652 2119 terram
681 2081 854 2119 suam.
890 2064 1002 2120 lloc
1044 2075 1223 2118 autem
1269 2063 1690 2120 existimandum
1723 2072 1807 2117 est
1836 2063 1931 2117 dici

2048 2058 2204 2130 σῶμα
2237 2059 2330 2112 καὶ
2368 2058 2466 2130 τὴν
2493 2059 2596 2129 γῆν
2635 2058 2831 2112 αὐτῶν.
2885 2058 3056 2112 Τοῦτο
3087 2059 3142 2112 δὲ
3191 2061 3472 2130 νομιστέον
3519 2061 3624 2114 ὑπὸ

452 1603 560 1658 Nec
581 1607 866 1674 quidquam
891 1605 1088 1656 residui
1126 1605 1272 1657 nobis
1295 1616 1368 1658 est
1396 1619 1568 1657 coram
1598 1602 1820 1656 Domino
1853 1618 1946 1654 no—

375 2157 440 2209 ab
465 2156 716 2209 omnibus
743 2155 834 2224 qui
869 2169 897 2208 a
933 2155 1040 2210 Deo
1071 2154 1230 2207 alieni
1263 2165 1410 2207 sunt.

447 2246 510 2301 L’t
537 2263 659 2316 ergo
691 2262 794 2300 non
823 2247 1113 2299 moriamur
1135 2261 1312 2296 coram
1341 2253 1412 2304 te,
1442 2259 1531 2297 nec
1576 2253 1715 2296 terra
1739 2242 1941 2295 deserta

361 2341 460 2400 sit,
482 2356 592 2393 eme
615 2355 707 2392 nos
735 2348 782 2392 et
827 2349 1022 2391 terram
1060 2349 1290 2388 nostram
1322 2335 1388 2388 ⁸⁷.
1421 2335 1614 2388 Coratn
1659 2333 1942 2388 Pharaone

372 2434 555 2486 vivere
587 2431 770 2484 volunt
791 2427 1054 2499 Egyptii,
1089 2442 1192 2480 non
1219 2443 1401 2480 coram
1433 2426 1559 2482 Deo.

447 2611 720 2682 Ejusdem.
755 2611 989 2683 Egyptii
1041 2609 1362 2669 Pharaonis.
1392 2608 1563 2663 sancti
1609 2606 1795 2660 volunt
1819 2619 1939 2660 esse

371 2704 462 2760 Dei
496 2705 780 2774 mancipia.

439 2796 743 2850 lnvaluerat
787 2797 923 2850 enim
954 2799 1006 2849 in
1024 2812 1110 2850 eos
1141 2793 1304 2862 [antes
1329 2791 1668 2848 ".Vidclicet
1698 2791 1748 2845 itt
1773 2789 1938 2860 [Egy-

367 2891 532 2960 ptios.
587 2890 771 2960 Neque
812 2891 954 2944 enim
1003 2888 1207 2943 dictum
1247 2886 1436 2942 luisset
1480 2885 1543 2938 de
1577 2885 1763 2949 Israel,
1791 2886 1934 2953 quod

366 2983 659 3036 inualuerat
689 2983 740 3035 in
772 2997 857 3034 eos
900 2979 1088 3046 fames.

2047 2152 2262 2205 πάντων
2291 2151 2398 2204 τῶν
2426 2151 2718 2223 ἀλλοτρίων
2749 2152 2843 2205 τοῦ
2868 2151 3001 2204 θεοῦ
3023 2152 3296 2221 λέγεσθαι.

2117 2243 2240 2294 Ἵνα
2285 2235 2399 2294 οὖν
2421 2238 2506 2309 μὴ
2553 2239 2940 2308 ἀποθάνωμεν
2967 2240 3243 2294 ἐναντίον
3283 2258 3419 2304 σου,
3451 2241 3546 2294 καὶ
3581 2242 3620 2309 ἡ

2042 2331 2118 2400 γῆ
2163 2328 2455 2400 ἐρημωθῇ,
2510 2328 2723 2396 κτῆσαι
2765 2327 2922 2398 ἡμᾶς
2967 2331 3062 2383 καὶ
3111 2329 3223 2397 τὴν
3271 2328 3383 2399 γῆν
3429 2329 3613 2399 ἡμῶν,

2052 2422 2323 2474 Ἐναντιον
2355 2420 2448 2474 τοῦ
2469 2423 2667 2492 Φαραὼ
2707 2421 2950 2475 Θέλουσιν
2972 2424 3020 2474 0i
3048 2422 3332 2491 Αἰγύπτιοι
3360 2422 3478 2493 ζῇν,
3520 2424 3618 2476 οὐκ

2039 2511 2277 2565 ἐναντίον
2314 2511 2471 2565 Θεοῦ.

2115 2601 2225 2657 Τοῦ
2249 2601 2456 2656 αὐτοῦ.
2475 2603 2593 2672 Κτῆ
2601 2619 2677 2673 μα
2700 2601 2976 2672 βούλονται
2996 2604 3045 2656 0i
3065 2601 3348 2671 Αἰγύπτιοι
3365 2603 3616 2671 γενέσῡαι

2038 2693 2132 2748 τοῦ
2160 2693 2378 2766 Φαραὼ,
2405 2695 2481 2758 ὼς
2506 2697 2552 2748 οἱ
2585 2694 2728 2762 ἅγιοι
2752 2693 2847 2746 τοῦ
2873 2693 3029 2748 Θεοῦ.

2120 2785 2518 2855 Ἐπεκράτησε
2562 2785 2673 2855 γὰρ
2706 2785 2904 2839 αὐτῶν
2939 2788 2973 2840 o'
3007 2787 3201 2855 λιμός.
3230 2787 3481 2859 Δηλονότι
3507 2787 3616 2840 τῶν

2037 2878 2366 2948 Αἰγυπτίων·
2406 2879 2465 2930 οῦ
2490 2876 2598 2946 γὰρ
2632 2877 2696 2930 ἂν
2720 2877 2933 2950 εἴρηται
2957 2879 3082 2948 περὶ
3110 2878 3204 2930 τοῦ
3246 2878 3480 2950 Ἰσραὴλ,
3531 2880 3618 2934 ὅτι

2036 2970 2450 3038 ἐπεκράτησεν
2478 2968 2678 3023 αὐτῶν
2704 2973 2736 3022 ό
2768 2970 2962 3038 λιμός.

437 3073 504 3127 Et
547 3073 875 3141 confortatus
897 3071 1061 3125 Jacob
1085 3071 1216 3124 sedit
1247 3072 1299 3124 in
1336 3069 1467 3124 lecto
1495 3071 1560 3121 ⁵⁸.
1588 3068 1931 3122 Confortatus

2106 3053 2217 3116 Καὶ
2243 3063 2577 3131 ἐνισχύσας
2619 3060 2817 3115 Ἰακὼό
2832 3061 3112 3116 ἐκάθισεν
3133 3060 3230 3114 ἐπὶ
3248 3059 3363 3128 τὴν
3384 3061 3609 3129 κοίτην.

365 3167 526 3232 sedit,
565 3175 623 3220 ut
656 3166 836 3220 divino
873 3163 1054 3218 alllatu
1084 3165 1270 3232 plenos
1316 3165 1586 3232 proferret
1629 3173 1932 3216 sermones.

367 3258 572 3328 Opinor
599 3267 780 3312 autem
810 3256 979 3312 Jaeob
1016 3265 1328 3325 aegrotasse,
1359 3253 1526 3309 Israel
1563 3267 1690 3307 vero
1714 3252 1937 3306 confor-

371 3359 544 3405 tatum
569 3363 713 3417 esse,
743 3349 833 3417 qui
865 3358 922 3404 et
957 3347 1234 3403 benedixit
1261 3348 1383 3403 liliis
1403 3346 1629 3416 losepb,
1652 3356 1705 3400 et
1725 3361 1786 3400 ea
1819 3360 1936 3414 quae

365 3452 665 3512 sequuntur
693 3441 922 3512 peregit,
957 3441 1008 3494 in
1041 3441 1240 3511 quibus
1263 3480 1278 3505 ,
1310 3439 1398 3494 ubi
1431 3440 1497 3494 de
1533 3438 1657 3493 (iliis
1684 3439 1798 3493 suis
1822 3437 1938 3506 agi-

368 3549 478 3600 tur,
509 3551 787 3606 nunquam
830 3534 1138 3590 nominatur
1157 3532 1352 3589 Jacob.

437 3627 504 3682 Et
529 3629 664 3682 dixit
702 3628 875 3682 mihi:
914 3626 1046 3681 Ecce
1091 3644 1184 3697 ego
1247 3627 1444 3695 augebo
1485 3636 1532 3678 te
1577 3639 1624 3677 et
1676 3622 1935 3690 multipli-

363 3725 492 3777 cabo
522 3733 570 3777 te
599 3723 664 3778 “.
699 3723 904 3793 Impius
949 3722 1034 3778 vel
1089 3737 1194 3776 non
1256 3723 1478 3780 crescit,
1510 3717 1590 3770 rel
1618 3733 1646 3768 a
1686 3716 1796 3770 Deo
1825 3731 1933 3768 non

363 3820 581 3870 crescit.
619 3815 830 3870 Similia
871 3815 1022 3869 dices
1065 3814 1231 3868 etiam
1278 3822 1500 3880 prepter
1541 3810 1666 3863 illud
1701 3825 1715 3861 :
1751 3806 1935 3860 Multi-

361 3909 584 3965 vlicabo.
617 3909 756 3962 Deus
783 3908 927 3961 enim
965 3905 1296 3961 benedicens
1338 3905 1454 3956 hree
1475 3903 1574 3955 ait.

436 3997 540 4050 Mei
568 4007 688 4050 sunt
741 3993 990 4063 Epliraim
1039 4001 1086 4047 et
1123 3991 1394 4049 Manasses
1423 4007 1444 4055 ;
1487 3991 1622 4043 sicut
1654 3989 1834 4043 Ruben
1884 4001 1931 4042 et

361 4086 762 4142 Simeon-erunt
813 4083 936 4136 milii
969 4084 1033 4135 ⁸³.
1087 4080 1242 4136 Sicut
1289 4081 1506 4144 Ruben,
1550 4089 1604 4134 et
1653 4079 1928 4150 Ephraim.

361 4176 536 4230 Ambo
590 4175 734 4229 eiiim
781 4171 1153 4243 primogeniti.
1209 4171 1362 4226 Sicut
1411 4170 1688 4224 Manasses
1730 4178 1783 4223 et
1841 4166 1930 4222 Si-

363 4284 541 4324 tueon.
577 4267 815 4337 Uterque
842 4266 985 4321 enim
1015 4265 1173 4320 matri
1210 4279 1322 4320 sua:
1365 4275 1494 4318 natu
1533 4262 1804 4319 secundus
1825 4272 1928 4316 est.

434 4359 638 4430 Reliqui
663 4369 834 4413 autem
851 4373 978 4428 quos
1015 4357 1257 4428 genueris
1284 4364 1401 4426 post
1428 4371 1536 4416 eos,
1563 4365 1712 4409 erunt
1750 4355 1804 4408 in
1837 4369 1928 4408 no-

2050 3153 2364 3224 Ἐνισχύσας
2395 3152 2665 3218 ἐκάθισεν,
2707 3153 2794 3204 ἵνα
2825 3153 2950 3216 τοὺς
2981 3151 3194 3216 ἐνθέους
3227 3151 3353 3223 εἴπῃ
3395 3151 3606 3222 λόγους.

2038 3242 2204 3317 Οἶμαι
2227 3247 2336 3316 γὰρ
2357 3246 2447 3299 τὸν
2477 3245 2576 3316 μὲν
2610 3244 2803 3299 Ἰακὼὸ
2824 3243 3185 3316 ἠνωχλῆσθαι,
3207 3244 3298 3299 τὸν
3314 3244 3368 3300 δὲ
3397 3246 3610 3320 Ἰσραὴλ

2038 3338 2394 3407 ὲνισχυκέναι,
2432 3337 2490 3400 ὃς
2520 3339 2612 3391 καὶ
2639 3337 2897 3409 εὐλόγησε
2931 3339 3056 3403 τοὺς
3087 3341 3235 3404 υἱοὺς
3268 3341 3482 3412 Ἰωσὴφ,
3518 3344 3612 3395 καὶ

2036 3427 2104 3478 τὰ
2154 3425 2296 3496 ἑξῆς,
2317 3428 2374 3479 ὲν
2427 3420 2508 3489 οἷς
2563 3427 2662 3486 οὐκ
2712 3426 3036 3498 ὀνομάζεται
3089 3429 3182 3482 ἐπὶ
3226 3429 3333 3484 τῶν
3385 3431 3611 3484 παιδίων

2049 3515 2262 3568 Ἰακώϐ.

2108 3606 2218 3660 Καὶ
2254 3603 2386 3662 εἶπέ
2412 3625 2534 3676 μοι’
2601 3607 2745 3661 Ἰδοὺ
2775 3609 2890 3678 ἐγὼ
2920 3610 3162 3674 αὐξανῶ
3201 3625 3298 3676 σε,
3333 3613 3609 3681 scala/.117-

2037 3694 2197 3750 θυνῶ
2225 3711 2316 3752 σε,
2350 3698 2506 3751 Ἤτοι
2539 3699 2638 3750 οὐκ
2661 3698 2814 3764 αὔξει
2832 3701 2860 3752 ὁ
2883 3700 3104 3771 ἀσεϐὴς,
3148 3701 3181 3772 ἢ
3205 3703 3305 3755 οὐκ
3337 3702 3448 3756 ἀπὸ
3473 3701 3614 3756 Θεοῦ

2036 3786 2208 3850 αὔξει.
2247 3788 2319 3840 Τὸ
2349 3788 2600 3859 δ’·ὅμοιον
2625 3790 2767 3860 ἐρεῖς
2803 3791 2895 3844 καὶ
2915 3791 3002 3844 διὰ
3026 3791 3104 3855 τὺ,
3134 3794 3447 3860 Πληθυνῶ.
3476 3793 3610 3858 Θεὸς

2037 3879 2144 3950 γὰρ
2175 3879 2411 3946 εὐλογῶν
2430 3881 2603 3934 ταῦτά
2633 3899 2815 3952 φησιν.

2120 3972 2277 4039 Ἐμοί
2322 3975 2479 4025 εἰσιν
2541 3973 2787 4044 Ἐφραῒμ
2820 3975 3288 4044 καὶΜανασσῆςο
3323 3979 3403 4044 ὡς
3443 3979 3611 4033 Ῥου·

2035 4065 2152 4134 Eius
2209 4066 2304 4119 καὶ
2347 4067 2589 4136 Συμεὼν
2625 4066 2871 4120 ἔσονταί
2913 4085 3034 4136 μοι.
3077 4070 3165 4132 '0;
3204 4069 3462 4140 Ῥουϐὴμ,
3515 4071 3610 4124 καὶ

2049 4158 2301 4230 Ἐφραῖμ·
2337 4159 2631 4230 ἀμφότεροι
2660 4159 2765 4230 γὰρ
2794 4162 3142 4231 πρωτότοκον
3181 4160 3257 4224 ὡς
3287 4162 3608 4232 Μανασσῆς,

2036 4249 2130 4301 καὶ
2162 4249 2404 4320 Συμεών⁹
2431 4251 2688 4320 ἑκάτερος
2710 4252 2818 4322 γὰρ
2838 4255 2901 4323 τῇ
2933 4253 3097 4323 μητρὶ
3135 4252 3311 4307 αὐτῶν
3335 4253 3604 4325 δεύτερος.

2111 4338 2187 4391 Τὰ
2221 4337 2289 4391 δὲ
2327 4338 2568 4422 ἔκγονα,
2620 4339 2658 4395 ἁ
2687 4340 2798 4396 ἐὰν
2853 4343 3155 4412 γεννήσῃς
3202 4344 3354 4412 μετὰ
3398 4344 3604 4410 ταῦτα,

360 4452 496 4504 mine
513 4452 740 4520 fratrum
780 4465 993 4504 suorum
1021 4467 1041 4502 .·
1070 4450 1389 4504 vocabuntur
1439 4447 1496 4516 in
1542 4463 1721 4500 eorum
1773 4448 1931 4500 sorti-

2038 4427 2279 4482 ἔσονται
2313 4431 2409 4484 ἐπὶ
2454 4430 2534 4496 τῷ
2585 4434 2824 4502 ὀνόματι
2882 4433 3000 4488 τῶν
3050 4434 3330 4506 ἀδελφῶν
3385 4436 3602 4492 αὐτῶν·

360 4543 452 4595 bus
479 4542 542 4594 ⁸³.
581 4541 710 4606 Ahi,
743 4540 940 4609 inquit,
967 4538 1064 4593 lilii
1105 4552 1241 4606 quos
1284 4536 1558 4608 genueris,
1591 4537 1929 4607 cegnomini-

360 4637 461 4688 bus
522 4633 747 4687 fratrum
808 4644 1032 4688 suorum
1083 4629 1330 4685 tribubus
1381 4629 1821 4684 accensebuntur
1877 4630 1928 4685 in

362 4725 598 4798 partium
626 4723 914 4779 divisione.

2034 4521 2442 4589 κληθήσονται
2493 4525 2564 4577 ὲν
2609 4525 2732 4591 τοῖς
2776 4525 3024 4580 ἐκείνων
3066 4526 3329 4596 κλήροις.
3375 4531 3436 4582 0i
3481 4529 3605 4584 ἐσό-

2036 4629 2208 4683 μενοι,
2253 4614 2434 4683 φησὶν,
2477 4615 2652 4686 ἕτεροι
2685 4617 2870 4682 παῖδές
2900 4635 2994 4671 σου
3023 4623 3145 4683 ταῖς
3171 4619 3476 4692 ἐπωνύμοις
3501 4639 3605 4692 φυ-

2031 4705 2148 4769 λαῖς
2178 4705 2285 4760 τῶν
2329 4705 2568 4774 ἀδελφῶν
2610 4710 2788 4763 αὐτῶν
2830 4711 3186 4783 ταχθήσονται
3223 4714 3280 4766 ὲν
3306 4716 3372 4784 τῇ
3412 4713 3607 4785 κληρο-

1915 4864 1922 4870 _
2029 4796 2200 4867 ὃοσίᾳ.

441 4909 632 4965 Videris
654 4919 827 4964 autem
857 4906 1027 4963 Israel
1055 4906 1194 4976 ﬁlios
1221 4905 1443 4975 Josepls,
1478 4905 1646 4959 dixit:
1681 4905 1788 4970 Qui
1807 4915 1926 4959 sunt

361 5006 448 5059 isti
484 5003 571 5057 6’?
599 5012 704 5058 etc.
736 5001 829 5056 His
869 5001 1048 5056 verbis
1075 5018 1088 5054 :
1131 4997 1321 5052 Videns
1352 4997 1522 5052 Israel
1547 4996 1686 5066 filios
1710 4997 1926 5066 Ioseph,

363 5097 635 5151 videbitur
663 5097 995 5152 contrarium
1027 5092 1170 5149 istud
1209 5108 1221 5143 :
1256 5090 1410 5146 Oculi
1431 5089 1595 5144 Iacob
1629 5090 1926 5158 caligabunt

359 5203 468 5255 pra:
514 5197 770 5241 senectute
801 5189 846 5220 “
879 5228 894 5252 ,
921 5186 1025 5243 nisi
1074 5184 1219 5240 forte
1263 5186 1404 5238 idem
1459 5183 1532 5235 sit
1579 5181 1766 5237 oculos
1820 5195 1925 5234 non

358 5292 518 5348 posse
548 5291 794 5341 cernere,
819 5287 877 5331 et
925 5279 1109 5332 videre
1149 5276 1314 5333 Israel
1351 5289 1536 5330 semen
1568 5271 1787 5342 Ioseph,
1817 5271 1924 5325 Deo

361 5367 462 5437 ipsi
494 5365 674 5422 futura
696 5368 1122 5423 dentonstrante.

2121 4907 2276 4962 Ἰδὼν
2289 4908 2356 4960 δὲ
2389 4909 2625 4978 Ἰσραὴλ
2648 4911 2787 4977 τοὺς
2811 4913 2977 4980 υἱοὺς
3009 4916 3133 4968 Ὶωσ
3142 4915 3242 4984 hy,
3264 4911 3411 4972 εἴπεο
3443 4919 3607 4984 Τίνες

2036 5013 2133 5052 σοι
2149 4994 2309 5052 οὗτοι
2325 5015 2344 5062 ;
2375 5000 2468 5052 καὶ
2496 5000 2563 5054 τὰ
2610 5001 2754 5072 ἑξῆς.
2781 5002 2931 5067 Δόξει
2955 5006 3194 5059 ἐναντίον
3219 5006 3313 5078 τῷ,
3355 5006 3514 5062 Ἰδὼν
3539 5007 3609 5060 es

2048 5089 2282 5159 Ἰσραὴλ
2316 5091 2456 5155 τοὺς
2487 5093 2654 5159 υἱοὺς
2693 5094 2927 5164 Ἰωσὴφ,
2952 5097 3033 5160 τὸ,
3072 5101 3135 5151 Οἱ
3171 5099 3461 5168 ὀφθαλμοὶ
3502 5100 3606 5152 Ἰαο

2035 5181 2158 5234 κὼϐ
2179 5182 2614 5251 ἐϐοφυὼπησαν
2645 5186 2763 5239 ἀπὸ
2789 5187 2895 5240 τοῦ
2914 5188 3154 5256 γήρους·
3178 5193 3224 5243 εἰ
3252 5193 3328 5262 μή
3359 5190 3459 5244 πού
3489 5193 3609 5244 ἐστι

2033 5273 2228 5327 ταύτὸν
2251 5274 2346 5345 τῷ,
2378 5275 2504 5338 τοὺς
2536 5277 2844 5350 ὀφθαλμοὺς
2877 5281 2950 5352 μὴ
2982 5281 3239 5336 δύνασθαι
3268 5283 3508 5353 βλέπειν,
3546 5282 3609 5336 τὸ

2036 5366 2161 5419 ἰδεῖν
2200 5367 2289 5421 τὸν
2351 5369 2564 5440 Ἰσραὴλ
2605 5371 2665 5422 τὸ
2706 5372 2920 5443 σπέρμα
2963 5376 3058 5428 τοῦ
3102 5376 3318 5446 Ἰωσὴφ,
3342 5375 3434 5429 τοῦ
3471 5375 3606 5429 Θεοῦ

1949 5526 1951 5528 η
2031 5457 2297 5523 δείξαντος
2330 5459 2478 5531 αὐτῷ
2508 5461 2576 5514 τὰ
2603 5465 2959 5536 γενησόμενα.

431 5598 818 5674 ’ξᾷίξςῃτκιγιῃ
858 5599 1029 5674 i_(_l.‘_'_‘
1049 5598 1218 5674 Ibid”
1448 5600 1601 5674 Ibid?
1634 5599 1720 5674 Β.
1746 5600 1931 5674 ,ν’-(ξω

2038 5619 2073 5667 ι,
2096 5605 2146 5674 3,
2193 5605 2235 5674 ἠ
2265 5603 2574 5670 Gen.xi.rn,
2614 5607 2700 5661 I9.
2778 5609 2822 5640 ⁵⁸
2853 5609 2961 5664 Ibid
2993 5648 3007 5674 ,
3030 5609 3120 5664 20.
3165 5610 3208 5641 "
3244 5607 3380 5665 Gen.
3415 5622 3604 5674 XLVIII,

359 5668 416 5726 ί.
455 5671 501 5702 ⁸ο
532 5667 688 5736 Ibid.,
721 5669 772 5722 4.
809 5667 812 5668 ⁷
871 5669 911 5699 ⁶¹
948 5669 1103 5733 lbid.,
1138 5668 1189 5722 5.
1269 5672 1311 5701 ⁶²
1355 5669 1468 5725 Ibid
1500 5711 1513 5735 ,
1547 5670 1596 5724 ϐ.

1676 5671 1720 5701 ⁸³
1745 5670 1901 5732 lbid.,
1936 5670 1990 5724 8.

2101 5673 2147 5705 ⁸⁵
2177 5673 2312 5728 Gen.
2351 5691 2534 5742 sunt,
2593 5679 2677 5730 10.
