4180 6216
480 401 585 457 M3

1708 398 1775 453 IN
1815 395 2120 452 GENESIM
2161 394 2446 451 IIOMILIA
2478 397 2516 449 IL

3619 395 3725 449 N6

560 522 849 585 Ἐκτείνας
891 520 959 572 δὲ
1018 519 1250 586 Ἰσραὴλ
1300 520 1411 586 τὴν
1458 519 1626 588 χεῖρα
1676 521 1787 588 τὴν
1819 520 2045 583 δεξιὰν,

2222 519 2328 588 52
2362 519 2657 571 Extendens
2681 526 2851 570 autem
2880 516 3049 570 Israel
3071 534 3278 571 manum
3302 518 3588 581 dexteram,
3622 519 3721 569 im-

478 611 771 665 ἐπέϐαλεν
787 610 879 663 ἐπὶ
909 609 1023 677 τὴν
1052 608 1326 677 κεφαλὴν
1360 610 1622 679 Ἐερραΐμ.
1658 611 1776 663 ’Ότι
1806 627 2051 681 παρηκο-

480 701 701 754 λούθουν
732 701 780 753 οἱ
804 701 1077 772 προφῆται
1102 700 1347 763 νοοῦντες
1379 703 1508 771 περὶ
1544 695 1619 755 ὧν
1658 702 2051 771 προεφήτευον.

493 787 703 857 Ἀμέλει
732 788 868 858 μετὰ
900 788 1072 842 ταῦτα
1106 788 1214 841 τῶν
1246 789 1377 842 δέκα
1420 790 1600 859 φυλῶν
1634 790 1860 861 ἐξῆρχεν
1895 792 1927 860 ἡ
1961 789 2053 842 τοῦ

488 876 725 949 Ἐφραῖμ
774 880 934 951 φυλή·
978 879 1068 944 Ἐξ
1093 882 1256 934 αὑτοῦ
1292 881 1399 952 γὰρ
1428 884 1456 935 ὁ
1498 883 1767 953 μακάριος
1796 881 2000 951 Ἰησοῦς
2027 881 2055 932 ὁ

475 968 566 1021 τοῦ
591 968 770 1039 Ναυῆ,
800 970 1053 1041 ἀληθινὸς
1083 972 1251 1035 τύπος
1280 971 1356 1026 ὢν
1384 974 1475 1026 τοῦ
1498 972 1756 1046 Χριστοῦ,
1790 975 2057 1044 κατήγετο

406 1124 409 1127 _
474 1061 531 1113 ἐν
558 1062 670 1122 τοϊς
709 1061 1010 1130 Ἀριθμοῖς.
1040 1063 1129 1115 Διὸ
1159 1062 1366 1115 καὶτοῦ
1411 1064 1607 1135 Ἰωσὴφ
1634 1062 1747 1134 (50)
1780 1067 1813 1134 ἡ
1842 1063 2056 1132 εὐλογία

472 1151 557 1205 ἐπ’
594 1152 660 1204 αὐ
669 1151 761 1206 τὸν
787 1154 1137 1226 ἀναφέρεται.

442 1238 449 1247 ’
548 1242 800 1309 Ποιήσαι
838 1262 912 1298 σε
964 1248 997 1299 ό
1059 1246 1200 1313 Θεὸς
1255 1248 1335 1313 ὡς
1382 1248 1650 1317 ’Egpaﬂt,
1682 1246 1777 1298 καὶ
1813 1246 1891 1309 ὡς
1936 1245 2055 1297 Μα-

474 1332 699 1401 νασσῆ⁹
750 1335 850 1388 καὶ
898 1336 1074 1403 ἔθηκε
1116 1339 1221 1390 τὸν
1283 1340 1532 1408 Ἑφραῒμ
1574 1339 1912 1407 ἔμπροσθεν
1952 1333 2060 1387 τοῦ

472 1425 796 1495 Μανασσῆ.
857 1428 1141 1497 Εὑκαίρως
1196 1430 1378 1501 χρήσῃ
1440 1429 1518 1498 τῷ
1581 1427 1730 1498 ῥητῷ
1792 1428 1920 1495 περὶ
1966 1425 2059 1477 τοῦ

472 1518 531 1570 ἐν
565 1523 840 1591 προσευχῇ
869 1520 1178 1590 ἔμπροσθεν
1206 1522 1427 1573 ἑστάναι
1450 1520 1541 1572 τὸν
1572 1517 1916 1587 τιμιώτερον.

543 1611 797 1680 Κάμψας
850 1612 1213 1676 κατεκλίθης
1254 1611 1333 1675 ὠς
1382 1610 1558 1673 λέων,
1613 1609 1713 1661 καὶ
1759 1609 1836 1672 ὡς
1868 1608 2057 1674 σκύμ-

474 1718 598 1765 νος.
659 1700 766 1753 Τὸν
831 1702 954 1751 κατ’
1010 1700 1320 1769 οἰκονομίαν
1385 1700 1610 1754 Θάνατον
1668 1697 1920 1768 σημαίνει
1974 1698 2053 1757 τὸ,

475 1790 834 1855 κατεκλωης
881 1788 1013 1859 (SI).
1070 1790 1217 1841 Λέων
1273 1791 1421 1842 ἐστὶν
1469 1791 1497 1842 ὁ
1543 1789 1774 1859 Χριστὸς
1805 1790 1915 1850 τοῖς
1969 1804 2052 1838 τε-

2153 612 2323 678 posuit
2379 624 2535 675 super
2579 616 2735 675 caput
2803 605 3151 674 Ephraim”.
3197 606 3474 676 Pmpheta:
3526 609 3724 677 quippe

2156 714 2278 752 cum
2310 712 2369 753 ea
2394 699 2457 752 de
2482 698 2676 767 quibus
2699 698 3093 768 prophetabant
3112 697 3493 767 intelligerent,
3513 700 3722 753 actibus

2154 789 2395 844 externis
2423 788 2507 842 illa
2540 789 2931 856 exprimebant.
2956 785 3222 841 Nimirum
3251 796 3371 855 post
3401 788 3512 841 haec
3536 788 3722 841 decem

2158 882 2403 936 tribubus
2435 880 2646 949 praefuit
2681 881 2851 934 tribus
2877 879 3157 951 Ephraim.
3180 879 3258 933 Ab
3285 878 3402 948 ipso
3432 879 3575 931 enim
3599 879 3723 933 hea-

2159 980 2243 1025 tus
2281 970 2441 1025 Jesus
2470 971 2615 1026 Nave
2645 972 2735 1040 qui
2766 984 2889 1024 vera
2937 968 3038 1022 fuit
3084 967 3284 1022 Christi
3334 966 3532 1037 figura,
3578 976 3727 1021 ortus

2158 1070 2261 1125 est,
2290 1071 2349 1115 ut
2379 1062 2559 1117 videre
2590 1071 2673 1117 est
2703 1062 2755 1116 in
2799 1060 3070 1115 Numeris.
3114 1058 3455 1130 Quapropter
3488 1067 3543 1114 ct
3564 1058 3730 1115 Iacob

2161 1154 2465 1210 benedictio
2496 1157 2561 1209 ad
2591 1156 2764 1223 ipsum
2791 1168 3007 1223 quoque
3030 1153 3287 1222 pertinet.

2236 1247 2417 1299 Faciat
2450 1248 2540 1299 tibi
2568 1246 2706 1300 Deus
2727 1248 2858 1300 sicut
2904 1245 3152 1315 Epitraim
3187 1254 3232 1298 et
3265 1237 3525 1297 ‘Manasse
3560 1262 3577 1298 :
3608 1260 3733 1295 con-

2161 1338 2429 1404 stituitque
2491 1334 2744 1403 Epitraim
2798 1344 2919 1388 ante
2975 1333 3255 1388 Manassen
3306 1334 3368 1388 ⁸⁸.
3420 1332 3731 1402 Opportune

2164 1427 2335 1480 uteris
2374 1427 2457 1479 his
2507 1427 2719 1491 verbis,
2767 1436 2823 1479 ut
2877 1427 2927 1479 in
2985 1427 3230 1480 oratione
3299 1426 3727 1491 prmstantiorcm

2164 1518 2318 1572 alteri
2361 1516 2637 1586 praeferas.

2230 1609 2523 1662 Incurvans
2549 1609 2830 1663 reclinatus
2857 1626 2909 1664 es
2927 1610 3057 1664 sicut
3088 1610 3189 1675 leo,
3208 1621 3253 1664 et
3280 1610 3412 1662 sicut
3440 1607 3724 1662 catulus".

2158 1700 2289 1754 Eam
2317 1716 2479 1770 quam
2524 1714 2589 1755 ex
2627 1702 3035 1771 dispensatione
3092 1700 3313 1771 pertulit
3370 1710 3618 1759 mortem,
3660 1698 3735 1753 si~

2157 1791 2374 1861 gniﬁcat
2408 1792 2557 1858 illud,
2592 1793 2873 1848 reclinatus
2903 1810 2975 1849 es.
3006 1792 3115 1847 Leo
3153 1802 3233 1847 est
3265 1791 3510 1847 Christus
3545 1792 3609 1844 iis
3636 1789 3727 1859 qui

475 1875 635 1937 λείως
706 1875 1146 1947 ἁποθηριωθείσι·
1214 1880 1325 1939 τοῖς
1386 1878 1441 1930 δὲ
1518 1877 1596 1931 ἔτι
1665 1879 2048 1946 εἰσαγωγικοίς

2156 1884 2374 1938 omnino
2412 1883 2695 1951 ferociunt,
2718 1885 2784 1938 iis
2819 1898 2951 1939 vero
2974 1886 3065 1953 qui
3101 1882 3273 1938 adhuc
3310 1883 3606 1951 disciplina:
3637 1895 3731 1935 ca-

482 1965 735 2036 σκύμνος.

2156 1986 2316 2039 paces
2347 1981 2493 2036 snnt,
2527 1974 2759 2027 catulus.

519 2118 3727 2149 Μ

1026 2298 1928 2454 ORIGENIS
2042 2304 2243 2452 IN
2330 2296 3177 2455 GENESIM

1716 2591 2432 2717 ΗΟΜΙιΙλΈ

1382 2844 2155 2938 ῙΝΤΕΒΡΒΕΤΕ
2238 2831 2865 2939 RUFINO”.

975 3169 1261 3227 HOMILIA
1301 3170 1536 3229 PRIMA.

544 3260 619 3317 De
641 3269 761 3317 ortu
786 3262 969 3320 mundi
991 3273 1234 3320 eteorum
1263 3280 1380 3334 qua:
1411 3266 1464 3318 in
1488 3266 1680 3319 mundo
1710 3273 1833 3319 sunt
1848 3266 1981 3336 (55).

544 3355 612 3410 In
638 3356 894 3427 principio
920 3355 1033 3427 (54)
1066 3359 1263 3411 creavit
1305 3354 1447 3410 Deus
1474 3356 1655 3409 caelum
1678 3366 1725 3409 et
1763 3366 1959 3412 terram
1988 3357 2053 3410 “'.

471 3446 625 3512 Quod
642 3458 725 3502 est
744 3449 983 3502 omnium
1008 3447 1356 3517 peincipium,
1381 3448 1486 3504 nisi
1507 3448 1765 3503 Dominus
1784 3457 1989 3510 noster,
2005 3455 2058 3501 et

474 3535 727 3591 Salvator
742 3537 980 3590 omnium
1004 3535 1256 3592 Christus
1276 3536 1457 3602 Iesus,
1475 3538 1866 3608 primogenitus
1885 3538 2059 3592 omnis

478 3640 665 3683 creatu
676 3628 847 3682 rte'lln
868 3628 970 3683 hoc
985 3629 1421 3698 ergo’principio,
1440 3630 1542 3685 hoc
1558 3639 1658 3693 est,
1682 3630 1915 3705 inVerbo
1938 3645 2058 3694 suo,

478 3722 623 3776 Deus
640 3720 835 3777 cmlum
852 3729 908 3775 et
930 3720 1303 3783 terraml‘eeit:
1320 3722 1461 3776 sicut
1483 3729 1537 3775 et
1550 3722 1882 3791 evangelista
1900 3722 2061 3776 Joan-

474 3824 572 3866 nes
598 3811 648 3864 in
685 3810 842 3865 initio
879 3809 1158 3879 Evangelii
1194 3812 1275 3865 sui
1309 3812 1405 3877 ait,
1429 3811 1615 3866 dicens
1650 3831 1660 3865 :
1696 3812 1761 3865 In
1794 3813 2061 3881 principio

473 3910 584 3953 erat
620 3899 870 3965 Verbum,
889 3908 939 3953 et
965 3899 1187 3954 Verbum
1205 3911 1317 3955 erat
1342 3902 1485 3969 apud
1504 3900 1690 3965 Deum,
1712 3911 1761 3955 et
1788 3901 1924 3956 Deus
1950 3913 2059 3955 erat

483 3989 730 4045 Verbum.
774 3989 890 4044 Hoc
938 3998 1050 4045 erat
1084 3991 1139 4044 in
1173 3991 1437 4060 principio
1466 3991 1608 4060 apud
1635 3991 1822 4045 Deum.
1864 3989 2058 4044 Omnia

472 4096 565 4149 per
593 4081 764 4149 ipsum
794 4081 940 4149 facta
968 4088 1113 4148 sunt,
1143 4090 1189 4134 et
1213 4081 1325 4134 sine
1350 4080 1461 4149 ipso
1494 4080 1693 4149 factum
1725 4092 1798 4135 est
1826 4081 1960 4135 nihil
1990 4078 2055 4129 ”.

476 4169 594 4227 Non
619 4188 747 4243 ergo
766 4171 853 4227 hic
880 4172 1173 4241 temporale
1196 4171 1412 4244 aliquod
1431 4171 1756 4241 principium
1776 4170 1909 4228 dicit
1930 4187 1942 4224 :
1962 4171 2057 4226 sed

477 4264 531 4318 in
558 4264 845 4335 principio,
866 4265 917 4319 id
932 4275 1015 4319 cst
1040 4264 1092 4319 in
1126 4263 1406 4319 Salvatore
1431 4265 1631 4319 factum
1658 4278 1778 4320 esse
1800 4264 1932 4323 dicit
1954 4276 2059 4319 cce-

479 4349 588 4408 lum
621 4364 677 4409 et
706 4363 933 4418 terram,
966 4364 1019 4409 et
1055 4353 1235 4409 omnia
1262 4369 1380 4422 qua:
1410 4354 1548 4409 facta
1585 4362 1732 4409 sunt.
1762 4354 1925 4408 Terra
1954 4370 2055 4406 au-

476 4455 576 4498 tem
607 4455 721 4499 erat
750 4446 1022 4499 invisibilis
1038 4455 1086 4499 et
1105 4448 1471 4524 incomposita,
1493 4456 1538 4499 et
1557 4445 1779 4519 tenebrat
1801 4452 1947 4498 erant
1970 4461 2053 4497 su-

2080 3179 2123 3235 C
2153 3174 2307 3243 jubet
2339 3175 2477 3242 ﬁeri,
2505 3184 2561 3228 et
2592 3174 2693 3232 hoc
2748 3175 2944 3231 emtum
2979 3176 3211 3246 appellat
3247 3197 3257 3231 :
3286 3194 3408 3235 cum
3452 3182 3516 3234 ad
3556 3181 3750 3251 ipsum.

2163 3267 2338 3321 locum
2392 3270 2719 3332 venerimus,
2771 3268 2968 3323 ibidem
3024 3269 3350 3326 differentiae
3419 3274 3555 3328 ratio
3606 3274 3749 3328 caeli-

2164 3356 2595 3428 lirmamentique
2616 3358 2844 3424 dicetur,
2875 3373 2973 3412 cur
3001 3360 3164 3413 etiam
3209 3360 3607 3417 firmamentum
3630 3379 3733 3433 ap-

2162 3445 2413 3515 pellatum
2441 3448 2515 3503 sit
2543 3447 2760 3503 ccelum.
2786 3446 2937 3503 Nunc
2965 3459 3144 3504 autem
3172 3452 3281 3504 ait:
3307 3450 3548 3506 Tenebrw
3581 3464 3751 3507 erant

2159 3554 2319 3607 super
2357 3539 2620 3608 abyssum.
2647 3537 2776 3605 Qute
2801 3546 2887 3594 est
2942 3541 3169 3610 abyssus
3198 3541 3220 3593 ?
3245 3540 3335 3594 Illa
3371 3543 3626 3596 nimirum
3679 3546 3730 3599 in

2163 3643 2268 3697 qua
2321 3630 2427 3682 erit
2461 3628 2711 3683 diabolus
2736 3637 2790 3683 et
2821 3629 2995 3697 angeli
3025 3620 3140 3696 eius
3190 3630 3322 3699 (55).
3350 3632 3589 3701 Denique
3632 3638 3733 3689 hoc

2166 3715 2609 3793 manifestissime
2632 3724 2685 3770 et
2723 3716 2776 3767 in
2804 3715 3094 3784 Evangelio
3125 3716 3464 3784 designatur,
3496 3735 3615 3771 cum
3648 3720 3731 3773 di-

2165 3807 2307 3861 citur
2337 3808 2400 3861 de
2451 3807 2733 3861 Salvatore
2758 3806 2804 3836 "°
2845 3825 2857 3860 :
2895 3806 2958 3860 Et
3007 3811 3257 3879 rogabant
3312 3811 3575 3862 tltemonia
3616 3827 3731 3877 qua,-

2162 3898 2421 3967 ejiciebat,
2463 3916 2524 3952 ne
2561 3899 2769 3969 jubere!
2795 3914 2855 3951 ea
2913 3900 2989 3954 ire
3020 3902 3071 3953 in
3136 3902 3398 3969 abyssum.
3440 3900 3731 3968 Propterea

2163 4007 2293 4062 ergo
2326 3993 2465 4047 Deus
2499 3991 2660 4046 solvit
2695 3990 2968 4056 tenebras,
2998 3992 3215 4047 dicente
3241 3992 3520 4063 Scriptura
3553 3995 3595 4025 ⁷¹
3621 4012 3633 4047 :
3662 3991 3731 4046 Et

2162 4084 2297 4137 didt
2322 4082 2461 4137 Deus
2490 4100 2507 4137 :
2542 4081 2666 4136 Fiat
2698 4083 2826 4146 lux;
2860 4094 2905 4137 et
2926 4083 3070 4152 facta
3100 4095 3172 4138 est
3195 4085 3307 4138 luat.
3334 4085 3399 4139 Et
3424 4086 3550 4139 vidit
3587 4085 3726 4140 Deus

2156 4173 2344 4235 lucent,
2368 4177 2491 4245 quia
2514 4176 2647 4230 bona
2672 4187 2765 4234 est.
2792 4187 2838 4230 et
2862 4179 3034 4231 divisit
3066 4177 3201 4232 Deus
3241 4180 3374 4233 inter
3400 4182 3627 4234 medium
3653 4180 3735 4233 lu—

2153 4267 2225 4320 cis
2254 4277 2301 4319 et
2328 4268 2464 4322 inter
2492 4270 2718 4323 medium
2746 4270 3097 4324 tenebrarum.
3137 4269 3200 4323 Et
3227 4270 3331 4339 53
3361 4274 3561 4326 vocavit
3596 4273 3731 4326 Deus

2160 4354 2350 4419 lucem,
2373 4355 2509 4409 diem
2538 4373 2555 4420 ;
2591 4365 2638 4409 et
2680 4358 2918 4411 tenebras
2952 4362 3149 4410 vocavit
3185 4369 3403 4411 noctem.
3443 4356 3508 4411 Et
3535 4360 3731 4427 factum

2162 4457 2236 4500 est
2260 4463 2487 4516 vespere,
2511 4457 2558 4501 et
2585 4448 2783 4517 factum
2807 4459 2880 4502 est
2915 4465 3088 4512 mane,
3118 4451 3230 4504 dies
3261 4467 3385 4503 una.
3418 4451 3730 4505 Secundum

478 4553 572 4606 per
589 4537 855 4607 abyssum,
882 4548 926 4591 et
958 4537 1185 4607 Spiritus
1218 4540 1312 4592 Dei
1365 4521 1633 4607 ferebatur
1667 4552 1823 4607 super
1862 4552 2048 4603 aquas.
2088 4521 2400 4594 Dlitteram
2435 4538 2578 4593 Deus
2610 4550 2663 4592 et
2714 4541 2884 4594 lucem
2937 4552 3093 4596 vocat
3148 4545 3312 4610 dicm,
3362 4553 3416 4597 et
3477 4545 3732 4599 tenebras

480 4627 772 4685 Invisibilis
796 4640 850 4687 et
880 4633 1236 4699 incomposita
1280 4642 1420 4686 terra
1466 4640 1885 4698 eratantequam
1919 4630 2057 4683 Deus

481 4717 710 4785 diceret,
735 4718 860 4774 Fiat
887 4722 1000 4784 lux,
1027 4731 1081 4777 et
1111 4731 1399 4792 antequam
1433 4722 1700 4778 divideret
1722 4720 2055 4777 interluccm

483 4818 538 4860 et
567 4810 831 4873 tenebras,
865 4814 1162 4868 secundum
1198 4815 1340 4884 quod
1380 4816 1661 4870 sermonis'
1691 4816 1826 4869 ordo
1877 4814 2054 4867 decla-

480 4908 586 4954 rat.
609 4898 803 4954 Verum
825 4904 1077 4971 quoniam
1099 4905 1148 4958 in
1172 4905 1631 4975 consequentibus
1657 4904 2054 4960 ﬁrmamentum

565 5016 612 5048 ⁸⁵
646 5015 784 5087 Gen.
821 5033 1007 5080 xnvm,
1044 5018 1125 5073 ιιι.
1204 5020 1249 5051 ⁸⁵
1301 5021 1454 5087 lbid.,
1483 5020 1571 5075 20.
1651 5021 1694 5051 ⁸⁷
1728 5020 1863 5075 Gen.
1899 5038 2045 5087 sus,
2071 5022 2122 5076 9.

481 5087 571 5141 3|.
648 5087 695 5118 τ’
730 5086 867 5141 Gen.
896 5104 933 5150 t,
975 5090 1029 5148 5.
1069 5091 1121 5154 4,
1154 5091 1206 5144 5.

555 5177 664 5250 (50)
710 5178 951 5248 Ἰωσήφ.
997 5181 1301 5250 chcndum
1336 5182 1547 5238 videtur
1594 5182 1800 5236 Ἰακώϐ.

555 5249 667 5318 (5|)
700 5249 1093 5322 Κατεκλίθηςζ
1134 5253 1317 5307 Lectio
1334 5263 1417 5307 est
1442 5254 1767 5322 Aquila:,qui
1794 5252 1883 5307 ubi
1911 5250 2068 5305 LXX;

482 5327 761 5397 verterunt
783 5321 1074 5397 exuissem
1104 5321 1560 5397 suatpﬁfingripse
1608 5323 1880 5377 transtulit
1917 5322 2056 5391 κάμ-

481 5386 592 5461 ψαξ
616 5390 956 5461 κατεκλίθης.

556 5457 668 5527 (52)
696 5457 915 5514 Collatre
968 5470 1096 5515 sunt
1145 5461 1225 5515 ba:
1272 5461 1507 5517 hontilia:
1553 5477 1673 5516 cum
1712 5476 1841 5516 mss.
1882 5461 2053 5516 tribus

486 5528 920 5603 Turonensibus,
950 5541 1115 5603 atque
1152 5546 1255 5603 uno
1282 5532 1761 5603 Sangermancnsi,
1799 5530 2056 5603 unoABel-

486 5600 843 5661 vaccnsi,uno
879 5601 1266 5662 Gcmcticensi,
1297 5600 1420 5654 unn'
1444 5602 1753 5666 Rhemcnsi,
1793 5612 1845 5657 et
1885 5601 2055 5656 altero

490 5670 806 5739 monasterii
840 5671 1025 5726 Sancti
1060 5668 1378 5724 Theudorici
1410 5688 1575 5739 prope
1607 5674 1865 5727 lthcmos.

559 5737 672 5810 (55)
710 5738 783 5793 De
806 5752 922 5810 ortu
950 5739 1151 5801 mundi,
1183 5751 1228 5793 et
1252 5737 1427 5793 eorum
1470 5737 1587 5810 qum
1610 5743 1660 5793 in
1692 5744 1884 5794 mundo
1912 5750 2052 5793 sunt.

493 5805 762 5869 ιιι-ςοίυεο
817 5809 1136 5866 Βοιγκςοηδὶ
1171 5811 1357 5865 titulus
1384 5805 1523 5867 est:
1559 5808 1630 5866 De
1663 5811 1812 5864 initio
1846 5819 2055 5866 creatu-

2162 4640 2392 4685 noctem.
2426 4631 2737 4685 Secundum
2771 4633 3110 4701 spiritualum
3146 4634 3272 4690 vero
3318 4636 3730 4704 intelligentiam

2162 4722 2439 4776 videamus
2496 4724 2624 4785 quid
2673 4725 2737 4777 sit
2777 4728 2939 4791 qttml,
2978 4741 3099 4781 cmn
3160 4728 3298 4782 Deus
3333 4731 3383 4780 iu
3440 4726 3729 4786 initioillo,

2160 4817 2299 4885 quod
2339 4801 2587 4884 superius
2634 4818 2885 4881 diximus,
2923 4818 3112 4872 fecerit
3162 4820 3355 4871 cwlum
3402 4826 3456 4869 et
3506 4825 3729 4874 terram.

2159 4908 2358 4962 dixerit
2394 4920 2610 4978 quoque
2639 4918 2695 4961 ut
2727 4908 2812 4961 lux
2870 4909 3041 4973 ﬁeret,
3076 4920 3130 4961 et
3164 4909 3405 4963 diviserit
3438 4909 3578 4960 inter
3614 4920 3729 4959 tne-

2202 5024 2467 5079 “'Genes.
2503 5039 2539 5087 ι,
2567 5009 2627 5079 ἳ.
2702 5023 2745 5053 θ’
2775 5021 2929 5076 loati.
2982 5018 3096 5085 t,'l,
3123 5022 3176 5084 2,
3210 5021 3264 5073 5.
3374 5022 3417 5050 ⁷ο
3445 5019 3577 5075 Luc.
3610 5033 3731 5086 vm,

2162 5197 2341 5235 rarum
2376 5181 2490 5235 Dei.
3124 5210 3127 5213 -

2231 5250 2342 5321 (54)
2376 5251 2438 5304 1η
2467 5250 2743 5321 principio,
2775 5257 2880 5301 etc.
2904 5246 2971 5321 _ln
3008 5254 3198 5321 catena
3229 5244 3494 5321 Romana,
3532 5250 3727 5321 triplici

2162 5316 2350 5391 Regia,
2398 5316 2475 5373 el'
2506 5320 2674 5391 altera
2725 5332 2851 5391 qua;
2900 5316 3010 5391 fuit
3049 5316 3639 5391 cardinalisMazariui
3676 5326 3727 5375 in

2160 5385 2302 5464 hunc
2328 5388 2677 5464 versumsub
2714 5385 2929 5464 nomine
2965 5385 3223 5464 ςΛκακίου
3250 5388 3469 5464 degitur
3503 5408 3514 5442 :
3548 5392 3604 5443 ὲν
3632 5393 3730 5464 ἀρ-

2161 5462 2251 5531 κῇρ
2279 5468 2383 5531 θμτ·
2438 5457 2578 5531 ’0.δὲ
2625 5456 2901 5531 Ὠριγένης
2930 5456 3110 5531 sit?
3138 5459 3302 5531 ᾁρκῖιν
3332 5456 3578 5531 βούλεται
3608 5456 3732 5516 ἀντὶ

2165 5526 2276 5601 ἑῷ,
2310 5528 2365 5579 ἐν
2402 5526 2964 5601 σοφὴν-τουτέσπτῷ
2994 5527 3125 5599 Υἱῷ,
3152 5526 3317 5601 illud,
3352 5530 3727 5601 inprincipio.

2166 5585 2414 5722 grligenes
2443 5585 2630 5667 accipit
2658 5615 2751 5665 pro
2795 5615 2874 5665 eo,
2934 5585 2988 5654 in
3047 5585 3349 5672 sapientia,
3406 5585 3502 5653 It'oc
3543 5585 3729 5669 est',iiu

2191 5684 2229 5722 ιι
2258 5687 2329 5722 to.

2191 5684 2329 5723 'lllO.

2237 5740 2348 5810 (55)
2384 5740 2605 5810 Qua’gest
2628 5739 2882 5807 abyssus?
2905 5738 2996 5792 illa
3029 5739 3273 5793 nimirum
3296 5741 3345 5790 in
3369 5756 3472 5807 qua
3497 5742 3591 5793 erit
3619 5741 3734 5791 ilia-

2168 5808 2337 5878 bolus,
2364 5821 2466 5867 ας.
2508 5808 2563 5864 Iu
2590 5811 2773 5866 iisdem
2800 5810 3013 5867 Catenis
3041 5820 3218 5868 exstat
3247 5810 3346 5868 suh
3373 5812 3588 5863 nomine
3619 5812 3733 5863 Ato~
