4084 6214
493 411 594 464 147

1943 407 2263 473 οιιιοΕΝιδ

3627 402 3728 456 US

491 531 639 584 dium
666 529 801 585 lueis
834 537 889 584 et
913 531 1354 590 tencbrarum,et
1382 530 1652 584 vocaverit
1686 530 1857 584 lucem
1892 530 2060 594 diem,
2092 537 2134 589 Α
2167 533 2285 583 dus.
2352 531 2577 585 Studeat
2621 546 2750 599 ergo
2804 529 3174 598 unusquisque
3230 537 3479 582 nostrum
3533 525 3734 580 divisor

490 634 544 676 et
578 622 822 678 tenebras
864 632 1099 684 noctem,
1133 631 1188 675 et
1231 620 1428 676 dixerit
1457 622 1581 689 quia
1627 622 1830 677 factum
1871 633 1954 677 est
1980 638 2063 678 ve-

491 729 670 783 spere,
694 723 746 766 et
777 715 977 768 factum
1016 723 1099 767 est
1149 729 1306 768 mauc
1340 732 1356 768 :
1396 731 1499 769 non
1538 715 1694 780 dixit,
1723 715 1839 769 dies
1866 717 2056 782 prima,

489 805 586 856 sed
609 805 762 867 dixit,
797 803 912 858 dies
941 820 1067 858 una.
1095 804 1232 870 Quia
1254 815 1465 874 tempus
1499 805 1734 860 nondum
1761 815 1882 860 erat
1909 816 2062 860 aute-

489 908 650 960 quatn
706 905 848 950 esset
886 896 1131 948 mundus.
1182 894 1418 967 Tempus
1457 906 1636 950 autem
1674 911 1793 951 csse
1841 897 2062 965 iucmpit

487 1005 553 1044 ex
604 988 1071 1058 consequentibus
1123 987 1334 1044 diebus.
1365 987 1614 1043 Secunda
1646 1003 1876 1056 namque
1923 984 2058 1055 dies,

489 1090 544 1134 et
600 1083 763 1137 tertia
800 1081 934 1146 dies,
964 1091 1018 1134 et
1046 1090 1262 1149 quarta,
1291 1090 1344 1134 et
1377 1080 1597 1150 reliqme
1636 1093 1827 1134 omnes
1850 1089 2062 1149 tempus

483 1171 762 1240 incipiunt
802 1173 1103 1240 designare.

556 1261 610 1314 2.
674 1259 741 1314 Ει
811 1260 947 1314 dixit
984 1260 1124 1314 Deus
1177 1276 1194 1312 .'
1259 1260 2060 1328 lt‘iatﬁrmameuluminmedio

485 1369 638 1420 aqum
660 1393 672 1415 ,
702 1363 747 1405 et
780 1354 846 1406 sit
878 1353 1115 1406 dividens
1153 1354 1290 1405 inter
1340 1352 1569 1405 medium
1604 1369 1754 1423 aqua:
1797 1361 1845 1405 et
1886 1370 2056 1422 aqua'.

489 1442 551 1494 Et
583 1443 780 1512 factum
816 1445 1016 1498 estsic.
1067 1443 1133 1496 Et
1185 1443 1306 1511 fecit
1364 1443 1502 1498 Deus
1545 1445 1935 1511 ﬁrmamentum
1980 1445 2050 1497 ⁷⁸.

482 1537 614 1586 (Iunt
639 1535 752 1603 jam
779 1545 938 1590 antea
993 1535 1132 1590 Deus
1181 1534 1407 1590 fecisset
1439 1536 1662 1602 coelum,
1699 1549 1844 1588 nunc
1877 1534 2059 1588 ﬁrma-

485 1634 725 1678 mentum
771 1624 918 1680 t'ai-it.
970 1625 1122 1679 Fecit
1170 1627 1319 1680 enim
1379 1626 1576 1680 etelum
1605 1627 1773 1694 prius,
1827 1627 1894 1679 de
1953 1639 2059 1694 quo

482 1716 619 1768 dicit
648 1716 693 1746 ⁷³
733 1714 966 1771 :Ctelum
1005 1717 1130 1770 mihi
1172 1720 1317 1772 sedes
1358 1728 1455 1774 est.
1507 1717 1631 1773 Post
1686 1717 1815 1770 illud
1870 1729 2054 1770 autem

484 1807 884 1863 ﬁrmamentum
950 1807 1114 1874 facit,
1169 1811 1223 1865 id
1276 1821 1399 1895 est,
1458 1825 1780 1880 corporeum
1835 1811 2076 1865 coelumr

2174 638 2326 692 aqua:
2364 623 2500 679 ellici
2528 623 2646 692 ejus
2672 637 2791 691 quae
2825 631 2908 676 est
2945 636 3124 690 supra,
3153 629 3351 689 etquae
3379 626 3463 673 est
3491 616 3686 673 subtus
3718 635 3730 668 :

2171 732 2276 786 quo
2307 716 2514 771 scilicet
2548 713 2807 785 spiritalis
2842 729 2996 783 aqua:
3024 712 3376 776 intellectum,
3422 719 3475 764 et
3509 709 3736 778 partici-
3803 741 3807 745 -

2170 809 2316 877 pimn
2368 809 2589 876 capiens
2635 805 2750 874 ejus
2793 822 2914 876 qua:
2958 814 3043 860 est
3087 820 3252 874 supra
3309 803 3736 866 firmamentum,

2169 900 2388 966 ﬂumina
2421 901 2484 951 de
2510 907 2684 952 ventre
2709 912 2808 952 suo
2839 899 3034 952 educat
3069 914 3220 964 aqua!
3247 897 3374 950 vivae
3411 895 3648 950 salientis
3680 895 3738 948 in

2170 989 2326 1042 vitam
2367 1001 2613 1043 aeternam
2642 989 2710 1055 ⁷⁸,
2750 1000 3068 1059 segregatus
3115 989 3234 1042 sine
3273 987 3437 1041 dubio
3475 997 3530 1042 et
3586 1002 3736 1056 sepa-

2171 1088 2320 1135 ratus
2357 1081 2424 1135 ab
2464 1096 2526 1134 ea
2573 1096 2708 1148 aqua
2771 1095 2892 1150 quae
2939 1081 3129 1134 subtus
3168 1091 3272 1145 εει,
3355 1077 3406 1132 id
3438 1087 3541 1143 est,
3600 1093 3735 1148 aqua

2169 1173 2370 1242 abyssi,
2402 1173 2454 1227 in
2479 1187 2582 1240 qua
2611 1171 2854 1226 tenebrae
2880 1186 3004 1226 esse
3034 1171 3310 1235 dicuntur,
3347 1169 3397 1223 in
3443 1185 3548 1240 qua
3587 1171 3736 1240 prin-

2169 1282 2296 1336 ceps
2335 1267 2492 1336 hujus
2539 1266 2746 1330 mundi,
2781 1276 2838 1322 et
2869 1264 3211 1319 adversarius
3243 1264 3425 1329 draco,
3468 1273 3520 1318 et
3561 1263 3734 1334 angeli

2167 1356 2283 1426 ejus
2321 1357 2600 1420 habitant,
2644 1356 2786 1410 sicut
2825 1355 3078 1424 superius
3116 1355 3415 1410 indicatum
3452 1364 3555 1409 est.
3586 1352 3736 1408 Illius

2166 1463 2295 1518 ergo
2323 1463 2479 1518 aqua:
2521 1461 2773 1516 supernae
2821 1447 3146 1517 participio,
3194 1461 3313 1517 quae
3354 1460 3516 1514 supra
3567 1446 3735 1500 caelos

2165 1554 2286 1594 esse
2305 1539 2523 1605 dicitur,
2551 1539 2920 1606 unusquisque
2944 1538 3181 1592 tidelimn
3215 1539 3460 1594 coelesus
3483 1536 3735 1602 eﬂicitur,

2170 1632 2218 1684 id
2252 1639 2358 1694 est,
2392 1646 2518 1685 cum
2553 1645 2777 1686 sensum
2811 1646 2968 1685 suum
3001 1630 3164 1684 habet
3199 1631 3253 1684 in
3282 1629 3469 1685 arduis
3490 1638 3543 1684 et
3565 1630 3738 1686 excel-

2165 1725 2263 1788 sis,
2300 1723 2431 1777 nibil
2478 1725 2543 1778 de
2580 1734 2750 1788 terra,
2781 1722 2877 1778 sed
2911 1731 3082 1777 totum
3118 1721 3186 1776 de
3224 1721 3543 1776 ctelestibus
3579 1723 3735 1792 cogi-

2171 1825 2312 1878 tans,
2346 1831 2462 1883 qua:
2494 1831 2702 1868 sursum
2747 1822 2870 1868 sunt
2901 1804 3170 1884 qurerens,
3203 1812 3291 1865 ubi
3317 1811 3550 1868 Christus
3580 1822 3654 1865 est
3681 1815 3734 1866 in

481 1900 655 1956 Omne
680 1902 820 1955 enim
856 1918 1054 1972 corpus
1086 1881 1419 1958 lirmumvest
1453 1904 1572 1958 sine
1614 1904 1800 1968 dubio,
1837 1912 1894 1958 et
1929 1903 2058 1957 soli-
2092 1889 2132 1943 Β
2161 1905 2382 1957 dextera
2422 1903 2519 1957 Dei
2549 1901 2731 1957 Patris
2754 1904 2821 1957 ⁷⁷.
2861 1902 3013 1957 Tunc
3057 1901 3200 1954 enim
3232 1909 3288 1954 et
3315 1900 3429 1969 ipse
3468 1916 3530 1956 ea
3576 1901 3734 1953 laude

483 1993 648 2056 dum;
674 2004 727 2048 et
762 1995 863 2048 hoc
894 2005 977 2048 est
1011 1994 1155 2059 quod
1191 1993 1381 2047 dividit
1416 1995 1556 2049 inter
1587 2010 1784 2064 aquam
1827 2010 1948 2062 quin
1978 2003 2060 2048 est

481 2099 650 2153 super
688 2086 922 2149 caelum,
967 2099 1021 2142 et
1065 2103 1260 2157 aquam
1305 2104 1423 2157 quae
1453 2097 1536 2144 est
1572 2088 1673 2142 sub
1701 2088 1862 2143 coelo.
1921 2088 2058 2142 Cum

481 2176 629 2229 enim
683 2193 745 2230 ea
783 2193 930 2246 qum'
957 2178 1204 2234 facturus
1251 2191 1369 2234 erat
1400 2179 1562 2244 Deus,
1594 2194 1660 2232 ex
1695 2180 1886 2252 spiritu
1929 2194 2060 2234 con»

479 2275 695 2322 starent
730 2279 785 2323 ct
816 2285 1070 2336 corpore,
1104 2272 1208 2325 ista
1255 2274 1320 2324 de
1357 2287 1520 2324 causa
1568 2272 1619 2324 in
1669 2257 1960 2339 principio,
2002 2284 2058 2326 et

479 2371 608 2416 ante
637 2361 816 2416 omnia
854 2363 1054 2419 caelum
1102 2365 1306 2419 dicitur
1353 2363 1594 2427 factum,
1637 2363 1834 2434 idest,
1880 2363 2056 2416 omnis

479 2453 744 2519 spiritalis
788 2453 1093 2509 substantia
1142 2453 1312 2526 (56),
1362 2471 1526 2524 super
1587 2470 1749 2524 quam
1801 2453 1947 2508 velut
2002 2453 2054 2507 in

479 2547 680 2600 throno
744 2549 980 2616 quodam
1033 2556 1088 2603 et
1142 2549 1272 2603 sede
1335 2548 1476 2602 Deus
1527 2547 1839 2617 requiescit.
1909 2545 2055 2602 Istud

479 2645 659 2688 autem
703 2637 925 2702 caelum,
978 2638 1028 2692 id
1079 2647 1184 2698 est,
1237 2637 1675 2701 firmamentum,
1729 2653 2052 2706 corporeum

477 2737 581 2780 est.
635 2728 703 2782 Et
741 2729 863 2784 ideo
914 2729 1043 2784 illud
1097 2729 1313 2799 quidem
1361 2731 1592 2800 primum
1641 2728 1864 2790 cwlum,
1913 2730 2052 2798 quod

482 2815 729 2883 spiritale
773 2816 1032 2882 diximus,
1089 2833 1244 2874 mens
1279 2829 1464 2874 nostra
1507 2830 1611 2883 est,
1667 2837 1787 2899 qua:
1834 2822 2054 2890 et'ipsa

475 2905 702 2972 spiritus
731 2918 833 2973 est,
877 2910 928 2964 id
954 2917 1057 2976 est,
1102 2911 1367 2979 spiritalis
1394 2913 1557 2966 homo
1586 2925 1772 2967 ttOlel‘
1825 2915 2052 2968 interior

473 3006 559 3050 cst
587 2996 745 3070 (57),
779 3000 870 3064 qui
899 3002 1045 3056 videt
1074 3018 1140 3057 ac
1173 3005 1437 3074 perspicit
1470 3005 1657 3059 Deum.
1690 3006 1836 3061 Istud
1867 3016 2049 3060 autem

473 3090 768 3159 corporale
797 3091 996 3147 caelum
1033 3093 1178 3162 quod
1207 3094 1608 3149 ﬁrmamentum
1645 3095 1863 3161 dicitur,
1903 3105 2052 3151 exte-

2163 1993 2361 2062 dignus
2392 1992 2679 2047 habebitur
2701 2009 2730 2046 a
2756 1992 2886 2058 Deo,
2912 2008 3030 2062 qua:
3053 1993 3140 2047 hic
3165 1992 3423 2047 scribitur
3448 2001 3568 2045 Cum
3599 1991 3735 2046 dici-

2165 2092 2252 2138 tur
2277 2081 2424 2155 (58):
2459 2083 2523 2136 Et
2553 2085 2684 2138 vidit
2721 2084 2858 2138 Deus
2889 2085 3014 2154 quia
3055 2085 3242 2137 bonunt
3275 2093 3346 2137 est
3381 2083 3451 2137 ⁷³.
3489 2084 3733 2153 Denique

2161 2185 2218 2230 et
2246 2190 2309 2229 ea
2342 2191 2463 2245 qua:
2498 2177 2564 2229 de
2609 2176 2766 2230 tertia
2809 2176 2895 2231 die
2942 2175 2992 2228 in
3039 2173 3496 2244 consequentibus
3524 2175 3730 2230 descri-

2161 2270 2385 2334 buntur,
2435 2269 2487 2321 in
2531 2268 2672 2322 hunc
2710 2268 2956 2323 eumdem
3004 2267 3338 2322 conveniunt
3369 2268 3726 2323 intellectum.

2158 2358 2249 2412 Ait
2278 2357 2422 2412 enim
2448 2357 2493 2388 "
2527 2375 2539 2411 :
2570 2355 2635 2410 Et
2666 2356 2795 2411 didit
2832 2354 2972 2432 Deus
3002 2371 3019 2409 :
3052 2355 3409 2426 Congregetur
3438 2371 3576 2424 aqua
3612 2371 3732 2426 qua:

2159 2459 2234 2503 est
2286 2449 2381 2502 sub
2419 2447 2545 2502 caelo
2579 2449 2632 2501 iu
2659 2448 3112 2518 congregationem
3153 2463 3336 2506 unum.
3384 2458 3434 2501 et
3479 2459 3729 2517 appareat

2131 2540 2334 2596 rarida.
2360 2538 2427 2594 Et
2458 2538 2658 2608 factum
2685 2548 2759 2593 est
2791 2541 2881 2592 ita.
2905 2538 3011 2593 Nos
3032 2553 3160 2608 ergo
3187 2539 3491 2592 laboremus
3513 2552 3733 2607 congre-

2158 2646 2288 2701 gare
2321 2646 2517 2701 aquam
2555 2647 2673 2700 qua:
2717 2638 2803 2684 est
2844 2629 2946 2684 sub
2983 2629 3142 2694 εωιο,
3177 2637 3231 2682 et
3255 2627 3499 2694 abjicere
3537 2643 3656 2682 eam
3696 2646 3726 2683 a

2159 2721 2318 2776 nobis
2343 2761 2356 2786 ,
2387 2728 2464 2784 ut,
2512 2735 2631 2775 cum
2675 2719 2779 2773 hoc
2809 2717 3007 2772 factum
3039 2717 3224 2781 fuerit,
3262 2729 3522 2787 appareat
3556 2719 3728 2779 arida,

2160 2829 2279 2882 qua:
2310 2822 2436 2869 sunt
2467 2814 2522 2866 in
2549 2827 2716 2866 carne
2743 2821 2895 2884 gesta
2929 2826 3094 2889 opera
3129 2821 3336 2875 nostra,
3379 2826 3487 2881 quo
3522 2812 3730 2866 scilicet

2156 2906 2389 2959 videntes
2444 2906 2680 2958 homines
2742 2921 2898 2971 opera
2965 2913 3146 2957 nostra
3215 2903 3391 2970 bona,
3441 2904 3728 2974 glorificent

2159 2979 2375 3049 Patrem
2417 3006 2658 3050 nostrum
2687 2999 2774 3066 qui
2817 2996 2869 3048 in
2916 2995 3054 3049 caelis
3084 3004 3160 3049 est
3191 2994 3259 3052 “.
3288 2994 3345 3050 Si
3374 2997 3520 3051 enim
3549 3011 3723 3066 aquas

2157 3090 2290 3144 istas
2339 3105 2459 3158 qua:
2514 3097 2638 3143 sunt
2686 3089 2784 3144 sub
2835 3087 2974 3143 caelo
3026 3102 3132 3142 non
3183 3089 3620 3157 separaverimus
3690 3107 3720 3144 a

473 3180 592 3234 rior
647 3181 810 3236 homo
850 3191 1037 3238 noster
1081 3193 1194 3249 est,
1245 3186 1337 3257 qui
1375 3186 1735 3256 corporaliter
1789 3187 2046 3244 intuetur.
2079 3220 2120 3276 Ο
2157 3181 2337 3242 nobis,
2366 3180 2417 3234 id
2447 3190 2550 3241 est,
2579 3187 2801 3248 peccata
2834 3187 2887 3232 et
2920 3178 3048 3232 vitia
3080 3177 3327 3247 corporis
3359 3176 3548 3239 nostri,
3575 3177 3722 3232 arida

476 3271 636 3326 Sicut
687 3288 818 3342 ergo
865 3275 1265 3330 ﬁrmamentum
1312 3276 1508 3331 coelum
1554 3277 1883 3345 appellatqu
1941 3287 2045 3339 est,
2085 3267 2340 3350 'uostra
2381 3284 2486 3324 non
2518 3270 2720 3340 poterit
2762 3283 3050 3340 apparere,
3089 3283 3190 3324 nec
3229 3267 3429 3323 habere
3470 3269 3722 3324 ﬁduciam

472 3376 539 3415 ex
566 3375 632 3416 eo
657 3363 800 3432 quod
831 3362 1041 3417 dividat
1073 3365 1216 3419 inter
1241 3380 1336 3420 eas
1369 3380 1542 3434 aquas
1587 3382 1705 3434 quae
1735 3377 1862 3420 sunt
1886 3382 2049 3436 super

470 3452 676 3520 ipsum,
705 3463 756 3507 et
795 3470 891 3508 eas
922 3469 1040 3527 quin
1075 3456 1176 3510 sub
1218 3456 1334 3525 ipso
1367 3468 1492 3511 sunt
1531 3477 1542 3510 :
1573 3457 1645 3510 ita
1673 3467 1724 3511 et
1755 3458 1918 3512 homo
1952 3460 2044 3529 qui

470 3545 525 3597 iu
571 3559 800 3612 corpore
850 3545 1060 3613 positus
1115 3557 1218 3609 est,
1273 3549 1316 3600 si
1374 3546 1618 3601 dividere
1678 3549 1937 3616 potuerit,
1998 3560 2051 3602 et

469 3635 785 3690 discernere
848 3652 967 3704 qua:
1013 3638 1120 3691 sint
1173 3652 1326 3707 aqua!
1375 3653 1496 3711 quae
1559 3649 1688 3693 sunt
1740 3641 2050 3711 superiores

471 3740 637 3794 super
670 3726 1098 3791 ﬁrmamentum,
1147 3738 1201 3782 et
1231 3745 1352 3799 qum
1389 3734 1489 3784 sub
1517 3729 1864 3786 ﬁrmamento
1902 3741 2046 3795 sunt,

466 3819 636 3872 etiam
670 3819 786 3886 ipse
826 3819 1044 3881 ccel‘um,
1087 3821 1137 3872 id
1173 3828 1276 3887 est,
1303 3821 1548 3876 ctelestis
1583 3824 1768 3888 homo,
1809 3823 2047 3892 appella-

470 3909 637 3972 hitur,
683 3910 980 3962 secundum
1012 3912 1241 3975 apostoli
1288 3910 1437 3964 Pauli
1482 3916 1806 3968 sententiam
1857 3915 2045 3968 dicen-

469 4001 543 4053 tis
570 3999 617 4030 ⁷⁸
651 4017 664 4052 :
699 3997 900 4052 Nostra
943 4009 1121 4053 autem
1171 4002 1502 4054 conversatio
1543 4005 1597 4060 in
1641 4004 1783 4057 caelis
1823 4016 1918 4059 est.
1967 4005 2042 4057 Ita

468 4105 600 4158 ergo
626 4091 976 4144 continentur
1003 4090 1167 4144 verba
1212 4090 1326 4158 ipsa
1357 4091 1659 4161 Scriptor-ae
1692 4093 1738 4124 ⁷⁸
1764 4112 1777 4147 :
1815 4095 1880 4147 Et
1919 4087 2043 4162 [erit

466 4182 606 4233 Deus
647 4181 1058 4248 firmamentum,
1108 4190 1160 4234 et
1211 4181 1389 4236 divisit
1431 4184 1564 4237 inter
1619 4184 1843 4238 medium
1892 4202 2044 4255 aqua:

464 4289 582 4343 ιμιιε
612 4284 686 4327 est
714 4289 870 4340 super
893 4273 1308 4342 ﬁrmamentum,
1359 4285 1409 4330 et
1445 4275 1580 4329 inter
1618 4277 1848 4329 medium
1889 4295 2041 4348 aquae

463 4381 584 4432 qua:
605 4378 676 4419 est
709 4366 886 4419 subter
915 4366 1329 4434 ﬁrmamentum.
1365 4366 1431 4419 Et
1459 4368 1660 4420 vocavit
1685 4366 1826 4421 Deus
1857 4370 2042 4436 [irma-

466 4469 692 4510 mentum
746 4457 957 4512 carlum.
999 4455 1064 4509 Et
1108 4458 1233 4510 vidit
1280 4458 1420 4512 Deus
1447 4460 1572 4528 quia
1617 4459 1809 4514 bonum
1849 4473 1946 4526 est,
1990 4475 2038 4517 et

2153 3365 2484 3434 procedendi
2519 3364 2585 3417 ad
2632 3363 2832 3418 lucem.
2883 3361 3070 3415 Omnis
3119 3362 3258 3415 enim
3304 3363 3392 3432 qui
3414 3363 3562 3416 male
3588 3366 3722 3431 ag't,

2151 3457 2264 3511 odit
2317 3457 2506 3521 lucem,
2559 3467 2608 3510 et
2648 3474 2751 3511 non
2801 3457 2936 3511 venit
2977 3455 3046 3508 ad
3073 3453 3274 3522 lucem,
3316 3467 3368 3510 ut
3401 3475 3503 3512 non
3545 3455 3720 3512 mani-

2152 3549 2411 3615 festentur
2445 3546 2584 3618 (59)
2627 3563 2782 3617 opera
2832 3547 2968 3615 ejus,
3018 3558 3066 3601 et
3111 3549 3388 3602 videantur
3424 3547 3470 3600 si
3517 3548 3572 3601 in
3618 3547 3727 3600 Deo

2151 3650 2268 3694 sunt
2296 3651 2439 3710 gesta
2480 3641 2546 3693 θι.
2589 3639 2718 3707 Quae
2747 3640 2934 3708 utique
2965 3639 3159 3694 ﬁducia
3201 3656 3308 3695 non
3353 3640 3517 3694 aliter
3560 3640 3714 3694 dabi-

2152 3741 2257 3797 tur,
2288 3733 2389 3785 nisi
2420 3729 2560 3785 velut
2583 3744 2751 3799 aquas
2775 3729 3090 3794 abiiciamus
3116 3745 3145 3783 a
3191 3730 3350 3784 nobis
3386 3738 3440 3785 et
3466 3745 3715 3800 segrege-

2155 3839 2272 3876 mus
2303 3824 2432 3876 vitia
2465 3821 2733 3892 corporis,
2766 3835 2888 3890 qua:
2923 3831 3051 3876 sunt
3080 3820 3324 3876 materia:
3349 3830 3718 3890 peccatorum.

2149 3915 2269 3980 Quo,
2316 3915 2460 3968 facto
2503 3914 2616 3987 jam
2649 3913 2798 3967 arida
2831 3922 3022 3967 nostra
3047 3929 3151 3968 non
3185 3911 3523 3984 permanebit
3544 3912 3720 3978 arida,

2148 4005 2288 4063 sicut
2321 4021 2386 4059 ex
2427 4003 2886 4076 consequentibus
2916 4005 3242 4059 ostenditur.
3286 4005 3381 4059 Ait
3434 4003 3581 4060 enim
3625 4003 3718 4060 "2

2151 4097 2218 4150 Et
2249 4107 2565 4167 congregata
2593 4107 2669 4151 est
2697 4113 2836 4166 aqua
2880 4112 2998 4166 qua:
3022 4111 3100 4150 est
3130 4097 3224 4150 sub
3270 4097 3396 4152 caelo
3419 4097 3473 4152 in
3505 4114 3724 4168 congre-

2145 4190 2381 4259 gationes
2425 4205 2571 4253 suas,
2611 4197 2660 4242 et
2714 4189 2958 4259 apparuit
3004 4189 3179 4243 arida.
3225 4187 3294 4243 Et
3336 4191 3536 4244 vocavit
3578 4189 3722 4244 Deus

2146 4280 2353 4334 aridam
2386 4290 2614 4348 terram,
2671 4289 2717 4334 et
2754 4282 3186 4350 congregationes
3225 4297 3482 4352 aquarum
3522 4283 3721 4335 vacarit

2144 4373 2334 4425 maria.
2387 4371 2545 4426 Sicut
2586 4386 2714 4443 ergo
2742 4372 2892 4425 arida
2926 4372 3062 4439 haec,
3093 4382 3378 4444 segregata
3408 4387 3438 4425 a
3465 4387 3527 4426 se.
3553 4387 3718 4443 aqua,

2144 4461 2602 4536 quemadmodum
2637 4462 2890 4531 superius
2920 4461 3173 4530 diximus,
3206 4463 3347 4518 ultra
3380 4478 3486 4517 non
3517 4465 3721 4518 mansit

465 4549 664 4615 factum
707 4561 780 4604 est
819 4566 1043 4618 vespere,
1067 4563 1115 4604 et
1148 4550 1349 4618 factum
1388 4562 1460 4604 est
1496 4568 1667 4619 mane,
1699 4554 1809 4606 dies
1851 4571 2036 4610 secun-
2069 4576 2113 4631 ι)
2143 4558 2318 4621 arida,
2366 4557 2458 4612 sed
2495 4554 2608 4626 jam
2655 4565 2796 4610 terra
2840 4557 3194 4612 nominatur:
3227 4563 3326 4612 hoc
3353 4557 3512 4611 modo
3548 4557 3717 4610 etiam

535 4665 580 4697 τ’
609 4663 743 4725 Gen.
766 4685 804 4734 r,
826 4670 879 4724 6.

465 4734 757 4858 ;:)C0loss.
802 4752 882 4803 ιιι,
925 4738 974 4791 l.

462 4901 635 4975 δῴρου
673 4899 1035 4975 fragmentum
1083 4900 1224 4975 istud
1261 4917 1272 4952 :
1310 4901 1474 4975 Ei
1523 4902 1582 4952 τὸ
1632 4901 1819 4975 σκότος
1871 4906 1968 4974 οὐχ
2001 4907 2035 4975 ὴ

462 4969 571 5052 σςῶἶι
597 4969 864 5052 σῳμᾴξιιιν
895 4969 1028 5052 sxta.
1069 4971 1302 5052 simiai,
1351 4970 1486 5052 dare
1520 4972 1708 5052 νοητόν
1747 4989 1822 5052 et,
1884 4969 2038 5052 τάξ)τὲ

463 5041 646 5114 ἐςτιγὸ
667 5039 944 5114 ᾆιᾲϐολοςᾎ·
980 5039 1357 5114 grammar
1378 5040 1514 5114 φῷς,
1546 5039 1662 5114 πῶς
1683 5044 1860 5112 νοήσω
1881 5061 1903 5114 ;Α
1930 5042 2038 5114 ἄρα

460 5111 524 5162 τὸ
556 5110 828 5181 ἀληθινὸν,
877 5111 968 5165 τὸν
1004 5110 1167 5176 Υἱόν;
1198 5107 1276 5163 si
1297 5107 1400 5181 οὖν
1422 5111 1488 5163 ἂν
1535 5112 1693 5181 εἴπῃς
1720 5129 1732 5177 ;
1766 5107 1918 5165 Μετὰ
1947 5107 2038 5166 τ’ὺν

460 5179 710 5252 away”,
743 5183 854 5252 mi
875 5181 973 5250 τὴν
1003 5181 1126 5252 γῆν,
1165 5183 1258 5235 καὶ
1285 5180 1391 5252 τῂνγ
1416 5179 1671 5246 ἄϐυσσοι),
1705 5183 1798 5234 καὶ
1831 5182 1890 5236 τὸ
1918 5201 2037 5252 νοη-

459 5248 553 5302 τὸύ
592 5248 779 5312 σκότος
811 5250 902 5302 τὸν
932 5248 1196 5317 scaeam,
1236 5255 1264 5306 ὁ
1309 5248 1440 5313 Θεὸς
1472 5252 1682 5318 Λόγος-ς
1725 5252 1832 5303 Καὶ
1864 5253 1947 5316 τίς
1973 5248 2038 5306 ὃξν

460 5318 619 5372 τοῦτο
649 5321 1036 5389 συγχωρήσειε,
1066 5321 1170 5384 ἓως
1204 5321 1270 5376 ἂν
1303 5322 1394 5375 τὸν
1431 5319 1556 5375 νοῦν
1595 5319 1743 5389 {XI-2t;
1781 5321 1840 5376 Si
1864 5334 2036 5376 autem

460 5391 685 5460 tenebrat
708 5389 864 5460 dicta:
903 5398 1045 5460 sunt,
1073 5406 1174 5444 non
1215 5397 1487 5458 corporum
1515 5391 1721 5453 umbra,
1750 5395 1838 5444 sed
1869 5395 2022 5460 spiri-

460 5458 563 5512 tale
591 5458 1012 5529 quidpium,ltoc
1046 5469 1144 5521 est,
1185 5459 1426 5514 diabolus
1455 5476 1472 5513 :
1503 5460 1663 5524 istud,
1695 5480 1711 5510 ι
1735 5461 1835 5529 ﬁat
1860 5458 1968 5519 lux.
1997 5483 2015 5513 ι

458 5543 559 5590 quo
581 5539 730 5596 pacto
755 5527 1087 5596 intelligam?
1113 5544 1234 5581 num
1273 5531 1437 5583 lucem
1464 5547 1658 5594 verum,
1693 5527 1786 5584 hoc
1810 5542 1904 5593 est,
1933 5530 2027 5583 Fi-

458 5599 587 5648 lium
611 5599 634 5648 ξ’
666 5595 802 5669 Quid
823 5595 956 5669 ergo
995 5599 1134 5651 dices
1156 5600 1182 5650 Ρ
1222 5596 1348 5651 Post
1378 5600 1585 5665 caelum,
1623 5611 1836 5669 terram,
1870 5602 2024 5669 abys-

457 5683 596 5727 sunt,
622 5677 668 5717 et
702 5665 965 5731 spiritales
999 5671 1232 5721 tenebras
1263 5670 1558 5733 diabolum,
1594 5671 1691 5724 erit
1723 5668 1859 5723 Deus
1899 5665 2027 5722 Ver-

457 5741 575 5786 bum
596 5736 622 5787 ι
647 5735 796 5800 Quod
821 5736 936 5800 quis
964 5753 1065 5789 non
1096 5748 1264 5788 mente
1285 5748 1467 5805 captus
1490 5741 1800 5792 concesserit
1825 5743 1849 5792 ζ)
1887 5740 2023 5793 Tum

455 5817 769 5866 ttat-enarunt
811 5815 996 5865 auctor
1030 5807 1080 5859 id
1115 5806 1364 5862 observat
1401 5823 1413 5861 :
1447 5808 1617 5861 ἰστέον
1648 5809 1726 5860 ὅτι
1759 5808 1857 5876 τὴν
1894 5810 2033 5880 Ὠρι-

961 4666 1007 4702 ⁷η³
1046 4665 1170 4721 lsai.
1219 4683 1366 4731 ιιινι,
1409 4669 1459 4722 l.

1051 4737 1098 4769 ⁷⁸
1134 4736 1271 4794 Gen.
1310 4753 1349 4802 t,
1403 4739 1487 4794 10.

1568 4670 1611 4700 ⁷³⁵
1663 4669 1801 4724 Phil.
1845 4688 1925 4738 ιιι,
1965 4672 2060 4729 9.0.

1583 4740 1627 4769 ⁷³
1661 4740 1791 4794 Ibid.
1826 4743 1879 4797 9.

1955 4744 2000 4774 ⁸ο
2048 4743 2238 4800 Matth.
2280 4761 2330 4810 ν,
2385 4745 2467 4796 ιϐ.

2195 4677 2240 4707 ⁷⁸
2281 4676 2479 4731 Genes.
2526 4689 2564 4738 ι,
2615 4673 2666 4736 7,
2707 4672 2764 4729 8.
2877 4674 2923 4705 ⁷⁸
2955 4672 3111 4729 Joan.
3153 4687 3252 4736 vn,
3293 4672 3385 4739 38,
3423 4682 3478 4727 et
3510 4687 3585 4738 tv,
3628 4670 3716 4727 14.

2567 4743 2609 4774 ⁶¹
2666 4739 2823 4798 Joan.
2871 4759 2947 4809 ιιι,
2988 4744 3079 4797 20.
3193 4745 3238 4775 "
3281 4743 3478 4799 Geues.
3523 4757 3562 4808 ι,
3597 4742 3629 4797 9
3663 4751 3718 4796 et

2144 4903 2333 4974 γένους
2375 4899 2809 4974 δόξαν-ἐλέγχει,
2845 4900 3016 4966 οὕτως
3044 4901 3464 4974 ᾼὲρμηνεύοντος.
3532 4902 3717 4956 Scien-

2145 4970 2271 5026 dum
2299 4983 2374 5024 est
2408 4970 2744 5041 (Diodorum)
2773 4988 2984 5042 carpere
3025 4970 3267 5041 Οιῖιιζιειιίδ
3293 4974 3604 5042 sententiam
3627 4975 3716 5042 qui

2145 5045 2219 5096 sic
2258 5054 2367 5094 erat
2398 5040 2789 5105 interpretatus.
2833 5040 3094 5095 Caeterum
3134 5043 3235 5096 hoc
3271 5043 3388 5098 loco
3417 5042 3505 5097 ubi
3535 5040 3715 5097 Gene-

2147 5111 2376 5182 brardus
2399 5110 2614 5182 Ahabct,
2666 5110 2908 5182 diabolus
2955 5120 3004 5164 et
3029 5113 3243 5182 angelus
3268 5113 3403 5182 ejus,
3436 5113 3628 5167 tuelius
3660 5112 3713 5166 in

2149 5196 2277 5250 mss.
2297 5179 2526 5250 legitur,
2558 5181 2800 5234 diabolus
2831 5188 2881 5233 et
2906 5182 3079 5250 angeli
3102 5179 3238 5250 ejus.

2217 5249 2352 5319 (56)
2384 5248 2568 5302 Omnis
2595 5249 2848 5322 spiritalis
2878 5248 3179 5320 substantia
3201 5260 3340 5318 ,etc.
3379 5251 3452 5306 De
3471 5260 3715 5322 tempore

2146 5318 2255 5386 qui,»
2281 5334 2497 5373 onmem
2526 5318 2824 5384 spiritalem
2855 5318 3220 5376 substantiam
3258 5337 3287 5375 a
3319 5323 3429 5377 Deo
3463 5318 3710 5376 creatam

2144 5389 2398 5461 opinatus
2429 5389 2499 5442 sit
2529 5388 2812 5461 Origenes,
2843 5391 3080 5461 disputat
3106 5393 3444 5446 clarissimus
3485 5391 3714 5446 lluetius

2133 5457 2595 5528 Grigenianorum,
2627 5457 2720 5510 lib.
2751 5473 2810 5521 tl,
2835 5457 3024 5528 quaest.
3056 5460 3111 5526 Β,
3141 5478 3285 5515 ιιιιιιι.
3315 5462 3370 5514 ‘3.
3491 5521 3496 5525 4

2205 5526 2350 5599 (57)
2379 5598 2382 5599 ν
2407 5526 2647 5599 Interior
2687 5538 2780 5582 est.
2825 5526 2881 5583 id
2920 5531 3259 5586 desideratur
3290 5532 3342 5586 in
3380 5531 3505 5585 libb.
3547 5541 3711 5584 antea

2133 5599 2263 5651 edit.
2295 5597 2388 5650 sed
2418 5597 2612 5666 legitur
2639 5598 2692 5651 in
2735 5613 2868 5654 mss.

2210 5667 2352 5736 (58)
2385 5666 2509 5722 Mss.
2544 5670 2744 5722 dicitur
2777 5708 2793 5731 ,
2826 5669 2954 5722 libb.
2983 5669 3148 5735 editi,
3175 5671 3322 5724 dicit.

2208 5738 2345 5818 (59)
2374 5736 2526 5791 Libb.
2563 5749 2722 5818 antea
2755 5739 2907 5801 editi,
2939 5750 2991 5792 ut
3022 5741 3076 5792 in
3108 5759 3168 5794 ea
3197 5741 3708 5814 manifestentur,at

2135 5817 2365 5876 quatuor
2397 5822 2526 5864 ωδε.
2559 5819 2616 5862 ιιι
2646 5817 2697 5863 ill
2726 5820 2910 5864 HOSU'U
2938 5819 3105 5864 lCSlll.
