4180 6216
531 273 633 343 m

1721 287 1788 345 IN
1829 287 2129 345 GENESIM
2170 286 2453 343 ﬂOMlLlA
2491 290 2531 344 1.

3669 284 3769 337 tuo

525 412 719 457 nostra
750 416 1009 472 corpora,
1034 402 1077 459 si
1113 401 1225 457 haec
1250 401 1319 458 ab
1363 403 1451 460 eis
1479 408 1786 478 segregatio
1827 409 1939 472 fiat,
1978 408 2089 476 jam
2122 408 2167 463 Α
2198 407 2338 462 illius
2363 406 2571 463 fructus
2594 446 2608 467 ,
2651 414 2811 461 actus
2832 407 2999 461 nostri
3030 407 3119 476 qui
3152 422 3215 461 ex
3251 407 3391 462 bono
3442 402 3622 458 cordis
3670 416 3770 454 uo-

526 505 643 547 non
669 496 1058 561 permanebunt
1091 494 1261 561 arida,
1305 496 1399 550 sed
1449 506 1587 552 terra
1646 500 2089 569 appellabuntur,

534 599 606 638 ex
639 599 709 640 eo
727 586 865 654 quod
905 585 1135 640 fructum
1165 587 1273 642 Deo
1315 587 1461 643 ferre
1483 585 1597 655 jam
1622 598 1896 658 poterunt.
1946 590 2091 657 Quo-

545 675 690 728 niam
733 676 947 745 quidem
972 678 1024 731 in
1053 677 1205 734 initio
1228 680 1372 735 Deus
1395 679 1591 734 ctelnm
1619 679 1748 736 fecit
1781 692 1834 735 et
1858 693 2088 737 terram:

527 775 713 833 postea
743 784 875 824 vero
904 770 1033 826 fecit
1068 771 1472 828 ﬁrmamentum
1522 781 1578 829 et
1612 773 1840 829 aridam.
1883 775 1947 830 Et
1996 774 2109 845 [ξι--Δ

527 867 862 913 mamentum
889 862 1109 930 quidem
1143 862 1356 918 vocavit
1388 862 1611 927 coelum,
1643 864 1853 919 donans
1880 867 1929 919 ei
1969 865 2089 935 ejus

521 946 646 998 (‘tBll
703 947 848 1017 quod
904 957 1032 1005 ante
1074 960 1357 1006 creaverat
1410 965 1629 1007 nomen.
1684 952 1905 1007 Aridam
1960 969 2090 1008 vero

521 1036 818 1105 appellavit
843 1049 1064 1107 terram,
1087 1056 1187 1111 pro
1221 1057 1287 1098 eo
1312 1045 1454 1112 quod
1482 1044 1533 1100 ei
1563 1044 1876 1100 facultatem
1904 1044 2087 1099 feren-

520 1128 716 1185 darum
740 1129 1011 1186 fructuum
1045 1132 1361 1205 largiretur.
1393 1133 1449 1190 Si
1484 1135 1605 1205 quis
1630 1150 1761 1207 ergo
1792 1152 1889 1191 sua
1930 1136 2087 1205 culpa

520 1219 708 1274 aridus
738 1220 916 1277 adlmc
939 1232 1139 1288 manet,
1174 1235 1232 1279 et
1264 1224 1498 1280 fructum
1531 1226 1738 1281 nullum
1775 1227 1883 1298 55.
1910 1225 2085 1291 atiert,

523 1311 621 1366 sed
648 1313 829 1381 spinas
862 1322 915 1368 et
944 1315 1191 1381 tribulos,
1224 1318 1369 1372 velut
1400 1318 1538 1387 ignis
1560 1333 1715 1373 escas
1741 1332 1956 1387 gerens,
1996 1332 2087 1372 se-

522 1402 756 1465 cundum
787 1419 847 1459 ea
874 1421 992 1476 quze
1016 1421 1083 1461 ex
1108 1422 1167 1463 se
1192 1410 1437 1478 protulit,
1464 1408 1633 1463 etiam
1653 1409 1770 1477 ipse
1797 1422 1920 1463 esca
1950 1409 2089 1477 ignis

518 1490 768 1549 efﬁcitur.
810 1494 865 1550 Si
900 1511 1029 1551 vero
1071 1499 1251 1551 studio
1285 1508 1344 1551 et
1376 1497 1657 1568 diligentia
1697 1513 1795 1552 sua
1822 1498 2087 1568 separatis

508 1595 583 1637 ex
640 1598 700 1639 se
744 1584 903 1653 aquis
955 1584 1170 1654 abyssi,
1221 1586 1313 1653 qui
1364 1595 1488 1640 sunt
1524 1586 1828 1642 daemonum
1868 1603 2081 1653 sensus,

512 1674 763 1730 exhibuit
789 1690 849 1731 se
877 1685 1077 1730 terram
1108 1676 1468 1740 fructiferam,
1498 1678 1657 1733 debet
1680 1694 1900 1749 sperare
1935 1682 2082 1735 simi-

513 1761 609 1826 lia,
649 1763 795 1831 quod
840 1770 893 1815 et
953 1763 1066 1831 ipse
1106 1764 1477 1820 introducatur
1533 1780 1561 1819 a
1615 1765 1724 1822 Deo
1771 1768 1823 1822 in
1874 1779 2073 1825 terram

514 1850 768 1907 ﬂuentem
800 1852 884 1909 lac
907 1864 962 1910 et
991 1854 1113 1910 mel.

586 1942 639 1995 5.
684 1941 971 1998 Videamus
1004 1954 1183 1999 autem
1215 1960 1281 2001 ex
1333 1947 1797 2015 consequentibus
1820 1952 1909 2018 qui
1951 1964 2077 2006 sunt

520 2037 746 2100 fructus,
770 2052 905 2106 quos
930 2041 1231 2107 producere
1286 2040 1424 2095 Deus
1450 2040 1607 2108 jubet
1638 2050 1840 2097 terram
1881 2044 2074 2112 ipsam,

507 2129 597 2181 cui
644 2129 756 2197 ipse
783 2130 883 2185 hoc
916 2127 1110 2184 nomen
1143 2130 1391 2187 indulsit.
1440 2132 1511 2186 Et
1546 2133 1696 2197 vidit,
1758 2134 1933 2203 inquit
1992 2136 2037 2167 ⁸³
2059 2177 2074 2200 ,

506 2216 646 2272 Deus
674 2221 798 2288 quia
824 2222 1009 2277 bonum
1035 2235 1132 2289 est,
1163 2233 1211 2276 et
1244 2225 1379 2278 dixit
1411 2225 1547 2279 Deus
1577 2242 1597 2279 :
1630 2225 1899 2280 Producat
1931 2237 2073 2281 terra

503 2310 715 2365 herbam
762 2312 887 2381 [uni
927 2331 1102 2370 semen
1144 2318 1451 2370 seminantis
1485 2319 1769 2372 secundum
1811 2335 1972 2389 genus
2025 2330 2071 2371 et

497 2403 785 2457 secundum
826 2406 1277 2472 similitudinem,
1337 2418 1384 2462 et
1460 2408 1665 2478 lignum
1734 2410 2071 2479 {ructiferum

496 2489 700 2558 faciens
729 2494 994 2565 fructum,
1033 2498 1184 2567 cujus
1216 2515 1391 2553 semen
1433 2510 1509 2554 est
1555 2501 1609 2553 in
1643 2500 1754 2569 ipso
1784 2503 2069 2555 secundum

495 2582 898 2639 similitudinem
919 2603 974 2641 st.
983 2604 1074 2656 per
1099 2598 1295 2643 terram
1321 2606 1338 2642 :
1364 2598 1411 2643 et
1430 2588 1628 2659 factum
1648 2601 1723 2645 est
1746 2592 1846 2650 sic.
1862 2592 2070 2646 Secun-

498 2671 626 2726 dum
655 2672 891 2729 litteram
915 2677 1190 2732 manifesti
1224 2691 1357 2735 sunt
1379 2680 1592 2735 fructus
1617 2697 1755 2752 quos
1793 2691 1935 2737 terra
1964 2698 2066 2738 non

501 2760 652 2814 arida
690 2766 961 2832 producit.
1005 2766 1108 2821 Sed
1147 2767 1344 2823 iterum
1368 2768 1671 2825 referamus
1716 2773 1782 2825 ad
1828 2788 1947 2826 nos.
2010 2772 2067 2827 Si

492 2852 607 2920 jam
658 2852 789 2909 facti
839 2871 1028 2913 sumus
1061 2868 1225 2924 terra,
1282 2863 1326 2915 si
1360 2861 1479 2931 jam
1526 2878 1629 2918 non
1672 2878 1859 2919 sumus
1889 2864 2064 2930 arida,

500 2942 797 3002 aﬂ‘eramus
835 2947 1045 3005 fructus
1086 2951 1285 3008 uberes
1329 2962 1383 3008 et
1417 2955 1664 3010 diversos
1713 2956 1852 3021 Deo,
1904 2966 1961 3011 ut
2013 2966 2065 3012 et

504 3054 604 3095 nos
653 3040 1038 3098 benedicamur
1089 3060 1118 3098 a
1159 3044 1321 3101 Patre
1365 3046 1577 3102 dicente
1617 3048 1661 3078 ⁸⁸
1694 3062 1710 3103 :
1747 3048 1881 3104 Ecce
1934 3052 2065 3104 odor
2090 3080 2136 3140 ε

491 3130 593 3198 ﬁlii
624 3133 724 3186 mei
746 3133 879 3187 sicut
906 3136 1036 3189 odor
1056 3138 1172 3206 agri
1205 3138 1367 3207 pleni,
1393 3155 1544 3209 quem
1581 3142 1849 3196 benedixit
1882 3142 2066 3197 Domi-

494 3238 591 3276 nus
614 3240 641 3285 ;_
686 3235 741 3279 et
771 3225 898 3281 illud
941 3230 1086 3298 quod
1133 3230 1212 3285 ait
1267 3232 1558 3300 Apostolus
1612 3237 1951 3306 compleatur
1992 3238 2060 3292 in

493 3314 649 3367 nobis
675 3315 721 3347 ⁸⁸
746 3335 759 3370 :
790 3316 948 3372 Terra
983 3322 1120 3374 enim
1158 3323 1419 3388 excipiens
1446 3324 1745 3394 frequenter
1777 3329 2060 3382 venientem

491 3419 651 3471 super
672 3423 727 3459 se
755 3408 995 3474 imbrem,
1020 3420 1067 3463 et
1095 3428 1350 3479 generans
1369 3414 1584 3467 herbam
1611 3428 1961 3484 Opportunum
1995 3420 2060 3473 iis

489 3509 524 3543 ιι
548 3495 730 3561 quibus
752 3497 965 3563 colitur,
988 3502 1237 3568 percipiet
1282 3503 1663 3559 benedictiones
1698 3524 1729 3560 a
1758 3506 1890 3561 Deo.
1929 3507 2061 3574 Qua:

492 3599 614 3637 vero
640 3587 823 3653 spinas
860 3597 909 3641 et
940 3589 1156 3643 tribulos
1191 3591 1414 3659 profert,
1447 3596 1666 3661 reprobo
1695 3606 1793 3660 est,
1820 3606 1868 3650 et
1899 3599 2059 3653 male-

489 3673 633 3725 dicto
658 3676 924 3743 proxima,
953 3678 1103 3748 cujus
1128 3680 1252 3747 ﬁnis
1274 3691 1353 3735 est
1376 3683 1428 3736 in
1462 3686 1815 3741 adustionem.

556 3761 611 3815 4.
647 3760 712 3820 Et
738 3768 988 3833 produxit
1013 3780 1152 3825 terra
1177 3772 1389 3826 herbam
1436 3772 1562 3841 [teni
1592 3791 1767 3831 semen
1796 3779 2061 3833 seminam

485 3854 556 3906 tis
621 3858 907 3912 secundum
952 3876 1113 3929 genus
1170 3873 1219 3917 et
1283 3865 1569 3919 secundum
1630 3868 2054 3937 similitudinem,

484 3955 533 3997 et
557 3944 753 4015 lignum
800 3949 1131 4018 (ructiferum
1168 3954 1379 4023 faciens.
1409 3956 1663 4025 fructum,
1697 3961 1849 4030 cujus
1880 3977 2057 4018 seuseu

485 4036 538 4088 in
570 4037 686 4105 ipsa
708 4039 915 4108 faciens
952 4044 1184 4111 fructum
1224 4050 1513 4102 secundum
1556 4067 1719 4119 genus
1758 4069 1917 4118 super
1945 4065 2052 4108 ter-

487 4142 619 4180 rant.
650 4126 716 4183 Et
746 4132 874 4185 vidit
909 4133 1048 4189 Deus
1082 4140 1208 4207 quia
1263 4138 1454 4193 bonum
1497 4152 1594 4205 est,
1644 4154 1689 4196 et
1735 4144 1931 4212 factum
1979 4158 2052 4201 est

486 4232 713 4289 vespere,
762 4232 810 4276 et
859 4224 1059 4292 factum
1107 4240 1181 4284 est
1231 4247 1405 4294 mane,
1448 4233 1561 4287 dies
1609 4237 1766 4291 tertia
1812 4238 1879 4292 ⁸⁸.
1937 4240 2049 4294 Non

484 4307 658 4363 solum
695 4310 849 4380 jubet
891 4324 1051 4372 terra:
1088 4319 1333 4388 proferre
1382 4320 1605 4378 herbam
1638 4324 1791 4393 fami,
1854 4332 1947 4399 sed
1996 4342 2052 4385 ct

2198 497 2296 550 stri
2320 498 2573 552 thesauro
2587 496 2935 567 proferuntur
2961 497 3092 567 (60).
3122 497 3176 551 Si
3207 512 3336 551 vero
3364 496 3617 550 audimus
3646 494 3769 563 qui-

2196 587 2318 642 dem
2361 588 2608 652 verbum,
2643 598 2700 643 et
2730 604 2797 642 ex
2825 587 3012 642 auditu
3037 587 3217 640 statim
3253 595 3608 641 terra-nostro
3642 600 3768 653 pro-

2195 676 2343 730 ducit
2384 675 2626 739 herbam,
2669 686 2724 731 et
2763 677 2875 731 hazc
2909 677 3073 729 herba
3102 682 3393 742 antequam
3433 677 3501 729 ad
3539 675 3767 728 maturi-

2196 773 2360 821 tatem
2400 767 2484 820 vel
2517 766 2582 821 ad
2623 768 2859 821 fructum
2901 766 3104 830 veniat,
3140 766 3365 829 aruerit,
3397 775 3533 820 terra
3578 773 3759 819 nostra

2193 865 2413 925 petrosa
2455 857 2836 926 appellabitur.
2867 858 3081 911 Si-vero
3112 872 3177 912 ea
3210 872 3330 926 qua:
3360 857 3611 910 dicuntur
3639 871 3765 925 pm-

2193 946 2532 1000 fundioribus
2564 947 2811 1001 nitantur
2844 947 2897 1000 in
2932 947 3099 1002 corde
3148 955 3334 999 nostro
3356 947 3654 1009 radicibus,
3687 949 3761 1003 ita

2192 1045 2249 1089 ut
2290 1044 2346 1090 et
2392 1036 2624 1089 fructum
2668 1052 2891 1106 operum
2943 1034 3187 1099 aﬂ'erant,
3230 1044 3285 1089 et
3341 1035 3546 1091 semina
3603 1037 3655 1092 in
3702 1054 3763 1094 se

2196 1126 2436 1181 habeant
2481 1128 2811 1192 futurorum,
2852 1138 2982 1182 tunc
3024 1143 3154 1184 vere
3194 1127 3619 1196 uniuscujusque
3665 1145 3765 1183 no-

2191 1227 2363 1271 strum
2388 1227 2531 1273 terra
2548 1218 2844 1274 secundum
2866 1220 3117 1275 virtutem
3142 1234 3295 1274 suam
3327 1218 3481 1273 aliert
3503 1218 3759 1287 fructum,

2193 1308 2299 1363 alia
2338 1311 2720 1377 centesimum,
2772 1312 2876 1366 alia
2932 1312 3353 1382 sexagesimum,
3402 1310 3505 1365 alia
3541 1312 3759 1379 trigesi-

2194 1417 2343 1455 mum
2369 1403 2438 1456 ⁸⁷.
2464 1404 2568 1459 Sed
2596 1415 2650 1458 et
2682 1405 2809 1458 illud
2838 1404 3238 1459 admonendum
3256 1405 3569 1460 necessario
3600 1405 3759 1459 duxi-

2192 1508 2330 1559 mus,
2378 1503 2435 1548 ut
2477 1495 2685 1551 fruetus
2716 1507 2899 1551 noster
2951 1511 3219 1567 nusquam
3282 1497 3512 1559 zizania,
3552 1498 3601 1549 id
3652 1506 3755 1560 est,

2191 1599 2459 1654 nusquam
2504 1586 2688 1641 lolium
2721 1588 2959 1641 habeat:
2992 1598 3049 1642 ut
3077 1588 3287 1643 fructus
3334 1597 3515 1641 noster
3548 1602 3651 1641 non
3688 1588 3759 1641 sit

2186 1688 2344 1731 secus
2380 1678 2543 1743 viam,
2592 1679 2685 1732 sed
2730 1678 2783 1731 in
2823 1678 2936 1748 ipsa
2989 1680 3179 1745 via,in
3233 1679 3320 1734 illa
3376 1694 3495 1749 qua:
3535 1677 3755 1739 dicit”.

2183 1767 2295 1836 Ego
2338 1784 2455 1821 sum
2502 1769 2608 1833 via,
2652 1771 2977 1837 seminctur,
3038 1772 3225 1841 utique
3278 1771 3328 1825 in
3390 1785 3472 1832 ea.
3521 1784 3587 1823 nc
3624 1785 3757 1824 aves

2180 1858 2301 1914 coeli
2370 1860 2665 1914 comedaut
2720 1860 2929 1915 fructus
2989 1873 3245 1927 nostros,
3309 1875 3484 1931 neque
3540 1861 3753 1914 vineam

2181 1957 2441 2003 nostram.
2471 1951 2528 2003 Si
2565 1953 2688 2019 quis
2714 1960 2895 2005 tamen
2928 1962 3173 2006 nostrmn
3208 1954 3363 2008 vinea
3392 1968 3516 2006 esse
3541 1966 3752 2005 merue-

2181 2038 2286 2102 rit,
2310 2039 2491 2093 videat
2523 2054 2589 2093 ne
2624 2053 2726 2108 pro
2756 2054 2860 2093 uva
2912 2040 3106 2094 all‘erat
3139 2043 3360 2111 spinas;
3423 2051 3472 2095 et
3533 2052 3754 2111 propter

2182 2129 2285 2183 hoc
2325 2129 2441 2196 jam
2500 2144 2605 2184 non
2652 2131 2958 2199 putabitur,
3021 2146 3197 2201 neque
3264 2132 3517 2196 fodietur,
3577 2148 3753 2201 neque

2180 2224 2535 2277 mandabitur
2571 2224 2806 2278 nubibus
2836 2232 2893 2276 ut
2918 2224 3103 2292 pluant
3141 2238 3307 2291 super
3327 2237 3443 2277 eam
3476 2224 3749 2293 pluviam:

2176 2316 2273 2369 sed
2306 2328 2338 2368 e
2368 2315 2648 2369 contrario
2693 2315 3043 2386 relinquetur
3066 2316 3281 2371 deserta
3302 2359 3327 2383 ,.
3356 2328 3413 2371 ut
3442 2319 3753 2374 increscant

2175 2420 2337 2473 super
2365 2421 2484 2459 eam
2518 2406 2704 2476 spina.

2242 2498 2299 2552 5.
2356 2497 2487 2552 l’ost
2542 2500 2657 2554 haec
2714 2514 2843 2553 vero
2891 2499 3001 2568 jam
3052 2501 3462 2555 ﬁrmamentum
3507 2511 3751 2560 meretur

2173 2592 2334 2646 etiam
2392 2590 2749 2646 luminaribus
2791 2592 3065 2646 adornari.
3128 2594 3215 2646 Ait
3263 2594 3407 2647 enim
3464 2592 3603 2648 Deus
3645 2595 3690 2626 ⁸⁸
3729 2613 3743 2647 :

2173 2683 2337 2739 Fiant
2365 2685 2651 2739 luminaria
2677 2686 2731 2738 in
2754 2685 3083 2753 ﬁrmamento
3113 2686 3249 2748 caeli,
3276 2699 3331 2739 ut
3355 2690 3559 2741 luceant
3591 2703 3748 2755 super

2172 2786 2387 2840 terram,
2437 2788 2484 2830 et
2529 2776 2769 2831 dividant
2798 2780 2933 2831 inter
2970 2778 3108 2830 diem
3130 2790 3175 2830 et
3214 2786 3441 2831 noctem.
3502 2778 3654 2830 Sicut
3687 2778 3743 2829 in

2173 2869 2513 2923 firmamento
2556 2869 2661 2923 isto
2716 2872 2864 2938 quod
2908 2869 3021 2937 jam
3050 2868 3248 2923 caelum
3280 2866 3456 2922 fuerat
3508 2868 3745 2937 appella-

2174 2968 2310 3024 tum,
2339 2961 2498 3028 jubet
2530 2962 2670 3017 Deus
2704 2962 2819 3015 lieri
2870 2961 3183 3022 luminaria,
3229 2969 3283 3015 ut
3316 2959 3562 3014 dividant
3600 2962 3743 3015 inter

2171 3054 2405 3108 inedium
2434 3053 2538 3108 diei
2571 3063 2624 3107 et
2664 3054 2838 3108 noctis
2870 3070 2883 3105 :
2920 3051 2991 3105 ita
3023 3062 3079 3105 et
3109 3053 3161 3105 in
3189 3052 3348 3108 nobis
3385 3052 3502 3106 ﬁeri
3539 3062 3738 3120 potest:

2168 3142 2214 3197 si
2257 3151 2437 3201 tamen
2466 3142 2783 3198 studeamus
2812 3152 2869 3197 et
2904 3158 3002 3198 nos
3030 3143 3217 3198 vocari
3254 3150 3307 3197 et
3334 3141 3690 3198 eﬂici-cmlum
3716 3160 3733 3195 ε

2167 3231 2453 3287 luminaria
2493 3233 2816 3289 habebimus
2849 3235 2901 3288 in
2934 3235 3125 3300 nobis,
3151 3248 3270 3303 quas
3296 3235 3596 3288 illuminent
3621 3251 3738 3295 nos,

2165 3318 2445 3373 Christum
2502 3330 2556 3373 et
2612 3320 2913 3375 Ecclesium
2976 3322 3114 3389 ejus.
3172 3322 3288 3390 Ipse
3332 3332 3417 3377 est
3459 3325 3602 3377 enim
3645 3325 3736 3378 lux

2165 3410 2506 3478 mundi,.qui
2560 3421 2615 3464 et
2646 3411 2945 3467 Ecclesiam
2982 3413 3250 3467 illuminat
3275 3429 3371 3470 sua
3413 3414 3549 3469 luce.
3585 3414 3740 3471 Sicut

2163 3501 2307 3556 enim
2351 3501 2477 3557 luna
2516 3503 2583 3557 de
2615 3503 2728 3559 sole
2750 3502 2953 3558 dicitur
2982 3504 3483 3573 perciperelumeu,
3533 3518 3591 3563 ut
3634 3525 3731 3580 per

2161 3592 2333 3661 ipsam
2366 3594 2528 3647 etiam
2556 3594 2855 3665 noxpossit
2886 3593 3218 3661 illuminari;
3255 3598 3333 3651 ita
3376 3610 3429 3654 et
3457 3601 3726 3667 Ecclesia,

2161 3692 2414 3753 suscepto
2469 3684 2674 3739 lumine
2724 3685 2954 3750 Christi,
3016 3685 3288 3742 illuminat
3332 3705 3521 3747 omnes
3550 3695 3641 3760 qui
3679 3696 3733 3747 in

2162 3774 2484 3843 ignorantiae
2523 3783 2680 3829 nocte
2725 3786 3038 3830 versantur.
3095 3775 3150 3830 Si
3197 3792 3324 3833 vero
3375 3781 3496 3847 quis
3543 3783 3595 3835 in
3630 3784 3732 3837 hoc

2162 3865 2438 3935 proficiat,
2470 3875 2529 3920 ut
2557 3864 2668 3933 jam
2702 3865 2843 3921 filius
2887 3866 2981 3921 Dei
3024 3865 3315 3933 elﬁciatur,
3344 3870 3427 3924 sic
3462 3882 3514 3924 ut
3545 3874 3597 3924 in
3642 3874 3731 3926 die

2158 3958 2384 4011 honeste
2415 3958 2670 4021 ambulet,
2696 3958 2850 4027 quasi
2878 3958 3020 4014 [ilius
3048 3958 3163 4023 Dei,
3186 3968 3241 4013 et
3272 3960 3416 4015 ﬁlius
3449 3965 3620 4018 lueis:
3642 3966 3729 4019 hic

2156 4050 2224 4102 ab
2250 4048 2368 4117 ipso
2393 4047 2611 4103 Christo
2632 4048 2973 4105 illuminatur
3005 4052 3145 4105 sicut
3174 4051 3342 4108 diesa
3379 4054 3513 4108 sole.

2228 4143 2280 4196 6.
2332 4138 2402 4194 Et
2435 4142 2536 4195 sint
2569 4144 2621 4195 in
2648 4142 2797 4211 signa
2840 4153 2888 4196 et
2926 4153 3179 4211 tempora,
3216 4156 3262 4199 et
3314 4147 3369 4199 in
3416 4148 3525 4200 dies
3567 4161 3613 4201 et
3672 4150 3729 4202 in

2159 4249 2377 4287 annos:
2422 4243 2471 4287 et
2527 4232 2659 4301 ﬁant
2709 4234 2778 4287 ad
2830 4234 3237 4289 illuminandum
3283 4238 3336 4290 in
3393 4238 3725 4307 ﬁrmamento

2153 4324 2290 4389 caeli,
2332 4334 2385 4377 ut
2409 4323 2616 4378 luceant
2641 4340 2797 4392 super
2848 4335 3065 4378 terram.
3106 4326 3171 4379 Et
3213 4328 3412 4395 [actum
3448 4340 3519 4383 est
3548 4333 3623 4384 sic
3654 4333 3739 4384 νθ..

482 4416 666 4457 semen
698 4406 963 4473 proferre,
1011 4419 1069 4464 ut
1104 4426 1317 4479 semper
1351 4414 1582 4471 fructum
1622 4422 1792 4487 possit
1817 4422 2037 4482 all'crre.

2171 4417 2308 4471 Sicut
2352 4417 2646 4472 luminaria
2682 4418 2789 4472 ista
2838 4419 2987 4484 cteli,
3047 4435 3167 4489 quae
3232 4422 3498 4489 videmus,
3547 4425 3720 4492 posita

480 4489 544 4543 Et
573 4507 681 4548 non
712 4496 1054 4567 solumjubet
1081 4502 1281 4572 lignum
1323 4504 1695 4575 fructiferum,
1737 4513 1831 4566 sed
1870 4522 1923 4567 et
1967 4515 2045 4568 fa-

405 4638 449 4687 ,1
479 4582 632 4639 ciens
660 4601 869 4655 semen,
906 4590 1063 4659 cujus
1098 4607 1281 4648 semen
1328 4596 1380 4650 in
1430 4596 1549 4666 ipso
1593 4610 1696 4666 est.
1745 4606 2043 4660 secundum

476 4687 666 4741 genus,
698 4677 748 4732 id
779 4689 880 4744 est,
913 4691 971 4735 ut
997 4698 1212 4753 semper
1240 4701 1303 4740 ex
1336 4688 1422 4743 his
1460 4691 1794 4760 seminibus,
1835 4712 1954 4766 quae
1989 4699 2041 4751 in

476 4779 537 4819 se
565 4766 749 4835 habet,
787 4770 1021 4827 fructum
1061 4778 1240 4844 possit
1285 4777 1503 4835 alerre.
1552 4782 1619 4838 Et
1660 4799 1760 4841 nos
1798 4800 1927 4857 ergo
1965 4789 2038 4843 ita

476 4856 737 4915 debemus
762 4871 816 4916 et
857 4863 1187 4923 fructificare
1222 4866 1481 4937 fructum,
1514 4883 1569 4928 et
1601 4878 1808 4932 semina
1839 4856 2039 4936 habere

474 4948 531 5003 in
560 4950 718 5006 nobis
747 4952 898 5022 ipsis,
948 4956 999 5010 id
1047 4963 1445 5025 est,omnium
1499 4965 1764 5023 bonorum
1815 4984 2035 5039 operum

471 5042 827 5114 omniumque
849 5046 1104 5103 virtutum
1129 5053 1335 5107 semina
1367 5053 1618 5111 in.corde
1646 5066 1831 5113 nostro
1863 5064 2038 5116 conti-

472 5147 649 5197 nere_:
683 5144 741 5188 ut
772 5137 883 5192 haec
916 5138 1177 5198 habentes
1206 5143 1313 5199 lixa
1350 5145 1404 5200 in
1440 5150 1711 5205 mentibus
1742 5154 1943 5209 nostris
1970 5170 2041 5210 es

467 5221 732 5291 ipsisjam
764 5243 959 5285 omnes
986 5244 1172 5299 actus,
1216 5238 1319 5305 qui.
1344 5238 1677 5295 incurrerint
1716 5243 1905 5308 nobis,
1950 5262 2035 5299 se-

466 5317 700 5371 cundum
723 5319 989 5389 justitiam
1028 5343 1300 5397 geramus.
1335 5331 1424 5387 isti
1460 5344 1587 5389 sunt
1623 5336 1765 5389 enim
1810 5340 2035 5394 seminis

532 5455 579 5487 ⁸³
617 5456 749 5511 Gen.
780 5476 821 5514 ι.
874 5462 942 5515 10
981 5475 1036 5519 et
1068 5466 1153 5523 ll.
1213 5468 1258 5499 ”
1284 5470 1418 5524 Gen.
1467 5490 1638 5540 xxv",
1666 5476 1759 5530 27.
1836 5478 1880 5509 ⁸⁸
1913 5478 2043 5533 lleh.

532 5523 682 5580 loan.
723 5545 832 5596 xiv,
885 5533 941 5589 6.
1015 5536 1060 5567 "
1087 5535 1223 5592 Gen.
1256 5555 1293 5602 t,
1332 5540 1415 5595 Η.
1492 5544 1539 5575 ⁸⁸
1581 5544 1712 5603 Ibid.
1742 5547 1807 5601 14
1832 5558 1886 5603 et
1922 5549 2007 5605 i5.

2177 5482 2213 5533 7
2246 5491 2299 5535 et
2335 5481 2387 5534 8.
2465 5479 2511 5511 ⁸⁸
2543 5481 2679 5536 Gen.
2718 5498 2763 5547 ι,
2800 5481 2861 5535 1‘2
2890 5494 2944 5539 et
2976 5484 3063 5540 15.

2176 5550 2332 5605 loan.
2373 5567 2409 5605 t.
2457 5550 2509 5605 8.

2150 5567 2332 5614 una",
2373 5567 2409 5615 ι,
2457 5567 2509 5605 δ.

459 5525 503 5557 ⁸⁸
524 5523 682 5580 loan.
723 5545 832 5596 xiv,
885 5533 941 5589 6.
1015 5536 1060 5567 "
1087 5535 1223 5592 Gen.
1256 5523 1308 5602 1,7
1332 5540 1415 5595 Η.
1832 5558 1886 5603 et

2150 4518 2277 4565 sunt
2309 4510 2360 4564 in
2397 4509 2549 4579 signa
2578 4517 2633 4564 et
2672 4510 2724 4564 in
2756 4522 3022 4582 tempora,
3058 4522 3115 4569 et
3162 4513 3278 4569 dies
3331 4524 3383 4569 ct
3432 4530 3626 4583 annos,
3665 4530 3724 4570 ut

2148 4603 2364 4658 luceant
2401 4602 2467 4657 de
2508 4601 2852 4660 firmamento
2882 4607 3005 4662 coeli
3054 4606 3140 4661 his
3182 4608 3271 4676 qui
3309 4622 3474 4677 super
3518 4618 3720 4663 terrain

2149 4701 2275 4747 sunt
2308 4713 2319 4748 :
2352 4693 2456 4748 hoc
2495 4695 2655 4749 modo
2688 4696 2851 4749 etiam
2885 4696 3141 4754 Christus
3179 4700 3488 4754 illuminans
3534 4699 3718 4752 Eccle-

2148 4783 2283 4838 siam
2332 4798 2509 4849 suam,
2564 4784 2719 4855 signa
2754 4787 2846 4840 dat
2879 4804 2973 4857 per
3012 4800 3285 4859 prmcepta
3322 4805 3415 4842 sua
3447 4798 3540 4841 :ut
3582 4790 3723 4844 scias

2150 4876 2420 4943 quomodo
2458 4875 2579 4943 quis
2632 4888 2853 4946 accepto
2889 4879 3045 4949 signo
3089 4880 3262 4947 fugiat
3302 4881 3369 4933 ab
3408 4880 3487 4932 ira
3527 4895 3717 4947 super-

2147 4978 2399 5030 veutura,
2445 4969 2523 5022 uti
2566 4985 2631 5023 ne
2654 4970 2768 5024 dies
2794 4970 2881 5023 illa
2914 4971 3058 5024 sicut
3088 4971 3173 5023 [υτ
3205 4984 3329 5024 cum
3359 4972 3733 5037 comprehen...

2146 5059 2239 5113 dat
2274 5077 2289 5113 ;
2324 5061 2417 5115 sed
2452 5069 2509 5113 ut
2535 5062 2707 5128 magis
2741 5062 3027 5129 pervenire
3062 5059 3233 5127 possit
3264 5061 3316 5114 in
3350 5076 3549 5114 annum
3602 5063 3718 5116 Dom

2147 5152 2275 5206 mini
2310 5152 2724 5220 acceptabilcm.
2758 5152 3018 5206 Christus
3038 5164 3167 5219 ergo
3201 5158 3288 5203 est
3316 5151 3410 5205 tua:
3434 5169 3550 5206 vera
3592 5171 3711 5225 qua:

2143 5247 2409 5299 illuminat
2449 5263 2653 5299 omnem
2684 5245 2943 5297 hominem
2983 5242 3267 5296 venientem
3312 5246 3366 5298 in
3396 5247 3533 5299 hunc
3558 5265 3723 5301 multa

2140 5343 2268 5393 dum
2302 5339 2344 5368 "
2367 5355 2379 5402 ;
2406 5337 2648 5404 cxcujus
2676 5338 2877 5392 lumine
2917 5338 3215 5396 illuminata
3250 5341 3509 5408 Ecclesia,
3530 5344 3721 5418 ,tiam.

3143 5486 3189 5518 ⁸⁷
3238 5487 3431 5543 Matth.
3462 5505 3580 5557 sm,
3611 5490 3713 5550 23.

538 5657 684 5732 (60)
716 5661 797 5717 1ιέ
823 5666 953 5720 bona
988 5674 1161 5724 cordis
1198 5675 1364 5726 nostri
1396 5675 1660 5731 thesauro.
1695 5678 1783 5735 Sic
1810 5680 2008 5739 habent
2033 5699 2187 5751 mss,
2219 5684 2463 5755 impressi
2495 5699 2637 5753 vero,
2660 5702 2722 5739 rx
2745 5688 2889 5744 bonis
2919 5691 3091 5746 cordis
3123 5692 3289 5749 nostri
3307 5692 3607 5749 thesauri».
