2090 3108
255 129 303 156 illi

994 128 1154 156 ORIGENIS

1823 128 1873 162 152

251 187 307 220 ipsa
322 187 364 213 lux
378 186 468 214 mundi
478 187 605 219 edicitur,
622 187 779 215 illuminans
794 194 842 215 eos
854 188 898 222 qui
922 188 948 214 in
963 192 1036 214 teuc-
1052 190 1074 217 Α
1088 187 1236 214 secundum
1253 186 1390 221 propriam
1407 193 1484 212 suam
1506 187 1643 213 virtutem.
1658 187 1712 213 Aut-
1725 185 1796 214 cnim
1810 194 1869 215 cum

249 233 307 259 bris
319 236 382 259 sunt
402 241 410 258 :
423 233 492 260 sicut
513 237 540 260 et
563 234 619 268 ipse
631 233 758 261 Christus
772 237 940 260 contestatur
953 233 1033 259 disci-

249 277 319 310 pulis
341 277 399 305 suis
422 277 517 305 dicens
535 279 557 294 "
576 288 583 305 ε
605 277 656 305 Vos
668 279 731 305 estis
745 278 790 304 lea:
805 279 905 304 mundi.
928 278 966 304 Ex
981 285 1034 312 quo

247 323 414 356 ostenditur,
428 324 493 358 quia
511 324 638 352 Christus
657 324 764 358 quidem
779 322 822 349 lux
843 327 885 349 est
899 323 1033 357 apostolo-

248 375 320 401 rum,
337 368 452 403 apostoli
470 376 534 397 vero
554 370 597 396 lux
616 370 719 395 uuimli.
735 368 785 403 Ipsi
807 369 877 394 enim
897 372 958 394 sunt
979 374 1031 394 nou

247 415 384 443 habentes
395 414 529 442 maculam
540 415 579 440 vel
598 423 699 448 rugam,
715 419 760 440 aut
784 414 886 447 aliquid
905 413 1032 447 hujusce-

247 463 333 496 modi,
352 469 416 490 vera
436 461 555 488 Ecclesia
573 470 577 485 :
592 462 659 486 sicut
675 466 701 486 et
730 460 878 494 Apostolus
907 459 973 486 dicit
986 459 1031 486 ⁰⁸ι

247 506 283 534 Ut
299 508 355 542 ipse
363 507 412 535 sibi
424 507 542 533 exhibeat
557 507 699 540 gloriosam
717 506 863 532 Ecclesium
876 514 927 532 non
940 506 1034 532 haben—

248 559 298 579 tem
312 552 455 583 maculam,
467 556 514 577 aut
527 559 631 586 rugam,
654 556 700 578 aut
716 551 817 586 aliquid
835 551 997 581 huiusmodi.

283 599 308 624 7.
326 597 362 623 Et
381 597 442 631 fecit
458 595 528 622 Deus
543 596 596 622 duo
611 595 757 622 luminaria
773 604 868 631 magna
882 604 891 622 :
905 596 1033 623 luminare

245 643 332 676 majus
351 642 377 667 in
394 641 574 675 principatum
596 641 665 674 diei;
694 647 718 669 et
741 642 875 668 luminare
894 643 981 669 minus
1006 642 1032 668 in

244 688 421 721 principatum
433 688 528 720 noctis,
545 693 569 714 et
594 688 694 715 stellas.
715 688 747 714 Et
763 688 849 722 posuit
864 696 894 715 ea
916 688 986 715 Deus
1002 689 1029 715 in

244 733 409 766 ﬁrmamento
418 731 487 763 caeli,
496 738 522 758 ut
534 733 639 759 luceant
650 741 727 766 super
737 738 833 759 terram
846 737 871 759 et
880 737 1033 766 potestatem

247 777 359 804 habeant
371 778 424 804 diei
437 782 463 804 et
475 778 570 811 noctis,
582 782 607 804 et
616 779 736 804 dividant
753 779 820 805 inter
829 778 943 804 medium
953 778 1032 809 lucis,

245 828 269 849 et
283 824 353 850 inter
369 822 422 858 55
441 824 554 850 medium
571 824 746 850 tenebrarum.
762 823 796 850 Et
808 823 871 850 vidit
884 823 955 851 Deus
970 824 1032 857 quia

1088 232 1173 258 turbis
1185 231 1309 259 venimus
1321 232 1354 258 ad
1365 238 1441 263 eum,
1455 235 1482 258 et
1498 238 1547 266 per
1558 231 1699 266 parabolas
1713 238 1762 259 nos
1776 233 1870 265 reﬁcit,

1085 277 1117 303 ad
1139 277 1188 304 hoc
1211 278 1400 304 tantummodo
1417 283 1451 303 ne
1473 276 1568 303 multis
1580 277 1691 311 jejuniis
1716 277 1872 305 deﬁciamus

1086 323 1111 349 in
1127 323 1169 348 via
1188 332 1194 350 :
1214 327 1261 349 aut
1279 328 1353 350 certe
1368 330 1478 357 semper
1500 327 1529 350 et
1547 323 1730 350 indesinenter
1753 323 1813 357 ejus
1827 330 1874 357 pe-

1085 366 1163 393 dibus
1178 366 1333 394 a’ssidemus
1346 367 1380 400 ",
1397 371 1527 394 vacantes
1541 367 1575 394 ad
1598 368 1649 394 hoc
1674 366 1761 393 solum
1777 372 1808 393 ut
1826 375 1874 394 au-

1085 412 1191 439 diamus
1205 413 1318 440 verbum
1344 413 1413 448 ejus,
1440 420 1610 448 nequaquam
1634 413 1785 447 perturbati
1806 420 1874 448 erga

1086 458 1199 485 multum
1220 458 1414 491 ministerium,
1434 460 1480 486 sed
1502 459 1629 494 optimam
1647 462 1750 492 partem
1768 457 1872 492 eligen-

1086 509 1136 535 tes,
1149 512 1209 539 quae
1230 512 1284 531 non
1301 504 1442 532 auferetur
1461 504 1630 533 ambissit
1651 503 1744 538 utique
1764 504 1811 538 qui
1831 504 1873 532 sic

1084 550 1218 577 accedunt
1236 550 1270 577 ad
1291 558 1363 583 eum,
1387 551 1473 578 multo
1493 549 1611 585 amplius
1633 556 1667 576 ex
1690 550 1749 584 ejus
1770 549 1872 577 lumine

1085 600 1301 630 consequuntur.
1324 595 1352 622 Si
1368 603 1433 623 vero
1457 596 1527 623 sicut
1541 596 1656 630 apostoli
1672 603 1804 630 nusquam
1817 604 1873 623 om-

1085 641 1151 668 nino
1167 649 1324 668 moveamur
1339 642 1373 668 ab
1395 649 1437 673 eo,
1457 641 1503 669 sed
1525 648 1633 676 semper
1649 649 1709 669 cum
1723 649 1756 669 eo
1768 649 1874 676 perma-

1086 694 1198 714 neamus
1215 687 1241 714 iu
1263 688 1388 715 omnibus
1412 681 1635 715 tribulationibus
1649 688 1718 722 ejus,
1740 693 1803 715 tunc
1823 696 1873 715 no-

1085 733 1126 760 bis
1140 739 1251 760 secreto
1267 740 1310 764 ea,
1323 740 1384 767 quae
1397 733 1429 759 ad
1446 734 1539 760 turbas
1558 733 1664 760 locutus
1681 734 1779 765 luerat,
1793 740 1873 767 expo-

1085 778 1135 810 nit,
1146 783 1234 811 atque
1249 778 1386 810 dissolvit,
1397 781 1429 805 ‘et
1443 778 1529 806 multo
1543 778 1643 806 clarius
1659 778 1795 806 illuminat
1811 785 1870 806 nos.

1086 823 1113 850 Si
1136 830 1200 851 vero
1213 825 1294 851 etiam
1315 824 1375 851 talis
1387 825 1450 859 quis
1464 824 1555 856 fuerit,
1574 829 1601 850 ut
1618 825 1740 858 possitet
1757 825 1783 852 in
1797 831 1873 852 mon-

245 870 342 896 bonum
353 874 390 896 est
403 877 412 895 :
424 875 447 896 et
458 870 555 904 factum
571 875 608 896 est
622 878 734 904 vespere,
751 875 775 895 et
787 870 884 903 factum
903 875 940 896 est
959 877 1034 896 mane
1050 858 1072 888 Β
1088 874 1141 895 tem
1159 869 1308 895 ascendere
1325 877 1389 895 cum
1404 876 1437 896 eo
1457 869 1528 896 sicut
1544 869 1651 900 Petrus,
1665 874 1691 896 ct
1704 869 1829 903 Jacobus,
1844 874 1872 898 ct

243 916 300 942 dies
311 920 406 950 quarta
414 915 448 943 ".
460 915 536 943 Sicut
547 915 586 943 sol
595 920 622 943 et
630 915 692 942 luna
705 922 802 950 magna
812 916 954 942 luminaria
963 916 1032 943 dicta

244 966 309 988 sunt
322 968 381 988 esse
396 961 421 988 in
436 961 608 988 ﬁrmamento
623 961 702 994 caeli;
718 961 753 987 ita
770 966 797 988 et
814 961 839 987 iu
863 961 939 987 nobis
956 959 1031 987 Chri-

243 1013 302 1034 stus
316 1012 343 1034 et
357 1007 491 1035 Ecclesia.
507 1007 560 1035 Sed
577 1007 706 1041 quoniam
724 1007 806 1034 etiam
821 1006 916 1034 stellas
941 1008 966 1033 in
987 1007 1031 1032 ﬁr-

244 1058 381 1081 mamento
404 1053 493 1087 posuit
513 1053 595 1084 Deus,
613 1052 754 1080 videamus
778 1060 839 1086 quin
860 1057 922 1079 sunt
949 1053 1032 1079 etiam

243 1100 269 1126 iu
286 1100 364 1126 nobis
378 1099 475 1130 stellas.
488 1099 514 1126 id
532 1102 582 1130 est,
603 1099 628 1125 in
644 1098 735 1125 cordis
755 1098 840 1125 nostri
856 1098 938 1125 coelo.
957 1098 1032 1133 Moy-

242 1151 288 1172 ses
310 1145 387 1172 stella
408 1149 451 1172 est.
471 1145 496 1171 in
514 1145 603 1176 nobis,
625 1152 685 1179 qua:
707 1144 778 1171 lucet
791 1148 819 1171 et
836 1144 969 1171 illuminat
984 1151 1033 1172 nos

243 1191 349 1219 aclibus
363 1191 472 1218 suis.Et
486 1191 635 1224 Abraham,
650 1190 738 1223 Isaac,
749 1195 776 1217 et
788 1189 885 1223 Jacob,
899 1195 926 1217 et
936 1190 1031 1222 Isaias,

241 1244 269 1265 et
282 1237 424 1270 Ieremias,
444 1242 471 1265 et
495 1237 633 1270 Ezechiel,
656 1242 684 1265 ct
706 1236 799 1268 David,
815 1241 843 1263 et
867 1237 961 1264 Daniel
982 1246 987 1263 :
1005 1241 1033 1264 ct

242 1292 337 1311 omnes
352 1284 452 1318 quibus
469 1283 612 1318 Scriptura
634 1288 728 1311 sancta
748 1283 932 1311 testimonium
947 1283 1031 1315 dedit,

240 1329 306 1364 quia
322 1329 474 1363 placuerint
488 1330 554 1357 Deo.
575 1329 650 1356 Sicut
664 1330 736 1357 enim
753 1329 828 1357 stella
840 1329 871 1355 ab
888 1329 964 1355 stella
979 1328 1031 1362 dif-

242 1377 292 1410 fert
307 1376 335 1402 tu
347 1376 467 1403 claritate
481 1376 515 1409 ³³,
528 1376 563 1403 ita
578 1376 660 1404 etiam
673 1381 831 1404 sanctorum
845 1376 1031 1410 unusquisque

242 1422 391 1449 secundum
405 1422 619 1457 magnitudinem
643 1429 719 1449 suam
742 1422 830 1448 lumen
851 1429 928 1449 suum
943 1422 1031 1449 fundit

242 1472 269 1498 in
285 1479 344 1499 nos.
360 1471 438 1499 Sicut
454 1477 543 1499 autem
559 1472 639 1499 solet
655 1471 719 1498 luna
740 1471 895 1498 illuminant
915 1477 1030 1504 corpora

242 1521 334 1544 nostra
348 1526 354 1543 :
369 1517 406 1544 ita
419 1522 446 1545 et
459 1525 473 1544 a
485 1517 595 1545 Christo
609 1521 689 1552 atque
704 1517 824 1544 Ecclesia
842 1516 1031 1544 illuminantur

242 1568 349 1591 utentes
364 1567 475 1591 nostrae.
496 1563 535 1590 lta
552 1569 641 1591 tamen
669 1563 864 1596 illuminamur,
880 1563 901 1589 si
924 1570 976 1590 non
993 1562 1031 1589 si-

242 1617 303 1636 mus
317 1609 453 1636 mentibus
467 1609 542 1637 caci.
555 1609 621 1641 Nam
634 1609 705 1637 sicut
718 1609 759 1636 sol
773 1614 798 1636 et
813 1609 875 1636 luna
886 1607 1031 1643 corporali-

243 1655 293 1681 bus
309 1654 395 1682 oculis
412 1661 500 1683 caecos
512 1654 636 1689 quamvis
659 1654 809 1687 illustrem,
825 1654 862 1681 illi
883 1658 973 1681 tamen
992 1660 1032 1680 re-

241 1700 336 1734 cipere
358 1699 449 1727 lumen
469 1708 523 1727 non
545 1703 678 1735 possunt;
698 1701 733 1727 ita
759 1705 786 1728 et
804 1700 929 1728 Christus
944 1698 1030 1726 lucem

242 1753 320 1772 suam
335 1745 597 1780 praestat-mentibus
618 1745 729 1778 nostris,
747 1745 794 1773 sed
809 1746 845 1773 ita
860 1746 968 1773 demum
984 1753 1032 1772 uos

245 1792 417 1824 illuminabit,
438 1792 461 1820 si
491 1800 662 1828 nequaquam
689 1792 797 1820 caecitas
824 1792 923 1820 mentis
947 1792 1032 1827 impe-

244 1839 311 1864 diat.
325 1837 401 1870 Quod
415 1838 498 1865 etiam
514 1838 536 1865 si
552 1839 656 1867 accidat
672 1839 769 1874 primo,
789 1842 897 1873 oportet
919 1845 966 1865 eos
985 1838 1030 1872 qui

246 1884 312 1910 caeci
324 1888 388 1911 sunt
401 1884 476 1918 sequi
491 1884 640 1917 Christum,
653 1885 773 1911 dicentes
783 1889 808 1911 cl
824 1884 973 1912 clamantes
987 1884 1010 1900 "
1024 1893 1030 1911 :

244 1929 370 1956 Miserere
385 1930 467 1962 nobis,
482 1930 523 1963 ﬁli
538 1930 636 1962 David,
656 1935 688 1957 ut
705 1931 787 1957 etiam
804 1931 891 1957 visum
917 1931 950 1957 ab
973 1931 1032 1964 ipso

246 1975 421 2010 recipientes,
447 1976 552 2010 possint
578 1975 708 2010 deinceps
731 1979 758 2002 ct
785 1975 854 2003 lucis
868 1975 928 2011 ejus
945 1975 1032 2010 splen-

245 2021 311 2048 dore
329 2021 439 2048 radiari.
457 2019 555 2047 Verum
578 2027 633 2047 non
658 2020 798 2055 aequaliter
812 2028 907 2048 omnes
927 2020 974 2055 qui
996 2021 1033 2048 vi-

245 2068 310 2094 dent
326 2067 514 2094 illuminantur
529 2075 542 2093 a
555 2066 674 2100 Christo,
701 2068 748 2095 sed
770 2067 868 2102 singuli
883 2066 1031 2094 secundum

245 2122 304 2141 ram
319 2121 476 2141 mensuram
491 2113 689 2145 illuminantur,
702 2121 753 2149 qua
766 2114 819 2140 vim
840 2113 950 2140 luminis
964 2113 1033 2140 reci-

246 2166 311 2193 pere
324 2159 424 2185 valent.
439 2157 473 2185 Et
493 2159 563 2185 sicut
583 2166 636 2185 non
651 2158 794 2193 :rqualiter
817 2158 887 2185 oculi
909 2158 1032 2192 corporis

1085 913 1214 946 Joannes,
1228 914 1277 941 istc
1302 923 1354 941 non
1375 915 1460 942 solum
1482 915 1586 942 Christi
1602 915 1715 948 lumine,
1730 915 1776 942 scd
1791 915 1871 943 etiam

1085 962 1174 989 Patris
1189 962 1275 996 ipsius
1297 962 1495 989 illuminabitur
1509 970 1586 990 voce.

1118 1008 1145 1035 8.
1164 1007 1198 1035 Et
1217 1009 1285 1035 dixit
1300 1008 1370 1035 Deus
1384 1017 1393 1035 :
1410 1007 1564 1036 Producant
1585 1016 1661 1044 aqtue
1682 1009 1798 1043 repentia
1816 1010 1874 1036 ani-

1084 1061 1188 1080 marum
1206 1054 1340 1086 vivarum,
1363 1059 1386 1080 et
1405 1054 1525 1081 volatilia
1549 1054 1665 1081 uolantia
1678 1061 1759 1089 super
1777 1059 1874 1081 terram

1083 1100 1226 1125 secundant
1253 1099 1448 1132 ﬁrmamentum
1469 1100 1537 1126 cali.
1560 1099 1594 1126 Et
1610 1100 1710 1133 factum
1735 1105 1774 1126 est
1800 1100 1838 1126 sic
1852 1099 1871 1127 ί.

1084 1142 1238 1170 Secundum
1258 1143 1376 1170 litteram
1389 1143 1465 1178 jussu
1483 1143 1532 1172 Dei
1548 1144 1738 1179 producuntur
1750 1144 1785 1171 ab
1795 1144 1874 1180 aquis

1085 1189 1205 1223 repentia
1225 1193 1252 1216 et
1275 1189 1395 1216 volatilia
1409 1210 1417 1223 ,
1445 1194 1472 1217 et
1493 1189 1552 1217 haec
1571 1197 1632 1224 quin
1644 1191 1768 1218 videmus
1788 1198 1802 1217 a
1818 1198 1872 1225 quo

1083 1233 1139 1260 sint
1165 1232 1235 1260 facta
1258 1235 1462 1269 cognoscimus.
1490 1234 1544 1262 Sed
1570 1235 1709 1262 videamus
1735 1235 1873 1269 quomodo

1082 1279 1164 1306 etiam
1179 1279 1329 1306 secundum
1342 1284 1465 1307 nostrum
1478 1280 1679 1307 ﬁrmamentum
1694 1280 1768 1322 coeli,
1782 1280 1807 1307 id
1818 1285 1871 1313 est,

1082 1325 1181 1352 mentis
1204 1329 1303 1352 nostra:
1325 1325 1366 1352 vel
1390 1326 1480 1353 cordis
1498 1326 1672 1357 soliditatem,
1700 1326 1757 1353 haec
1773 1326 1870 1353 eadem

1083 1370 1157 1398 ﬁant.
1173 1371 1309 1404 Arbitror,
1320 1372 1382 1407 quia
1401 1372 1423 1399 si
1443 1379 1521 1399 mens
1537 1376 1632 1400 nostra
1647 1371 1798 1399 illuminata
1813 1371 1872 1398 lue-

1083 1418 1117 1444 rit
1130 1425 1144 1443 a
1157 1422 1250 1445 nostro
1265 1418 1322 1445 sole
1333 1418 1451 1452 Christo,
1462 1417 1575 1452 iubetur
1592 1418 1763 1453 postmodum
1778 1425 1811 1445 cx
1828 1417 1873 1446 his

1082 1470 1143 1497 quae
1161 1463 1187 1489 in
1209 1470 1240 1490 ea
1264 1468 1328 1490 sunt
1344 1463 1424 1498 aquis
1446 1464 1598 1499 producere
1620 1464 1741 1499 repentia
1754 1463 1869 1491 etvola-

1083 1508 1139 1535 tilia
1156 1508 1285 1540 volantia,
1304 1509 1330 1536 iul
1347 1514 1398 1541 est,
1417 1510 1597 1544 cogitationes
1619 1510 1704 1537 bonas
1715 1509 1758 1537 vel
1785 1509 1872 1537 malas

1082 1554 1206 1589 proferre
1224 1557 1250 1581 iu
1268 1555 1394 1586 medium,
1418 1561 1447 1582 ut
1471 1556 1600 1584 discretio
1628 1556 1675 1583 llat
1698 1557 1830 1584 bonorum
1855 1563 1870 1582 a

1084 1601 1172 1632 malis,
1201 1608 1262 1635 qua:
1284 1602 1378 1636 utique
1398 1607 1514 1636 utraque
1540 1609 1572 1630 ex
1601 1602 1682 1630 corde
1708 1602 1869 1638 procedunt.

1084 1647 1122 1674 De
1135 1646 1218 1673 corde
1235 1654 1352 1681 namque
1363 1652 1459 1674 nostro
1473 1648 1547 1675 velut
1560 1648 1593 1675 de
1605 1648 1682 1683 aquis
1696 1647 1872 1683 prolcruntur

1083 1697 1111 1720 et
1132 1693 1209 1719 bona:
1235 1692 1414 1727 cogitationes
1439 1697 1468 1720 et
1498 1693 1586 1720 malae.
1604 1694 1657 1721 Sed
1673 1701 1724 1721 nos
1736 1693 1821 1720 verbo
1838 1701 1870 1720 ac

1084 1743 1220 1773 prmccpto
1235 1738 1280 1765 Dei
1295 1743 1411 1773 utraque
1423 1739 1594 1774 proferamus
1610 1740 1642 1767 ad
1656 1744 1830 1775 conspectum
1844 1744 1872 1766 et

1081 1785 1212 1819 judicium
1237 1785 1296 1817 Dei,
1317 1789 1346 1812 ut
1362 1792 1424 1812 cum
1453 1786 1537 1820 ipsius
1553 1785 1751 1813 illuminatione
1768 1786 1871 1813 discer-

1084 1838 1149 1859 nere
1164 1831 1302 1866 possitnus
1325 1838 1339 1857 a
1360 1831 1432 1859 bono
1452 1832 1524 1866 quod
1539 1832 1638 1858 malum
1655 1836 1713 1864 est;
1729 1832 1754 1858 id
1770 1836 1821 1863 est,
1844 1837 1872 1859 ut

1083 1884 1114 1904 ea
1130 1885 1190 1912 qua:
1206 1884 1289 1912 super
1305 1882 1404 1904 terram
1422 1881 1532 1912 repunt,
1548 1881 1575 1903 et
1594 1881 1717 1904 terrenas
1739 1877 1871 1904 sollicitu-

1084 1924 1162 1951 dines
1175 1928 1283 1958 gerunt,
1309 1930 1466 1958 separemus
1495 1930 1509 1949 a
1536 1922 1632 1954 nobis;
1659 1922 1704 1949 illa
1721 1929 1787 1949 vero
1811 1930 1872 1957 quas

1083 1970 1197 1997 meliora
1214 1973 1288 2003 sunt,
1306 1969 1331 1996 id
1346 1974 1387 1996 est
1413 1968 1544 2001 volatilia,
1564 1968 1686 1995 sinamus
1703 1967 1798 1995 volare
1817 1976 1870 1995 non

1084 2016 1172 2043 solum
1191 2023 1273 2050 super
1293 2021 1406 2048 terram,
1429 2016 1476 2042 sed
1493 2014 1575 2042 etiam
1606 2015 1752 2042 secundum
1778 2014 1872 2041 lirma-

1085 2067 1207 2088 mentum
1222 2061 1306 2093 ctnli;
1324 2061 1349 2088 id
1367 2065 1418 2094 est,
1434 2067 1464 2087 ut
1476 2068 1585 2088 sensum
1615 2066 1642 2088 et
1661 2060 1795 2087 rationem
1816 2065 1871 2094 tam

1083 2112 1257 2135 terrenorum
1271 2114 1352 2142 quam
1365 2107 1518 2135 cn'lestium
1530 2111 1731 2140 pertractemus
1744 2105 1769 2132 in
1782 2090 1871 2137 n0)bis,

1085 2158 1115 2181 ut
1130 2153 1284 2188 intelligere
1301 2160 1411 2188 quoque
1436 2153 1581 2188 possimus,
1601 2160 1662 2187 qua:
1679 2153 1733 2180 sint
1749 2152 1774 2179 in
1795 2152 1873 2178 uobis

247 2205 333 2233 nostri
349 2205 534 2232 illuminautur
549 2212 562 2230 a
585 2204 653 2236 sole,
667 2205 713 2232 sed
729 2209 832 2239 quanto
854 2205 915 2238 quis
933 2204 1030 2231 iuloca
1049 2210 1071 2237 ι)
1087 2200 1165 2227 noxia
1189 2207 1222 2227 ex
1251 2200 1420 2234 repentiblls-
1448 2199 1476 2226 Si
1505 2199 1653 2227 Viderimus
1677 2199 1818 2225 mulierem
1840 2197 1873 2224 ad

246 2251 342 2278 altiora
357 2251 557 2282 conscenderit,
572 2255 598 2277 et
611 2255 699 2277 ortum
712 2250 769 2283 ejus
781 2250 903 2277 editioris
918 2249 1034 2284 specula:

246 2297 389 2324 iutuitioue
416 2297 498 2324 fuerit
524 2296 735 2330 contemplatus,
759 2300 834 2322 tanto
868 2294 982 2329 amplius
1008 2299 1034 2322 et

246 2341 401 2377 splendoris
423 2341 482 2377 ejus
495 2341 549 2368 vim
567 2340 698 2375 percipiet
715 2343 742 2367 et
757 2340 858 2367 caloris
874 2349 880 2366 ε
897 2340 932 2366 ita
950 2339 1033 2367 etiam

245 2396 323 2415 mens
348 2393 442 2415 nostra
459 2392 562 2422 quanto
582 2386 662 2413 altius
684 2391 711 2413 et
729 2385 865 2413 excelsius
885 2385 1031 2420 appropin-

245 2434 371 2468 quavcrit
390 2434 511 2465 Christo,
535 2440 566 2460 ac
585 2440 613 2460 sc
629 2432 789 2459 viciniorem
808 2431 947 2467 splendori
966 2430 1034 2457 lucis

246 2481 304 2515 i-jus
318 2479 461 2514 olijeccrit,
479 2484 553 2507 lauto
570 2478 790 2513 magniﬁcentius
813 2482 841 2504 et
861 2478 960 2504 clarius
974 2477 1033 2512 ejus

248 2528 348 2554 lumine
375 2527 536 2558 radiabitur,
563 2527 632 2554 sicut
654 2530 681 2553 et
706 2526 763 2560 ipse
787 2526 824 2552 ait
847 2533 895 2559 per
916 2527 1034 2560 prophe-

248 2578 302 2598 tatn
318 2573 339 2588 '7
355 2583 360 2600 :
375 2574 588 2608 Appropinquate
605 2573 680 2605 mihi,
704 2577 728 2599 et
750 2571 965 2606 appropinquabo
990 2579 1035 2597 vo-

248 2618 298 2646 l-is.
311 2617 376 2644 dicit
390 2617 528 2645 Dominus.
542 2618 574 2644 Et
588 2619 683 2645 iterum
695 2617 760 2644 dicit
772 2617 793 2633 ’⁸
808 2625 815 2643 :
830 2616 900 2643 Deus
911 2617 1037 2649 approxi-

249 2671 389 2698 utannego
404 2671 472 2694 sum,
489 2669 513 2690 et
533 2672 582 2690 non
601 2664 671 2691 Deus
689 2664 720 2690 tle
732 2663 817 2698 longe.
835 2662 892 2689 Non
911 2662 1035 2689 similiter

250 2713 339 2735 tamen
357 2702 485 2736 venimus
510 2709 543 2735 ad
568 2716 628 2736 cum
654 2717 760 2743 omnes,
786 2710 831 2737 sed
851 2709 1036 2744 unusquisque

285 2790 307 2806 5"
335 2790 457 2819 Mutilum.
483 2791 523 2817 il.
561 2791 584 2806 "
605 2791 671 2825 liplt.
687 2799 712 2819 \'.
727 2792 771 2818 27.

250 2826 325 2857 citur.
341 2825 396 2858 1,5;
422 2825 516 2852 .lwuh.
529 2835 565 2859 tv,
582 2827 607 2853 8.
647 2827 669 2841 ν
683 2825 783 2853 Jcrctu.
811 2835 891 2858 xxnt,
915 2826 960 2852 ‘25.

811 2792 832 2807 ’³
850 2791 917 2817 Cen.
940 2799 957 2822 I,
978 2790 1018 2818 lli.
1037 2794 1063 2815 rt
1077 2797 1152 2823 seqq.

1000 2825 1022 2840 θ’
1045 2824 1108 2851 Luc.
1124 2833 1149 2851 χ.

1087 2246 1334 2280 concupiscendum
1346 2253 1417 2279 eam,
1436 2245 1501 2272 illud
1522 2249 1562 2272 est
1580 2245 1605 2272 in
1620 2245 1697 2272 nobis
1712 2244 1808 2279 reptile
1828 2251 1873 2270 vc-

1086 2296 1227 2319 ncnatum.
1245 2291 1272 2318 Si
1293 2299 1359 2319 vero
1384 2291 1420 2318 sit
1445 2291 1472 2317 in
1491 2291 1567 2318 nobis
1591 2289 1746 2318 sobrietatis
1763 2296 1872 2321 sensus,

1085 2337 1192 2365 etiamsi
1207 2337 1315 2364 domina
1332 2336 1457 2372 Egyptia
1483 2344 1532 2363 nos
1548 2336 1725 2368 adamaverit,
1742 2335 1873 2362 cﬂicimur

1086 2391 1160 2416 aves,
1179 2388 1207 2410 et
1224 2383 1410 2417 relinquentes
1424 2381 1552 2417 Egyptia
1565 2382 1726 2409 vestimenta
1742 2382 1768 2408 in
1786 2381 1873 2407 Inani-

1086 2431 1135 2458 bus
1151 2430 1220 2464 ejus,
1234 2438 1267 2457 ex
1286 2429 1413 2457 obscenis
1429 2428 1535 2455 insidiis
1549 2429 1727 2455 cvolabimus.
1744 2427 1772 2454 Si
1788 2428 1821 2453 sit
1846 2427 1873 2452 iu

1086 2476 1165 2503 nobis
1177 2483 1274 2504 sensus
1287 2476 1318 2502 ad
1332 2474 1474 2502 furandum
1492 2482 1542 2501 nos
1560 2482 1721 2509 provocans,
1738 2474 1810 2500 istud
1834 2476 1875 2499 cst

1088 2523 1183 2558 reptile
1207 2522 1365 2557 pessimum.
1382 2521 1410 2548 Si
1427 2529 1492 2549 vero
1510 2522 1545 2548 sit
1573 2521 1598 2547 iu
1623 2521 1700 2548 nobis
1724 2527 1830 2550 sensus,
1847 2523 1876 2545 ut

1089 2569 1195 2596 etiamsi
1213 2570 1265 2596 duo
1287 2568 1391 2595 minuta
1407 2568 1564 2599 habeamus,
1582 2568 1640 2595 lucc
1655 2568 1712 2601 ipsa
1729 2574 1777 2601 pro
1795 2565 1875 2592 misc-

1089 2615 1207 2643 ricordia
1226 2614 1372 2642 olleramus
1390 2615 1416 2641 in
1439 2615 1508 2641 dona
1537 2613 1594 2646 Dei,
1628 2614 1679 2640 iste
1702 2620 1797 2639 sensus
1817 2611 1875 2637 avis

1091 2667 1142 2693 est,
1158 2661 1224 2688 nihil
1239 2661 1272 2688 de
1285 2660 1401 2688 terrenis
1415 2660 1549 2694 cogitans,
1565 2660 1610 2686 sed
1625 2659 1657 2685 ad
1675 2658 1875 2684 ﬁrmamentum

1092 2707 1151 2734 οωιί
1168 2706 1302 2733 volatibus
1321 2705 1444 2734 tendens.
1460 2707 1488 2734 Si
1504 2705 1593 2733 veniat
1609 2704 1686 2731 nobis
1704 2710 1800 2730 sensus
1815 2708 1876 2736 pcr-

1790 2784 1811 2798 Pl‘
1824 2783 1876 2811 za-

1209 2790 1231 2803 ⁵⁵
1249 2789 1267 2815 ll
1283 2788 1346 2816 Cor.
1361 2798 1405 2819 xv,
1418 2789 1462 2817 41,
1500 2788 1523 2803 ε¹⁶
1540 2786 1634 2814 Matth.
1651 2793 1688 2817 Ix,
1707 2784 1751 2812 ‘27.

1208 2825 1214 2839 ¹
1231 2825 1328 2851 Cenes.
1344 2833 1361 2855 ι,
1380 2825 1425 2851 ‘20.
