4180 6216
405 300 512 354 155

1647 302 1713 357 IN
1743 288 2051 360 aestaset
2092 303 2376 358 IIOMILIA
2411 304 2446 359 ι.

3561 315 3582 367 1
3596 316 3664 369 53

408 422 649 475 suadens
682 420 838 476 nobis
886 422 1158 476 cruciatus
1207 424 1453 494 martyrii
1506 439 1605 479 nos
1637 441 1739 479 non
1789 426 1986 479 debere
2016 432 2059 487 Λ
2092 440 2282 478 norum
2314 425 2543 491 lucidius
2587 424 2879 478 indicatur.
2923 425 3207 496 Propterea
3238 445 3368 502 ergo
3399 433 3463 486 de
3489 438 3664 489 muni-

411 511 673 576 tolerare,
706 512 843 566 istud
871 514 977 566 erit
1011 513 1200 582 reptile
1232 525 1579 569 venenatum.
1622 517 1678 570 Si
1725 532 1853 571 vero
1898 533 1984 571 as-

413 603 610 656 cendat
654 604 809 658 nobis
838 618 1032 659 sensus
1058 614 1113 657 et
1148 606 1402 675 cogitatio
1434 607 1575 674 talis,
1620 618 1677 661 ut
1713 623 1882 677 usque
1916 610 1984 664 ad

415 704 645 749 mortem
674 710 772 764 pro
800 696 1029 751 veritate
1053 707 1344 758 certemus.
1372 699 1489 753 avis
1515 700 1620 753 erit
1650 700 1785 762 haec,
1815 717 1846 753 a
1878 709 1985 755 ter-

413 787 558 840 renis
608 790 673 840 ad
722 802 955 857 superna
1005 792 1397 848 conscendens.
1434 791 1698 846 Similiter
1725 794 1886 847 etiam
1919 794 1986 847 de

410 879 618 933 caeteris
647 878 728 933 vel
758 891 1107 949 peccatorum
1134 882 1213 935 vel
1246 883 1508 937 virtutum
1547 884 1835 953 speciebus
1862 898 1987 938 sen-

408 971 650 1025 ticndum
686 981 793 1038 εει,
832 982 887 1025 ει
932 973 1347 1029 discernendum
1385 991 1505 1042 qua:
1550 978 1662 1032 sint
1717 978 1981 1046 repentis,

406 1072 462 1116 ct
485 1077 603 1131 qua:
624 1062 735 1117 sint
756 1063 1016 1133 volatilia,
1042 1083 1164 1135 qua:
1190 1070 1493 1137 producere
1512 1071 1578 1122 ad
1598 1068 1982 1124 discretionem

406 1152 461 1207 in
494 1165 790 1225 conspectu
826 1156 919 1211 Dei
950 1173 1103 1227 aqua:
1134 1169 1331 1215 nostra:
1356 1160 1638 1229 jubentur.

476 1251 531 1305 9.
565 1248 633 1303 Et
667 1252 788 1319 fecit
824 1252 962 1307 Deus
991 1264 1128 1309 cetos
1156 1271 1393 1324 magnos,
1435 1266 1483 1309 et
1517 1273 1721 1309 onmem
1752 1257 1984 1309 animam

404 1343 698 1407 repentium
739 1345 1074 1408 animalium,
1107 1362 1225 1415 quae
1266 1347 1563 1399 eduxerunt
1609 1362 1760 1414 aqua:
1803 1363 1987 1399 secun-

406 1434 531 1486 dum
573 1450 734 1505 genus
776 1453 953 1499 suum,
984 1446 1032 1489 et
1058 1452 1209 1489 omne
1243 1436 1459 1490 uolatile
1492 1446 1776 1503 pennarum
1803 1453 1990 1489 secun-

402 1526 528 1579 dum
562 1542 722 1596 genus
757 1544 915 1580 suum
949 1530 994 1581 ¹.
1043 1528 1109 1580 Ει
1147 1529 1217 1581 de
1246 1529 1334 1583 bis
1378 1528 1648 1591 similiter,
1684 1536 1745 1581 ut
1776 1529 1842 1582 de
1885 1529 1989 1583 illis

401 1629 526 1683 quae
556 1630 718 1684 supra
752 1615 1030 1677 diximus,
1076 1613 1417 1668 sentiendum
1458 1622 1559 1678 est,
1602 1614 1744 1681 quod
1784 1614 1988 1682 produc

403 1718 533 1758 cere
560 1704 861 1757 debeamus
905 1702 1067 1755 etiam
1102 1711 1250 1756 cetos
1287 1718 1526 1773 magnos,
1556 1711 1609 1757 et
1634 1704 1868 1759 animam
1900 1716 1983 1760 re-

2088 517 2188 568 bus
2228 516 2328 567 boc
2353 517 2481 568 dicit
2509 516 2793 583 Scriptura
2828 516 2849 545 "
2890 534 2904 569 :
2946 516 3009 569 Et
3044 520 3171 570 vidit
3201 519 3339 576 Deus
3365 525 3490 591 quia
3528 529 3663 583 bona

2088 616 2228 661 sunt.
2261 605 2443 671 Quare
2478 618 2656 663 tamen
2690 624 2796 662 non
2825 618 2908 662 est
2937 610 3221 677 scriptum,
3264 612 3329 665 Et
3362 617 3493 668 dixit
3525 617 3667 671 Deus

2086 697 2209 763 quia
2246 697 2383 751 bona
2421 708 2567 763 sunt,
2599 703 2691 753 sed
2730 699 2870 753 Vidit
2898 700 3035 753 Deus
3066 703 3194 768 quia
3239 703 3373 756 bona
3408 710 3566 761 sunt?
3610 710 3666 762 Id

2086 795 2185 851 εει,
2212 788 2343 841 vidit
2373 790 2663 845 utilitatem
2699 793 2961 860 ipsorum,
2996 803 3052 846 et
3092 808 3212 846 eam
3244 795 3531 861 rationem,
3561 814 3664 867 qua

2085 890 2206 929 cum
2235 890 2416 931 essent
2452 880 2568 947 ipsa
2611 895 2708 947 per
2733 896 2793 933 se
2830 880 2981 947 talia,
3025 881 3197 937 bonos
3249 892 3431 938 tamen
3486 885 3667 942 facere

2087 978 2314 1031 possunt
2346 970 2604 1035 optimos.
2636 968 2929 1036 Propterea
2956 985 3086 1039 ergo
3117 971 3254 1024 dixit
3280 972 3301 1002 ³
3332 991 3344 1025 :
3376 973 3601 1028 Crescite
3619 987 3666 1028 et

2086 1056 2535 1122 multiplicamini,
2568 1069 2612 1111 et
2641 1060 2834 1127 replete
2873 1077 3035 1130 aquas
3062 1078 3177 1130 qua:
3203 1062 3257 1115 in
3283 1065 3420 1116 mari
3450 1075 3595 1129 sunt;
3618 1076 3666 1118 et

2089 1145 2330 1199 volatilia
2361 1148 2665 1215 repleantur
2694 1167 2851 1217 super
2876 1160 3068 1216 terras,
3107 1153 3156 1206 id
3192 1162 3295 1219 est,
3334 1164 3392 1207 ut
3421 1156 3523 1209 ceti
3549 1156 3668 1225 qui-

2088 1236 2209 1290 dem
2255 1240 2439 1307 magni
2484 1250 2536 1292 et
2567 1242 2808 1308 repentia
2848 1241 2902 1293 in
2944 1243 3077 1294 mari
3106 1253 3309 1307 essent,
3334 1244 3474 1297 sicut
3507 1260 3667 1314 supe-

2092 1328 2211 1381 rius
2234 1330 2611 1396 exposuimus,
2635 1341 2688 1384 et
2720 1331 2960 1384 volatilia
2991 1347 3150 1400 super
3192 1345 3387 1389 terras.

2162 1420 2245 1472 Η.
2272 1419 2338 1471 Et
2371 1421 2504 1473 dixit
2536 1420 2673 1475 Deus
2712 1436 2730 1473 :
2761 1421 3038 1475 Producat
3065 1434 3205 1477 terra
3238 1428 3471 1479 animant
3499 1428 3666 1480 vivant

2088 1511 2376 1562 secundum
2418 1527 2603 1579 genus,
2628 1514 2992 1581 quadrupedia
3032 1525 3079 1567 et
3121 1516 3358 1582 repentia
3395 1527 3441 1569 et
3472 1518 3661 1569 bestias

2086 1609 2239 1651 terrtc
2273 1600 2557 1653 secundum
2583 1618 2741 1669 genus
2794 1618 2813 1655 :
2862 1613 2908 1655 et
2946 1603 3143 1670 factum
3177 1616 3256 1656 est
3297 1605 3395 1655 sic.
3432 1602 3499 1655 Et
3545 1603 3663 1670 fecit

2086 1688 2226 1742 Deus
2263 1688 2456 1745 bestias
2499 1702 2651 1746 terrm
2701 1694 2989 1747 secundum
3033 1710 3217 1762 genus,
3266 1703 3313 1747 et
3356 1697 3537 1747 omnia
3587 1710 3665 1746 re-

404 1794 657 1865 pentium
687 1793 991 1847 secundum
1022 1792 1129 1863 56
1150 1809 1339 1863 genus,
1374 1756 1437 1846 ῖη
1468 1794 1673 1865 magnis
1702 1795 1823 1850 istis
1850 1798 1987 1852 cotis
2010 1756 2052 1814 Β
2078 1782 2253 1848 pentia
2284 1791 2440 1837 terra:
2478 1786 2764 1838 secundum
2818 1801 2999 1853 genus.
3054 1784 3121 1837 Et
3176 1786 3307 1840 uidit
3363 1786 3504 1840 Deus
3537 1788 3663 1854 quia

408 1882 606 1950 impias
620 1880 738 1948 cogi
748 1880 993 1945 lationes,
1014 1891 1066 1935 et
1091 1881 1325 1935 nefarios
1344 1896 1587 1951 quosque
1604 1892 1793 1937 contra
1812 1885 1985 1940 Deum

406 1991 605 2031 sensus
636 1976 878 2031 arbitror
898 1976 1147 2031 indicari.
1184 1974 1314 2042 Quae
1346 1983 1526 2029 tamen
1564 1975 1747 2029 omnia
1778 1975 1981 2045 produ-

406 2067 581 2121 cenda
615 2076 742 2120 sunt
777 2073 903 2120 ante
933 2073 1279 2133 conspectum
1320 2064 1438 2129 Dei,
1484 2072 1541 2119 et
1571 2064 1820 2133 ponenda
1855 2074 1983 2118 ante

404 2158 604 2227 ipsum,
656 2165 714 2210 ut
762 2155 1065 2210 dividamus
1095 2164 1147 2209 et
1182 2170 1501 2224 separemus
1542 2144 1686 2209 bona
1726 2169 1756 2207 a
1798 2155 1981 2220 malis,

402 2260 462 2304 ut
496 2251 783 2317 unicuique
813 2262 944 2303 suus
985 2246 1138 2302 locus
1181 2262 1211 2301 a
1255 2246 1484 2301 Domino
1517 2247 1815 2315 tribuatur,
1838 2248 1982 2303 sicut

398 2354 465 2395 ex
502 2340 584 2396 his
608 2356 728 2410 qua:
754 2350 1064 2410 sequuntur
1091 2339 1431 2395 ostenditur.

472 2431 561 2486 i0.
596 2429 664 2484 Et
700 2431 825 2485 indit
858 2431 1001 2486 Deus
1030 2432 1154 2500 quia
1200 2431 1337 2483 bona
1364 2440 1509 2495 sunt,
1542 2444 1588 2483 et
1616 2431 1879 2485 benedixit
1917 2448 1980 2484 ea

398 2523 583 2577 dicens
610 2537 629 2577 :
660 2520 896 2578 Crescite
927 2534 975 2577 et
1007 2522 1457 2591 multiplicamini,
1498 2531 1549 2575 et
1595 2522 1787 2589 replete
1814 2538 1982 2591 aquas

400 2632 520 2685 qua:
549 2624 671 2669 sunt
711 2615 766 2669 in
797 2616 956 2679 mari,
995 2622 1045 2668 et
1096 2612 1330 2668 volatilia
1368 2611 1672 2677 repleantur
1698 2629 1855 2680 super
1877 2623 1982 2666 ter-

405 2720 515 2755 ras.
559 2707 627 2757 Et
667 2708 865 2775 factum
905 2714 980 2758 est
1018 2721 1227 2774 vespere
1264 2713 1313 2757 et
1352 2720 1527 2766 mane,
1568 2705 1677 2756 dies
1715 2704 1900 2773 quinta
1941 2702 1980 2754 ³.

406 2790 467 2846 In
506 2793 639 2847 mari
676 2795 895 2864 quidem
933 2804 1082 2850 cetos
1117 2810 1362 2865 magnos,
1403 2804 1456 2849 et
1494 2809 1710 2848 omnem
1750 2793 1984 2847 animam

406 2882 720 2938 animalium
759 2894 817 2939 et.
853 2886 1187 2955 repentium,
1229 2901 1348 2954 quae
1386 2885 1759 2954 produxerunt
1796 2898 1981 2952 aquae,

396 2972 548 3041 jubet
580 2974 891 3037 immorari,
931 2974 1022 3030 ubi
1066 2981 1121 3028 et
1155 2974 1318 3029 draco
1362 2972 1453 3028 ille
1494 2989 1654 3043 quem
1696 2973 1983 3042 plasmavit

2081 1873 2217 1926 bona
2242 1884 2358 1927 sunt
2388 1875 2453 1927 ¹⁰.
2495 1873 2805 1930 Secundum
2833 1876 3068 1930 litteram
3094 1878 3309 1946 quidem
3334 1878 3481 1932 nulla
3512 1894 3659 1947 qua:-

2083 1963 2188 2017 stio
2212 1974 2314 2019 est.
2348 1963 2632 2017 Manifeste
2650 1966 2797 2019 enim
2824 1980 2854 2017 a
2880 1967 2989 2019 Deo
3010 1977 3193 2020 creata
3224 1982 3347 2022 esse
3385 1970 3657 2030 dicuntur,

2084 2054 2169 2108 vel
2199 2053 2480 2118 animalia,
2506 2054 2589 2108 vel
2629 2056 3021 2123 quadrupedis,
3052 2055 3136 2109 vel
3178 2057 3385 2119 bestico,
3420 2059 3501 2112 vel
3544 2074 3661 2112 ser-

2084 2157 2275 2215 pentes
2304 2161 2470 2215 super
2517 2156 2745 2203 terram.
2791 2148 2992 2216 Aptare
3025 2157 3204 2201 autem
3244 2150 3357 2204 lucc
3395 2150 3497 2216 bis,
3544 2167 3664 2221 qua:

2083 2252 2247 2305 supra
2274 2237 2646 2305 exposuimus,
2674 2240 2971 2292 secundum
3001 2238 3297 2307 spiritalem
3327 2241 3660 2297 intellectum

2082 2346 2188 2385 non
2220 2331 2395 2387 Otiosa
2436 2345 2522 2385 res
2552 2340 2655 2385 est.
2690 2330 2768 2385 Ibi
2797 2331 3013 2399 quidem
3046 2332 3250 2386 dictum
3284 2342 3370 2387 est
3400 2333 3439 2363 ¹¹
3477 2351 3491 2387 :
3529 2334 3663 2388 Pro-

2082 2423 2277 2474 ducant
2319 2437 2471 2489 aqum
2507 2422 2740 2489 repentia
2773 2422 3072 2474 animarum
3106 2424 3363 2487 vivarum,
3392 2434 3439 2476 et
3467 2426 3659 2477 volati-

2082 2512 2155 2565 t'ia
2200 2512 2432 2567 volantia
2474 2530 2634 2581 super
2673 2523 2869 2566 terram
2919 2515 3206 2569 secundum
3267 2516 3657 2582 ﬁrmamentum

2083 2604 2241 2668 cmli;
2276 2603 2362 2657 bic
2400 2613 2581 2657 autem
2618 2603 2693 2656 ait
2723 2604 2763 2634 “
2801 2617 2819 2654 :
2851 2602 3118 2657 l’roducat
3148 2613 3290 2657 terra
3319 2606 3550 2658 animum
3590 2604 3661 2656 vi-

2084 2709 2201 2748 vam
2226 2696 2515 2748 secundum
2546 2690 3121 2763 genusfquadrupedia
3156 2704 3203 2748 et
3234 2695 3466 2763 repentia
3492 2703 3542 2748 et
3572 2696 3659 2749 be-

2082 2786 2214 2839 stias
2252 2795 2407 2839 terrm
2432 2785 2717 2840 secundum
2748 2803 2933 2855 genus.
2962 2786 3027 2840 Et
3070 2788 3159 2840 illa
3189 2789 3408 2856 quidem
3431 2803 3551 2856 qum
3591 2789 3661 2841 de

2084 2878 2241 2946 aquis
2264 2876 2528 2947 producta
2557 2888 2705 2943 sunt,
2734 2878 2972 2932 diximus
2998 2879 3197 2934 debere
3230 2891 3407 2934 mutus
3427 2888 3482 2934 et
3505 2880 3657 2949 cogi-

2088 2971 2321 3025 tationes
2342 2970 2540 3025 mentis
2562 2978 2785 3035 nostrai,
2809 2972 2899 3039 qui
2934 2972 2999 3025 de
3026 2970 3295 3039 profundo
3322 2971 3505 3026 cordis
3533 2986 3659 3039 pro-

396 3064 547 3118 .Deus
575 3064 642 3118 ad
675 3064 1017 3121 illudendum
1052 3066 1102 3121 ei
1136 3065 1405 3121 inhabitat
1436 3067 1477 3121 ⁸.
1514 3066 1775 3123 Volneret.
1802 3074 1979 3121 autem
2009 3092 2052 3150 ρ
2086 3062 2382 3125 ducuntur,
2441 3063 2685 3132 intelligi.
2721 3061 2873 3116 Nunc
2928 3077 3058 3115 vero
3103 3063 3202 3117 bnc
3257 3064 3399 3132 quod
3429 3063 3655 3128 dicitur,

406 3156 754 3225 multiplicari
809 3157 963 3227 jubet
1023 3173 1186 3226 super
1226 3167 1449 3223 terram,
1501 3174 1622 3228 quia:
1688 3158 1979 3227 aliquando

404 3246 557 3299 arida
596 3246 724 3313 fuit,
754 3262 899 3301 nunc
930 3255 1108 3302 autem
1134 3246 1248 3315 jam
1283 3258 1429 3302 terra
1468 3247 1789 3317 appellatur,
1836 3247 1979 3301 sicut

402 3334 652 3403 superius
679 3337 1049 3404 exposuimus.
1076 3335 1181 3391 Sed
1218 3337 1457 3407 requiret
1478 3336 1675 3404 aliquis
1705 3335 1979 3404 quomodo

403 3427 508 3479 ceti
547 3426 726 3495 magni
758 3436 813 3479 et
853 3428 1096 3496 repentia
1132 3429 1185 3481 in
1220 3426 1361 3481 malo
1396 3427 1764 3496 accipiuntur,
1793 3435 1846 3480 et
1884 3441 1980 3481 vo-

402 3514 576 3569 latilia
613 3514 666 3569 in
700 3516 865 3578 bono.
894 3531 1015 3570 cum
1051 3519 1115 3570 de
1140 3518 1391 3571 omnibus
1412 3518 1571 3571 simul
1597 3518 1800 3572 dictum
1824 3518 1931 3571 sit'
1960 3534 1974 3570 :

401 3605 470 3663 Et
506 3606 634 3658 uidit
670 3604 813 3660 Deus
845 3606 970 3674 quia
1014 3606 1147 3657 bona
1179 3606 1350 3657 sunt?
1402 3605 1538 3673 Ipsis
1582 3606 1785 3660 sanctis
1839 3607 1977 3659 bona

402 3705 529 3750 sum
578 3710 663 3761 ea,
716 3711 836 3765 qua:
891 3695 997 3750 illis
1038 3696 1401 3748 adversantur
1452 3696 1618 3763 :quia
1658 3695 1875 3748 vincere
1916 3709 1976 3749 ea

403 3796 651 3858 possunt,
690 3798 747 3841 ει
783 3801 907 3840 cum
964 3802 1027 3841 ea
1076 3769 1326 3851 vicerint,
1383 3787 1607 3855 majoris
1641 3786 1826 3856 gloriae
1869 3787 1983 3841 elli-

402 3880 620 3935 cimitur
635 3878 775 3947 apud
809 3877 997 3934 Deum.
1034 3878 1274 3945 Denique
1303 3894 1423 3932 cum
1455 3878 1704 3933 diabolus
1731 3880 1979 3948 petiissct

408 3982 465 4025 ut
496 3972 599 4026 sibi
625 3979 867 4039 potestas
894 3971 1114 4025 daretur
1138 3973 1426 4028 adversum
1448 3969 1548 4025 Job
1581 3972 1623 4037 ⁸,
1659 3970 1978 4040 impugnans

404 4080 526 4121 cum
561 4064 907 4117 adversarius
967 4078 1129 4118 causa
1182 4065 1229 4117 ei
1276 4064 1484 4119 exstitit
1534 4062 1761 4132 duplicis
1792 4062 1978 4131 gloriae

408 4167 525 4225 post
554 4155 858 4211 victoriam.
903 4153 1052 4220 Quod
1102 4157 1406 4209 ostenditur
1448 4168 1509 4212 ex
1559 4169 1651 4219 eo,
1686 4154 1809 4221 quia
1856 4168 1977 4221 qua:

405 4250 458 4302 iu
498 4247 747 4316 praesenti
778 4246 1104 4315 perdiderat,
1136 4248 1188 4300 in
1235 4247 1454 4315 duplum
1497 4246 1782 4316 receperit,
1812 4244 1973 4300 simili

405 4341 567 4395 modo
597 4339 714 4394 sine
744 4338 907 4392 dubio
949 4346 1003 4392 et
1061 4338 1111 4391 in
1164 4338 1483 4393 caelestibus
1535 4347 1873 4406 recepturus.
1911 4336 1979 4391 Et

2090 3152 2361 3207 Producat
2384 3163 2522 3208 terra
2553 3154 2786 3207 animam
2819 3153 2980 3206 vivam
3006 3156 3291 3205 secundum
3316 3168 3499 3221 genus,
3525 3170 3657 3221 qua-

2086 3244 2403 3313 drupedum,
2434 3253 2481 3296 et
2524 3245 2811 3312 repentium
2845 3252 2895 3296 et
2943 3243 3225 3297 bestiarum
3261 3260 3415 3310 super
3464 3254 3657 3296 terram

2085 3336 2379 3389 secundum
2407 3350 2590 3403 genus,
2623 3335 2911 3389 exterioris
2945 3336 3179 3388 hominis
3221 3336 3411 3399 nostri,
3460 3336 3510 3388 id
3551 3344 3654 3398 est,

2087 3425 2323 3482 carnalis
2347 3438 2401 3481 et
2430 3426 2625 3480 terreni
2666 3434 2845 3479 motus
2867 3426 3101 3479 arbitror
3134 3425 3381 3479 iudicari.
3423 3427 3659 3494 Denique

2090 3516 2224 3571 tiibil
2252 3517 2468 3571 volatile
2504 3518 2555 3570 in
2586 3516 2671 3570 bis
2700 3532 2820 3585 qua:
2848 3517 2912 3567 de
2943 3531 3106 3571 carne
3160 3515 3418 3584 loquitur,
3454 3518 3658 3575 iudica-

2088 3610 2187 3672 vit,
2216 3609 2308 3662 sed
2344 3610 2714 3661 tantummodo
2742 3608 3109 3677 quadrnpedia
3135 3620 3184 3661 et
3220 3610 3463 3676 repentia
3491 3619 3544 3663 et
3578 3612 3662 3664 be-

2090 3700 2228 3755 stias
2261 3709 2441 3752 terrm.
2500 3697 2808 3753 Secundum
2858 3698 2988 3753 illiti]
3044 3713 3235 3767 nempe
3280 3700 3421 3767 quod
3457 3701 3658 3753 dictum

2089 3802 2172 3848 εει
2198 3792 2265 3847 ab
2292 3794 2549 3861 Apostolo
2577 3794 2638 3857 ¹³,
2673 3793 2798 3862 quia
2836 3808 2937 3846 non
2988 3791 3194 3845 habitat
3241 3792 3296 3845 in
3340 3809 3501 3847 carne
3548 3812 3660 3847 mea

2087 3885 2302 3947 bonum,
2328 3892 2382 3938 et
2410 3885 2536 3952 quia
2565 3883 2831 3951 sapientia
2882 3883 3056 3936 carnis
3100 3883 3314 3937 inimica
3341 3894 3416 3937 est
3447 3883 3556 3938 Deo
3596 3888 3658 3941 “’.

2086 3976 2187 4030 ista
2226 3976 2481 4030 nimirum
2510 3984 2658 4041 sunt,
2690 3991 2810 4045 qua:
2852 3984 3019 4042 terra,
3060 3975 3111 4030 id
3156 3985 3260 4041 est,
3305 3991 3432 4031 caro
3479 3988 3657 4031 nostra

2084 4066 2359 4134 producit,
2389 4065 2455 4119 de
2487 4065 2687 4135 quibus
2716 4078 2931 4116 rursum
2976 4064 3262 4132 Apostolus
3302 4064 3543 4133 prmcipit
3588 4068 3661 4118 di-

2085 4172 2213 4211 cens
2248 4157 2292 4188 ”
2325 4173 2339 4209 :
2370 4154 2683 4223 Mortiﬁcate
2716 4156 2943 4208 membra
2990 4166 3155 4209 vestra
3197 4172 3313 4224 qua:
3341 4165 3461 4208 sunt
3507 4174 3663 4224 super

2086 4260 2305 4313 terram,
2348 4247 2767 4317 fornicationem,
2795 4246 3205 4308 immunditiam,
3255 4248 3660 4311 impudicitiam,

2087 4342 2394 4405 avaritiam,
2448 4340 2830 4405 idololatriam,
2867 4348 2920 4393 et
2956 4346 3170 4391 carlera.
3210 4336 3343 4389 Cum
3379 4351 3510 4404 ergo
3548 4336 3661 4388 Iure

405 4430 696 4499 Apostolus
726 4431 856 4485 dicit
884 4431 927 4493 ⁷,
956 4430 1082 4499 quia
1130 4447 1277 4484 nemo
1307 4440 1614 4494 coronatur,
1653 4431 1751 4483 nisi
1777 4430 1866 4498 qui
1905 4428 1979 4481 lc-
2015 4447 2058 4500 ι)
2086 4434 2263 4489 omnia
2290 4434 2617 4502 lierentqum
2634 4431 3054 4501 videnturjussu
3078 4430 3166 4483 Dei
3186 4429 3298 4482 ﬁeri
3318 4442 3409 4498 per
3427 4426 3660 4481 Verbum

394 4523 585 4591 gitime
612 4524 904 4576 certaverit.
938 4523 1003 4575 Et
1039 4536 1224 4574 revera
1250 4522 1518 4589 quomodo
1545 4521 1651 4574 erit
1682 4532 1979 4582 certamen,

407 4614 452 4667 si
495 4628 599 4666 non
641 4611 804 4667 fuerit
836 4615 924 4683 qui
972 4614 1225 4668 resistat?
1256 4612 1497 4680 Quantus
1533 4614 1695 4667 decor
1719 4622 1769 4666 et
1803 4612 1983 4681 splen-

409 4706 513 4761 dor
550 4705 620 4759 sit
650 4705 785 4760 Iucis
818 4722 922 4761 non
953 4708 1379 4776 dignosceretur,
1418 4706 1519 4759 nisi
1557 4706 1861 4758 obscuritas
1894 4706 1977 4757 in-

408 4797 716 4853 tercederet
745 4798 939 4853 noctis.
976 4799 1129 4854 Unde
1158 4800 1318 4868 aliqui
1365 4800 1415 4851 in
1460 4798 1713 4855 castitate
1755 4796 1977 4850 laudan-

409 4903 521 4954 tur,
563 4890 666 4945 uisi
698 4889 824 4958 quia
858 4890 944 4943 alii
996 4907 1092 4959 pro
1127 4891 1463 4959 impudicitia
1508 4888 1977 4943 condcumautur?

410 4981 563 5036 lfmle
597 4982 697 5035 viri
748 4982 913 5036 fortes
945 4983 1441 5052 uiagnilicarcntur,
1500 4981 1597 5034 nisi
1652 4982 1974 5034 exsisterent

409 5073 705 5127 imbecilles
746 5082 801 5127 et
839 5073 1050 5127 timidi?
1108 5072 1162 5126 Si
1229 5089 1471 5127 amarum
1522 5072 1799 5134 adhibeas,
1850 5082 1975 5125 tunc

408 5164 569 5219 dulce
592 5164 821 5219 edicitur
848 5164 1193 5219 laudabilius.
1231 5164 1287 5219 Si
1314 5175 1490 5219 atrum
1522 5163 1979 5227 consideraveris,

410 5255 647 5324 gratiora
678 5257 771 5311 tibi
799 5273 918 5326 qua:
962 5258 1111 5311 clara
1149 5266 1276 5311 sunt
1305 5257 1647 5311 videbuntur.
1677 5256 1743 5308 Et
1774 5267 1832 5308 ut
1857 5256 1979 5308 bre-

408 5348 550 5399 viter
580 5347 778 5413 dicam,
805 5363 871 5403 ex
901 5348 1163 5402 malorum
1209 5347 1647 5403 consideratione
1686 5348 1852 5401 decus
1882 5348 1977 5401 bo-

474 5552 492 5580 ²
512 5549 646 5605 Cen.
672 5568 709 5613 I,
728 5555 819 5609 2|.

411 5627 432 5655 ’
458 5624 588 5678 Ibid.
619 5627 709 5679 εξ.

414 5707 496 5754 ιιι.
541 5696 590 5750 5.

895 5558 913 5587 ³
943 5555 1209 5621 ΙΙ›ἱ(Ι.,(ὶ2,
1237 5554 1328 5606 9.3.
1404 5557 1426 5586 ⁸
1458 5556 1591 5607 Paul.
1625 5571 1742 5615 (:ltt,
1775 5555 1859 5607 “lli.

801 5626 1011 5681 1“HJ-Id.
1081 5632 1167 5685 ‘25.
1230 5626 1319 5678 95.
1431 5626 1467 5655 ¹¹
1526 5627 1656 5677 Ibid.
1711 5627 1795 5677 ΞΟ.

1924 5555 1944 5584 ⁸
1968 5554 2161 5608 lienes.
2198 5570 2232 5613 ι,
2264 5553 2351 5605 2|.

1878 5627 1917 5654 ¹²
1951 5623 2083 5677 lbitl.
2129 5626 2216 5677 ΞΗ.

2089 4527 2294 4594 ejus,et
2320 4535 2717 4593 prmpararctur
2740 4525 3035 4596 immensus
3061 4522 3162 4576 iste
3182 4532 3233 4575 et
3261 4522 3483 4576 visibilis
3509 4537 3663 4573 Inuu—

2086 4615 2386 4681 dus,simul
2406 4625 2585 4668 autem
2614 4624 2667 4666 et
2694 4629 2792 4685 per
2814 4613 3085 4682 allegoria:
3104 4612 3330 4681 figuram
3358 4610 3673 4665 ostendere.

2087 4717 2174 4760 tur
2201 4722 2319 4777 qum
2346 4716 2526 4761 essent
2549 4722 2668 4774 qua:
2689 4720 2957 4759 exornare
2980 4704 3475 4773 possentminorem
3505 4719 3663 4755 inuno

2084 4800 2231 4863 dum,
2264 4800 2313 4852 id
2354 4807 2457 4861 est,
2488 4799 2781 4864 hominem,
2818 4797 3076 4864 tuncjam
3121 4797 3235 4865 ipse
3296 4796 3459 4848 horno
3506 4807 3668 4846 crea-

2087 4899 2173 4944 tur
2211 4892 2507 4946 sccuudum
2540 4907 2601 4945 ea
2634 4907 2754 4961 qua:
2794 4891 2847 4943 in
2897 4888 3355 4958 consequentibus
3388 4888 3661 4942 declaran—

2080 4996 2187 5039 Hll‘.

2158 5075 2244 5128 I2.
2279 5076 2345 5129 Et
2375 5076 2509 5129 dixit
2554 5074 2689 5128 Deus
2726 5094 2744 5131 :
2782 5073 3067 5126 Faciamus
3113 5071 3374 5123 hominem
3414 5071 3481 5123 ad
3527 5070 3660 5124 ima.

2086 5166 2255 5234 ginem
2288 5176 2334 5220 et
2376 5168 2779 5220 similitudinem
2813 5175 3069 5228 nostram,
3113 5172 3159 5217 et
3190 5163 3540 5232 principatum
3569 5179 3661 5232 ge-

2086 5267 2168 5310 rat
2205 5260 2428 5326 piscium
2476 5262 2635 5313 maris
2667 5270 2715 5313 et
2758 5259 3020 5313 uolucrum
3065 5256 3201 5321 cmli,
3249 5264 3296 5308 et
3325 5254 3660 5335 animalium,

2091 5358 2135 5401 et
2184 5353 2435 5405 universw
2466 5364 2641 5415 terrm,
2687 5361 2732 5402 et
2765 5350 2994 5404 omnium
3021 5366 3136 5419 qua:
3167 5358 3350 5427 repunt
3381 5364 3537 5416 super
3564 5355 3662 5402 ter-

3229 5548 3459 5601 “Gcncs.
3498 5560 3536 5606 ι,
3568 5545 3659 5598 2i.

3229 5637 3283 5669 ll.
3316 5620 3369 5669 7.
3476 5616 3515 5648 ¹¹
3543 5615 3659 5669 Gul.

3586 5635 3659 5666 υι.

2434 5553 2452 5581 ⁵
2483 5550 2600 5603 Job.
2634 5566 2670 5603 t.
2751 5553 2768 5581 ⁷
2800 5551 2814 5605 1
2844 5553 2981 5606 Tim.
3008 5568 3071 5612 Il,
3098 5552 3151 5607 ες,

2334 5624 2373 5654 ιδ
2418 5622 2571 5677 Rom.
2606 5622 2794 5688 vn,18.
2908 5624 2949 5654 "'
2981 5623 3132 5675 Rom.
3169 5637 3283 5685 vui,
3316 5620 3369 5673 7.
