4180 6216
1382 265 1447 280 οσ-

589 344 694 404 ωε»

2095 332 2417 390 ὓῐὶΙΟΕΝΙΞ

3718 323 3815 385 {fit}

587 482 701 520 ram
733 465 796 518 “.
830 464 1237 533 Conseq'ueuter
1274 461 1573 518 secundum
1623 477 1684 515 ea
1738 476 1855 529 quae
1907 458 2154 528 superius
2188 461 2227 510 Δ
2255 456 2345 523 qui
2379 468 2506 506 vero
2543 454 2686 505 hunc
2716 464 3040 519 corporeum
3077 457 3275 517 putent
3291 461 3433 512 esse,
3468 448 3555 517 qui
3590 449 3652 501 ad
3683 448 3817 503 ima-

584 557 961 625 exposuimtts,
1003 556 1165 609 talem
1213 555 1485 609 hominem
1516 553 1730 623 qualem
1770 552 2152 618 descripsimus

586 647 706 700 vult
736 647 1101 716 principatum
1139 661 1325 713 gerere
1353 645 1730 714 praedictarum
1764 642 2075 703 bestiarum,
2099 648 2153 691 et

586 739 891 805 volucrum,
930 748 984 793 et
1029 740 1352 805 repentium,
1386 733 1794 802 quadrupedum
1826 742 1878 784 et
1909 731 2149 783 omnium

589 830 941 900 reliquorum.
971 830 1105 896 Quae
1140 826 1369 896 qualiter
1412 823 1644 892 intelligi
1694 838 1791 891 per
1832 822 2150 889 allegoriam

578 923 831 983 debeant,
865 922 1231 989 exposuimus,
1273 933 1395 971 cum
1435 916 1668 970 diximus
1705 915 1881 983 juberi
1925 930 2152 982 aquam,

579 1014 634 1069 id
663 1023 747 1068 est
792 1020 1029 1065 tuentem
1069 1010 1187 1077 ejus
1216 1008 1510 1076 spiritalem
1544 1006 1656 1075 (61)
1701 1020 1921 1059 sensum
1950 1005 2153 1074 produ-

576 1120 722 1169 cere,
757 1114 811 1157 ει
843 1112 1037 1156 terram
1073 1115 1295 1154 sensum
1318 1099 1497 1152 carnis
1528 1098 1792 1168 proferre,
1823 1108 1881 1152 ut
1910 1097 2153 1151 domine-

579 1204 668 1250 tur
699 1196 777 1247 eis
824 1208 996 1256 mens,
1030 1202 1083 1246 et
1118 1207 1224 1245 non
1270 1191 1359 1244 illa
1394 1191 1705 1245 dominetur
1735 1191 1806 1244 ei.
1844 1189 1969 1243 Vult
2005 1189 2151 1243 enim

575 1283 721 1338 Deus
750 1293 809 1337 ut
834 1300 1025 1352 magna
1056 1285 1154 1337 ista
1183 1284 1278 1337 Dei
1306 1283 1509 1336 factura
1538 1283 1720 1345 homo,
1746 1290 1967 1350 prepter
1990 1296 2151 1349 quem

573 1381 627 1423 et
644 1373 926 1424 universus
951 1381 1166 1425 creatus
1190 1382 1275 1427 est
1301 1369 1557 1433 mundus,
1585 1386 1688 1424 non
1707 1369 1878 1425 solum
1900 1370 2155 1423 immacu-

575 1460 716 1516 latus
732 1465 801 1518 sit
822 1466 889 1517 ab
922 1466 1025 1526 his,
1057 1481 1181 1533 qua:
1219 1481 1384 1535 supra
1411 1462 2031 1527 dixitnus,etimtnunis,
2057 1463 2151 1517 sed

572 1563 628 1609 et
660 1555 968 1609 dominetur
1002 1558 1101 1613 eis.
1137 1556 1256 1611 Jant
1286 1574 1414 1612 vero
1450 1555 1616 1625 quale
1646 1554 1939 1608 animalsit
1968 1555 2149 1617 homo,

570 1661 639 1700 cx
678 1649 808 1716 ipsis
833 1650 1129 1717 Scriptura:
1173 1652 1517 1705 sermooibus
1555 1649 1980 1702 consideremus.
2031 1645 2154 1700 0m-

571 1752 670 1792 nes
717 1740 935 1807 reliqua:
991 1752 1255 1796 creaturre
1295 1740 1541 1807 jussione
1586 1737 1691 1808 57
1738 1737 1828 1791 Dei
1864 1740 2038 1803 tiunt,
2070 1740 2152 1789 di-

2256 548 2434 615 ginem
2466 555 2519 597 et
2550 541 2961 596 similitudinem
2996 542 3089 595 Dei
3124 541 3299 595 factus
3331 550 3432 604 est,
3460 541 3623 594 Deum
3651 541 3819 608 ipsum

2254 651 2577 704 corporemn
2612 643 2669 687 et
2716 635 2968 687 humanae
3020 635 3208 687 formre
3242 634 3491 687 videntur
3527 633 3819 685 inducere:

2254 730 2395 796 quod
2449 726 2654 782 sentire
2684 727 2749 780 de
2807 725 2915 780 Deo
2963 726 3400 781 manifestissime
3451 724 3673 792 impium
3722 732 3825 776 eat.

2255 819 2498 887 Denique
2543 817 2796 871 carnales
2833 818 2921 871 isti
2974 817 3225 871 homines
3258 817 3349 886 qui
3382 814 3711 868 intellectum
3750 813 3830 865 di-

2254 912 2494 964 vinitatis
2525 911 2800 978 ignorant,
2850 909 3024 961 sicubi
3083 908 3133 960 in
3170 907 3466 977 Scripturis
3506 904 3573 957 de
3618 902 3828 957 Deole-

2253 1012 2405 1069 gunt,
2439 1002 2563 1071 quia
2623 1000 2807 1054 caelum
2863 1001 2994 1051 mihi
3028 1000 3173 1053 sedes
3201 1010 3297 1063 est,
3324 1010 3463 1051 terra
3494 1003 3670 1049 autem
3705 1011 3828 1049 sca-

2254 1095 2444 1149 bellum
2480 1095 2672 1163 pedum
2707 1109 2944 1147 meorum
2974 1093 3041 1157 ",
3094 1092 3441 1161 suspicantur
3489 1090 3652 1143 Deutn
3711 1096 3824 1141 tam

2255 1186 2492 1254 ingentis
2511 1201 2631 1241 esse
2666 1176 3009 1252 corporis,ut
3037 1193 3223 1254 putent
3274 1194 3395 1236 eum
3443 1182 3718 1235 sedentem
3770 1180 3825 1233 in

2254 1278 2396 1332 caelo
2437 1279 2600 1348 pedes
2631 1292 2799 1347 usque
2848 1282 2914 1331 ad
2967 1286 3164 1331 terram
3198 1273 3541 1344 protendere.
3591 1272 3702 1326 lloc
3726 1288 3826 1325 au-

2259 1379 2366 1424 tem
2391 1373 2655 1435 sentiunt,
2710 1372 2836 1440 quia
2898 1386 3006 1425 non
3069 1370 3267 1424 habent
3327 1368 3457 1421 illas
3483 1382 3666 1431 aures,
3705 1381 3827 1435 qua:

2255 1461 2417 1530 digne
2455 1464 2665 1530 possint
2709 1463 2902 1517 audire
2942 1463 3105 1516 verba
3157 1461 3248 1515 Dei
3305 1460 3371 1515 de
3434 1459 3563 1526 Deo,
3590 1474 3709 1529 qum
3732 1474 3827 1528 per

2257 1552 2598 1621 Scripturam
2654 1553 2989 1609 referuntur.
3028 1554 3180 1619 Quod
3221 1555 3364 1607 enim
3416 1554 3594 1607 dicit:
3626 1550 3826 1607 Caelum

2255 1645 2386 1697 mihi
2425 1646 2572 1698 sedes
2604 1656 2703 1710 est,
2776 1648 2849 1699 ita
2897 1646 3056 1715 digne
3112 1647 3179 1699 de
3225 1645 3333 1699 Deo
3373 1645 3716 1712 intelligitur,
3773 1652 3833 1694 ιιι

2254 1737 2499 1791 sciamus
2529 1737 2656 1804 quia
2694 1738 2746 1790 in
2781 1738 2865 1791 his
2894 1752 3127 1805 quorum
3186 1738 3238 1790 in
3289 1738 3440 1789 caelis
3486 1734 3833 1788 conversatio

570 1840 728 1884 cente
753 1830 1035 1899 Scriptura
1056 1835 1133 1885 ιτς
1166 1833 1229 1886 Et
1250 1834 1382 1886 dixit
1401 1828 1722 1886 Deus:Fiat
1742 1829 2150 1898 ﬁrmamentum.
2187 1837 2228 1889 Β
2258 1836 2363 1893 est,
2403 1827 2546 1882 Deus
2579 1829 2874 1898 requiescit
2917 1839 2975 1884 et
3020 1830 3242 1885 residet.
3286 1828 3344 1882 ιιι
3394 1830 3477 1883 his
3507 1835 3689 1881 autem
3739 1825 3832 1895 qui

573 1919 645 1974 Et
684 1924 819 1977 dixit
861 1924 997 1979 Deus
1026 1942 1044 1978 :
1073 1925 1427 1996 Cougregetur
1462 1942 1601 1995 aqua
1633 1940 1750 1993 qua:
1791 1924 1887 1977 sub
1917 1923 2043 1976 cmlo
2073 1935 2145 1976 est

570 2014 625 2068 in
652 2027 1107 2083 congregationem
1132 2034 1311 2082 uuam,
1348 2030 1396 2072 et
1436 2027 1684 2086 appareat
1705 2016 1882 2069 arida.
1915 2015 1979 2069 Et
2013 2017 2148 2069 dixit

576 2106 712 2159 Deus
738 2125 755 2162 :
783 2105 1052 2162 Producat
1083 2120 1225 2163 terra
1252 2111 1467 2164 herbam
1487 2110 1642 2178 freni;
1683 2109 1756 2163 ita
1781 2110 1946 2164 etiam
1981 2109 2033 2163 in
2068 2123 2152 2162 re-

572 2198 735 2267 liquis
765 2200 917 2255 dicit.
955 2199 1243 2256 Videamus
1284 2197 1484 2256 autem
1516 2217 1637 2269 qua:
1691 2209 1817 2255 sunt
1860 2215 1981 2269 qua:
2036 2202 2151 2267 ipse

571 2292 717 2344 Drus
746 2290 899 2355 fecit,
929 2301 983 2345 et
1007 2308 1104 2359 per
1133 2279 1246 2345 haec
1289 2308 1407 2360 quae
1436 2293 1750 2361 magnitudo
1777 2291 2011 2346 hominis
2056 2292 2150 2355 sit,

571 2384 950 2435 advertamus.
1002 2381 1067 2434 lu
1097 2384 1358 2451 principio
1388 2386 1511 2452 fecit
1554 2384 1693 2437 Deus
1725 2386 1908 2437 caelum
1955 2393 2001 2437 et
2048 2392 2151 2436 ter-

573 2488 688 2525 ram
718 2472 782 2527 ⁸⁸.
825 2470 1091 2526 Similiter
1111 2475 1187 2527 ait
1219 2475 1260 2506 ¹⁹
1291 2492 1304 2528 :
1337 2473 1405 2527 Et
1431 2476 1549 2542 fecit
1578 2475 1684 2527 duo
1715 2473 2006 2527 luminaria
2036 2490 2148 2527 nta-

571 2578 702 2631 gna.
737 2561 806 2615 Et
832 2578 973 2617 nunc
1009 2563 1202 2617 iterum
1235 2566 1279 2596 ¹⁰
1306 2583 1318 2618 :
1347 2564 1634 2618 Faciamus
1671 2565 1953 2619 hominem.
1986 2564 2042 2618 In
2069 2566 2153 2620 his

572 2654 705 2709 solis
729 2653 945 2709 factura
980 2656 1150 2723 ipsius
1183 2656 1271 2710 Dei
1296 2657 1607 2721 ascribitur,
1637 2659 1690 2711 in
1718 2657 1840 2713 aliis
1873 2672 2002 2713 vero
2028 2673 2153 2713 nus-

571 2761 732 2814 quam
759 2763 775 2811 ;
805 2747 900 2800 sed
933 2749 1303 2802 tantummodo
1335 2729 1533 2802 caelum
1551 2757 1608 2802 et
1640 2758 1809 2812 terra,
1837 2747 1996 2803 solet
2023 2750 2151 2801 luna

574 2853 639 2891 ac
666 2836 861 2903 stellae,
890 2848 946 2891 et
973 2854 1117 2893 nunc
1148 2839 1310 2893 homo
1348 2854 1379 2893 a
1410 2839 1517 2893 Deo
1556 2838 1693 2893 facta
1721 2848 1846 2894 sunt
1877 2838 2014 2910 (62),
2043 2854 2154 2893 om-

574 2929 666 2981 nia
696 2943 824 2983 vero
858 2929 1065 2999 reliqua
1092 2930 1340 2997 jussione
1385 2929 1503 3000 ejus
1548 2930 1694 2985 facta
1727 2945 1848 2986 esse
1872 2931 2149 2986 dicuntur.

574 3018 653 3074 Ex
686 3022 787 3076 hoc
811 3037 942 3092 ergo
968 3023 1251 3078 considera
1289 3033 1490 3095 quanta
1516 3023 1588 3077 sit
1627 3024 1939 3092 magnitudo
1984 3024 2154 3077 homi-

574 3113 688 3177 nis,
720 3113 812 3180 qui
844 3123 950 3168 tam
1013 3118 1224 3184 magnis
1265 3115 1552 3169 elementis
1588 3124 1810 3185 tamque
1863 3114 2152 3184 praecipuis

2255 1919 2431 1972 adhuc
2482 1929 2762 1974 terrenum
2816 1922 3154 1990 propositum
3205 1932 3426 1991 gerunt,
3472 1921 3659 1974 ultima
3708 1935 3833 1989 pars

2256 2010 2373 2078 ejus
2401 2010 2754 2079 providentiae
2814 2012 3107 2074 invenitur,
3149 2014 3378 2081 quod'in
3426 2014 3619 2082 pedum
3645 2012 3827 2081 appel-

2259 2103 2459 2157 latione
2488 2103 2788 2174 figuraliter
2815 2106 3106 2160 indicatur.
3142 2107 3216 2161 Ex
3255 2109 3457 2174 quibus
3489 2108 3532 2162 si
3560 2108 3650 2175 qui
3690 2106 3831 2161 forte

2266 2197 2503 2249 studium
2549 2211 2614 2250 ae
2660 2196 2990 2251 desiderium
3041 2201 3379 2268 sumpserint
3414 2199 3528 2252 fieri
3557 2200 3829 2263 cmlestes,

2257 2287 2592 2355 perfectione
2614 2289 2737 2343 vita:
2769 2299 2823 2344 et
2849 2290 3155 2346 intellectus
3177 2292 3493 2357 altitudine,
3526 2292 3831 2346 cﬂicitnttnr

2256 2379 2420 2431 etiam
2454 2378 2551 2447 ipsi
2585 2380 2740 2433 sedes
2760 2379 2876 2443 Dei,
2911 2378 3040 2434 facti
3072 2382 3222 2450 prius
3270 2382 3465 2451 peritia
3519 2391 3572 2435 et
3604 2396 3830 2435 conver-

2256 2467 2467 2521 satione
2509 2469 2809 2535 cmlestcs;
2845 2471 2935 2538 qui
2994 2473 3159 2526 etiam
3214 2473 3401 2527 dicunt
3429 2473 3515 2527 ’δι
3550 2472 3830 2527 Suscitauit

2260 2576 2351 2614 nos
2373 2576 2490 2614 cum
2515 2558 2754 2625 Christo,
2782 2573 2828 2615 et
2861 2562 3021 2617 simul
3043 2565 3221 2617 sedere
3250 2580 3343 2618 uas
3378 2564 3500 2633 fecit
3529 2567 3581 2618 in
3614 2566 3830 2619 caelesti-

2257 2651 2371 2704 bus.
2403 2652 2507 2705 Sed
2540 2662 2595 2707 et
2626 2653 2700 2706 illi
2729 2669 2958 2722 quorum
2996 2658 3283 2709 thesaurus
3308 2656 3358 2709 in
3392 2655 3531 2711 calo
3556 2667 3673 2720 est,
3713 2670 3830 2713 etB-

2258 2742 2547 2796 lestesdici
2580 2754 2806 2813 possunt
2848 2756 2931 2801 et-
2961 2745 3119 2799 sedes
3176 2747 3292 2811 Dei,
3347 2747 3709 2815 quoniam'ibi
3748 2757 3830 2803 est

2257 2850 2353 2890 cor
2381 2850 2567 2889 corum
2599 2838 2686 2890 ubi
2724 2847 2809 2891 est
2837 2840 3123 2893 thesaurus
3156 2855 3368 2894 eorum.
3418 2838 3482 2893 Et
3523 2854 3628 2894 non
3656 2840 3830 2895 solum

2258 2930 2551 2997 requiescit
2580 2944 2743 2999 super
2778 2944 2872 2984 eos
2906 2932 3068 2992 Deus,
3104 2933 3197 2985 sed
3237 2940 3295 2985 et
3342 2931 3612 2986 inhabitat
3642 2932 3694 2985 in
3727 2932 3825 2987 eis.

2256 3022 2317 3076 Si
2338 3037 2464 3077 vero
2513 3032 2695 3077 tantus
2722 3024 2843 3092 quis
2888 3024 3021 3078 ellici
3055 3033 3248 3093 potest,
3274 3035 3330 3078 ut
3363 3025 3536 3094 possit
3562 3025 3744 3079 dicere
3759 3028 3828 3083 "z

2258 3117 2338 3169 An
2394 3117 2762 3169 documentum
2813 3118 3049 3186 quwritis
3110 3117 3226 3186 ejus
3286 3120 3377 3187 qui
3430 3121 3486 3171 in
3537 3134 3618 3172 me
3664 3120 3832 3191 loqui-

574 3204 915 3274 ada'quatur,
946 3206 1038 3275 qui
1085 3206 1248 3261 habet
1296 3207 1561 3261 honorem
1587 3207 1734 3270 caeli,
1761 3215 1981 3275 prepter
2006 3206 2150 3274 quod
2178 3194 2220 3251 C
2256 3216 2345 3260 tur
2384 3205 2628 3262 Christus
2672 3207 2771 3261 ?in
2820 3208 2924 3262 hoc
2959 3223 3062 3262 non
3099 3209 3272 3263 solum
3308 3209 3576 3266 inhabitat
3638 3212 3829 3280 Deus,

571 3304 629 3349 et
656 3297 922 3352 calorum
971 3298 1019 3352 el
1042 3297 1377 3366 promittitur
1417 3296 1941 3367 regnum.Habetet
1992 3306 2152 3351 terra:

576 3388 862 3457 honorem,
900 3393 1157 3460 quoniam
1200 3392 1416 3461 quidem
1472 3393 1524 3445 in
1585 3399 1785 3446 terram
1840 3393 2057 3457 bonam,
2098 3402 2153 3447 et

576 3490 779 3535 terram
821 3482 1069 3536 vivorum
1096 3482 1348 3537 ﬂuentem
1390 3483 1471 3537 Iac
1494 3494 1550 3538 et
1581 3483 1684 3537 mel
1712 3483 1921 3552 ingredi
1945 3494 2147 3551 sperat.

576 3571 751 3627 liabet
777 3573 1039 3628 honorem
1074 3574 1205 3629 solis
1232 3584 1287 3628 et
1322 3575 1484 3641 lutue,
1533 3574 1739 3629 habens
1783 3574 2154 3643 repromissio-

577 3679 698 3718 nem
726 3666 931 3734 fulgere
964 3670 1108 3724 sicut
1139 3671 1221 3724 sol
1253 3672 1305 3724 in
1337 3686 1500 3740 regno
1523 3669 1639 3724 Dei.

648 3757 734 3812 13.
767 3758 901 3813 Illud
945 3775 1078 3814 sane
1114 3763 1275 3816 etiam
1332 3761 1660 3816 eminentius
1719 3759 1771 3812 in
1837 3760 2156 3815 conditione

577 3848 817 3905 hominis
861 3851 1038 3912 video,
1076 3853 1220 3920 quod
1277 3852 1405 3906 alibi
1458 3870 1561 3907 non
1598 3855 1817 3910 invenio
1853 3854 2149 3908 dictum":

577 3939 649 3995 Et
689 3941 809 4010 fecit
842 3940 979 3995 Deus
1003 3941 1287 4004 hominem,
1312 3944 1381 3994 ad
1415 3944 1695 4012 imaginem
1732 3944 1829 3997 Dei
1863 3945 1983 4003 feeit
2010 3959 2151 3997 eum.

576 4032 733 4099 Quod
764 4049 939 4103 neque
968 4035 1020 4088 in
1047 4036 1210 4100 coelo,
1257 4048 1433 4103 neque
1463 4038 1513 4087 in
1547 4045 1716 4099 terra,
1749 4052 1923 4105 neque
1949 4037 2002 4089 in
2043 4035 2155 4089 sole

578 4125 663 4177 vel
692 4125 813 4178 luna
845 4125 1152 4181 invenimus
1174 4125 1669 4196 ascriptum._llunc
1690 4141 1826 4180 sane
1855 4126 2153 4190 hominem,

579 4231 740 4283 quem
773 4217 902 4271 dicit
935 4219 1000 4272 ad
1035 4218 1324 4289 imaginem
1376 4219 1470 4273 Dei
1500 4220 1725 4285 laetum,
1754 4236 1859 4275 non
1895 4219 2152 4288 intelligi-

581 4324 700 4363 mus
723 4311 1062 4380 corporalem
1114 4312 1249 4385 (63).
1299 4311 1417 4368 Non
1452 4314 1595 4368 enim
1624 4313 1871 4382 corporis
1921 4313 2154 4382 ﬁgmen-

582 4413 694 4456 tum
731 4403 823 4458 Dei
872 4406 1163 4473 imaginem
1188 4406 1452 4471 continet,
1480 4422 1655 4475 neque
1683 4406 1858 4461 factus
1883 4421 2009 4460 esse
2034 4421 2156 4460 cor-

581 4496 784 4562 poralis
818 4497 981 4551 homo
1021 4499 1240 4563 dicitur,
1274 4502 1367 4553 sed
1418 4498 1739 4568 plasmatus,
1768 4498 1909 4551 sicut
1938 4498 1990 4550 in
2018 4513 2153 4551 con-

579 4589 941 4657 sequentibus
971 4592 1230 4659 scriptum
1281 4600 1385 4646 est.
1433 4592 1523 4645 Ait
1550 4592 1694 4645 enim
1746 4591 1792 4620 “
1821 4588 2152 4643 :Plasmavit

582 4678 723 4735 Deus
765 4682 1047 4737 hominem.
1082 4683 1137 4736 ld
1169 4692 1253 4737 est
1289 4683 1443 4736 tinxit
1486 4682 1553 4738 de
1586 4691 1744 4738 terra;
1785 4683 1934 4738 limo.
1976 4681 2025 4735 ls
2058 4696 2155 4733 au-

583 4784 690 4829 tem
724 4775 815 4844 qui
849 4776 915 4828 ad
938 4776 1230 4845 imaginem
1267 4777 1357 4831 Dei
1382 4776 1557 4830 factus
1588 4786 1669 4829 est
1698 4786 1752 4829 et
1778 4776 1844 4829 ad
1898 4772 2151 4828 similitu—

582 4868 764 4921 dinem
798 4866 935 4936 (θαι),
970 4868 1195 4922 interior
1228 4869 1389 4922 homo
1422 4878 1609 4921 noster
1638 4847 1742 4933 est,
1778 4863 2065 4919 invisibilis
2100 4873 2154 4915 et

582 4958 968 5027 incorporalis,
1006 4968 1060 5014 et
1087 4960 1436 5028 incorruptus
1486 4969 1648 5028 atque
1699 4955 2037 5013 immortalis.
2095 4952 2149 5006 In

582 5053 666 5107 his
691 5054 837 5108 enim
884 5054 1079 5108 talibus
1129 5053 1223 5106 Dei
1275 5055 1450 5124 imago
1503 5053 1701 5107 rectius
1734 5049 2067 5118 intelligitur.
2097 5045 2152 5099 Si

639 5168 977 5234 "Gen.t,26.
1020 5171 1326 5235 "ib.,6-ll.
1366 5170 1408 5199 “‘
1433 5169 1583 5227 ibitL.
1612 5170 1664 5219 l.
1743 5165 1785 5197 "
1813 5162 2083 5235 ibid.,_lli

588 5251 735 5299 uvu,
775 5240 825 5294 l.
864 5232 871 5234 ἡ
910 5240 957 5271 ’⁸
992 5232 1189 5308 Ephes.
1223 5257 1301 5305 ιι,
1344 5241 1396 5293 6.
1501 5239 1546 5269 ’⁸
1585 5238 1620 5291 II
1656 5236 1778 5308 (ζον.
1814 5248 1934 5291 stu.
1969 5232 2023 5285 5.

587 5308 632 5339 ⁸⁵
663 5308 871 5362 Coloss.
901 5323 939 5374 ι,
980 5310 1062 5362 ι5.
1139 5312 1183 5342 ³⁰
1216 5311 1351 5367 lleb.
1381 5326 1419 5378 t,
1468 5311 1524 5365 5.

661 5446 775 5515 (6|)
810 5442 1131 5514 Spirilalem.
1177 5447 1302 5501 Haec
1355 5464 1454 5503 vox
1507 5449 1655 5504 deest
1704 5448 1755 5500 in
1808 5458 1965 5501 antea
2002 5446 2157 5500 editis

598 5517 767 5582 libris,
794 5520 885 5570 sed
921 5517 1151 5569 habetur
1179 5516 1228 5570 in
1267 5534 1398 5572 mss.
1435 5529 1489 5573 et
1519 5520 1824 5573 necessaria
1855 5529 1935 5573 ρει
1959 5528 2015 5569 ιιι
2049 5532 2156 5569 res-

589 5588 824 5663 pondeat
847 5587 1001 5641 alteri
1029 5587 1291 5653 membro,
1319 5599 1364 5641 et
1398 5599 1586 5643 terram
1615 5606 1825 5644 sensum
1852 5591 2023 5641 carnis
2045 5604 2160 5657 pro-

615 5673 671 5708 α
678 5672 728 5707 re
736 5697 746 5708 .

615 5672 746 5708 (ηε.

592 5664 608 5725 ί
667 5726 779 5789 (69.)
813 5724 955 5798 Mss,
993 5725 1134 5791 furta
1162 5738 1304 5789 sunt;
1339 5727 1466 5779 lihb.
1500 5730 1652 5789 editi,
1681 5730 1851 5798 fartus
1892 5738 1989 5782 est.

666 5798 779 5871 (55)
817 5796 934 5851 .‘Vott
988 5799 1326 5868 intelligimus
1386 5796 1728 5867 corporalem.
1795 5802 1865 5854 De
1928 5800 2157 5871 imagine

2192 5160 2237 5189 ’°
2271 5159 2400 5212 ibid.
2430 5160 2518 5213 26.

2136 5231 2181 5260 ’⁸
2216 5229 2356 5283 l‘sal.
2392 5245 2544 5297 xvm,
2586 5235 2633 5287 l.

1599 5309 1641 5341 ³¹
1670 5306 1826 5363 Joan.
1881 5318 1991 5368 11v,
2022 5302 2169 5365 9,10.

2256 3300 2353 3353 sed
2400 3299 2564 3352 etiam
2616 3299 2933 3353 inambulat.
2981 3303 3049 3355 Et
3117 3313 3402 3373 propterea
3446 3305 3671 3374 perfecti
3712 3307 3832 3376 qui-

2255 3402 2359 3457 que
2399 3390 2650 3445 cmlestes
2696 3390 2857 3457 facti,
2888 3391 2971 3445 vel
3006 3394 3131 3448 coeli
3177 3396 3373 3459 etl'ccti,
3409 3408 3670 3451 enarrant
3715 3399 3831 3469 glo—

2257 3481 2393 3534 riam
2448 3482 2568 3548 Dei,
2619 3486 2762 3538 sicut
2816 3486 2867 3539 in
2926 3486 3138 3544 Psalmo
3193 3489 3391 3544 dicitur
3426 3493 3496 3547 ".
3542 3491 3829 3562 Propterea

2256 3574 2488 3643 denique
2546 3576 2773 3646 apostoli
2825 3578 2918 3647 qui
2989 3590 3146 3635 erant
3216 3581 3375 3645 cedi,
3426 3585 3706 3637 mittuntur
3760 3585 3828 3636 ad

2255 3670 2622 3723 enarrandum
2681 3671 2907 3737 gloriam
2969 3673 3098 3737 Dei,
3149 3682 3203 3727 et
3270 3674 3565 3746 Boanerges
3634 3689 3831 3731 nomen

2257 3762 2549 3831 accipiunt,
2598 3765 2740 3831 quod
2794 3770 2877 3819 est
2928 3762 3027 3831 ﬁlii
3080 3764 3393 3828 touitrui",
3424 3776 3480 3820 ut
3539 3781 3635 3836 per
3691 3769 3834 3821 toni—

2260 3856 2363 3908 ιιιιὶ
2410 3864 2767 3923 potestatem,
2808 3870 2936 3911 vere
2985 3871 3079 3910 eos
3135 3855 3301 3910 celos
3348 3870 3473 3911 esse
3519 3859 3832 3914 credamus.

2260 3944 2408 3998 Fecit
2449 3962 2576 4016 ergo
2625 3947 2767 4000 Deus
2818 3947 3099 4015 hominem,
3132 3949 3199 4001 ad
3241 3949 3525 4018 imaginem
3570 3948 3664 4003 Dei
3706 3950 3839 4019 fecit

2257 4036 2408 4089 illum
2458 4038 2522 4092 ³⁸.
2583 4038 2810 4107 Oportet
2858 4053 2956 4093 nos
3003 4039 3189 4093 videre
3224 4054 3342 4108 qum
3395 4048 3478 4094 est
3535 4040 3635 4094 ista
3691 4040 3831 4105 ima:

2257 4144 2325 4197 go
2350 4127 2460 4199 (65)
2497 4129 2616 4194 Dei,
2649 4140 2703 4183 et
2734 4130 3047 4200 perquirere
3087 4131 3152 4183 ad
3176 4131 3331 4201 cujus
3354 4132 3607 4202 imaginis
3639 4131 3831 4187 simili-

2258 4221 2498 4276 tudinem
2554 4223 2715 4276 homo
2754 4221 2928 4276 factus
2970 4232 3071 4277 est.
3114 4221 3230 4277 Non
3280 4224 3424 4277 enim
3478 4224 3652 4291 dixit,
3699 4226 3829 4294 quia

2258 4310 2389 4364 fecit
2414 4312 2551 4367 Deus
2577 4311 2851 4366 hominem
2901 4315 2969 4368 ad
3002 4315 3291 4385 imaginem
3325 4325 3378 4368 et
3414 4314 3826 4369 similitudinem

2257 4416 2429 4464 suam,
2480 4407 2573 4457 sed
2599 4444 2613 4468 ,
2642 4407 2709 4456 ad
2761 4406 3040 4475 imaginem
3082 4407 3176 4460 Dei
3201 4407 3322 4474 fecit
3377 4408 3546 4460 illum.
3590 4407 3719 4472 Qua:
3749 4418 3834 4463 est

2261 4507 2393 4561 ergo
2429 4493 2534 4546 alia
2576 4496 2756 4564 imago
2787 4497 2878 4551 Dei
2907 4497 2975 4551 ad
3005 4498 3160 4566 cujus
3205 4499 3458 4567 imaginis
3517 4499 3831 4552 similitudi-

2264 4599 2385 4635 nem
2422 4584 2596 4639 factus
2627 4600 2711 4641 est
2740 4588 2922 4655 homo,
2954 4590 3057 4644 nisi
3107 4590 3363 4644 Salvator
3390 4601 3596 4654 noster,
3627 4593 3718 4660 qui
3746 4602 3832 4645 est

2260 4676 2635 4746 primogenitae
2703 4684 2872 4735 omnis
2927 4698 3183 4737 creatura:
3230 4686 3275 4716 “
3330 4687 3355 4737 .9
3405 4687 3469 4740 de
3529 4700 3638 4755 quo
3694 4686 3833 4740 scri-

2261 4775 2409 4833 ptum
2461 4779 2568 4835 est,
2616 4773 2741 4840 quia
2778 4775 2849 4828 sit
2900 4775 3149 4843 splendor
3184 4778 3366 4830 (sterni
3418 4780 3654 4843 luminis,
3687 4790 3735 4832 et
3763 4778 3833 4847 ﬁ-

2260 4874 2393 4924 gura
2435 4876 2684 4930 expressa
2714 4868 3025 4922 substantia:
3065 4870 3159 4925 Dei
3191 4872 3257 4936 ³ο,
3284 4876 3407 4941 quia
3434 4885 3487 4927 et
3515 4874 3631 4943 ipse
3670 4875 3736 4927 de
3773 4886 3835 4927 se

2261 4950 2393 5004 dicit
2422 4951 2487 5006 “z
2524 4954 2632 5023 Ego
2656 4957 2709 5010 in
2743 4957 2921 5021 Patre,
2952 4972 3001 5013 et
3047 4960 3204 5015 Pater
3241 4966 3292 5016 in
3323 4980 3436 5029 me;
3465 4977 3509 5017 et
3540 4967 3629 5034 qui
3659 4982 3738 5018 me
3763 4968 3834 5018 νὶ-

2261 5044 2371 5108 det,
2401 5045 2535 5099 videt
2560 5058 2607 5100 et
2648 5047 2883 5105 Patrem.
2918 5052 3070 5108 Sicut
3110 5059 3253 5109 enim
3279 5059 3369 5125 qui
3408 5059 3602 5111 viderit
3637 5060 3830 5124 imagi-

2630 5164 2673 5194 ’ί
2717 5164 2980 5226 ἰΙιὶιΙ.,27.
3084 5170 3127 5198 ’⁸
3174 5168 3369 5223 Genes.
3410 5186 3468 5231 ll,
3502 5172 3552 5223 7.
3660 5171 3829 5222 "lsa.

2737 5236 2779 5265 ’⁷
2812 5236 2978 5290 Marc.
3028 5253 3081 5291 Ill
3106 5280 3119 5304 ,
3154 5240 3235 5293 l7.
3341 5240 3384 5270 ³⁸
3414 5248 3609 5296 υριιυε.
3652 5256 3707 5305 ι,
3739 5239 3829 5294 27.

2258 5446 2350 5501 Dei
2385 5448 2433 5500 in
2463 5445 2681 5504 homine
2714 5451 2974 5517 impressa
3004 5452 3130 5519 quid
3155 5450 3404 5519 epinatus
3444 5446 3512 5519 sit
3545 5444 3831 5519 Origenes,

2261 5466 2350 5501 νει
2385 5466 2433 5500 ιιι
2465 5466 2681 5504 nomine
2714 5466 2974 5517 impressa
3004 5466 3130 5519 qllttl
3155 5466 3186 5503 0
3230 5466 3404 5502 matus
3444 5466 3512 5497 su
3545 5466 3831 5513 urtgencs,

2261 5518 2459 5571 videsis
2517 5522 2657 5586 apud
2713 5519 3140 5575 illustrissimum
3192 5466 3445 5573 fluetium
3475 5516 3832 5583 Urigeniano-

2257 5587 2584 5662 rtttttlll):‘ll,
2614 5600 2807 5658 quaest.
2836 5591 2927 5653 l2,
2962 5590 3198 5662 num.__9.
3398 5658 3407 5662 _
3725 5654 3752 5662 η
3788 5652 3797 5661 .

2279 5711 2295 5729 .
2320 5656 2435 5723 (64)
2468 5657 2535 5710 Et
2558 5656 3083 5713 att—similitudinem.
3115 5659 3235 5710 llaec
3259 5658 3446 5725 qtuein
3479 5667 3638 5710 antea
3671 5656 3833 5707 editis

2257 5729 2456 5783 omissa
2494 5739 2636 5791 sunt,
2665 5731 2981 5797 supplentur
3013 5746 3041 5781 e
3074 5746 3199 5780 mss.

2330 5799 2440 5872 (63)
2470 5798 2598 5865 Qua'
2621 5812 2695 5855 est
2722 5800 2821 5855 ista
2856 5802 3045 5869 imago.
3077 5802 3128 5852 In
3156 5810 3309 5852 antea
3336 5798 3495 5853 editis
3529 5797 3678 5851 deest
3702 5802 3825 5847 ista.
