  <div class='ocr_page' id='page_1' title='image "/cluster/home/n/w/nwhite01/storage/ocr_20150623/12/hvd.32044052796216/085.png"; bbox 0 0 4180 6216; ppageno 0'>
   <div class='ocr_carea' id='block_1_1' title="bbox 616 337 716 393">
    <p class='ocr_par' dir='ltr' id='par_1_1' title="bbox 616 337 716 393">
     <span class='ocr_line' id='line_1_1' title="bbox 616 337 716 393; baseline 0.03 -3"><span class='ocrx_word' id='word_1_1' title='bbox 616 337 716 393; x_wconf 73' lang='grc'><strong>159</strong></span> 
     </span>
    </p>
   </div>
   <div class='ocr_carea' id='block_1_2' title="bbox 2102 347 2426 403">
    <p class='ocr_par' dir='ltr' id='par_1_2' title="bbox 2102 347 2426 403">
     <span class='ocr_line' id='line_1_2' title="bbox 2102 347 2426 403; baseline 0 0"><span class='ocrx_word' id='word_1_2' title='bbox 2102 347 2426 403; x_wconf 70' lang='grc' dir='ltr'><strong>ΟΒΙΟΕΝΙΒ</strong></span> 
     </span>
    </p>
   </div>
   <div class='ocr_carea' id='block_1_3' title="bbox 3761 368 3878 424">
    <p class='ocr_par' dir='ltr' id='par_1_3' title="bbox 3761 368 3878 424">
     <span class='ocr_line' id='line_1_3' title="bbox 3761 368 3878 424; baseline 0.009 -6"><span class='ocrx_word' id='word_1_3' title='bbox 3761 368 3878 424; x_wconf 63' lang='grc' dir='ltr'><strong>Πῖῢν</strong></span> 
     </span>
    </p>
   </div>
   <div class='ocr_carea' id='block_1_4' title="bbox 613 453 3855 531">
    <p class='ocr_par' dir='ltr' id='par_1_4' title="bbox 613 453 3855 531">
     <span class='ocr_line' id='line_1_4' title="bbox 613 453 3855 531; baseline 0.006 -25"><span class='ocrx_word' id='word_1_4' title='bbox 613 453 977 524; x_wconf 85' lang='lat' dir='ltr'><strong>impudenter,</strong></span> <span class='ocrx_word' id='word_1_5' title='bbox 1008 456 1208 519; x_wconf 86' lang='lat' dir='ltr'><strong>audiet,</strong></span> <span class='ocrx_word' id='word_1_6' title='bbox 1248 456 1374 523; x_wconf 86' lang='lat' dir='ltr'><strong>quia</strong></span> <span class='ocrx_word' id='word_1_7' title='bbox 1422 456 1584 525; x_wconf 81' lang='lat' dir='ltr'><strong>facies</strong></span> <span class='ocrx_word' id='word_1_8' title='bbox 1611 462 1898 515; x_wconf 83' lang='lat' dir='ltr'><strong>meretricis</strong></span> <span class='ocrx_word' id='word_1_9' title='bbox 1928 463 2070 528; x_wconf 75' lang='lat' dir='ltr'><strong>facta</strong></span> <span class='ocrx_word' id='word_1_10' title='bbox 2105 473 2175 514; x_wconf 86' lang='lat' dir='ltr'><strong>est</strong></span> <span class='ocrx_word' id='word_1_11' title='bbox 2208 465 2252 520; x_wconf 82' lang='grc' dir='ltr'>Α</span> <span class='ocrx_word' id='word_1_12' title='bbox 2283 462 2461 530; x_wconf 84' lang='lat' dir='ltr'><strong>gentis</strong></span> <span class='ocrx_word' id='word_1_13' title='bbox 2504 463 2844 518; x_wconf 88' lang='lat' dir='ltr'><strong>meretricem</strong></span> <span class='ocrx_word' id='word_1_14' title='bbox 2901 481 3026 520; x_wconf 92' lang='lat' dir='ltr'><strong>cum</strong></span> <span class='ocrx_word' id='word_1_15' title='bbox 3080 467 3323 521; x_wconf 70' lang='lat' dir='ltr'><strong>Israelita</strong></span> <span class='ocrx_word' id='word_1_16' title='bbox 3375 468 3494 524; x_wconf 79' lang='lat' dir='ltr'><strong>viro</strong></span> <span class='ocrx_word' id='word_1_17' title='bbox 3542 469 3638 523; x_wconf 84' lang='lat' dir='ltr'><strong>sub</strong></span> <span class='ocrx_word' id='word_1_18' title='bbox 3684 482 3855 531; x_wconf 67' lang='lat' dir='ltr'><strong>oculis</strong></span> 
     </span>
    </p>
   </div>
   <div class='ocr_carea' id='block_1_5' title="bbox 612 543 2182 614">
    <p class='ocr_par' dir='ltr' id='par_1_5' title="bbox 612 543 2182 614">
     <span class='ocr_line' id='line_1_5' title="bbox 612 543 2182 614; baseline 0.008 -18"><span class='ocrx_word' id='word_1_19' title='bbox 612 543 731 606; x_wconf 85' lang='lat' dir='ltr'><strong>tibi,</strong></span> <span class='ocrx_word' id='word_1_20' title='bbox 760 544 875 598; x_wconf 86' lang='lat' dir='ltr'><strong>sine</strong></span> <span class='ocrx_word' id='word_1_21' title='bbox 892 545 1092 614; x_wconf 87' lang='lat' dir='ltr'><strong>pudore</strong></span> <span class='ocrx_word' id='word_1_22' title='bbox 1123 551 1305 609; x_wconf 72' lang='lat' dir='ltr'><strong>elfecta</strong></span> <span class='ocrx_word' id='word_1_23' title='bbox 1356 566 1411 603; x_wconf 80' lang='lat' dir='ltr'><strong>es</strong></span> <span class='ocrx_word' id='word_1_24' title='bbox 1436 552 1503 602; x_wconf 82' lang='lat' dir='ltr'><strong>ad</strong></span> <span class='ocrx_word' id='word_1_25' title='bbox 1542 568 1717 605; x_wconf 85' lang='lat' dir='ltr'><strong>omnes</strong></span> <span class='ocrx_word' id='word_1_26' title='bbox 1749 554 1813 605; x_wconf 85' lang='grc'><strong>³⁷.</strong></span> <span class='ocrx_word' id='word_1_27' title='bbox 1843 553 2014 607; x_wconf 87' lang='lat' dir='ltr'><strong>Veluti</strong></span> <span class='ocrx_word' id='word_1_28' title='bbox 2075 571 2182 609; x_wconf 83' lang='lat' dir='ltr'><strong>nte-</strong></span> 
     </span>
    </p>
   </div>
   <div class='ocr_carea' id='block_1_6' title="bbox 609 638 2176 712">
    <p class='ocr_par' dir='ltr' id='par_1_6' title="bbox 609 638 2176 712">
     <span class='ocr_line' id='line_1_6' title="bbox 609 638 2176 712; baseline 0.009 -25"><span class='ocrx_word' id='word_1_29' title='bbox 609 638 780 691; x_wconf 74' lang='lat' dir='ltr'><strong>retrix</strong></span> <span class='ocrx_word' id='word_1_30' title='bbox 809 651 937 703; x_wconf 86' lang='lat' dir='ltr'><strong>ergo</strong></span> <span class='ocrx_word' id='word_1_31' title='bbox 989 638 1258 705; x_wconf 76' lang='lat' dir='ltr'><strong>punietur,</strong></span> <span class='ocrx_word' id='word_1_32' title='bbox 1317 650 1374 693; x_wconf 89' lang='lat' dir='ltr'><strong>et</strong></span> <span class='ocrx_word' id='word_1_33' title='bbox 1426 640 1519 697; x_wconf 81' lang='lat' dir='ltr'><strong>lilii</strong></span> <span class='ocrx_word' id='word_1_34' title='bbox 1551 644 1669 712; x_wconf 81' lang='lat' dir='ltr'><strong>ejus</strong></span> <span class='ocrx_word' id='word_1_35' title='bbox 1723 647 1789 700; x_wconf 88' lang='lat' dir='ltr'><strong>ad</strong></span> <span class='ocrx_word' id='word_1_36' title='bbox 1844 647 2176 701; x_wconf 82' lang='lat' dir='ltr'><strong>occisionem</strong></span> 
     </span>
    </p>
   </div>
   <div class='ocr_carea' id='block_1_7' title="bbox 609 727 1420 804">
    <p class='ocr_par' dir='ltr' id='par_1_7' title="bbox 609 727 1420 804">
     <span class='ocr_line' id='line_1_7' title="bbox 609 727 1420 804; baseline 0.007 -24"><span class='ocrx_word' id='word_1_37' title='bbox 609 729 899 796; x_wconf 64' lang='lat' dir='ltr'><strong>praeparari</strong></span> <span class='ocrx_word' id='word_1_38' title='bbox 927 727 1185 795; x_wconf 76' lang='lat' dir='ltr'><strong>iubentur</strong></span> <span class='ocrx_word' id='word_1_39' title='bbox 1208 731 1253 761; x_wconf 81' lang='grc'><strong>³⁸</strong></span> <span class='ocrx_word' id='word_1_40' title='bbox 1284 731 1420 804; x_wconf 85' lang='grc'><strong>(68).</strong></span> 
     </span>
    </p>
   </div>
   <div class='ocr_carea' id='block_1_8' title="bbox 679 823 2174 899">
    <p class='ocr_par' dir='ltr' id='par_1_8' title="bbox 679 823 2174 899">
     <span class='ocr_line' id='line_1_8' title="bbox 679 823 2174 899; baseline 0.009 -20"><span class='ocrx_word' id='word_1_41' title='bbox 679 825 764 881; x_wconf 84' lang='grc'><strong>16.</strong></span> <span class='ocrx_word' id='word_1_42' title='bbox 804 823 869 879; x_wconf 80' lang='lat' dir='ltr'><strong>Et</strong></span> <span class='ocrx_word' id='word_1_43' title='bbox 887 828 1235 883; x_wconf 80' lang='lat' dir='ltr'><strong>dominamini</strong></span> <span class='ocrx_word' id='word_1_44' title='bbox 1277 831 1498 898; x_wconf 79' lang='lat' dir='ltr'><strong>piscium</strong></span> <span class='ocrx_word' id='word_1_45' title='bbox 1531 836 1711 899; x_wconf 80' lang='lat' dir='ltr'><strong>maris,</strong></span> <span class='ocrx_word' id='word_1_46' title='bbox 1771 847 1820 890; x_wconf 87' lang='lat' dir='ltr'><strong>et</strong></span> <span class='ocrx_word' id='word_1_47' title='bbox 1882 838 2174 892; x_wconf 85' lang='lat' dir='ltr'><strong>volatilmm</strong></span> 
     </span>
    </p>
   </div>
   <div class='ocr_carea' id='block_1_9' title="bbox 604 917 2174 997">
    <p class='ocr_par' dir='ltr' id='par_1_9' title="bbox 604 917 2174 997">
     <span class='ocr_line' id='line_1_9' title="bbox 604 917 2174 997; baseline 0.008 -28"><span class='ocrx_word' id='word_1_48' title='bbox 604 917 741 978; x_wconf 73' lang='lat' dir='ltr'><strong>(teli,</strong></span> <span class='ocrx_word' id='word_1_49' title='bbox 777 919 1225 986; x_wconf 79' lang='lat' dir='ltr'><strong>etjumentorum,</strong></span> <span class='ocrx_word' id='word_1_50' title='bbox 1260 932 1307 974; x_wconf 90' lang='lat' dir='ltr'><strong>et</strong></span> <span class='ocrx_word' id='word_1_51' title='bbox 1340 925 1573 978; x_wconf 85' lang='lat' dir='ltr'><strong>omnium</strong></span> <span class='ocrx_word' id='word_1_52' title='bbox 1595 944 1713 995; x_wconf 72' lang='lat' dir='ltr'><strong>qum</strong></span> <span class='ocrx_word' id='word_1_53' title='bbox 1738 939 1859 982; x_wconf 87' lang='lat' dir='ltr'><strong>sunt</strong></span> <span class='ocrx_word' id='word_1_54' title='bbox 1889 947 2042 997; x_wconf 89' lang='lat' dir='ltr'><strong>super</strong></span> <span class='ocrx_word' id='word_1_55' title='bbox 2069 940 2174 983; x_wconf 87' lang='lat' dir='ltr'><strong>ter-</strong></span> 
     </span>
    </p>
   </div>
   <div class='ocr_carea' id='block_1_10' title="bbox 604 1009 2168 1085">
    <p class='ocr_par' dir='ltr' id='par_1_10' title="bbox 604 1009 2168 1085">
     <span class='ocr_line' id='line_1_10' title="bbox 604 1009 2168 1085; baseline 0.009 -26"><span class='ocrx_word' id='word_1_56' title='bbox 604 1023 739 1073; x_wconf 88' lang='lat' dir='ltr'><strong>ram,</strong></span> <span class='ocrx_word' id='word_1_57' title='bbox 764 1018 814 1061; x_wconf 87' lang='lat' dir='ltr'><strong>et</strong></span> <span class='ocrx_word' id='word_1_58' title='bbox 850 1009 1135 1077; x_wconf 76' lang='lat' dir='ltr'><strong>repentium</strong></span> <span class='ocrx_word' id='word_1_59' title='bbox 1174 1029 1291 1080; x_wconf 69' lang='lat' dir='ltr'><strong>quae</strong></span> <span class='ocrx_word' id='word_1_60' title='bbox 1322 1026 1505 1083; x_wconf 86' lang='lat' dir='ltr'><strong>repunt</strong></span> <span class='ocrx_word' id='word_1_61' title='bbox 1532 1034 1690 1085; x_wconf 80' lang='lat' dir='ltr'><strong>super</strong></span> <span class='ocrx_word' id='word_1_62' title='bbox 1719 1030 1914 1073; x_wconf 84' lang='lat' dir='ltr'><strong>terram</strong></span> <span class='ocrx_word' id='word_1_63' title='bbox 1946 1020 2011 1076; x_wconf 69' lang='lat'><strong>’9.</strong></span> <span class='ocrx_word' id='word_1_64' title='bbox 2051 1020 2168 1075; x_wconf 71' lang='lat' dir='ltr'><strong>Iam</strong></span> 
     </span>
    </p>
   </div>
   <div class='ocr_carea' id='block_1_11' title="bbox 605 1097 2170 1175">
    <p class='ocr_par' dir='ltr' id='par_1_11' title="bbox 605 1097 2170 1175">
     <span class='ocr_line' id='line_1_11' title="bbox 605 1097 2170 1175; baseline 0.015 -28"><span class='ocrx_word' id='word_1_65' title='bbox 605 1097 1093 1167; x_wconf 76' lang='lat' dir='ltr'><strong>lueeinterpretata</strong></span> <span class='ocrx_word' id='word_1_66' title='bbox 1116 1113 1243 1157; x_wconf 91' lang='lat' dir='ltr'><strong>sunt</strong></span> <span class='ocrx_word' id='word_1_67' title='bbox 1291 1107 1591 1161; x_wconf 91' lang='lat' dir='ltr'><strong>secundum</strong></span> <span class='ocrx_word' id='word_1_68' title='bbox 1636 1109 1898 1175; x_wconf 80' lang='lat' dir='ltr'><strong>litteram,</strong></span> <span class='ocrx_word' id='word_1_69' title='bbox 1934 1129 2056 1168; x_wconf 92' lang='lat' dir='ltr'><strong>cum</strong></span> <span class='ocrx_word' id='word_1_70' title='bbox 2090 1117 2170 1171; x_wconf 86' lang='lat' dir='ltr'><strong>di-</strong></span> 
     </span>
    </p>
   </div>
   <div class='ocr_carea' id='block_1_12' title="bbox 598 1192 2168 1268">
    <p class='ocr_par' dir='ltr' id='par_1_12' title="bbox 598 1192 2168 1268">
     <span class='ocr_line' id='line_1_12' title="bbox 598 1192 2168 1268; baseline 0.014 -29"><span class='ocrx_word' id='word_1_71' title='bbox 598 1202 843 1243; x_wconf 88' lang='lat' dir='ltr'><strong>ceremus</strong></span> <span class='ocrx_word' id='word_1_72' title='bbox 876 1192 1019 1258; x_wconf 85' lang='lat' dir='ltr'><strong>quod</strong></span> <span class='ocrx_word' id='word_1_73' title='bbox 1056 1194 1190 1247; x_wconf 90' lang='lat' dir='ltr'><strong>dicit</strong></span> <span class='ocrx_word' id='word_1_74' title='bbox 1245 1194 1422 1249; x_wconf 86' lang='lat' dir='ltr'><strong>Deus:</strong></span> <span class='ocrx_word' id='word_1_75' title='bbox 1461 1194 1751 1254; x_wconf 74' lang='lat' dir='ltr'><strong>Faciamus</strong></span> <span class='ocrx_word' id='word_1_76' title='bbox 1779 1203 2063 1268; x_wconf 76' lang='lat' dir='ltr'><strong>hominem,</strong></span> <span class='ocrx_word' id='word_1_77' title='bbox 2113 1216 2168 1262; x_wconf 91' lang='lat' dir='ltr'><strong>et</strong></span> 
     </span>
    </p>
   </div>
   <div class='ocr_carea' id='block_1_13' title="bbox 600 1271 2167 1361">
    <p class='ocr_par' dir='ltr' id='par_1_13' title="bbox 600 1271 2167 1361">
     <span class='ocr_line' id='line_1_13' title="bbox 600 1271 2167 1361; baseline 0.014 -32"><span class='ocrx_word' id='word_1_78' title='bbox 600 1277 827 1347; x_wconf 82' lang='lat' dir='ltr'><strong>reliqua,</strong></span> <span class='ocrx_word' id='word_1_79' title='bbox 874 1271 963 1335; x_wconf 80' lang='lat' dir='ltr'><strong>ubi</strong></span> <span class='ocrx_word' id='word_1_80' title='bbox 997 1281 1125 1336; x_wconf 88' lang='lat' dir='ltr'><strong>dicit</strong></span> <span class='ocrx_word' id='word_1_81' title='bbox 1165 1299 1180 1335; x_wconf 92' lang='lat'><strong>:</strong></span> <span class='ocrx_word' id='word_1_82' title='bbox 1216 1281 1281 1336; x_wconf 77' lang='lat' dir='ltr'><strong>Et</strong></span> <span class='ocrx_word' id='word_1_83' title='bbox 1316 1285 1615 1342; x_wconf 73' lang='lat' dir='ltr'><strong>dominetur</strong></span> <span class='ocrx_word' id='word_1_84' title='bbox 1642 1292 1862 1358; x_wconf 75' lang='lat' dir='ltr'><strong>piscium</strong></span> <span class='ocrx_word' id='word_1_85' title='bbox 1910 1296 2094 1361; x_wconf 87' lang='lat' dir='ltr'><strong>maris,</strong></span> <span class='ocrx_word' id='word_1_86' title='bbox 2116 1308 2167 1351; x_wconf 88' lang='lat' dir='ltr'><strong>et</strong></span> 
     </span>
    </p>
   </div>
   <div class='ocr_carea' id='block_1_14' title="bbox 598 1368 2164 1455">
    <p class='ocr_par' dir='ltr' id='par_1_14' title="bbox 598 1368 2164 1455">
     <span class='ocr_line' id='line_1_14' title="bbox 598 1368 2164 1455; baseline 0.015 -36"><span class='ocrx_word' id='word_1_87' title='bbox 598 1368 889 1423; x_wconf 79' lang='lat' dir='ltr'><strong>volatilium</strong></span> <span class='ocrx_word' id='word_1_88' title='bbox 920 1371 1056 1437; x_wconf 70' lang='lat' dir='ltr'><strong>caeli,</strong></span> <span class='ocrx_word' id='word_1_89' title='bbox 1112 1384 1166 1428; x_wconf 86' lang='lat' dir='ltr'><strong>et</strong></span> <span class='ocrx_word' id='word_1_90' title='bbox 1206 1384 1429 1432; x_wconf 62' lang='lat' dir='ltr'><strong>caetera.</strong></span> <span class='ocrx_word' id='word_1_91' title='bbox 1497 1378 1805 1437; x_wconf 83' lang='lat' dir='ltr'><strong>Secundum</strong></span> <span class='ocrx_word' id='word_1_92' title='bbox 1852 1384 2164 1455; x_wconf 91' lang='lat' dir='ltr'><strong>allegoriam</strong></span> 
     </span>
    </p>
   </div>
   <div class='ocr_carea' id='block_1_15' title="bbox 598 1459 2166 1537">
    <p class='ocr_par' dir='ltr' id='par_1_15' title="bbox 598 1459 2166 1537">
     <span class='ocr_line' id='line_1_15' title="bbox 598 1459 2166 1537; baseline 0.018 -30"><span class='ocrx_word' id='word_1_93' title='bbox 598 1466 774 1512; x_wconf 90' lang='lat' dir='ltr'><strong>tamen</strong></span> <span class='ocrx_word' id='word_1_94' title='bbox 808 1459 859 1514; x_wconf 86' lang='lat' dir='ltr'><strong>in</strong></span> <span class='ocrx_word' id='word_1_95' title='bbox 891 1462 1154 1531; x_wconf 86' lang='lat' dir='ltr'><strong>piscibus,</strong></span> <span class='ocrx_word' id='word_1_96' title='bbox 1191 1476 1245 1520; x_wconf 88' lang='lat' dir='ltr'><strong>et</strong></span> <span class='ocrx_word' id='word_1_97' title='bbox 1276 1468 1613 1537; x_wconf 72' lang='lat' dir='ltr'><strong>volatilibus,</strong></span> <span class='ocrx_word' id='word_1_98' title='bbox 1644 1472 1730 1527; x_wconf 86' lang='lat' dir='ltr'><strong>vel</strong></span> <span class='ocrx_word' id='word_1_99' title='bbox 1763 1475 2088 1533; x_wconf 84' lang='lat' dir='ltr'><strong>animalibus</strong></span> <span class='ocrx_word' id='word_1_100' title='bbox 2112 1488 2166 1534; x_wconf 84' lang='lat' dir='ltr'><strong>et</strong></span> 
     </span>
    </p>
   </div>
   <div class='ocr_carea' id='block_1_16' title="bbox 596 1550 2169 1631">
    <p class='ocr_par' dir='ltr' id='par_1_16' title="bbox 596 1550 2169 1631">
     <span class='ocr_line' id='line_1_16' title="bbox 596 1550 2169 1631; baseline 0.014 -30"><span class='ocrx_word' id='word_1_101' title='bbox 596 1550 909 1617; x_wconf 88' lang='lat' dir='ltr'><strong>repentibus</strong></span> <span class='ocrx_word' id='word_1_102' title='bbox 964 1562 1142 1620; x_wconf 79' lang='lat' dir='ltr'><strong>teme,</strong></span> <span class='ocrx_word' id='word_1_103' title='bbox 1186 1572 1250 1611; x_wconf 91' lang='lat' dir='ltr'><strong>ea</strong></span> <span class='ocrx_word' id='word_1_104' title='bbox 1304 1560 1435 1613; x_wconf 90' lang='lat' dir='ltr'><strong>mihi</strong></span> <span class='ocrx_word' id='word_1_105' title='bbox 1489 1562 1740 1617; x_wconf 85' lang='lat' dir='ltr'><strong>videntur</strong></span> <span class='ocrx_word' id='word_1_106' title='bbox 1783 1565 2039 1631; x_wconf 90' lang='lat' dir='ltr'><strong>indicari,</strong></span> <span class='ocrx_word' id='word_1_107' title='bbox 2096 1570 2169 1623; x_wconf 81' lang='lat' dir='ltr'><strong>de</strong></span> 
     </span>
    </p>
   </div>
   <div class='ocr_carea' id='block_1_17' title="bbox 592 1641 2161 1723">
    <p class='ocr_par' dir='ltr' id='par_1_17' title="bbox 592 1641 2161 1723">
     <span class='ocr_line' id='line_1_17' title="bbox 592 1641 2161 1723; baseline 0.013 -32"><span class='ocrx_word' id='word_1_108' title='bbox 592 1641 790 1707; x_wconf 83' lang='lat' dir='ltr'><strong>quibus</strong></span> <span class='ocrx_word' id='word_1_109' title='bbox 824 1642 1175 1700; x_wconf 84' lang='lat' dir='ltr'><strong>nihilominus</strong></span> <span class='ocrx_word' id='word_1_110' title='bbox 1235 1649 1489 1717; x_wconf 85' lang='lat' dir='ltr'><strong>superius</strong></span> <span class='ocrx_word' id='word_1_111' title='bbox 1542 1652 1803 1717; x_wconf 77' lang='lat' dir='ltr'><strong>diximus,</strong></span> <span class='ocrx_word' id='word_1_112' title='bbox 1844 1654 1897 1707; x_wconf 89' lang='lat' dir='ltr'><strong>id</strong></span> <span class='ocrx_word' id='word_1_113' title='bbox 1941 1666 2042 1723; x_wconf 89' lang='lat' dir='ltr'><strong>est,</strong></span> <span class='ocrx_word' id='word_1_114' title='bbox 2077 1659 2161 1712; x_wconf 89' lang='lat' dir='ltr'><strong>vel</strong></span> 
     </span>
    </p>
   </div>
   <div class='ocr_carea' id='block_1_18' title="bbox 587 1730 2160 1816">
    <p class='ocr_par' dir='ltr' id='par_1_18' title="bbox 587 1730 2160 1816">
     <span class='ocr_line' id='line_1_18' title="bbox 587 1730 2160 1816; baseline 0.015 -36"><span class='ocrx_word' id='word_1_115' title='bbox 587 1744 710 1816; x_wconf 77' lang='lat' dir='ltr'><strong>qua:</strong></span> <span class='ocrx_word' id='word_1_116' title='bbox 741 1730 806 1785; x_wconf 92' lang='lat' dir='ltr'><strong>de</strong></span> <span class='ocrx_word' id='word_1_117' title='bbox 828 1746 991 1788; x_wconf 87' lang='lat' dir='ltr'><strong>sensu</strong></span> <span class='ocrx_word' id='word_1_118' title='bbox 1016 1737 1213 1791; x_wconf 59' lang='lat' dir='ltr'><strong>animae</strong></span> <span class='ocrx_word' id='word_1_119' title='bbox 1243 1778 1258 1803; x_wconf 94' lang='lat'><strong>,</strong></span> <span class='ocrx_word' id='word_1_120' title='bbox 1296 1748 1351 1792; x_wconf 89' lang='lat' dir='ltr'><strong>et</strong></span> <span class='ocrx_word' id='word_1_121' title='bbox 1376 1740 1557 1796; x_wconf 91' lang='lat' dir='ltr'><strong>cordis</strong></span> <span class='ocrx_word' id='word_1_122' title='bbox 1607 1745 1931 1813; x_wconf 83' lang='lat' dir='ltr'><strong>cogitatione</strong></span> <span class='ocrx_word' id='word_1_123' title='bbox 1969 1762 2160 1816; x_wconf 88' lang='lat' dir='ltr'><strong>proce-</strong></span> 
     </span>
    </p>
   </div>
   <div class='ocr_carea' id='block_1_19' title="bbox 589 1808 2159 1903">
    <p class='ocr_par' dir='ltr' id='par_1_19' title="bbox 589 1808 2159 1903">
     <span class='ocr_line' id='line_1_19' title="bbox 589 1808 2159 1903; baseline 0.014 -33"><span class='ocrx_word' id='word_1_124' title='bbox 589 1808 745 1886; x_wconf 79' lang='lat' dir='ltr'><strong>dunt,</strong></span> <span class='ocrx_word' id='word_1_125' title='bbox 777 1823 861 1876; x_wconf 87' lang='lat' dir='ltr'><strong>vel</strong></span> <span class='ocrx_word' id='word_1_126' title='bbox 888 1840 1007 1893; x_wconf 66' lang='lat' dir='ltr'><strong>qua:</strong></span> <span class='ocrx_word' id='word_1_127' title='bbox 1035 1842 1100 1881; x_wconf 84' lang='lat' dir='ltr'><strong>ex</strong></span> <span class='ocrx_word' id='word_1_128' title='bbox 1146 1829 1431 1884; x_wconf 85' lang='lat' dir='ltr'><strong>desideriis</strong></span> <span class='ocrx_word' id='word_1_129' title='bbox 1464 1836 1863 1903; x_wconf 86' lang='lat' dir='ltr'><strong>corporalibus,</strong></span> <span class='ocrx_word' id='word_1_130' title='bbox 1895 1847 1949 1891; x_wconf 91' lang='lat' dir='ltr'><strong>et</strong></span> <span class='ocrx_word' id='word_1_131' title='bbox 1976 1839 2159 1893; x_wconf 87' lang='lat' dir='ltr'><strong>carnis</strong></span> 
     </span>
    </p>
   </div>
   <div class='ocr_carea' id='block_1_20' title="bbox 576 1912 2155 1996">
    <p class='ocr_par' dir='ltr' id='par_1_20' title="bbox 576 1912 2155 1996">
     <span class='ocr_line' id='line_1_20' title="bbox 576 1912 2155 1996; baseline 0.015 -35"><span class='ocrx_word' id='word_1_132' title='bbox 576 1912 824 1967; x_wconf 78' lang='lat' dir='ltr'><strong>’motibus</strong></span> <span class='ocrx_word' id='word_1_133' title='bbox 853 1917 1245 1984; x_wconf 82' lang='lat' dir='ltr'><strong>proferuntur;</strong></span> <span class='ocrx_word' id='word_1_134' title='bbox 1272 1934 1503 1988; x_wconf 86' lang='lat' dir='ltr'><strong>quorum</strong></span> <span class='ocrx_word' id='word_1_135' title='bbox 1549 1926 1722 1979; x_wconf 87' lang='lat' dir='ltr'><strong>sancti</strong></span> <span class='ocrx_word' id='word_1_136' title='bbox 1753 1930 1955 1996; x_wconf 87' lang='lat' dir='ltr'><strong>quique</strong></span> <span class='ocrx_word' id='word_1_137' title='bbox 1982 1939 2035 1982; x_wconf 90' lang='lat' dir='ltr'><strong>et</strong></span> <span class='ocrx_word' id='word_1_138' title='bbox 2061 1930 2155 1984; x_wconf 83' lang='lat' dir='ltr'><strong>be-</strong></span> 
     </span>
    </p>
   </div>
   <div class='ocr_carea' id='block_1_21' title="bbox 588 2003 2157 2083">
    <p class='ocr_par' dir='ltr' id='par_1_21' title="bbox 588 2003 2157 2083">
     <span class='ocr_line' id='line_1_21' title="bbox 588 2003 2157 2083; baseline 0.013 -29"><span class='ocrx_word' id='word_1_139' title='bbox 588 2003 952 2060; x_wconf 86' lang='lat' dir='ltr'><strong>nedictionem</strong></span> <span class='ocrx_word' id='word_1_140' title='bbox 980 2006 1074 2061; x_wconf 91' lang='lat' dir='ltr'><strong>Dei</strong></span> <span class='ocrx_word' id='word_1_141' title='bbox 1122 2009 1178 2063; x_wconf 90' lang='lat' dir='ltr'><strong>in</strong></span> <span class='ocrx_word' id='word_1_142' title='bbox 1210 2013 1519 2079; x_wconf 75' lang='lat' dir='ltr'><strong>semetipsis</strong></span> <span class='ocrx_word' id='word_1_143' title='bbox 1578 2026 1881 2083; x_wconf 76' lang='lat' dir='ltr'><strong>servantes,</strong></span> <span class='ocrx_word' id='word_1_144' title='bbox 1913 2020 2157 2075; x_wconf 89' lang='lat' dir='ltr'><strong>domina-</strong></span> 
     </span>
    </p>
   </div>
   <div class='ocr_carea' id='block_1_22' title="bbox 589 2095 2158 2172">
    <p class='ocr_par' dir='ltr' id='par_1_22' title="bbox 589 2095 2158 2172">
     <span class='ocr_line' id='line_1_22' title="bbox 589 2095 2158 2172; baseline 0.014 -25"><span class='ocrx_word' id='word_1_145' title='bbox 589 2095 789 2149; x_wconf 87' lang='lat' dir='ltr'><strong>tionem</strong></span> <span class='ocrx_word' id='word_1_146' title='bbox 842 2111 1123 2166; x_wconf 82' lang='lat' dir='ltr'><strong>exercent,</strong></span> <span class='ocrx_word' id='word_1_147' title='bbox 1161 2113 1386 2172; x_wconf 88' lang='lat' dir='ltr'><strong>agentes</strong></span> <span class='ocrx_word' id='word_1_148' title='bbox 1436 2115 1605 2161; x_wconf 83' lang='lat' dir='ltr'><strong>totum</strong></span> <span class='ocrx_word' id='word_1_149' title='bbox 1663 2110 1934 2165; x_wconf 82' lang='lat' dir='ltr'><strong>hominem</strong></span> <span class='ocrx_word' id='word_1_150' title='bbox 1969 2128 2158 2168; x_wconf 87' lang='lat' dir='ltr'><strong>secun-</strong></span> 
     </span>
    </p>
   </div>
   <div class='ocr_carea' id='block_1_23' title="bbox 583 2191 2155 2276">
    <p class='ocr_par' dir='ltr' id='par_1_23' title="bbox 583 2191 2155 2276">
     <span class='ocr_line' id='line_1_23' title="bbox 583 2191 2155 2276; baseline 0.013 -35"><span class='ocrx_word' id='word_1_151' title='bbox 583 2191 708 2243; x_wconf 90' lang='lat' dir='ltr'><strong>dum</strong></span> <span class='ocrx_word' id='word_1_152' title='bbox 741 2191 969 2261; x_wconf 88' lang='lat' dir='ltr'><strong>spiritus</strong></span> <span class='ocrx_word' id='word_1_153' title='bbox 994 2194 1351 2251; x_wconf 82' lang='lat' dir='ltr'><strong>voluntatem.</strong></span> <span class='ocrx_word' id='word_1_154' title='bbox 1413 2198 1801 2256; x_wconf 87' lang='lat' dir='ltr'><strong>Peccatoribus</strong></span> <span class='ocrx_word' id='word_1_155' title='bbox 1829 2219 1957 2260; x_wconf 84' lang='lat' dir='ltr'><strong>vero</strong></span> <span class='ocrx_word' id='word_1_156' title='bbox 1984 2207 2155 2276; x_wconf 83' lang='lat' dir='ltr'><strong>magis</strong></span> 
     </span>
    </p>
   </div>
   <div class='ocr_carea' id='block_1_24' title="bbox 584 2280 2155 2365">
    <p class='ocr_par' dir='ltr' id='par_1_24' title="bbox 584 2280 2155 2365">
     <span class='ocr_line' id='line_1_24' title="bbox 584 2280 2155 2365; baseline 0.013 -33"><span class='ocrx_word' id='word_1_157' title='bbox 584 2280 697 2347; x_wconf 89' lang='lat' dir='ltr'><strong>ipsa</strong></span> <span class='ocrx_word' id='word_1_158' title='bbox 721 2282 1089 2351; x_wconf 85' lang='lat' dir='ltr'><strong>dominantur,</strong></span> <span class='ocrx_word' id='word_1_159' title='bbox 1141 2300 1260 2355; x_wconf 68' lang='lat' dir='ltr'><strong>quae</strong></span> <span class='ocrx_word' id='word_1_160' title='bbox 1310 2291 1375 2343; x_wconf 88' lang='lat' dir='ltr'><strong>de</strong></span> <span class='ocrx_word' id='word_1_161' title='bbox 1424 2290 1607 2345; x_wconf 85' lang='lat' dir='ltr'><strong>carnis</strong></span> <span class='ocrx_word' id='word_1_162' title='bbox 1642 2292 1791 2346; x_wconf 84' lang='lat' dir='ltr'><strong>vitiis</strong></span> <span class='ocrx_word' id='word_1_163' title='bbox 1815 2302 1868 2347; x_wconf 92' lang='lat' dir='ltr'><strong>et</strong></span> <span class='ocrx_word' id='word_1_164' title='bbox 1907 2297 2155 2365; x_wconf 89' lang='lat' dir='ltr'><strong>corporis</strong></span> 
     </span>
    </p>
   </div>
   <div class='ocr_carea' id='block_1_25' title="bbox 582 2370 1348 2443">
    <p class='ocr_par' dir='ltr' id='par_1_25' title="bbox 582 2370 1348 2443">
     <span class='ocr_line' id='line_1_25' title="bbox 582 2370 1348 2443; baseline 0.014 -22"><span class='ocrx_word' id='word_1_165' title='bbox 582 2370 948 2437; x_wconf 84' lang='lat' dir='ltr'><strong>voluptatibus</strong></span> <span class='ocrx_word' id='word_1_166' title='bbox 975 2375 1348 2443; x_wconf 75' lang='lat' dir='ltr'><strong>proferuntur.</strong></span> 
     </span>
    </p>
   </div>
   <div class='ocr_carea' id='block_1_26' title="bbox 651 2470 2149 2556">
    <p class='ocr_par' dir='ltr' id='par_1_26' title="bbox 651 2470 2149 2556">
     <span class='ocr_line' id='line_1_26' title="bbox 651 2470 2149 2556; baseline 0.015 -34"><span class='ocrx_word' id='word_1_167' title='bbox 651 2470 761 2540; x_wconf 81' lang='lat'><strong>59</strong></span> <span class='ocrx_word' id='word_1_168' title='bbox 795 2473 879 2526; x_wconf 88' lang='grc'><strong>17.</strong></span> <span class='ocrx_word' id='word_1_169' title='bbox 914 2473 981 2527; x_wconf 84' lang='lat' dir='ltr'><strong>Et</strong></span> <span class='ocrx_word' id='word_1_170' title='bbox 1010 2477 1145 2530; x_wconf 77' lang='lat' dir='ltr'><strong>dixit</strong></span> <span class='ocrx_word' id='word_1_171' title='bbox 1172 2476 1347 2532; x_wconf 88' lang='lat' dir='ltr'><strong>Deus:</strong></span> <span class='ocrx_word' id='word_1_172' title='bbox 1385 2477 1520 2534; x_wconf 76' lang='lat' dir='ltr'><strong>Ecce</strong></span> <span class='ocrx_word' id='word_1_173' title='bbox 1546 2482 1667 2536; x_wconf 84' lang='lat' dir='ltr'><strong>dedi</strong></span> <span class='ocrx_word' id='word_1_174' title='bbox 1696 2485 1837 2539; x_wconf 86' lang='lat' dir='ltr'><strong>vobis</strong></span> <span class='ocrx_word' id='word_1_175' title='bbox 1866 2502 2017 2542; x_wconf 91' lang='lat' dir='ltr'><strong>omne</strong></span> <span class='ocrx_word' id='word_1_176' title='bbox 2051 2488 2149 2556; x_wconf 71' lang='lat' dir='ltr'><strong>Ia:-</strong></span> 
     </span>
    </p>
   </div>
   <div class='ocr_carea' id='block_1_27' title="bbox 581 2568 2153 2654">
    <p class='ocr_par' dir='ltr' id='par_1_27' title="bbox 581 2568 2153 2654">
     <span class='ocr_line' id='line_1_27' title="bbox 581 2568 2153 2654; baseline 0.015 -40"><span class='ocrx_word' id='word_1_177' title='bbox 581 2580 703 2616; x_wconf 85' lang='lat' dir='ltr'><strong>num</strong></span> <span class='ocrx_word' id='word_1_178' title='bbox 731 2568 1007 2634; x_wconf 88' lang='lat' dir='ltr'><strong>seminale,</strong></span> <span class='ocrx_word' id='word_1_179' title='bbox 1037 2573 1177 2639; x_wconf 82' lang='lat' dir='ltr'><strong>quod</strong></span> <span class='ocrx_word' id='word_1_180' title='bbox 1214 2574 1436 2629; x_wconf 78' lang='lat' dir='ltr'><strong>seminat</strong></span> <span class='ocrx_word' id='word_1_181' title='bbox 1467 2593 1645 2631; x_wconf 89' lang='lat' dir='ltr'><strong>semen</strong></span> <span class='ocrx_word' id='word_1_182' title='bbox 1668 2618 1683 2645; x_wconf 94' lang='lat'><strong>,</strong></span> <span class='ocrx_word' id='word_1_183' title='bbox 1713 2582 1855 2649; x_wconf 86' lang='lat' dir='ltr'><strong>quod</strong></span> <span class='ocrx_word' id='word_1_184' title='bbox 1888 2592 1966 2637; x_wconf 88' lang='lat' dir='ltr'><strong>est</strong></span> <span class='ocrx_word' id='word_1_185' title='bbox 1997 2600 2153 2654; x_wconf 84' lang='lat' dir='ltr'><strong>super</strong></span> 
     </span>
    </p>
   </div>
   <div class='ocr_carea' id='block_1_28' title="bbox 573 2667 2151 2741">
    <p class='ocr_par' dir='ltr' id='par_1_28' title="bbox 573 2667 2151 2741">
     <span class='ocr_line' id='line_1_28' title="bbox 573 2667 2151 2741; baseline 0.016 -34"><span class='ocrx_word' id='word_1_186' title='bbox 573 2673 777 2710; x_wconf 78' lang='lat' dir='ltr'><strong>omnem</strong></span> <span class='ocrx_word' id='word_1_187' title='bbox 818 2670 1011 2714; x_wconf 86' lang='lat' dir='ltr'><strong>terram</strong></span> <span class='ocrx_word' id='word_1_188' title='bbox 1045 2702 1058 2727; x_wconf 95' lang='lat'><strong>,</strong></span> <span class='ocrx_word' id='word_1_189' title='bbox 1101 2672 1151 2716; x_wconf 89' lang='lat' dir='ltr'><strong>et</strong></span> <span class='ocrx_word' id='word_1_190' title='bbox 1198 2680 1349 2720; x_wconf 89' lang='lat' dir='ltr'><strong>omne</strong></span> <span class='ocrx_word' id='word_1_191' title='bbox 1379 2667 1579 2737; x_wconf 82' lang='lat' dir='ltr'><strong>lignum</strong></span> <span class='ocrx_word' id='word_1_192' title='bbox 1635 2674 1776 2741; x_wconf 85' lang='lat' dir='ltr'><strong>quod</strong></span> <span class='ocrx_word' id='word_1_193' title='bbox 1809 2675 1965 2729; x_wconf 80' lang='lat' dir='ltr'><strong>habet</strong></span> <span class='ocrx_word' id='word_1_194' title='bbox 2003 2677 2058 2729; x_wconf 86' lang='lat' dir='ltr'><strong>in</strong></span> <span class='ocrx_word' id='word_1_195' title='bbox 2095 2694 2151 2735; x_wconf 84' lang='lat' dir='ltr'><strong>se</strong></span> 
     </span>
    </p>
   </div>
   <div class='ocr_carea' id='block_1_29' title="bbox 575 2750 2145 2835">
    <p class='ocr_par' dir='ltr' id='par_1_29' title="bbox 575 2750 2145 2835">
     <span class='ocr_line' id='line_1_29' title="bbox 575 2750 2145 2835; baseline 0.018 -37"><span class='ocrx_word' id='word_1_196' title='bbox 575 2750 801 2814; x_wconf 70' lang='lat' dir='ltr'><strong>fructum</strong></span> <span class='ocrx_word' id='word_1_197' title='bbox 829 2753 1041 2807; x_wconf 84' lang='lat' dir='ltr'><strong>seminis</strong></span> <span class='ocrx_word' id='word_1_198' title='bbox 1079 2757 1383 2824; x_wconf 75' lang='lat' dir='ltr'><strong>seminatis,</strong></span> <span class='ocrx_word' id='word_1_199' title='bbox 1426 2762 1574 2814; x_wconf 85' lang='lat' dir='ltr'><strong>vobis</strong></span> <span class='ocrx_word' id='word_1_200' title='bbox 1613 2764 1712 2817; x_wconf 86' lang='lat' dir='ltr'><strong>erit</strong></span> <span class='ocrx_word' id='word_1_201' title='bbox 1753 2766 1824 2818; x_wconf 87' lang='lat' dir='ltr'><strong>ad</strong></span> <span class='ocrx_word' id='word_1_202' title='bbox 1870 2782 2065 2835; x_wconf 86' lang='lat' dir='ltr'><strong>escam,</strong></span> <span class='ocrx_word' id='word_1_203' title='bbox 2098 2783 2145 2827; x_wconf 90' lang='lat' dir='ltr'><strong>et</strong></span> 
     </span>
    </p>
   </div>
   <div class='ocr_carea' id='block_1_30' title="bbox 572 2841 2145 2926">
    <p class='ocr_par' dir='ltr' id='par_1_30' title="bbox 572 2841 2145 2926">
     <span class='ocr_line' id='line_1_30' title="bbox 572 2841 2145 2926; baseline 0.019 -38"><span class='ocrx_word' id='word_1_204' title='bbox 572 2841 813 2894; x_wconf 81' lang='lat' dir='ltr'><strong>ontnibus</strong></span> <span class='ocrx_word' id='word_1_205' title='bbox 840 2842 1014 2898; x_wconf 81' lang='lat' dir='ltr'><strong>bestiis</strong></span> <span class='ocrx_word' id='word_1_206' title='bbox 1040 2853 1213 2915; x_wconf 80' lang='lat' dir='ltr'><strong>terrte,</strong></span> <span class='ocrx_word' id='word_1_207' title='bbox 1255 2858 1304 2902; x_wconf 83' lang='lat' dir='ltr'><strong>et</strong></span> <span class='ocrx_word' id='word_1_208' title='bbox 1330 2853 1569 2907; x_wconf 87' lang='lat' dir='ltr'><strong>omnibus</strong></span> <span class='ocrx_word' id='word_1_209' title='bbox 1601 2855 1898 2913; x_wconf 77' lang='lat' dir='ltr'><strong>volatilibus</strong></span> <span class='ocrx_word' id='word_1_210' title='bbox 1929 2862 2063 2926; x_wconf 74' lang='lat' dir='ltr'><strong>mli,</strong></span> <span class='ocrx_word' id='word_1_211' title='bbox 2096 2875 2145 2918; x_wconf 85' lang='lat' dir='ltr'><strong>et</strong></span> 
     </span>
    </p>
   </div>
   <div class='ocr_carea' id='block_1_31' title="bbox 571 2932 2146 3025">
    <p class='ocr_par' dir='ltr' id='par_1_31' title="bbox 571 2932 2146 3025">
     <span class='ocr_line' id='line_1_31' title="bbox 571 2932 2146 3025; baseline 0.019 -44"><span class='ocrx_word' id='word_1_212' title='bbox 571 2932 809 2986; x_wconf 84' lang='lat' dir='ltr'><strong>omnibus</strong></span> <span class='ocrx_word' id='word_1_213' title='bbox 852 2938 1143 3003; x_wconf 85' lang='lat' dir='ltr'><strong>repentibus</strong></span> <span class='ocrx_word' id='word_1_214' title='bbox 1181 2956 1299 3009; x_wconf 79' lang='lat' dir='ltr'><strong>qua:</strong></span> <span class='ocrx_word' id='word_1_215' title='bbox 1349 2956 1534 3011; x_wconf 73' lang='lat' dir='ltr'><strong>repunt</strong></span> <span class='ocrx_word' id='word_1_216' title='bbox 1563 2963 1719 3015; x_wconf 84' lang='lat' dir='ltr'><strong>super</strong></span> <span class='ocrx_word' id='word_1_217' title='bbox 1754 2959 1985 3020; x_wconf 87' lang='lat' dir='ltr'><strong>terram,</strong></span> <span class='ocrx_word' id='word_1_218' title='bbox 2028 2973 2146 3025; x_wconf 80' lang='lat' dir='ltr'><strong>qua:</strong></span> 
     </span>
    </p>
   </div>
   <div class='ocr_carea' id='block_1_32' title="bbox 570 3022 2143 3115">
    <p class='ocr_par' dir='ltr' id='par_1_32' title="bbox 570 3022 2143 3115">
     <span class='ocr_line' id='line_1_32' title="bbox 570 3022 2143 3115; baseline 0.022 -44"><span class='ocrx_word' id='word_1_219' title='bbox 570 3022 759 3077; x_wconf 80' lang='lat' dir='ltr'><strong>habent</strong></span> <span class='ocrx_word' id='word_1_220' title='bbox 784 3026 840 3078; x_wconf 86' lang='lat' dir='ltr'><strong>in</strong></span> <span class='ocrx_word' id='word_1_221' title='bbox 883 3045 938 3081; x_wconf 85' lang='lat' dir='ltr'><strong>se</strong></span> <span class='ocrx_word' id='word_1_222' title='bbox 975 3032 1208 3086; x_wconf 88' lang='lat' dir='ltr'><strong>animam</strong></span> <span class='ocrx_word' id='word_1_223' title='bbox 1250 3036 1366 3089; x_wconf 77' lang='lat' dir='ltr'><strong>vitw</strong></span> <span class='ocrx_word' id='word_1_224' title='bbox 1394 3038 1461 3094; x_wconf 70' lang='lat'><strong>“.</strong></span> <span class='ocrx_word' id='word_1_225' title='bbox 1502 3039 1759 3098; x_wconf 75' lang='lat' dir='ltr'><strong>Historitr</strong></span> <span class='ocrx_word' id='word_1_226' title='bbox 1793 3048 2008 3115; x_wconf 86' lang='lat' dir='ltr'><strong>quidem</strong></span> <span class='ocrx_word' id='word_1_227' title='bbox 2040 3022 2143 3105; x_wconf 84' lang='lat' dir='ltr'><strong>hu-</strong></span> 
     </span>
    </p>
   </div>
   <div class='ocr_carea' id='block_1_33' title="bbox 2284 551 3863 632">
    <p class='ocr_par' dir='ltr' id='par_1_33' title="bbox 2284 551 3863 632">
     <span class='ocr_line' id='line_1_33' title="bbox 2284 551 3863 632; baseline 0.008 -30"><span class='ocrx_word' id='word_1_228' title='bbox 2284 551 2524 604; x_wconf 88' lang='lat' dir='ltr'><strong>omnium</strong></span> <span class='ocrx_word' id='word_1_229' title='bbox 2578 551 2808 622; x_wconf 87' lang='lat' dir='ltr'><strong>impuris</strong></span> <span class='ocrx_word' id='word_1_230' title='bbox 2843 554 3071 608; x_wconf 88' lang='lat' dir='ltr'><strong>vidisset</strong></span> <span class='ocrx_word' id='word_1_231' title='bbox 3111 556 3379 612; x_wconf 71' lang='lat' dir='ltr'><strong>inlitercre</strong></span> <span class='ocrx_word' id='word_1_232' title='bbox 3436 562 3809 625; x_wconf 83' lang='lat' dir='ltr'><strong>complexibus</strong></span> <span class='ocrx_word' id='word_1_233' title='bbox 3838 610 3863 632; x_wconf 30' lang='grc' dir='ltr'><em>,ν</em></span> 
     </span>
    </p>
   </div>
   <div class='ocr_carea' id='block_1_34' title="bbox 2283 641 3849 723">
    <p class='ocr_par' dir='ltr' id='par_1_34' title="bbox 2283 641 3849 723">
     <span class='ocr_line' id='line_1_34' title="bbox 2283 641 3849 723; baseline 0.01 -30"><span class='ocrx_word' id='word_1_234' title='bbox 2283 641 2359 694; x_wconf 88' lang='lat' dir='ltr'><strong>ira</strong></span> <span class='ocrx_word' id='word_1_235' title='bbox 2402 642 2600 697; x_wconf 67' lang='lat' dir='ltr'><strong>divina:</strong></span> <span class='ocrx_word' id='word_1_236' title='bbox 2651 645 3017 699; x_wconf 61' lang='lat' dir='ltr'><strong>aemulationis</strong></span> <span class='ocrx_word' id='word_1_237' title='bbox 3074 646 3362 716; x_wconf 86' lang='lat' dir='ltr'><strong>impletus,</strong></span> <span class='ocrx_word' id='word_1_238' title='bbox 3418 662 3699 719; x_wconf 88' lang='lat' dir='ltr'><strong>arreptum</strong></span> <span class='ocrx_word' id='word_1_239' title='bbox 3741 658 3849 723; x_wconf 85' lang='lat' dir='ltr'><strong>gla-</strong></span> 
     </span>
    </p>
   </div>
   <div class='ocr_carea' id='block_1_35' title="bbox 2279 725 3854 813">
    <p class='ocr_par' dir='ltr' id='par_1_35' title="bbox 2279 725 3854 813">
     <span class='ocr_line' id='line_1_35' title="bbox 2279 725 3854 813; baseline 0.01 -27"><span class='ocrx_word' id='word_1_240' title='bbox 2279 734 2424 787; x_wconf 90' lang='lat' dir='ltr'><strong>dium</strong></span> <span class='ocrx_word' id='word_1_241' title='bbox 2460 751 2556 804; x_wconf 84' lang='lat' dir='ltr'><strong>per</strong></span> <span class='ocrx_word' id='word_1_242' title='bbox 2586 737 2869 806; x_wconf 88' lang='lat' dir='ltr'><strong>utriusque</strong></span> <span class='ocrx_word' id='word_1_243' title='bbox 2912 748 3099 807; x_wconf 87' lang='lat' dir='ltr'><strong>pectus</strong></span> <span class='ocrx_word' id='word_1_244' title='bbox 3134 742 3315 809; x_wconf 80' lang='lat' dir='ltr'><strong>exegit</strong></span> <span class='ocrx_word' id='word_1_245' title='bbox 3354 725 3683 812; x_wconf 84' lang='lat' dir='ltr'><strong>(69)..Quod</strong></span> <span class='ocrx_word' id='word_1_246' title='bbox 3716 763 3854 813; x_wconf 89' lang='lat' dir='ltr'><strong>opus</strong></span> 
     </span>
    </p>
   </div>
   <div class='ocr_carea' id='block_1_36' title="bbox 2279 829 3855 900">
    <p class='ocr_par' dir='ltr' id='par_1_36' title="bbox 2279 829 3855 900">
     <span class='ocr_line' id='line_1_36' title="bbox 2279 829 3855 900; baseline 0.011 -25"><span class='ocrx_word' id='word_1_247' title='bbox 2279 835 2583 892; x_wconf 87' lang='lat' dir='ltr'><strong>rcputatum</strong></span> <span class='ocrx_word' id='word_1_248' title='bbox 2617 836 2699 881; x_wconf 90' lang='lat' dir='ltr'><strong>est</strong></span> <span class='ocrx_word' id='word_1_249' title='bbox 2738 829 2785 882; x_wconf 89' lang='lat' dir='ltr'><strong>ei</strong></span> <span class='ocrx_word' id='word_1_250' title='bbox 2836 844 2863 880; x_wconf 90' lang='lat' dir='ltr'><strong>a</strong></span> <span class='ocrx_word' id='word_1_251' title='bbox 2917 830 3024 884; x_wconf 89' lang='lat' dir='ltr'><strong>Deo</strong></span> <span class='ocrx_word' id='word_1_252' title='bbox 3061 832 3126 883; x_wconf 84' lang='lat' dir='ltr'><strong>ad</strong></span> <span class='ocrx_word' id='word_1_253' title='bbox 3152 830 3443 900; x_wconf 83' lang='lat' dir='ltr'><strong>justltiatn,</strong></span> <span class='ocrx_word' id='word_1_254' title='bbox 3501 835 3716 892; x_wconf 86' lang='lat' dir='ltr'><strong>dicente</strong></span> <span class='ocrx_word' id='word_1_255' title='bbox 3751 838 3855 893; x_wconf 79' lang='lat' dir='ltr'><strong>llo-</strong></span> 
     </span>
    </p>
   </div>
   <div class='ocr_carea' id='block_1_37' title="bbox 2276 917 3851 996">
    <p class='ocr_par' dir='ltr' id='par_1_37' title="bbox 2276 917 3851 996">
     <span class='ocr_line' id='line_1_37' title="bbox 2276 917 3851 996; baseline 0.008 -27"><span class='ocrx_word' id='word_1_256' title='bbox 2276 917 2422 971; x_wconf 89' lang='lat' dir='ltr'><strong>tnino</strong></span> <span class='ocrx_word' id='word_1_257' title='bbox 2453 918 2533 970; x_wconf 76' lang='lat'><strong>“:</strong></span> <span class='ocrx_word' id='word_1_258' title='bbox 2572 918 2793 973; x_wconf 83' lang='lat' dir='ltr'><strong>Phiuees</strong></span> <span class='ocrx_word' id='word_1_259' title='bbox 2831 920 3033 973; x_wconf 84' lang='lat' dir='ltr'><strong>sedavit</strong></span> <span class='ocrx_word' id='word_1_260' title='bbox 3061 920 3288 988; x_wconf 78' lang='lat' dir='ltr'><strong>furorem</strong></span> <span class='ocrx_word' id='word_1_261' title='bbox 3324 938 3516 986; x_wconf 86' lang='lat' dir='ltr'><strong>meum,</strong></span> <span class='ocrx_word' id='word_1_262' title='bbox 3558 936 3604 978; x_wconf 89' lang='lat' dir='ltr'><strong>et</strong></span> <span class='ocrx_word' id='word_1_263' title='bbox 3636 940 3851 996; x_wconf 64' lang='lat' dir='ltr'><strong>reputar</strong></span> 
     </span>
    </p>
   </div>
   <div class='ocr_carea' id='block_1_38' title="bbox 2274 1008 3871 1081">
    <p class='ocr_par' dir='ltr' id='par_1_38' title="bbox 2274 1008 3871 1081">
     <span class='ocr_line' id='line_1_38' title="bbox 2274 1008 3871 1081; baseline 0.011 -24"><span class='ocrx_word' id='word_1_264' title='bbox 2274 1008 2415 1059; x_wconf 79' lang='lat' dir='ltr'><strong>bitur</strong></span> <span class='ocrx_word' id='word_1_265' title='bbox 2443 1009 2492 1061; x_wconf 90' lang='lat' dir='ltr'><strong>ei</strong></span> <span class='ocrx_word' id='word_1_266' title='bbox 2541 1009 2610 1060; x_wconf 91' lang='lat' dir='ltr'><strong>ad</strong></span> <span class='ocrx_word' id='word_1_267' title='bbox 2632 1008 2926 1077; x_wconf 84' lang='lat' dir='ltr'><strong>justitiam.</strong></span> <span class='ocrx_word' id='word_1_268' title='bbox 2964 1010 3069 1065; x_wconf 82' lang='lat' dir='ltr'><strong>Iste</strong></span> <span class='ocrx_word' id='word_1_269' title='bbox 3114 1026 3241 1081; x_wconf 83' lang='lat' dir='ltr'><strong>ergo</strong></span> <span class='ocrx_word' id='word_1_270' title='bbox 3286 1014 3438 1067; x_wconf 87' lang='lat' dir='ltr'><strong>cibus</strong></span> <span class='ocrx_word' id='word_1_271' title='bbox 3474 1015 3566 1069; x_wconf 69' lang='lat' dir='ltr'><strong>ira:</strong></span> <span class='ocrx_word' id='word_1_272' title='bbox 3601 1025 3871 1075; x_wconf 86' lang='lat' dir='ltr'><strong>terrenus-</strong></span> 
     </span>
    </p>
   </div>
   <div class='ocr_carea' id='block_1_39' title="bbox 2273 1097 3846 1163">
    <p class='ocr_par' dir='ltr' id='par_1_39' title="bbox 2273 1097 3846 1163">
     <span class='ocr_line' id='line_1_39' title="bbox 2273 1097 3846 1163; baseline 0.008 -14"><span class='ocrx_word' id='word_1_273' title='bbox 2273 1107 2459 1150; x_wconf 89' lang='lat' dir='ltr'><strong>noster</strong></span> <span class='ocrx_word' id='word_1_274' title='bbox 2504 1097 2565 1152; x_wconf 83' lang='lat' dir='ltr'><strong>ﬁt</strong></span> <span class='ocrx_word' id='word_1_275' title='bbox 2596 1097 2785 1163; x_wconf 82' lang='lat' dir='ltr'><strong>cibus,</strong></span> <span class='ocrx_word' id='word_1_276' title='bbox 2837 1113 2959 1153; x_wconf 90' lang='lat' dir='ltr'><strong>cum</strong></span> <span class='ocrx_word' id='word_1_277' title='bbox 2993 1114 3056 1154; x_wconf 93' lang='lat' dir='ltr'><strong>eo</strong></span> <span class='ocrx_word' id='word_1_278' title='bbox 3111 1101 3512 1157; x_wconf 86' lang='lat' dir='ltr'><strong>rationabiliter</strong></span> <span class='ocrx_word' id='word_1_279' title='bbox 3548 1106 3751 1159; x_wconf 89' lang='lat' dir='ltr'><strong>utimur</strong></span> <span class='ocrx_word' id='word_1_280' title='bbox 3778 1110 3846 1161; x_wconf 88' lang='lat' dir='ltr'><strong>ad</strong></span> 
     </span>
    </p>
   </div>
   <div class='ocr_carea' id='block_1_40' title="bbox 2264 1185 3847 1259">
    <p class='ocr_par' dir='ltr' id='par_1_40' title="bbox 2264 1185 3847 1259">
     <span class='ocr_line' id='line_1_40' title="bbox 2264 1185 3847 1259; baseline 0.008 -22"><span class='ocrx_word' id='word_1_281' title='bbox 2264 1185 2551 1253; x_wconf 86' lang='lat' dir='ltr'><strong>justitiam.</strong></span> <span class='ocrx_word' id='word_1_282' title='bbox 2592 1185 2649 1240; x_wconf 90' lang='lat' dir='ltr'><strong>Si</strong></span> <span class='ocrx_word' id='word_1_283' title='bbox 2703 1201 2833 1241; x_wconf 81' lang='lat' dir='ltr'><strong>vero</strong></span> <span class='ocrx_word' id='word_1_284' title='bbox 2883 1187 3338 1243; x_wconf 86' lang='lat' dir='ltr'><strong>irrationabiliter</strong></span> <span class='ocrx_word' id='word_1_285' title='bbox 3372 1204 3566 1259; x_wconf 80' lang='lat' dir='ltr'><strong>agatur</strong></span> <span class='ocrx_word' id='word_1_286' title='bbox 3596 1194 3674 1245; x_wconf 92' lang='lat' dir='ltr'><strong>ira</strong></span> <span class='ocrx_word' id='word_1_287' title='bbox 3704 1235 3719 1259; x_wconf 96' lang='lat'><strong>,</strong></span> <span class='ocrx_word' id='word_1_288' title='bbox 3754 1208 3847 1250; x_wconf 89' lang='lat' dir='ltr'><strong>aut</strong></span> 
     </span>
    </p>
   </div>
   <div class='ocr_carea' id='block_1_41' title="bbox 2272 1275 3869 1353">
    <p class='ocr_par' dir='ltr' id='par_1_41' title="bbox 2272 1275 3869 1353">
     <span class='ocr_line' id='line_1_41' title="bbox 2272 1275 3869 1353; baseline 0.008 -25"><span class='ocrx_word' id='word_1_289' title='bbox 2272 1275 2592 1332; x_wconf 89' lang='lat' dir='ltr'><strong>innocentes</strong></span> <span class='ocrx_word' id='word_1_290' title='bbox 2620 1279 2809 1347; x_wconf 85' lang='lat' dir='ltr'><strong>puniat</strong></span> <span class='ocrx_word' id='word_1_291' title='bbox 2838 1317 2853 1344; x_wconf 90' lang='lat'><strong>,</strong></span> <span class='ocrx_word' id='word_1_292' title='bbox 2891 1288 2986 1333; x_wconf 88' lang='lat' dir='ltr'><strong>aut</strong></span> <span class='ocrx_word' id='word_1_293' title='bbox 3015 1280 3339 1335; x_wconf 78' lang='lat' dir='ltr'><strong>ell‘ervescat</strong></span> <span class='ocrx_word' id='word_1_294' title='bbox 3373 1282 3424 1333; x_wconf 91' lang='lat' dir='ltr'><strong>in</strong></span> <span class='ocrx_word' id='word_1_295' title='bbox 3457 1296 3553 1338; x_wconf 91' lang='lat' dir='ltr'><strong>eos</strong></span> <span class='ocrx_word' id='word_1_296' title='bbox 3586 1287 3677 1353; x_wconf 87' lang='lat' dir='ltr'><strong>qui</strong></span> <span class='ocrx_word' id='word_1_297' title='bbox 3716 1288 3869 1341; x_wconf 15' lang='lat' dir='ltr'><strong>nihil.</strong></span> 
     </span>
    </p>
   </div>
   <div class='ocr_carea' id='block_1_42' title="bbox 2267 1367 3847 1445">
    <p class='ocr_par' dir='ltr' id='par_1_42' title="bbox 2267 1367 3847 1445">
     <span class='ocr_line' id='line_1_42' title="bbox 2267 1367 3847 1445; baseline 0.006 -24"><span class='ocrx_word' id='word_1_298' title='bbox 2267 1367 2588 1436; x_wconf 86' lang='lat' dir='ltr'><strong>delinquunt</strong></span> <span class='ocrx_word' id='word_1_299' title='bbox 2615 1409 2631 1435; x_wconf 91' lang='lat'><strong>,</strong></span> <span class='ocrx_word' id='word_1_300' title='bbox 2664 1370 2765 1424; x_wconf 86' lang='lat' dir='ltr'><strong>iste</strong></span> <span class='ocrx_word' id='word_1_301' title='bbox 2800 1368 2955 1425; x_wconf 82' lang='lat' dir='ltr'><strong>cibus</strong></span> <span class='ocrx_word' id='word_1_302' title='bbox 2985 1371 3088 1425; x_wconf 84' lang='lat' dir='ltr'><strong>erit</strong></span> <span class='ocrx_word' id='word_1_303' title='bbox 3137 1372 3434 1426; x_wconf 81' lang='lat' dir='ltr'><strong>bestiarum</strong></span> <span class='ocrx_word' id='word_1_304' title='bbox 3467 1375 3602 1445; x_wconf 84' lang='lat' dir='ltr'><strong>agri,</strong></span> <span class='ocrx_word' id='word_1_305' title='bbox 3631 1386 3685 1429; x_wconf 90' lang='lat' dir='ltr'><strong>et</strong></span> <span class='ocrx_word' id='word_1_306' title='bbox 3732 1393 3847 1431; x_wconf 63' lang='lat' dir='ltr'><strong>sero</strong></span> 
     </span>
    </p>
   </div>
   <div class='ocr_carea' id='block_1_43' title="bbox 2266 1459 3830 1524">
    <p class='ocr_par' dir='ltr' id='par_1_43' title="bbox 2266 1459 3830 1524">
     <span class='ocr_line' id='line_1_43' title="bbox 2266 1459 3830 1524; baseline 0.008 -16"><span class='ocrx_word' id='word_1_307' title='bbox 2266 1466 2485 1524; x_wconf 91' lang='lat' dir='ltr'><strong>pentum</strong></span> <span class='ocrx_word' id='word_1_308' title='bbox 2520 1466 2677 1513; x_wconf 81' lang='lat' dir='ltr'><strong>terrae</strong></span> <span class='ocrx_word' id='word_1_309' title='bbox 2700 1498 2715 1523; x_wconf 88' lang='lat'><strong>,</strong></span> <span class='ocrx_word' id='word_1_310' title='bbox 2750 1468 2806 1513; x_wconf 89' lang='lat' dir='ltr'><strong>et</strong></span> <span class='ocrx_word' id='word_1_311' title='bbox 2840 1459 3122 1515; x_wconf 88' lang='lat' dir='ltr'><strong>volucrum</strong></span> <span class='ocrx_word' id='word_1_312' title='bbox 3169 1462 3315 1515; x_wconf 80' lang='lat' dir='ltr'><strong>coeli.</strong></span> <span class='ocrx_word' id='word_1_313' title='bbox 3369 1461 3462 1516; x_wconf 87' lang='lat' dir='ltr'><strong>His</strong></span> <span class='ocrx_word' id='word_1_314' title='bbox 3491 1465 3690 1517; x_wconf 87' lang='lat' dir='ltr'><strong>etenim</strong></span> <span class='ocrx_word' id='word_1_315' title='bbox 3720 1466 3830 1519; x_wconf 65' lang='lat' dir='ltr'><strong>dte-</strong></span> 
     </span>
    </p>
   </div>
   <div class='ocr_carea' id='block_1_44' title="bbox 2265 1546 3835 1616">
    <p class='ocr_par' dir='ltr' id='par_1_44' title="bbox 2265 1546 3835 1616">
     <span class='ocr_line' id='line_1_44' title="bbox 2265 1546 3835 1616; baseline 0.007 -20"><span class='ocrx_word' id='word_1_316' title='bbox 2265 1558 2453 1599; x_wconf 84' lang='lat' dir='ltr'><strong>munes</strong></span> <span class='ocrx_word' id='word_1_317' title='bbox 2486 1546 2803 1599; x_wconf 89' lang='lat' dir='ltr'><strong>nutriuntur</strong></span> <span class='ocrx_word' id='word_1_318' title='bbox 2849 1547 2987 1602; x_wconf 88' lang='lat' dir='ltr'><strong>cibis</strong></span> <span class='ocrx_word' id='word_1_319' title='bbox 3011 1588 3025 1612; x_wconf 93' lang='lat'><strong>,</strong></span> <span class='ocrx_word' id='word_1_320' title='bbox 3058 1550 3147 1616; x_wconf 89' lang='lat' dir='ltr'><strong>qui</strong></span> <span class='ocrx_word' id='word_1_321' title='bbox 3200 1549 3357 1603; x_wconf 92' lang='lat' dir='ltr'><strong>malis</strong></span> <span class='ocrx_word' id='word_1_322' title='bbox 3394 1551 3595 1606; x_wconf 85' lang='lat' dir='ltr'><strong>nostris</strong></span> <span class='ocrx_word' id='word_1_323' title='bbox 3626 1554 3835 1608; x_wconf 85' lang='lat' dir='ltr'><strong>actibus</strong></span> 
     </span>
    </p>
   </div>
   <div class='ocr_carea' id='block_1_45' title="bbox 2263 1637 3844 1713">
    <p class='ocr_par' dir='ltr' id='par_1_45' title="bbox 2263 1637 3844 1713">
     <span class='ocr_line' id='line_1_45' title="bbox 2263 1637 3844 1713; baseline 0.006 -25"><span class='ocrx_word' id='word_1_324' title='bbox 2263 1643 2318 1688; x_wconf 88' lang='lat' dir='ltr'><strong>et</strong></span> <span class='ocrx_word' id='word_1_325' title='bbox 2347 1645 2649 1704; x_wconf 89' lang='lat' dir='ltr'><strong>pascuntur</strong></span> <span class='ocrx_word' id='word_1_326' title='bbox 2676 1645 2731 1691; x_wconf 88' lang='lat' dir='ltr'><strong>et</strong></span> <span class='ocrx_word' id='word_1_327' title='bbox 2770 1637 2976 1692; x_wconf 80' lang='lat' dir='ltr'><strong>favent.</strong></span> <span class='ocrx_word' id='word_1_328' title='bbox 3012 1637 3276 1693; x_wconf 85' lang='lat' dir='ltr'><strong>Indicium</strong></span> <span class='ocrx_word' id='word_1_329' title='bbox 3312 1656 3543 1710; x_wconf 86' lang='lat' dir='ltr'><strong>namque</strong></span> <span class='ocrx_word' id='word_1_330' title='bbox 3574 1653 3656 1697; x_wconf 87' lang='lat' dir='ltr'><strong>est</strong></span> <span class='ocrx_word' id='word_1_331' title='bbox 3685 1644 3844 1713; x_wconf 86' lang='lat' dir='ltr'><strong>hujus</strong></span> 
     </span>
    </p>
   </div>
   <div class='ocr_carea' id='block_1_46' title="bbox 2261 1724 3843 1802">
    <p class='ocr_par' dir='ltr' id='par_1_46' title="bbox 2261 1724 3843 1802">
     <span class='ocr_line' id='line_1_46' title="bbox 2261 1724 3843 1802; baseline 0.006 -24"><span class='ocrx_word' id='word_1_332' title='bbox 2261 1726 2443 1793; x_wconf 91' lang='lat' dir='ltr'><strong>operis</strong></span> <span class='ocrx_word' id='word_1_333' title='bbox 2494 1724 2670 1792; x_wconf 88' lang='lat' dir='ltr'><strong>Cain,</strong></span> <span class='ocrx_word' id='word_1_334' title='bbox 2713 1728 2805 1795; x_wconf 91' lang='lat' dir='ltr'><strong>qui</strong></span> <span class='ocrx_word' id='word_1_335' title='bbox 2864 1728 3208 1782; x_wconf 88' lang='lat' dir='ltr'><strong>innocentem</strong></span> <span class='ocrx_word' id='word_1_336' title='bbox 3258 1728 3484 1782; x_wconf 80' lang='lat' dir='ltr'><strong>fratrem</strong></span> <span class='ocrx_word' id='word_1_337' title='bbox 3522 1730 3598 1783; x_wconf 90' lang='lat' dir='ltr'><strong>ira</strong></span> <span class='ocrx_word' id='word_1_338' title='bbox 3634 1733 3843 1802; x_wconf 85' lang='lat' dir='ltr'><strong>decepit</strong></span> 
     </span>
    </p>
   </div>
   <div class='ocr_carea' id='block_1_47' title="bbox 2190 1798 3838 1891">
    <p class='ocr_par' dir='ltr' id='par_1_47' title="bbox 2190 1798 3838 1891">
     <span class='ocr_line' id='line_1_47' title="bbox 2190 1798 3838 1891; baseline 0.007 -22"><span class='ocrx_word' id='word_1_339' title='bbox 2190 1798 2233 1853; x_wconf 74' lang='grc' dir='ltr'><strong>Β</strong></span> <span class='ocrx_word' id='word_1_340' title='bbox 2263 1816 2500 1871; x_wconf 67' lang='lat' dir='ltr'><strong>invidiae.</strong></span> <span class='ocrx_word' id='word_1_341' title='bbox 2543 1817 2809 1872; x_wconf 90' lang='lat' dir='ltr'><strong>Similiter</strong></span> <span class='ocrx_word' id='word_1_342' title='bbox 2854 1819 3018 1873; x_wconf 89' lang='lat' dir='ltr'><strong>etiam</strong></span> <span class='ocrx_word' id='word_1_343' title='bbox 3050 1820 3117 1873; x_wconf 91' lang='lat' dir='ltr'><strong>de</strong></span> <span class='ocrx_word' id='word_1_344' title='bbox 3166 1822 3608 1891; x_wconf 88' lang='lat' dir='ltr'><strong>concupiscentia</strong></span> <span class='ocrx_word' id='word_1_345' title='bbox 3640 1864 3653 1888; x_wconf 94' lang='lat'><strong>,</strong></span> <span class='ocrx_word' id='word_1_346' title='bbox 3689 1834 3741 1878; x_wconf 90' lang='lat' dir='ltr'><strong>et</strong></span> <span class='ocrx_word' id='word_1_347' title='bbox 3772 1830 3838 1881; x_wconf 90' lang='lat' dir='ltr'><strong>de</strong></span> 
     </span>
    </p>
   </div>
   <div class='ocr_carea' id='block_1_48' title="bbox 2260 1908 3835 1979">
    <p class='ocr_par' dir='ltr' id='par_1_48' title="bbox 2260 1908 3835 1979">
     <span class='ocr_line' id='line_1_48' title="bbox 2260 1908 3835 1979; baseline 0.006 -16"><span class='ocrx_word' id='word_1_348' title='bbox 2260 1909 2488 1979; x_wconf 84' lang='lat' dir='ltr'><strong>singulis</strong></span> <span class='ocrx_word' id='word_1_349' title='bbox 2550 1908 2925 1978; x_wconf 89' lang='lat' dir='ltr'><strong>hujuscemodi</strong></span> <span class='ocrx_word' id='word_1_350' title='bbox 2993 1911 3278 1967; x_wconf 83' lang='lat' dir='ltr'><strong>all&#39;ectibus</strong></span> <span class='ocrx_word' id='word_1_351' title='bbox 3336 1915 3680 1969; x_wconf 88' lang='lat' dir='ltr'><strong>sentiendum</strong></span> <span class='ocrx_word' id='word_1_352' title='bbox 3731 1928 3835 1973; x_wconf 89' lang='lat' dir='ltr'><strong>est.</strong></span> 
     </span>
    </p>
   </div>
   <div class='ocr_carea' id='block_1_49' title="bbox 2260 1999 3832 2072">
    <p class='ocr_par' dir='ltr' id='par_1_49' title="bbox 2260 1999 3832 2072">
     <span class='ocr_line' id='line_1_49' title="bbox 2260 1999 3832 2072; baseline 0.007 -19"><span class='ocrx_word' id='word_1_353' title='bbox 2260 1999 2394 2054; x_wconf 82' lang='lat' dir='ltr'><strong>Cum</strong></span> <span class='ocrx_word' id='word_1_354' title='bbox 2430 2000 2574 2055; x_wconf 91' lang='lat' dir='ltr'><strong>enim</strong></span> <span class='ocrx_word' id='word_1_355' title='bbox 2628 2003 2969 2072; x_wconf 86' lang='lat' dir='ltr'><strong>concupiscit</strong></span> <span class='ocrx_word' id='word_1_356' title='bbox 3016 2014 3072 2059; x_wconf 89' lang='lat' dir='ltr'><strong>et</strong></span> <span class='ocrx_word' id='word_1_357' title='bbox 3108 2004 3294 2060; x_wconf 87' lang='lat' dir='ltr'><strong>deﬁcit</strong></span> <span class='ocrx_word' id='word_1_358' title='bbox 3337 2006 3515 2060; x_wconf 89' lang='lat' dir='ltr'><strong>anima</strong></span> <span class='ocrx_word' id='word_1_359' title='bbox 3555 2018 3735 2064; x_wconf 91' lang='lat' dir='ltr'><strong>nostra</strong></span> <span class='ocrx_word' id='word_1_360' title='bbox 3768 2013 3832 2064; x_wconf 90' lang='lat' dir='ltr'><strong>ad</strong></span> 
     </span>
    </p>
   </div>
   <div class='ocr_carea' id='block_1_50' title="bbox 2260 2090 3851 2169">
    <p class='ocr_par' dir='ltr' id='par_1_50' title="bbox 2260 2090 3851 2169">
     <span class='ocr_line' id='line_1_50' title="bbox 2260 2090 3851 2169; baseline 0.008 -24"><span class='ocrx_word' id='word_1_361' title='bbox 2260 2090 2429 2146; x_wconf 89' lang='lat' dir='ltr'><strong>Deum</strong></span> <span class='ocrx_word' id='word_1_362' title='bbox 2462 2093 2664 2160; x_wconf 87' lang='lat' dir='ltr'><strong>vivum,</strong></span> <span class='ocrx_word' id='word_1_363' title='bbox 2692 2105 2875 2150; x_wconf 91' lang='lat' dir='ltr'><strong>noster</strong></span> <span class='ocrx_word' id='word_1_364' title='bbox 2910 2095 3068 2150; x_wconf 92' lang='lat' dir='ltr'><strong>cibus</strong></span> <span class='ocrx_word' id='word_1_365' title='bbox 3093 2105 3177 2151; x_wconf 86' lang='lat' dir='ltr'><strong>est</strong></span> <span class='ocrx_word' id='word_1_366' title='bbox 3200 2100 3666 2169; x_wconf 88' lang='lat' dir='ltr'><strong>concupiscentia.</strong></span> <span class='ocrx_word' id='word_1_367' title='bbox 3697 2103 3831 2157; x_wconf 87' lang='lat' dir='ltr'><strong>Cum</strong></span> <span class='ocrx_word' id='word_1_368' title='bbox 3846 2138 3851 2149; x_wconf 69' lang='grc' dir='ltr'>ς</span> 
     </span>
    </p>
   </div>
   <div class='ocr_carea' id='block_1_51' title="bbox 2257 2182 3830 2260">
    <p class='ocr_par' dir='ltr' id='par_1_51' title="bbox 2257 2182 3830 2260">
     <span class='ocr_line' id='line_1_51' title="bbox 2257 2182 3830 2260; baseline 0.008 -25"><span class='ocrx_word' id='word_1_369' title='bbox 2257 2192 2438 2237; x_wconf 88' lang='lat' dir='ltr'><strong>autem</strong></span> <span class='ocrx_word' id='word_1_370' title='bbox 2476 2182 2560 2238; x_wconf 86' lang='lat' dir='ltr'><strong>vel</strong></span> <span class='ocrx_word' id='word_1_371' title='bbox 2607 2184 2843 2240; x_wconf 90' lang='lat' dir='ltr'><strong>alienam</strong></span> <span class='ocrx_word' id='word_1_372' title='bbox 2891 2186 3174 2242; x_wconf 90' lang='lat' dir='ltr'><strong>mulierem</strong></span> <span class='ocrx_word' id='word_1_373' title='bbox 3227 2189 3294 2243; x_wconf 90' lang='lat' dir='ltr'><strong>ad</strong></span> <span class='ocrx_word' id='word_1_374' title='bbox 3344 2192 3830 2260; x_wconf 87' lang='lat' dir='ltr'><strong>concupiscendum</strong></span> 
     </span>
    </p>
   </div>
   <div class='ocr_carea' id='block_1_52' title="bbox 2257 2272 3829 2350">
    <p class='ocr_par' dir='ltr' id='par_1_52' title="bbox 2257 2272 3829 2350">
     <span class='ocr_line' id='line_1_52' title="bbox 2257 2272 3829 2350; baseline 0.008 -26"><span class='ocrx_word' id='word_1_375' title='bbox 2257 2272 2522 2336; x_wconf 90' lang='lat' dir='ltr'><strong>videmus,</strong></span> <span class='ocrx_word' id='word_1_376' title='bbox 2548 2274 2634 2328; x_wconf 88' lang='lat' dir='ltr'><strong>vel</strong></span> <span class='ocrx_word' id='word_1_377' title='bbox 2662 2274 2869 2343; x_wconf 91' lang='lat' dir='ltr'><strong>aliquid</strong></span> <span class='ocrx_word' id='word_1_378' title='bbox 2896 2290 3077 2329; x_wconf 89' lang='lat' dir='ltr'><strong>rerum</strong></span> <span class='ocrx_word' id='word_1_379' title='bbox 3105 2278 3336 2342; x_wconf 85' lang='lat' dir='ltr'><strong>proximi</strong></span> <span class='ocrx_word' id='word_1_380' title='bbox 3373 2282 3829 2350; x_wconf 87' lang='lat' dir='ltr'><strong>concupiscimus,</strong></span> 
     </span>
    </p>
   </div>
   <div class='ocr_carea' id='block_1_53' title="bbox 2255 2362 3835 2437">
    <p class='ocr_par' dir='ltr' id='par_1_53' title="bbox 2255 2362 3835 2437">
     <span class='ocr_line' id='line_1_53' title="bbox 2255 2362 3835 2437; baseline 0.007 -20"><span class='ocrx_word' id='word_1_381' title='bbox 2255 2362 2498 2419; x_wconf 87' lang='lat' dir='ltr'><strong>bestialis</strong></span> <span class='ocrx_word' id='word_1_382' title='bbox 2525 2365 2677 2419; x_wconf 91' lang='lat' dir='ltr'><strong>cibus</strong></span> <span class='ocrx_word' id='word_1_383' title='bbox 2709 2365 2937 2421; x_wconf 70' lang='lat' dir='ltr'><strong>edicitur</strong></span> <span class='ocrx_word' id='word_1_384' title='bbox 2971 2368 3440 2437; x_wconf 87' lang='lat' dir='ltr'><strong>concupiscentia.</strong></span> <span class='ocrx_word' id='word_1_385' title='bbox 3472 2371 3626 2426; x_wconf 90' lang='lat' dir='ltr'><strong>Sicut</strong></span> <span class='ocrx_word' id='word_1_386' title='bbox 3652 2388 3835 2428; x_wconf 78' lang='lat' dir='ltr'><strong>exeru-</strong></span> 
     </span>
    </p>
   </div>
   <div class='ocr_carea' id='block_1_54' title="bbox 2255 2451 3827 2523">
    <p class='ocr_par' dir='ltr' id='par_1_54' title="bbox 2255 2451 3827 2523">
     <span class='ocr_line' id='line_1_54' title="bbox 2255 2451 3827 2523; baseline 0.008 -19"><span class='ocrx_word' id='word_1_387' title='bbox 2255 2451 2343 2520; x_wconf 92' lang='lat' dir='ltr'><strong>plo</strong></span> <span class='ocrx_word' id='word_1_388' title='bbox 2388 2461 2570 2521; x_wconf 85' lang='lat' dir='ltr'><strong>potest</strong></span> <span class='ocrx_word' id='word_1_389' title='bbox 2605 2468 2727 2509; x_wconf 82' lang='lat' dir='ltr'><strong>esse</strong></span> <span class='ocrx_word' id='word_1_390' title='bbox 2771 2456 3211 2523; x_wconf 80' lang='lat' dir='ltr'><strong>concupiscentia</strong></span> <span class='ocrx_word' id='word_1_391' title='bbox 3246 2458 3433 2513; x_wconf 84' lang='lat' dir='ltr'><strong>Achab</strong></span> <span class='ocrx_word' id='word_1_392' title='bbox 3466 2500 3480 2522; x_wconf 90' lang='lat'><strong>,</strong></span> <span class='ocrx_word' id='word_1_393' title='bbox 3532 2470 3587 2515; x_wconf 91' lang='lat' dir='ltr'><strong>et</strong></span> <span class='ocrx_word' id='word_1_394' title='bbox 3623 2461 3827 2516; x_wconf 83' lang='lat' dir='ltr'><strong>factum</strong></span> 
     </span>
    </p>
   </div>
   <div class='ocr_carea' id='block_1_55' title="bbox 2252 2542 3828 2608">
    <p class='ocr_par' dir='ltr' id='par_1_55' title="bbox 2252 2542 3828 2608">
     <span class='ocr_line' id='line_1_55' title="bbox 2252 2542 3828 2608; baseline 0.006 -9"><span class='ocrx_word' id='word_1_395' title='bbox 2252 2542 2470 2601; x_wconf 81' lang='lat' dir='ltr'><strong>Jezabel</strong></span> <span class='ocrx_word' id='word_1_396' title='bbox 2496 2547 2561 2600; x_wconf 93' lang='lat' dir='ltr'><strong>de</strong></span> <span class='ocrx_word' id='word_1_397' title='bbox 2586 2546 2741 2601; x_wconf 88' lang='lat' dir='ltr'><strong>vinea</strong></span> <span class='ocrx_word' id='word_1_398' title='bbox 2776 2545 3045 2602; x_wconf 83' lang='lat' dir='ltr'><strong>Nabuthei</strong></span> <span class='ocrx_word' id='word_1_399' title='bbox 3078 2546 3382 2605; x_wconf 67' lang='lat' dir='ltr'><strong>Jezraelitae</strong></span> <span class='ocrx_word' id='word_1_400' title='bbox 3414 2550 3478 2604; x_wconf 59' lang='grc' dir='ltr'><strong>δ’.</strong></span> <span class='ocrx_word' id='word_1_401' title='bbox 3517 2552 3828 2608; x_wconf 64' lang='grc' dir='ltr'><strong>Οὺεοτνθησ</strong></span> 
     </span>
    </p>
   </div>
   <div class='ocr_carea' id='block_1_56' title="bbox 2254 2640 3820 2714">
    <p class='ocr_par' dir='ltr' id='par_1_56' title="bbox 2254 2640 3820 2714">
     <span class='ocr_line' id='line_1_56' title="bbox 2254 2640 3820 2714; baseline 0.005 -21"><span class='ocrx_word' id='word_1_402' title='bbox 2254 2640 2319 2693; x_wconf 90' lang='lat' dir='ltr'><strong>da</strong></span> <span class='ocrx_word' id='word_1_403' title='bbox 2352 2654 2484 2695; x_wconf 88' lang='lat' dir='ltr'><strong>sane</strong></span> <span class='ocrx_word' id='word_1_404' title='bbox 2517 2648 2598 2695; x_wconf 88' lang='lat' dir='ltr'><strong>est</strong></span> <span class='ocrx_word' id='word_1_405' title='bbox 2645 2650 2848 2695; x_wconf 83' lang='lat' dir='ltr'><strong>sanctae</strong></span> <span class='ocrx_word' id='word_1_406' title='bbox 2894 2640 3192 2714; x_wconf 71' lang='lat' dir='ltr'><strong>Scriptura:</strong></span> <span class='ocrx_word' id='word_1_407' title='bbox 3237 2646 3402 2701; x_wconf 89' lang='lat' dir='ltr'><strong>etiam</strong></span> <span class='ocrx_word' id='word_1_408' title='bbox 3439 2646 3491 2699; x_wconf 90' lang='lat' dir='ltr'><strong>in</strong></span> <span class='ocrx_word' id='word_1_409' title='bbox 3532 2648 3820 2701; x_wconf 83' lang='lat' dir='ltr'><strong>verborum</strong></span> 
     </span>
    </p>
   </div>
   <div class='ocr_carea' id='block_1_57' title="bbox 2252 2731 3823 2804">
    <p class='ocr_par' dir='ltr' id='par_1_57' title="bbox 2252 2731 3823 2804">
     <span class='ocr_line' id='line_1_57' title="bbox 2252 2731 3823 2804; baseline 0.006 -20"><span class='ocrx_word' id='word_1_410' title='bbox 2252 2731 2460 2785; x_wconf 84' lang='lat' dir='ltr'><strong>ratione</strong></span> <span class='ocrx_word' id='word_1_411' title='bbox 2498 2732 2708 2786; x_wconf 89' lang='lat' dir='ltr'><strong>cautela</strong></span> <span class='ocrx_word' id='word_1_412' title='bbox 2736 2771 2749 2796; x_wconf 93' lang='lat'><strong>,</strong></span> <span class='ocrx_word' id='word_1_413' title='bbox 2780 2748 2900 2801; x_wconf 77' lang='lat' dir='ltr'><strong>qua:</strong></span> <span class='ocrx_word' id='word_1_414' title='bbox 2933 2750 3056 2789; x_wconf 92' lang='lat' dir='ltr'><strong>eum</strong></span> <span class='ocrx_word' id='word_1_415' title='bbox 3111 2736 3174 2791; x_wconf 89' lang='lat' dir='ltr'><strong>de</strong></span> <span class='ocrx_word' id='word_1_416' title='bbox 3204 2736 3517 2791; x_wconf 89' lang='lat' dir='ltr'><strong>hominibus</strong></span> <span class='ocrx_word' id='word_1_417' title='bbox 3552 2738 3777 2793; x_wconf 77' lang='lat' dir='ltr'><strong>dixisset</strong></span> <span class='ocrx_word' id='word_1_418' title='bbox 3804 2777 3823 2804; x_wconf 91' lang='lat'><strong>,</strong></span> 
     </span>
    </p>
   </div>
   <div class='ocr_carea' id='block_1_58' title="bbox 2250 2824 3823 2892">
    <p class='ocr_par' dir='ltr' id='par_1_58' title="bbox 2250 2824 3823 2892">
     <span class='ocr_line' id='line_1_58' title="bbox 2250 2824 3823 2892; baseline 0.006 -16"><span class='ocrx_word' id='word_1_419' title='bbox 2250 2824 2373 2892; x_wconf 81' lang='lat' dir='ltr'><strong>quia</strong></span> <span class='ocrx_word' id='word_1_420' title='bbox 2416 2825 2554 2878; x_wconf 76' lang='lat' dir='ltr'><strong>dixit</strong></span> <span class='ocrx_word' id='word_1_421' title='bbox 2597 2824 2736 2880; x_wconf 91' lang='lat' dir='ltr'><strong>Deus</strong></span> <span class='ocrx_word' id='word_1_422' title='bbox 2779 2826 2869 2877; x_wconf 68' lang='lat'><strong>“:</strong></span> <span class='ocrx_word' id='word_1_423' title='bbox 2918 2825 3053 2881; x_wconf 86' lang='lat' dir='ltr'><strong>Ecce</strong></span> <span class='ocrx_word' id='word_1_424' title='bbox 3100 2829 3224 2883; x_wconf 88' lang='lat' dir='ltr'><strong>dedi</strong></span> <span class='ocrx_word' id='word_1_425' title='bbox 3268 2829 3409 2883; x_wconf 87' lang='lat' dir='ltr'><strong>vobis</strong></span> <span class='ocrx_word' id='word_1_426' title='bbox 3462 2846 3611 2885; x_wconf 85' lang='lat' dir='ltr'><strong>omne</strong></span> <span class='ocrx_word' id='word_1_427' title='bbox 3648 2845 3823 2885; x_wconf 84' lang='lat' dir='ltr'><strong>semen</strong></span> 
     </span>
    </p>
   </div>
   <div class='ocr_carea' id='block_1_59' title="bbox 2247 2916 3834 2993">
    <p class='ocr_par' dir='ltr' id='par_1_59' title="bbox 2247 2916 3834 2993">
     <span class='ocr_line' id='line_1_59' title="bbox 2247 2916 3834 2993; baseline 0.003 -23"><span class='ocrx_word' id='word_1_428' title='bbox 2247 2916 2495 2971; x_wconf 87' lang='lat' dir='ltr'><strong>seminale</strong></span> <span class='ocrx_word' id='word_1_429' title='bbox 2545 2920 2684 2987; x_wconf 85' lang='lat' dir='ltr'><strong>quod</strong></span> <span class='ocrx_word' id='word_1_430' title='bbox 2734 2930 2810 2973; x_wconf 82' lang='lat' dir='ltr'><strong>est</strong></span> <span class='ocrx_word' id='word_1_431' title='bbox 2856 2937 3007 2991; x_wconf 87' lang='lat' dir='ltr'><strong>super</strong></span> <span class='ocrx_word' id='word_1_432' title='bbox 3042 2930 3277 2987; x_wconf 82' lang='lat' dir='ltr'><strong>terram,</strong></span> <span class='ocrx_word' id='word_1_433' title='bbox 3331 2933 3378 2976; x_wconf 86' lang='lat' dir='ltr'><strong>et</strong></span> <span class='ocrx_word' id='word_1_434' title='bbox 3434 2939 3583 2977; x_wconf 87' lang='lat' dir='ltr'><strong>omne</strong></span> <span class='ocrx_word' id='word_1_435' title='bbox 3622 2923 3834 2993; x_wconf 76' lang='lat' dir='ltr'><strong>lignum</strong></span> 
     </span>
    </p>
   </div>
   <div class='ocr_carea' id='block_1_60' title="bbox 2245 3007 3815 3079">
    <p class='ocr_par' dir='ltr' id='par_1_60' title="bbox 2245 3007 3815 3079">
     <span class='ocr_line' id='line_1_60' title="bbox 2245 3007 3815 3079; baseline 0.005 -19"><span class='ocrx_word' id='word_1_436' title='bbox 2245 3007 2384 3078; x_wconf 81' lang='lat' dir='ltr'><strong>quod</strong></span> <span class='ocrx_word' id='word_1_437' title='bbox 2432 3019 2505 3062; x_wconf 90' lang='lat' dir='ltr'><strong>est</strong></span> <span class='ocrx_word' id='word_1_438' title='bbox 2541 3026 2696 3079; x_wconf 86' lang='lat' dir='ltr'><strong>super</strong></span> <span class='ocrx_word' id='word_1_439' title='bbox 2737 3021 2931 3064; x_wconf 90' lang='lat' dir='ltr'><strong>terram</strong></span> <span class='ocrx_word' id='word_1_440' title='bbox 2967 3012 3107 3067; x_wconf 86' lang='lat' dir='ltr'><strong>vobis</strong></span> <span class='ocrx_word' id='word_1_441' title='bbox 3140 3014 3234 3067; x_wconf 89' lang='lat' dir='ltr'><strong>erit</strong></span> <span class='ocrx_word' id='word_1_442' title='bbox 3270 3015 3338 3066; x_wconf 86' lang='lat' dir='ltr'><strong>ad</strong></span> <span class='ocrx_word' id='word_1_443' title='bbox 3369 3031 3542 3067; x_wconf 84' lang='lat' dir='ltr'><strong>escam</strong></span> <span class='ocrx_word' id='word_1_444' title='bbox 3576 3054 3590 3079; x_wconf 96' lang='lat'><strong>,</strong></span> <span class='ocrx_word' id='word_1_445' title='bbox 3626 3018 3690 3068; x_wconf 92' lang='lat' dir='ltr'><strong>de</strong></span> <span class='ocrx_word' id='word_1_446' title='bbox 3720 3015 3815 3068; x_wconf 86' lang='lat' dir='ltr'><strong>be-</strong></span> 
     </span>
    </p>
   </div>
   <div class='ocr_carea' id='block_1_61' title="bbox 563 3101 3811 3210">
    <p class='ocr_par' dir='ltr' id='par_1_61' title="bbox 563 3101 3811 3210">
     <span class='ocr_line' id='line_1_61' title="bbox 563 3101 3811 3210; baseline 0.015 -46"><span class='ocrx_word' id='word_1_447' title='bbox 563 3112 655 3178; x_wconf 88' lang='lat' dir='ltr'><strong>jus</strong></span> <span class='ocrx_word' id='word_1_448' title='bbox 687 3120 953 3172; x_wconf 89' lang='lat' dir='ltr'><strong>sententia</strong></span> <span class='ocrx_word' id='word_1_449' title='bbox 987 3122 1279 3179; x_wconf 80' lang='lat' dir='ltr'><strong>manifeste</strong></span> <span class='ocrx_word' id='word_1_450' title='bbox 1316 3127 1519 3184; x_wconf 89' lang='lat' dir='ltr'><strong>indicat</strong></span> <span class='ocrx_word' id='word_1_451' title='bbox 1553 3148 1706 3188; x_wconf 91' lang='lat' dir='ltr'><strong>usum</strong></span> <span class='ocrx_word' id='word_1_452' title='bbox 1745 3101 2004 3194; x_wconf 80' lang='lat' dir='ltr'><strong>ciborum</strong></span> <span class='ocrx_word' id='word_1_453' title='bbox 2026 3101 2141 3210; x_wconf 35' lang='lat' dir='ltr'><strong>p‘r—i-</strong></span> <span class='ocrx_word' id='word_1_454' title='bbox 2168 3130 2211 3188; x_wconf 66' lang='grc' dir='ltr'><strong>(ἶ</strong></span> <span class='ocrx_word' id='word_1_455' title='bbox 2245 3101 2362 3210; x_wconf 46' lang='grc' dir='ltr'><strong>θυῖε</strong></span> <span class='ocrx_word' id='word_1_456' title='bbox 2391 3101 2709 3210; x_wconf 42' lang='grc' dir='ltr'><strong>’Ψιθὲκίιῖ</strong></span> <span class='ocrx_word' id='word_1_457' title='bbox 2731 3104 2854 3172; x_wconf 57' lang='lat' dir='ltr'><strong>qum</strong></span> <span class='ocrx_word' id='word_1_458' title='bbox 2890 3104 3011 3159; x_wconf 68' lang='lat' dir='ltr'><strong>dedi</strong></span> <span class='ocrx_word' id='word_1_459' title='bbox 3041 3106 3121 3159; x_wconf 54' lang='lat' dir='ltr'><strong>eis</strong></span> <span class='ocrx_word' id='word_1_460' title='bbox 3155 3106 3219 3160; x_wconf 65' lang='lat' dir='ltr'><strong>ad</strong></span> <span class='ocrx_word' id='word_1_461' title='bbox 3251 3120 3432 3210; x_wconf 37' lang='lat' dir='ltr'><strong>iscam</strong></span> <span class='ocrx_word' id='word_1_462' title='bbox 3464 3107 3811 3210; x_wconf 46' lang='lat' dir='ltr'><strong>.“i’c.°&#39;“&quot;i&quot;&#39;</strong></span> 
     </span>
    </p>
   </div>
   <div class='ocr_carea' id='block_1_62' title="bbox 569 3208 2137 3295">
    <p class='ocr_par' dir='ltr' id='par_1_62' title="bbox 569 3208 2137 3295">
     <span class='ocr_line' id='line_1_62' title="bbox 569 3208 2137 3295; baseline 0.022 -38"><span class='ocrx_word' id='word_1_463' title='bbox 569 3208 735 3262; x_wconf 90' lang='lat' dir='ltr'><strong>mitus</strong></span> <span class='ocrx_word' id='word_1_464' title='bbox 763 3224 790 3263; x_wconf 93' lang='lat' dir='ltr'><strong>a</strong></span> <span class='ocrx_word' id='word_1_465' title='bbox 826 3211 934 3267; x_wconf 89' lang='lat' dir='ltr'><strong>Deo</strong></span> <span class='ocrx_word' id='word_1_466' title='bbox 960 3227 1037 3268; x_wconf 75' lang='lat' dir='ltr'><strong>ex.</strong></span> <span class='ocrx_word' id='word_1_467' title='bbox 1060 3216 1264 3285; x_wconf 89' lang='lat' dir='ltr'><strong>herbis,</strong></span> <span class='ocrx_word' id='word_1_468' title='bbox 1298 3221 1352 3276; x_wconf 90' lang='lat' dir='ltr'><strong>id</strong></span> <span class='ocrx_word' id='word_1_469' title='bbox 1380 3232 1465 3278; x_wconf 90' lang='lat' dir='ltr'><strong>est</strong></span> <span class='ocrx_word' id='word_1_470' title='bbox 1493 3226 1758 3295; x_wconf 89' lang='lat' dir='ltr'><strong>oleribus,</strong></span> <span class='ocrx_word' id='word_1_471' title='bbox 1799 3241 1852 3287; x_wconf 91' lang='lat' dir='ltr'><strong>et</strong></span> <span class='ocrx_word' id='word_1_472' title='bbox 1882 3208 2137 3291; x_wconf 79' lang='lat' dir='ltr'><strong>arborum</strong></span> 
     </span>
    </p>
   </div>
   <div class='ocr_carea' id='block_1_63' title="bbox 565 3300 2138 3391">
    <p class='ocr_par' dir='ltr' id='par_1_63' title="bbox 565 3300 2138 3391">
     <span class='ocr_line' id='line_1_63' title="bbox 565 3300 2138 3391; baseline 0.021 -40"><span class='ocrx_word' id='word_1_473' title='bbox 565 3300 831 3359; x_wconf 80' lang='lat' dir='ltr'><strong>fructibus</strong></span> <span class='ocrx_word' id='word_1_474' title='bbox 852 3319 973 3362; x_wconf 87' lang='lat' dir='ltr'><strong>esse</strong></span> <span class='ocrx_word' id='word_1_475' title='bbox 989 3311 1314 3378; x_wconf 88' lang='lat' dir='ltr'><strong>permissum</strong></span> <span class='ocrx_word' id='word_1_476' title='bbox 1338 3316 1403 3371; x_wconf 65' lang='grc' dir='ltr'><strong>ιι.</strong></span> <span class='ocrx_word' id='word_1_477' title='bbox 1436 3316 1719 3377; x_wconf 82' lang='lat' dir='ltr'><strong>Postremo</strong></span> <span class='ocrx_word' id='word_1_478' title='bbox 1744 3340 1892 3391; x_wconf 83' lang='lat' dir='ltr'><strong>vero,</strong></span> <span class='ocrx_word' id='word_1_479' title='bbox 1924 3342 2046 3382; x_wconf 91' lang='lat' dir='ltr'><strong>cum</strong></span> <span class='ocrx_word' id='word_1_480' title='bbox 2073 3331 2138 3385; x_wconf 89' lang='lat' dir='ltr'><strong>ad</strong></span> 
     </span>
    </p>
   </div>
   <div class='ocr_carea' id='block_1_64' title="bbox 564 3391 2142 3484">
    <p class='ocr_par' dir='ltr' id='par_1_64' title="bbox 564 3391 2142 3484">
     <span class='ocr_line' id='line_1_64' title="bbox 564 3391 2142 3484; baseline 0.022 -40"><span class='ocrx_word' id='word_1_481' title='bbox 564 3391 679 3447; x_wconf 83' lang='lat' dir='ltr'><strong>Noe</strong></span> <span class='ocrx_word' id='word_1_482' title='bbox 709 3406 829 3463; x_wconf 88' lang='lat' dir='ltr'><strong>post</strong></span> <span class='ocrx_word' id='word_1_483' title='bbox 860 3399 1121 3458; x_wconf 84' lang='lat' dir='ltr'><strong>diluvium</strong></span> <span class='ocrx_word' id='word_1_484' title='bbox 1156 3406 1312 3463; x_wconf 80' lang='lat' dir='ltr'><strong>ﬁeret</strong></span> <span class='ocrx_word' id='word_1_485' title='bbox 1345 3419 1751 3484; x_wconf 84' lang='lat' dir='ltr'><strong>testamentum,</strong></span> <span class='ocrx_word' id='word_1_486' title='bbox 1786 3420 2015 3478; x_wconf 78' lang='lat' dir='ltr'><strong>facultas</strong></span> <span class='ocrx_word' id='word_1_487' title='bbox 2046 3439 2142 3478; x_wconf 87' lang='lat' dir='ltr'><strong>ve-</strong></span> 
     </span>
    </p>
   </div>
   <div class='ocr_carea' id='block_1_65' title="bbox 564 3488 2135 3578">
    <p class='ocr_par' dir='ltr' id='par_1_65' title="bbox 564 3488 2135 3578">
     <span class='ocr_line' id='line_1_65' title="bbox 564 3488 2135 3578; baseline 0.02 -41"><span class='ocrx_word' id='word_1_488' title='bbox 564 3488 888 3543; x_wconf 86' lang='lat' dir='ltr'><strong>scendarum</strong></span> <span class='ocrx_word' id='word_1_489' title='bbox 950 3496 1193 3551; x_wconf 91' lang='lat' dir='ltr'><strong>carnium</strong></span> <span class='ocrx_word' id='word_1_490' title='bbox 1283 3501 1595 3560; x_wconf 89' lang='lat' dir='ltr'><strong>hominibus</strong></span> <span class='ocrx_word' id='word_1_491' title='bbox 1669 3510 1851 3563; x_wconf 89' lang='lat' dir='ltr'><strong>datur.</strong></span> <span class='ocrx_word' id='word_1_492' title='bbox 1928 3512 2135 3578; x_wconf 86' lang='lat' dir='ltr'><strong>Quibus</strong></span> 
     </span>
    </p>
   </div>
   <div class='ocr_carea' id='block_1_66' title="bbox 561 3581 2129 3672">
    <p class='ocr_par' dir='ltr' id='par_1_66' title="bbox 561 3581 2129 3672">
     <span class='ocr_line' id='line_1_66' title="bbox 561 3581 2129 3672; baseline 0.02 -44"><span class='ocrx_word' id='word_1_493' title='bbox 561 3590 697 3632; x_wconf 87' lang='lat' dir='ltr'><strong>sane</strong></span> <span class='ocrx_word' id='word_1_494' title='bbox 751 3581 817 3635; x_wconf 89' lang='lat' dir='ltr'><strong>de</strong></span> <span class='ocrx_word' id='word_1_495' title='bbox 863 3586 1040 3640; x_wconf 87' lang='lat' dir='ltr'><strong>causis</strong></span> <span class='ocrx_word' id='word_1_496' title='bbox 1094 3588 1147 3642; x_wconf 93' lang='lat' dir='ltr'><strong>in</strong></span> <span class='ocrx_word' id='word_1_497' title='bbox 1202 3592 1317 3647; x_wconf 89' lang='lat' dir='ltr'><strong>suis</strong></span> <span class='ocrx_word' id='word_1_498' title='bbox 1362 3594 1497 3650; x_wconf 91' lang='lat' dir='ltr'><strong>locis</strong></span> <span class='ocrx_word' id='word_1_499' title='bbox 1550 3600 1752 3655; x_wconf 90' lang='lat' dir='ltr'><strong>rectius</strong></span> <span class='ocrx_word' id='word_1_500' title='bbox 1802 3615 2129 3672; x_wconf 79' lang='lat' dir='ltr'><strong>exponetur.</strong></span> 
     </span>
    </p>
   </div>
   <div class='ocr_carea' id='block_1_67' title="bbox 562 3669 2132 3752">
    <p class='ocr_par' dir='ltr' id='par_1_67' title="bbox 562 3669 2132 3752">
     <span class='ocr_line' id='line_1_67' title="bbox 562 3669 2132 3752; baseline 0.018 -30"><span class='ocrx_word' id='word_1_501' title='bbox 562 3669 870 3728; x_wconf 87' lang='lat' dir='ltr'><strong>Secundum</strong></span> <span class='ocrx_word' id='word_1_502' title='bbox 899 3676 1210 3748; x_wconf 86' lang='lat' dir='ltr'><strong>allegoriam</strong></span> <span class='ocrx_word' id='word_1_503' title='bbox 1246 3692 1422 3740; x_wconf 88' lang='lat' dir='ltr'><strong>tamen</strong></span> <span class='ocrx_word' id='word_1_504' title='bbox 1466 3688 1629 3744; x_wconf 88' lang='lat' dir='ltr'><strong>herba</strong></span> <span class='ocrx_word' id='word_1_505' title='bbox 1657 3701 1816 3746; x_wconf 68' lang='lat' dir='ltr'><strong>terra:</strong></span> <span class='ocrx_word' id='word_1_506' title='bbox 1838 3669 1893 3748; x_wconf 75' lang='lat' dir='ltr'><strong>et</strong></span> <span class='ocrx_word' id='word_1_507' title='bbox 1924 3696 2132 3752; x_wconf 82' lang='lat' dir='ltr'><strong>fructus</strong></span> 
     </span>
    </p>
   </div>
   <div class='ocr_carea' id='block_1_68' title="bbox 556 3762 2131 3853">
    <p class='ocr_par' dir='ltr' id='par_1_68' title="bbox 556 3762 2131 3853">
     <span class='ocr_line' id='line_1_68' title="bbox 556 3762 2131 3853; baseline 0.02 -40"><span class='ocrx_word' id='word_1_508' title='bbox 556 3762 674 3829; x_wconf 80' lang='lat' dir='ltr'><strong>ejus</strong></span> <span class='ocrx_word' id='word_1_509' title='bbox 704 3768 794 3834; x_wconf 87' lang='lat' dir='ltr'><strong>qui</strong></span> <span class='ocrx_word' id='word_1_510' title='bbox 826 3770 893 3823; x_wconf 87' lang='lat' dir='ltr'><strong>ad</strong></span> <span class='ocrx_word' id='word_1_511' title='bbox 924 3786 1105 3827; x_wconf 88' lang='lat' dir='ltr'><strong>escam</strong></span> <span class='ocrx_word' id='word_1_512' title='bbox 1146 3774 1455 3834; x_wconf 88' lang='lat' dir='ltr'><strong>hominibus</strong></span> <span class='ocrx_word' id='word_1_513' title='bbox 1490 3780 1823 3850; x_wconf 79' lang='lat' dir='ltr'><strong>indulgetur,</strong></span> <span class='ocrx_word' id='word_1_514' title='bbox 1860 3795 2039 3853; x_wconf 91' lang='lat' dir='ltr'><strong>potest</strong></span> <span class='ocrx_word' id='word_1_515' title='bbox 2065 3788 2131 3845; x_wconf 89' lang='lat' dir='ltr'><strong>de</strong></span> 
     </span>
    </p>
   </div>
   <div class='ocr_carea' id='block_1_69' title="bbox 557 3855 2125 3933">
    <p class='ocr_par' dir='ltr' id='par_1_69' title="bbox 557 3855 2125 3933">
     <span class='ocr_line' id='line_1_69' title="bbox 557 3855 2125 3933; baseline 0.017 -27"><span class='ocrx_word' id='word_1_516' title='bbox 557 3855 845 3913; x_wconf 70' lang='lat' dir='ltr'><strong>adeetibus</strong></span> <span class='ocrx_word' id='word_1_517' title='bbox 875 3862 1103 3932; x_wconf 86' lang='lat' dir='ltr'><strong>intelligi</strong></span> <span class='ocrx_word' id='word_1_518' title='bbox 1146 3872 1545 3933; x_wconf 86' lang='lat' dir='ltr'><strong>corporalibus.</strong></span> <span class='ocrx_word' id='word_1_519' title='bbox 1600 3875 1757 3928; x_wconf 80' lang='lat' dir='ltr'><strong>Verbi</strong></span> <span class='ocrx_word' id='word_1_520' title='bbox 1797 3892 1996 3931; x_wconf 84' lang='lat' dir='ltr'><strong>causa:</strong></span> <span class='ocrx_word' id='word_1_521' title='bbox 2047 3880 2125 3933; x_wconf 90' lang='lat' dir='ltr'><strong>Ira</strong></span> 
     </span>
    </p>
   </div>
   <div class='ocr_carea' id='block_1_70' title="bbox 554 3950 2127 4036">
    <p class='ocr_par' dir='ltr' id='par_1_70' title="bbox 554 3950 2127 4036">
     <span class='ocr_line' id='line_1_70' title="bbox 554 3950 2127 4036; baseline 0.017 -39"><span class='ocrx_word' id='word_1_522' title='bbox 554 3957 608 3998; x_wconf 90' lang='lat' dir='ltr'><strong>et</strong></span> <span class='ocrx_word' id='word_1_523' title='bbox 644 3950 1085 4019; x_wconf 87' lang='lat' dir='ltr'><strong>concupiscentia</strong></span> <span class='ocrx_word' id='word_1_524' title='bbox 1124 3971 1346 4023; x_wconf 85' lang='lat' dir='ltr'><strong>germen</strong></span> <span class='ocrx_word' id='word_1_525' title='bbox 1372 3969 1454 4014; x_wconf 90' lang='lat' dir='ltr'><strong>est</strong></span> <span class='ocrx_word' id='word_1_526' title='bbox 1490 3965 1758 4030; x_wconf 91' lang='lat' dir='ltr'><strong>corporis.</strong></span> <span class='ocrx_word' id='word_1_527' title='bbox 1801 3964 1973 4033; x_wconf 82' lang='lat' dir='ltr'><strong>Hujus</strong></span> <span class='ocrx_word' id='word_1_528' title='bbox 2004 3984 2127 4036; x_wconf 82' lang='lat' dir='ltr'><strong>ger-</strong></span> 
     </span>
    </p>
   </div>
   <div class='ocr_carea' id='block_1_71' title="bbox 556 4037 2125 4118">
    <p class='ocr_par' dir='ltr' id='par_1_71' title="bbox 556 4037 2125 4118">
     <span class='ocr_line' id='line_1_71' title="bbox 556 4037 2125 4118; baseline 0.017 -31"><span class='ocrx_word' id='word_1_529' title='bbox 556 4037 719 4091; x_wconf 88' lang='lat' dir='ltr'><strong>minis</strong></span> <span class='ocrx_word' id='word_1_530' title='bbox 769 4039 975 4097; x_wconf 82' lang='lat' dir='ltr'><strong>fructus</strong></span> <span class='ocrx_word' id='word_1_531' title='bbox 1002 4083 1017 4108; x_wconf 94' lang='lat'><strong>,</strong></span> <span class='ocrx_word' id='word_1_532' title='bbox 1055 4044 1105 4098; x_wconf 89' lang='lat' dir='ltr'><strong>id</strong></span> <span class='ocrx_word' id='word_1_533' title='bbox 1145 4056 1249 4112; x_wconf 89' lang='lat' dir='ltr'><strong>est,</strong></span> <span class='ocrx_word' id='word_1_534' title='bbox 1283 4062 1418 4117; x_wconf 89' lang='lat' dir='ltr'><strong>opus</strong></span> <span class='ocrx_word' id='word_1_535' title='bbox 1442 4091 1456 4112; x_wconf 86' lang='lat'><strong>,</strong></span> <span class='ocrx_word' id='word_1_536' title='bbox 1498 4052 1655 4118; x_wconf 75' lang='lat' dir='ltr'><strong>nobis</strong></span> <span class='ocrx_word' id='word_1_537' title='bbox 1690 4054 2044 4114; x_wconf 89' lang='lat' dir='ltr'><strong>rationalibus</strong></span> <span class='ocrx_word' id='word_1_538' title='bbox 2069 4069 2125 4114; x_wconf 95' lang='lat' dir='ltr'><strong>et</strong></span> 
     </span>
    </p>
   </div>
   <div class='ocr_carea' id='block_1_72' title="bbox 553 4128 2124 4216">
    <p class='ocr_par' dir='ltr' id='par_1_72' title="bbox 553 4128 2124 4216">
     <span class='ocr_line' id='line_1_72' title="bbox 553 4128 2124 4216; baseline 0.017 -36"><span class='ocrx_word' id='word_1_539' title='bbox 553 4128 741 4185; x_wconf 82' lang='lat' dir='ltr'><strong>bestiis</strong></span> <span class='ocrx_word' id='word_1_540' title='bbox 773 4142 929 4189; x_wconf 76' lang='lat' dir='ltr'><strong>terra:</strong></span> <span class='ocrx_word' id='word_1_541' title='bbox 960 4140 1263 4196; x_wconf 88' lang='lat' dir='ltr'><strong>communis</strong></span> <span class='ocrx_word' id='word_1_542' title='bbox 1289 4150 1395 4197; x_wconf 91' lang='lat' dir='ltr'><strong>est.</strong></span> <span class='ocrx_word' id='word_1_543' title='bbox 1433 4142 1567 4198; x_wconf 87' lang='lat' dir='ltr'><strong>Nam</strong></span> <span class='ocrx_word' id='word_1_544' title='bbox 1593 4148 1810 4216; x_wconf 89' lang='lat' dir='ltr'><strong>quando</strong></span> <span class='ocrx_word' id='word_1_545' title='bbox 1838 4149 2124 4206; x_wconf 87' lang='lat' dir='ltr'><strong>irascimur</strong></span> 
     </span>
    </p>
   </div>
   <div class='ocr_carea' id='block_1_73' title="bbox 550 4222 2121 4312">
    <p class='ocr_par' dir='ltr' id='par_1_73' title="bbox 550 4222 2121 4312">
     <span class='ocr_line' id='line_1_73' title="bbox 550 4222 2121 4312; baseline 0.018 -41"><span class='ocrx_word' id='word_1_546' title='bbox 550 4222 618 4274; x_wconf 85' lang='lat' dir='ltr'><strong>ad</strong></span> <span class='ocrx_word' id='word_1_547' title='bbox 646 4224 914 4293; x_wconf 87' lang='lat' dir='ltr'><strong>justitiam</strong></span> <span class='ocrx_word' id='word_1_548' title='bbox 945 4270 958 4293; x_wconf 94' lang='lat'><strong>,</strong></span> <span class='ocrx_word' id='word_1_549' title='bbox 998 4231 1048 4286; x_wconf 87' lang='lat' dir='ltr'><strong>id</strong></span> <span class='ocrx_word' id='word_1_550' title='bbox 1083 4240 1185 4298; x_wconf 89' lang='lat' dir='ltr'><strong>est,</strong></span> <span class='ocrx_word' id='word_1_551' title='bbox 1222 4234 1287 4289; x_wconf 88' lang='lat' dir='ltr'><strong>ad</strong></span> <span class='ocrx_word' id='word_1_552' title='bbox 1323 4241 1719 4294; x_wconf 86' lang='lat' dir='ltr'><strong>correctionem</strong></span> <span class='ocrx_word' id='word_1_553' title='bbox 1758 4241 2121 4312; x_wconf 88' lang='lat' dir='ltr'><strong>delinquentis</strong></span> 
     </span>
    </p>
   </div>
   <div class='ocr_carea' id='block_1_74' title="bbox 544 4320 2119 4396">
    <p class='ocr_par' dir='ltr' id='par_1_74' title="bbox 544 4320 2119 4396">
     <span class='ocr_line' id='line_1_74' title="bbox 544 4320 2119 4396; baseline 0.017 -32"><span class='ocrx_word' id='word_1_554' title='bbox 544 4323 601 4365; x_wconf 86' lang='lat' dir='ltr'><strong>et</strong></span> <span class='ocrx_word' id='word_1_555' title='bbox 633 4320 1068 4378; x_wconf 86' lang='lat' dir='ltr'><strong>emendationem</strong></span> <span class='ocrx_word' id='word_1_556' title='bbox 1098 4325 1289 4380; x_wconf 88' lang='lat' dir='ltr'><strong>salutis</strong></span> <span class='ocrx_word' id='word_1_557' title='bbox 1316 4327 1451 4396; x_wconf 85' lang='lat' dir='ltr'><strong>ejus,</strong></span> <span class='ocrx_word' id='word_1_558' title='bbox 1492 4330 1596 4385; x_wconf 89' lang='lat' dir='ltr'><strong>isto</strong></span> <span class='ocrx_word' id='word_1_559' title='bbox 1625 4330 1803 4387; x_wconf 80' lang='lat' dir='ltr'><strong>fructu</strong></span> <span class='ocrx_word' id='word_1_560' title='bbox 1836 4342 1995 4389; x_wconf 73' lang='lat' dir='ltr'><strong>terrae</strong></span> <span class='ocrx_word' id='word_1_561' title='bbox 2026 4351 2119 4391; x_wconf 90' lang='lat' dir='ltr'><strong>ve-</strong></span> 
     </span>
    </p>
   </div>
   <div class='ocr_carea' id='block_1_75' title="bbox 542 4407 2115 4493">
    <p class='ocr_par' dir='ltr' id='par_1_75' title="bbox 542 4407 2115 4493">
     <span class='ocr_line' id='line_1_75' title="bbox 542 4407 2115 4493; baseline 0.017 -37"><span class='ocrx_word' id='word_1_562' title='bbox 542 4407 786 4474; x_wconf 81' lang='lat' dir='ltr'><strong>scimur,</strong></span> <span class='ocrx_word' id='word_1_563' title='bbox 818 4420 873 4465; x_wconf 89' lang='lat' dir='ltr'><strong>et</strong></span> <span class='ocrx_word' id='word_1_564' title='bbox 901 4414 1054 4469; x_wconf 88' lang='lat' dir='ltr'><strong>cibus</strong></span> <span class='ocrx_word' id='word_1_565' title='bbox 1088 4426 1275 4471; x_wconf 91' lang='lat' dir='ltr'><strong>noster</strong></span> <span class='ocrx_word' id='word_1_566' title='bbox 1305 4418 1586 4475; x_wconf 86' lang='lat' dir='ltr'><strong>iracundia</strong></span> <span class='ocrx_word' id='word_1_567' title='bbox 1617 4424 1917 4493; x_wconf 90' lang='lat' dir='ltr'><strong>corporalis</strong></span> <span class='ocrx_word' id='word_1_568' title='bbox 1948 4426 2115 4482; x_wconf 82' lang='lat' dir='ltr'><strong>elliei—</strong></span> 
     </span>
    </p>
   </div>
   <div class='ocr_carea' id='block_1_76' title="bbox 542 4507 2112 4586">
    <p class='ocr_par' dir='ltr' id='par_1_76' title="bbox 542 4507 2112 4586">
     <span class='ocr_line' id='line_1_76' title="bbox 542 4507 2112 4586; baseline 0.018 -38"><span class='ocrx_word' id='word_1_569' title='bbox 542 4507 651 4560; x_wconf 84' lang='lat' dir='ltr'><strong>tur,</strong></span> <span class='ocrx_word' id='word_1_570' title='bbox 692 4517 788 4568; x_wconf 90' lang='lat' dir='ltr'><strong>per</strong></span> <span class='ocrx_word' id='word_1_571' title='bbox 818 4520 976 4571; x_wconf 90' lang='lat' dir='ltr'><strong>quam</strong></span> <span class='ocrx_word' id='word_1_572' title='bbox 1012 4511 1360 4578; x_wconf 88' lang='lat' dir='ltr'><strong>reprimlmus</strong></span> <span class='ocrx_word' id='word_1_573' title='bbox 1390 4524 1694 4581; x_wconf 87' lang='lat' dir='ltr'><strong>peccatum,</strong></span> <span class='ocrx_word' id='word_1_574' title='bbox 1728 4518 1993 4586; x_wconf 87' lang='lat' dir='ltr'><strong>justitiam</strong></span> <span class='ocrx_word' id='word_1_575' title='bbox 2024 4536 2112 4576; x_wconf 89' lang='lat' dir='ltr'><strong>re-</strong></span> 
     </span>
    </p>
   </div>
   <div class='ocr_carea' id='block_1_77' title="bbox 541 4594 2114 4679">
    <p class='ocr_par' dir='ltr' id='par_1_77' title="bbox 541 4594 2114 4679">
     <span class='ocr_line' id='line_1_77' title="bbox 541 4594 2114 4679; baseline 0.016 -39"><span class='ocrx_word' id='word_1_576' title='bbox 541 4604 818 4656; x_wconf 82' lang='lat' dir='ltr'><strong>paramus.</strong></span> <span class='ocrx_word' id='word_1_577' title='bbox 868 4594 933 4649; x_wconf 83' lang='lat' dir='ltr'><strong>Et</strong></span> <span class='ocrx_word' id='word_1_578' title='bbox 979 4614 1047 4652; x_wconf 89' lang='lat' dir='ltr'><strong>ne</strong></span> <span class='ocrx_word' id='word_1_579' title='bbox 1090 4600 1183 4653; x_wconf 92' lang='lat' dir='ltr'><strong>tibi</strong></span> <span class='ocrx_word' id='word_1_580' title='bbox 1227 4601 1511 4655; x_wconf 88' lang='lat' dir='ltr'><strong>videamur</strong></span> <span class='ocrx_word' id='word_1_581' title='bbox 1548 4604 1665 4659; x_wconf 84' lang='lat' dir='ltr'><strong>haec</strong></span> <span class='ocrx_word' id='word_1_582' title='bbox 1700 4607 1766 4660; x_wconf 91' lang='lat' dir='ltr'><strong>de</strong></span> <span class='ocrx_word' id='word_1_583' title='bbox 1798 4617 1984 4663; x_wconf 91' lang='lat' dir='ltr'><strong>nostro</strong></span> <span class='ocrx_word' id='word_1_584' title='bbox 2018 4625 2114 4679; x_wconf 87' lang='lat' dir='ltr'><strong>po-</strong></span> 
     </span>
    </p>
   </div>
   <div class='ocr_carea' id='block_1_78' title="bbox 543 4680 2110 4763">
    <p class='ocr_par' dir='ltr' id='par_1_78' title="bbox 543 4680 2110 4763">
     <span class='ocr_line' id='line_1_78' title="bbox 543 4680 2110 4763; baseline 0.016 -31"><span class='ocrx_word' id='word_1_585' title='bbox 543 4680 652 4735; x_wconf 88' lang='lat' dir='ltr'><strong>tius</strong></span> <span class='ocrx_word' id='word_1_586' title='bbox 686 4696 845 4738; x_wconf 88' lang='lat' dir='ltr'><strong>seusu</strong></span> <span class='ocrx_word' id='word_1_587' title='bbox 867 4725 882 4750; x_wconf 89' lang='lat'><strong>,</strong></span> <span class='ocrx_word' id='word_1_588' title='bbox 919 4702 1081 4755; x_wconf 90' lang='lat' dir='ltr'><strong>quam</strong></span> <span class='ocrx_word' id='word_1_589' title='bbox 1113 4690 1179 4743; x_wconf 90' lang='lat' dir='ltr'><strong>de</strong></span> <span class='ocrx_word' id='word_1_590' title='bbox 1212 4690 1412 4746; x_wconf 75' lang='lat' dir='ltr'><strong>divinae</strong></span> <span class='ocrx_word' id='word_1_591' title='bbox 1453 4692 1751 4763; x_wconf 65' lang='lat' dir='ltr'><strong>Scriptura</strong></span> <span class='ocrx_word' id='word_1_592' title='bbox 1784 4701 2110 4757; x_wconf 87' lang='lat' dir='ltr'><strong>auctoritate</strong></span> 
     </span>
    </p>
   </div>
   <div class='ocr_carea' id='block_1_79' title="bbox 536 4773 2108 4852">
    <p class='ocr_par' dir='ltr' id='par_1_79' title="bbox 536 4773 2108 4852">
     <span class='ocr_line' id='line_1_79' title="bbox 536 4773 2108 4852; baseline 0.015 -29"><span class='ocrx_word' id='word_1_593' title='bbox 536 4773 784 4840; x_wconf 79' lang='lat' dir='ltr'><strong>proferre</strong></span> <span class='ocrx_word' id='word_1_594' title='bbox 804 4816 821 4842; x_wconf 94' lang='lat'><strong>,</strong></span> <span class='ocrx_word' id='word_1_595' title='bbox 853 4779 962 4834; x_wconf 89' lang='lat' dir='ltr'><strong>redi</strong></span> <span class='ocrx_word' id='word_1_596' title='bbox 991 4781 1058 4833; x_wconf 83' lang='lat' dir='ltr'><strong>ad</strong></span> <span class='ocrx_word' id='word_1_597' title='bbox 1088 4781 1283 4837; x_wconf 89' lang='lat' dir='ltr'><strong>librum</strong></span> <span class='ocrx_word' id='word_1_598' title='bbox 1324 4784 1703 4852; x_wconf 78' lang='lat' dir='ltr'><strong>Numerorum,</strong></span> <span class='ocrx_word' id='word_1_599' title='bbox 1738 4800 1793 4844; x_wconf 88' lang='lat' dir='ltr'><strong>et</strong></span> <span class='ocrx_word' id='word_1_600' title='bbox 1822 4794 2108 4848; x_wconf 87' lang='lat' dir='ltr'><strong>recordare</strong></span> 
     </span>
    </p>
   </div>
   <div class='ocr_carea' id='block_1_80' title="bbox 532 4866 2107 4946">
    <p class='ocr_par' dir='ltr' id='par_1_80' title="bbox 532 4866 2107 4946">
     <span class='ocr_line' id='line_1_80' title="bbox 532 4866 2107 4946; baseline 0.017 -33"><span class='ocrx_word' id='word_1_601' title='bbox 532 4866 663 4932; x_wconf 85' lang='lat' dir='ltr'><strong>quid</strong></span> <span class='ocrx_word' id='word_1_602' title='bbox 700 4869 872 4937; x_wconf 86' lang='lat' dir='ltr'><strong>egerit</strong></span> <span class='ocrx_word' id='word_1_603' title='bbox 906 4868 1136 4928; x_wconf 88' lang='lat' dir='ltr'><strong>Phiuees</strong></span> <span class='ocrx_word' id='word_1_604' title='bbox 1164 4876 1444 4937; x_wconf 83' lang='lat' dir='ltr'><strong>sacerdos,</strong></span> <span class='ocrx_word' id='word_1_605' title='bbox 1472 4878 1563 4946; x_wconf 90' lang='lat' dir='ltr'><strong>qui</strong></span> <span class='ocrx_word' id='word_1_606' title='bbox 1596 4894 1716 4932; x_wconf 91' lang='lat' dir='ltr'><strong>cum</strong></span> <span class='ocrx_word' id='word_1_607' title='bbox 1746 4880 2107 4939; x_wconf 79' lang='lat' dir='ltr'><strong>Madianiticae</strong></span> 
     </span>
    </p>
   </div>
   <div class='ocr_carea' id='block_1_81' title="bbox 605 4983 1523 5056">
    <p class='ocr_par' dir='ltr' id='par_1_81' title="bbox 605 4983 1523 5056">
     <span class='ocr_line' id='line_1_81' title="bbox 605 4983 1523 5056; baseline 0.01 -19"><span class='ocrx_word' id='word_1_608' title='bbox 605 4985 648 5017; x_wconf 82' lang='grc'><strong>³⁷</strong></span> <span class='ocrx_word' id='word_1_609' title='bbox 681 4983 789 5038; x_wconf 84' lang='lat' dir='ltr'><strong>Jer.</strong></span> <span class='ocrx_word' id='word_1_610' title='bbox 823 5001 906 5055; x_wconf 80' lang='grc' dir='ltr'>ιιι,</span> <span class='ocrx_word' id='word_1_611' title='bbox 943 4987 997 5044; x_wconf 80' lang='grc'><strong>5.</strong></span> <span class='ocrx_word' id='word_1_612' title='bbox 1076 4989 1121 5021; x_wconf 83' lang='grc'>³⁸</span> <span class='ocrx_word' id='word_1_613' title='bbox 1158 4990 1261 5045; x_wconf 89' lang='lat' dir='ltr'><strong>lsa.</strong></span> <span class='ocrx_word' id='word_1_614' title='bbox 1298 5007 1410 5056; x_wconf 81' lang='lat' dir='ltr'><strong>xtv,</strong></span> <span class='ocrx_word' id='word_1_615' title='bbox 1434 4994 1523 5046; x_wconf 89' lang='lat'><strong>2|.</strong></span> 
     </span>
    </p>
   </div>
   <div class='ocr_carea' id='block_1_82' title="bbox 535 5056 1627 5126">
    <p class='ocr_par' dir='ltr' id='par_1_82' title="bbox 535 5056 1627 5126">
     <span class='ocr_line' id='line_1_82' title="bbox 535 5056 1627 5126; baseline 0.008 -18"><span class='ocrx_word' id='word_1_616' title='bbox 535 5072 647 5111; x_wconf 76' lang='lat' dir='ltr'><strong>xxi.</strong></span> <span class='ocrx_word' id='word_1_617' title='bbox 728 5056 775 5086; x_wconf 76' lang='lat'><strong>“</strong></span> <span class='ocrx_word' id='word_1_618' title='bbox 805 5057 1005 5114; x_wconf 83' lang='lat' dir='ltr'><strong>Genes.</strong></span> <span class='ocrx_word' id='word_1_619' title='bbox 1049 5076 1089 5126; x_wconf 82' lang='grc' dir='ltr'><strong>ι,</strong></span> <span class='ocrx_word' id='word_1_620' title='bbox 1118 5060 1209 5116; x_wconf 87' lang='lat'><strong>29.</strong></span> <span class='ocrx_word' id='word_1_621' title='bbox 1288 5060 1331 5093; x_wconf 75' lang='lat'><strong>“</strong></span> <span class='ocrx_word' id='word_1_622' title='bbox 1374 5064 1505 5120; x_wconf 90' lang='lat' dir='ltr'><strong>ibid.</strong></span> <span class='ocrx_word' id='word_1_623' title='bbox 1539 5064 1627 5118; x_wconf 80' lang='lat'><strong>30.</strong></span> 
     </span>
    </p>
   </div>
   <div class='ocr_carea' id='block_1_83' title="bbox 602 5185 2104 5265">
    <p class='ocr_par' dir='ltr' id='par_1_83' title="bbox 602 5185 2104 5265">
     <span class='ocr_line' id='line_1_83' title="bbox 602 5185 2104 5265; baseline 0.016 -27"><span class='ocrx_word' id='word_1_624' title='bbox 602 5185 713 5255; x_wconf 87' lang='lat'><strong>(68)</strong></span> <span class='ocrx_word' id='word_1_625' title='bbox 741 5190 863 5246; x_wconf 81' lang='lat' dir='ltr'><strong>Mss.</strong></span> <span class='ocrx_word' id='word_1_626' title='bbox 888 5193 1167 5262; x_wconf 85' lang='lat' dir='ltr'><strong>jubentur.</strong></span> <span class='ocrx_word' id='word_1_627' title='bbox 1202 5197 1357 5254; x_wconf 88' lang='lat' dir='ltr'><strong>Libb.</strong></span> <span class='ocrx_word' id='word_1_628' title='bbox 1390 5199 1540 5265; x_wconf 86' lang='lat' dir='ltr'><strong>editi,</strong></span> <span class='ocrx_word' id='word_1_629' title='bbox 1571 5202 1903 5257; x_wconf 74' lang='lat' dir='ltr'><strong>videbuntur.</strong></span> <span class='ocrx_word' id='word_1_630' title='bbox 1940 5205 2104 5262; x_wconf 85' lang='lat' dir='ltr'><strong>Paulo</strong></span> 
     </span>
    </p>
   </div>
   <div class='ocr_carea' id='block_1_84' title="bbox 529 5266 2103 5339">
    <p class='ocr_par' dir='ltr' id='par_1_84' title="bbox 529 5266 2103 5339">
     <span class='ocr_line' id='line_1_84' title="bbox 529 5266 2103 5339; baseline 0.015 -34"><span class='ocrx_word' id='word_1_631' title='bbox 529 5266 830 5339; x_wconf 77' lang='lat' dir='ltr'><strong>post_trtss.,</strong></span> <span class='ocrx_word' id='word_1_632' title='bbox 852 5272 898 5313; x_wconf 89' lang='lat' dir='ltr'><strong>et</strong></span> <span class='ocrx_word' id='word_1_633' title='bbox 930 5270 1217 5330; x_wconf 87' lang='lat' dir='ltr'><strong>repentium</strong></span> <span class='ocrx_word' id='word_1_634' title='bbox 1251 5286 1369 5338; x_wconf 75' lang='lat' dir='ltr'><strong>qua:</strong></span> <span class='ocrx_word' id='word_1_635' title='bbox 1406 5281 1608 5339; x_wconf 83' lang='lat' dir='ltr'><strong>repunt.</strong></span> <span class='ocrx_word' id='word_1_636' title='bbox 1642 5273 1796 5328; x_wconf 84' lang='lat' dir='ltr'><strong>Libb.</strong></span> <span class='ocrx_word' id='word_1_637' title='bbox 1819 5277 1969 5338; x_wconf 88' lang='lat' dir='ltr'><strong>edit.,</strong></span> <span class='ocrx_word' id='word_1_638' title='bbox 2000 5294 2103 5331; x_wconf 67' lang='lat' dir='ltr'><strong>ser.</strong></span> 
     </span>
    </p>
   </div>
   <div class='ocr_carea' id='block_1_85' title="bbox 527 5336 1137 5400">
    <p class='ocr_par' dir='ltr' id='par_1_85' title="bbox 527 5336 1137 5400">
     <span class='ocr_line' id='line_1_85' title="bbox 527 5336 1137 5400; baseline 0.021 -22"><span class='ocrx_word' id='word_1_639' title='bbox 527 5336 766 5400; x_wconf 71' lang='lat' dir='ltr'><strong>pentiam</strong></span> <span class='ocrx_word' id='word_1_640' title='bbox 784 5346 908 5400; x_wconf 68' lang='lat' dir='ltr'><strong>qua?</strong></span> <span class='ocrx_word' id='word_1_641' title='bbox 933 5348 1137 5400; x_wconf 82' lang='lat' dir='ltr'><strong>repunt.</strong></span> 
     </span>
    </p>
   </div>
   <div class='ocr_carea' id='block_1_86' title="bbox 566 5396 2097 5483">
    <p class='ocr_par' dir='ltr' id='par_1_86' title="bbox 566 5396 2097 5483">
     <span class='ocr_line' id='line_1_86' title="bbox 566 5396 2097 5483; baseline 0.016 -35"><span class='ocrx_word' id='word_1_642' title='bbox 566 5396 708 5483; x_wconf 27' lang='lat'><strong>“(6:1)-</strong></span> <span class='ocrx_word' id='word_1_643' title='bbox 756 5396 1041 5483; x_wconf 26' lang='lat' dir='ltr'><strong>Arreptu‘m</strong></span> <span class='ocrx_word' id='word_1_644' title='bbox 1075 5406 1311 5483; x_wconf 61' lang='lat' dir='ltr'><strong>gladium</strong></span> <span class='ocrx_word' id='word_1_645' title='bbox 1339 5428 1430 5483; x_wconf 81' lang='lat' dir='ltr'><strong>per</strong></span> <span class='ocrx_word' id='word_1_646' title='bbox 1468 5412 1739 5483; x_wconf 83' lang='lat' dir='ltr'><strong>utriusque</strong></span> <span class='ocrx_word' id='word_1_647' title='bbox 1774 5431 1953 5483; x_wconf 84' lang='lat' dir='ltr'><strong>pectus</strong></span> <span class='ocrx_word' id='word_1_648' title='bbox 1982 5433 2097 5471; x_wconf 71' lang='lat' dir='ltr'><strong>exe-</strong></span> 
     </span>
    </p>
   </div>
   <div class='ocr_carea' id='block_1_87' title="bbox 525 5466 2091 5551">
    <p class='ocr_par' dir='ltr' id='par_1_87' title="bbox 525 5466 2091 5551">
     <span class='ocr_line' id='line_1_87' title="bbox 525 5466 2091 5551; baseline 0.017 -37"><span class='ocrx_word' id='word_1_649' title='bbox 525 5467 619 5551; x_wconf 64' lang='lat' dir='ltr'><strong>git.</strong></span> <span class='ocrx_word' id='word_1_650' title='bbox 666 5466 744 5549; x_wconf 70' lang='lat' dir='ltr'><strong>ita</strong></span> <span class='ocrx_word' id='word_1_651' title='bbox 777 5466 933 5525; x_wconf 84' lang='lat' dir='ltr'><strong>codd.</strong></span> <span class='ocrx_word' id='word_1_652' title='bbox 968 5466 1141 5551; x_wconf 68' lang='lat' dir='ltr'><strong>sancti</strong></span> <span class='ocrx_word' id='word_1_653' title='bbox 1177 5466 1522 5551; x_wconf 71' lang='lat' dir='ltr'><strong>Theudorici,</strong></span> <span class='ocrx_word' id='word_1_654' title='bbox 1571 5466 1676 5535; x_wconf 75' lang='lat' dir='ltr'><strong>duo</strong></span> <span class='ocrx_word' id='word_1_655' title='bbox 1706 5466 2091 5551; x_wconf 36' lang='lat' dir='ltr'><strong>Turre—nense—sv,</strong></span> 
     </span>
    </p>
   </div>
   <div class='ocr_carea' id='block_1_88' title="bbox 525 5520 2088 5618">
    <p class='ocr_par' dir='ltr' id='par_1_88' title="bbox 525 5520 2088 5618">
     <span class='ocr_line' id='line_1_88' title="bbox 525 5520 2088 5618; baseline 0.014 -33"><span class='ocrx_word' id='word_1_656' title='bbox 525 5520 875 5618; x_wconf 63' lang='lat' dir='ltr'><strong>iletuiigiauus</strong></span> <span class='ocrx_word' id='word_1_657' title='bbox 902 5552 953 5595; x_wconf 92' lang='lat' dir='ltr'><strong>et</strong></span> <span class='ocrx_word' id='word_1_658' title='bbox 984 5520 1687 5605; x_wconf 39' lang='lat' dir='ltr'><strong>Belvaeensisrgeemu‘idut</strong></span> 
     </span>
    </p>
   </div>
   <div class='ocr_carea' id='block_1_89' title="bbox 522 5606 2087 5692">
    <p class='ocr_par' dir='ltr' id='par_1_89' title="bbox 522 5606 2087 5692">
     <span class='ocr_line' id='line_1_89' title="bbox 522 5606 2087 5692; baseline 0.012 -35"><span class='ocrx_word' id='word_1_659' title='bbox 522 5618 644 5692; x_wconf 58' lang='lat' dir='ltr'><strong>item</strong></span> <span class='ocrx_word' id='word_1_660' title='bbox 677 5606 940 5676; x_wconf 82' lang='lat' dir='ltr'><strong>Origenes</strong></span> <span class='ocrx_word' id='word_1_661' title='bbox 974 5622 1190 5692; x_wconf 74' lang='lat' dir='ltr'><strong>putasse</strong></span> <span class='ocrx_word' id='word_1_662' title='bbox 1222 5623 1525 5692; x_wconf 77' lang='lat' dir='ltr'><strong>censendus</strong></span> <span class='ocrx_word' id='word_1_663' title='bbox 1554 5623 1658 5674; x_wconf 91' lang='lat' dir='ltr'><strong>erit</strong></span> <span class='ocrx_word' id='word_1_664' title='bbox 1695 5606 2087 5692; x_wconf 36' lang='lat' dir='ltr'><strong>Phincein‘gla-</strong></span> 
     </span>
    </p>
   </div>
   <div class='ocr_carea' id='block_1_90' title="bbox 518 5676 2083 5746">
    <p class='ocr_par' dir='ltr' id='par_1_90' title="bbox 518 5676 2083 5746">
     <span class='ocr_line' id='line_1_90' title="bbox 518 5676 2083 5746; baseline 0.015 -23"><span class='ocrx_word' id='word_1_665' title='bbox 518 5676 668 5725; x_wconf 81' lang='lat' dir='ltr'><strong>dium</strong></span> <span class='ocrx_word' id='word_1_666' title='bbox 697 5690 855 5729; x_wconf 86' lang='lat' dir='ltr'><strong>suum</strong></span> <span class='ocrx_word' id='word_1_667' title='bbox 890 5676 985 5746; x_wconf 78' lang='lat' dir='ltr'><strong>per</strong></span> <span class='ocrx_word' id='word_1_668' title='bbox 1015 5683 1113 5736; x_wconf 79' lang='lat' dir='ltr'><strong>viri</strong></span> <span class='ocrx_word' id='word_1_669' title='bbox 1142 5684 1395 5741; x_wconf 75' lang='lat' dir='ltr'><strong>Israelita:</strong></span> <span class='ocrx_word' id='word_1_670' title='bbox 1424 5699 1478 5742; x_wconf 90' lang='lat' dir='ltr'><strong>et</strong></span> <span class='ocrx_word' id='word_1_671' title='bbox 1512 5692 1751 5746; x_wconf 84' lang='lat' dir='ltr'><strong>mulieris</strong></span> <span class='ocrx_word' id='word_1_672' title='bbox 1782 5676 2083 5746; x_wconf 49' lang='lat' dir='ltr'><strong>Mailiaifiti-</strong></span> 
     </span>
    </p>
   </div>
   <div class='ocr_carea' id='block_1_91' title="bbox 519 5747 2080 5830">
    <p class='ocr_par' dir='ltr' id='par_1_91' title="bbox 519 5747 2080 5830">
     <span class='ocr_line' id='line_1_91' title="bbox 519 5747 2080 5830; baseline 0.017 -35"><span class='ocrx_word' id='word_1_673' title='bbox 519 5747 601 5799; x_wconf 65' lang='lat' dir='ltr'><strong>dis</strong></span> <span class='ocrx_word' id='word_1_674' title='bbox 643 5756 829 5814; x_wconf 65' lang='lat' dir='ltr'><strong>pictus</strong></span> <span class='ocrx_word' id='word_1_675' title='bbox 859 5754 1131 5821; x_wconf 75' lang='lat' dir='ltr'><strong>exegisse;</strong></span> <span class='ocrx_word' id='word_1_676' title='bbox 1160 5758 1253 5810; x_wconf 84' lang='lat' dir='ltr'><strong>sed</strong></span> <span class='ocrx_word' id='word_1_677' title='bbox 1292 5758 1512 5826; x_wconf 81' lang='lat' dir='ltr'><strong>Vulgata</strong></span> <span class='ocrx_word' id='word_1_678' title='bbox 1549 5763 1620 5813; x_wconf 86' lang='lat' dir='ltr'><strong>ait</strong></span> <span class='ocrx_word' id='word_1_679' title='bbox 1673 5762 1813 5830; x_wconf 71' lang='lat' dir='ltr'><strong>ipsus</strong></span> <span class='ocrx_word' id='word_1_680' title='bbox 1846 5766 1894 5818; x_wconf 83' lang='lat' dir='ltr'><strong>in</strong></span> <span class='ocrx_word' id='word_1_681' title='bbox 1953 5766 2080 5821; x_wconf 76' lang='lat' dir='ltr'><strong>locis</strong></span> 
     </span>
    </p>
   </div>
   <div class='ocr_carea' id='block_1_92' title="bbox 2248 3192 3815 3266">
    <p class='ocr_par' dir='ltr' id='par_1_92' title="bbox 2248 3192 3815 3266">
     <span class='ocr_line' id='line_1_92' title="bbox 2248 3192 3815 3266; baseline 0.004 -20"><span class='ocrx_word' id='word_1_682' title='bbox 2248 3192 2340 3246; x_wconf 88' lang='lat' dir='ltr'><strong>sed</strong></span> <span class='ocrx_word' id='word_1_683' title='bbox 2371 3195 2469 3246; x_wconf 89' lang='lat' dir='ltr'><strong>erit</strong></span> <span class='ocrx_word' id='word_1_684' title='bbox 2504 3193 2608 3247; x_wconf 86' lang='lat' dir='ltr'><strong>illis</strong></span> <span class='ocrx_word' id='word_1_685' title='bbox 2640 3195 2709 3246; x_wconf 90' lang='lat' dir='ltr'><strong>ad</strong></span> <span class='ocrx_word' id='word_1_686' title='bbox 2744 3212 2951 3261; x_wconf 87' lang='lat' dir='ltr'><strong>escam;</strong></span> <span class='ocrx_word' id='word_1_687' title='bbox 2983 3204 3043 3249; x_wconf 91' lang='lat' dir='ltr'><strong>ut</strong></span> <span class='ocrx_word' id='word_1_688' title='bbox 3073 3197 3366 3250; x_wconf 80' lang='lat' dir='ltr'><strong>secundum</strong></span> <span class='ocrx_word' id='word_1_689' title='bbox 3395 3198 3689 3266; x_wconf 89' lang='lat' dir='ltr'><strong>spiritalem</strong></span> <span class='ocrx_word' id='word_1_690' title='bbox 3727 3215 3815 3253; x_wconf 86' lang='lat' dir='ltr'><strong>ra-</strong></span> 
     </span>
    </p>
   </div>
   <div class='ocr_carea' id='block_1_93' title="bbox 2246 3284 3813 3358">
    <p class='ocr_par' dir='ltr' id='par_1_93' title="bbox 2246 3284 3813 3358">
     <span class='ocr_line' id='line_1_93' title="bbox 2246 3284 3813 3358; baseline 0.004 -22"><span class='ocrx_word' id='word_1_691' title='bbox 2246 3284 2444 3338; x_wconf 89' lang='lat' dir='ltr'><strong>tionem</strong></span> <span class='ocrx_word' id='word_1_692' title='bbox 2483 3300 2645 3353; x_wconf 90' lang='lat' dir='ltr'><strong>quam</strong></span> <span class='ocrx_word' id='word_1_693' title='bbox 2682 3287 3029 3355; x_wconf 82' lang='lat' dir='ltr'><strong>exposuimus</strong></span> <span class='ocrx_word' id='word_1_694' title='bbox 3057 3326 3072 3352; x_wconf 89' lang='lat'><strong>,</strong></span> <span class='ocrx_word' id='word_1_695' title='bbox 3121 3285 3348 3343; x_wconf 63' lang='lat' dir='ltr'><strong>allectus</strong></span> <span class='ocrx_word' id='word_1_696' title='bbox 3386 3289 3473 3343; x_wconf 90' lang='lat' dir='ltr'><strong>isti</strong></span> <span class='ocrx_word' id='word_1_697' title='bbox 3505 3289 3813 3358; x_wconf 84' lang='lat' dir='ltr'><strong>intelligan-</strong></span> 
     </span>
    </p>
   </div>
   <div class='ocr_carea' id='block_1_94' title="bbox 2242 3376 3827 3448">
    <p class='ocr_par' dir='ltr' id='par_1_94' title="bbox 2242 3376 3827 3448">
     <span class='ocr_line' id='line_1_94' title="bbox 2242 3376 3827 3448; baseline 0.005 -21"><span class='ocrx_word' id='word_1_698' title='bbox 2242 3382 2329 3428; x_wconf 91' lang='lat' dir='ltr'><strong>tur</strong></span> <span class='ocrx_word' id='word_1_699' title='bbox 2365 3376 2564 3429; x_wconf 89' lang='lat' dir='ltr'><strong>homini</strong></span> <span class='ocrx_word' id='word_1_700' title='bbox 2603 3377 2818 3445; x_wconf 88' lang='lat' dir='ltr'><strong>quidem</strong></span> <span class='ocrx_word' id='word_1_701' title='bbox 2871 3392 2900 3431; x_wconf 89' lang='lat' dir='ltr'><strong>a</strong></span> <span class='ocrx_word' id='word_1_702' title='bbox 2952 3377 3062 3433; x_wconf 90' lang='lat' dir='ltr'><strong>Deo</strong></span> <span class='ocrx_word' id='word_1_703' title='bbox 3096 3379 3206 3433; x_wconf 89' lang='lat' dir='ltr'><strong>dati</strong></span> <span class='ocrx_word' id='word_1_704' title='bbox 3253 3393 3375 3435; x_wconf 88' lang='lat' dir='ltr'><strong>esse</strong></span> <span class='ocrx_word' id='word_1_705' title='bbox 3401 3421 3415 3444; x_wconf 91' lang='lat'><strong>,</strong></span> <span class='ocrx_word' id='word_1_706' title='bbox 3451 3381 3827 3448; x_wconf 80' lang='lat' dir='ltr'><strong>pramuntiari.</strong></span> 
     </span>
    </p>
   </div>
   <div class='ocr_carea' id='block_1_95' title="bbox 2240 3467 3807 3538">
    <p class='ocr_par' dir='ltr' id='par_1_95' title="bbox 2240 3467 3807 3538">
     <span class='ocr_line' id='line_1_95' title="bbox 2240 3467 3807 3538; baseline 0.005 -18"><span class='ocrx_word' id='word_1_707' title='bbox 2240 3475 2420 3522; x_wconf 88' lang='lat' dir='ltr'><strong>tamen</strong></span> <span class='ocrx_word' id='word_1_708' title='bbox 2453 3482 2480 3519; x_wconf 91' lang='lat' dir='ltr'><strong>a</strong></span> <span class='ocrx_word' id='word_1_709' title='bbox 2516 3467 2645 3532; x_wconf 81' lang='lat' dir='ltr'><strong>Deo,</strong></span> <span class='ocrx_word' id='word_1_710' title='bbox 2678 3469 2824 3538; x_wconf 92' lang='lat' dir='ltr'><strong>quod</strong></span> <span class='ocrx_word' id='word_1_711' title='bbox 2854 3478 3013 3523; x_wconf 89' lang='lat' dir='ltr'><strong>erunt</strong></span> <span class='ocrx_word' id='word_1_712' title='bbox 3041 3471 3203 3525; x_wconf 90' lang='lat' dir='ltr'><strong>etiam</strong></span> <span class='ocrx_word' id='word_1_713' title='bbox 3233 3472 3423 3527; x_wconf 87' lang='lat' dir='ltr'><strong>bestiis</strong></span> <span class='ocrx_word' id='word_1_714' title='bbox 3454 3481 3609 3527; x_wconf 73' lang='lat' dir='ltr'><strong>terra:</strong></span> <span class='ocrx_word' id='word_1_715' title='bbox 3640 3473 3693 3527; x_wconf 92' lang='lat' dir='ltr'><strong>in</strong></span> <span class='ocrx_word' id='word_1_716' title='bbox 3726 3474 3807 3528; x_wconf 90' lang='lat' dir='ltr'><strong>ci-</strong></span> 
     </span>
    </p>
   </div>
   <div class='ocr_carea' id='block_1_96' title="bbox 2237 3557 3805 3628">
    <p class='ocr_par' dir='ltr' id='par_1_96' title="bbox 2237 3557 3805 3628">
     <span class='ocr_line' id='line_1_96' title="bbox 2237 3557 3805 3628; baseline 0.004 -15"><span class='ocrx_word' id='word_1_717' title='bbox 2237 3559 2387 3614; x_wconf 91' lang='lat' dir='ltr'><strong>bum.</strong></span> <span class='ocrx_word' id='word_1_718' title='bbox 2432 3557 2553 3613; x_wconf 89' lang='lat' dir='ltr'><strong>ldco</strong></span> <span class='ocrx_word' id='word_1_719' title='bbox 2598 3574 2727 3628; x_wconf 86' lang='lat' dir='ltr'><strong>ergo</strong></span> <span class='ocrx_word' id='word_1_720' title='bbox 2762 3561 3082 3616; x_wconf 87' lang='lat' dir='ltr'><strong>cautissimo</strong></span> <span class='ocrx_word' id='word_1_721' title='bbox 3112 3578 3208 3617; x_wconf 78' lang='lat' dir='ltr'><strong>usa</strong></span> <span class='ocrx_word' id='word_1_722' title='bbox 3243 3575 3327 3617; x_wconf 90' lang='lat' dir='ltr'><strong>est</strong></span> <span class='ocrx_word' id='word_1_723' title='bbox 3371 3578 3623 3620; x_wconf 90' lang='lat' dir='ltr'><strong>sermone</strong></span> <span class='ocrx_word' id='word_1_724' title='bbox 3656 3565 3805 3619; x_wconf 72' lang='lat' dir='ltr'><strong>Scri-</strong></span> 
     </span>
    </p>
   </div>
   <div class='ocr_carea' id='block_1_97' title="bbox 2234 3650 3797 3721">
    <p class='ocr_par' dir='ltr' id='par_1_97' title="bbox 2234 3650 3797 3721">
     <span class='ocr_line' id='line_1_97' title="bbox 2234 3650 3797 3721; baseline 0.002 -18"><span class='ocrx_word' id='word_1_725' title='bbox 2234 3659 2390 3717; x_wconf 89' lang='lat' dir='ltr'><strong>ptura</strong></span> <span class='ocrx_word' id='word_1_726' title='bbox 2414 3650 2740 3718; x_wconf 78' lang='lat' dir='ltr'><strong>divina,qua:</strong></span> <span class='ocrx_word' id='word_1_727' title='bbox 2756 3652 3066 3707; x_wconf 85' lang='lat' dir='ltr'><strong>hominibus</strong></span> <span class='ocrx_word' id='word_1_728' title='bbox 3088 3654 3305 3721; x_wconf 89' lang='lat' dir='ltr'><strong>quidem</strong></span> <span class='ocrx_word' id='word_1_729' title='bbox 3323 3654 3394 3707; x_wconf 87' lang='lat' dir='ltr'><strong>ait</strong></span> <span class='ocrx_word' id='word_1_730' title='bbox 3411 3653 3587 3709; x_wconf 89' lang='lat' dir='ltr'><strong>dicere</strong></span> <span class='ocrx_word' id='word_1_731' title='bbox 3607 3655 3797 3708; x_wconf 91' lang='lat' dir='ltr'><strong>Deum:</strong></span> 
     </span>
    </p>
   </div>
   <div class='ocr_carea' id='block_1_98' title="bbox 2235 3741 3823 3801">
    <p class='ocr_par' dir='ltr' id='par_1_98' title="bbox 2235 3741 3823 3801">
     <span class='ocr_line' id='line_1_98' title="bbox 2235 3741 3823 3801; baseline 0.004 -7"><span class='ocrx_word' id='word_1_732' title='bbox 2235 3741 2369 3794; x_wconf 79' lang='lat' dir='ltr'><strong>Dedi</strong></span> <span class='ocrx_word' id='word_1_733' title='bbox 2424 3741 2562 3795; x_wconf 86' lang='lat' dir='ltr'><strong>vobis</strong></span> <span class='ocrx_word' id='word_1_734' title='bbox 2602 3743 2711 3795; x_wconf 73' lang='lat' dir='ltr'><strong>luet:</strong></span> <span class='ocrx_word' id='word_1_735' title='bbox 2757 3743 2825 3794; x_wconf 90' lang='lat' dir='ltr'><strong>ad</strong></span> <span class='ocrx_word' id='word_1_736' title='bbox 2874 3759 3065 3796; x_wconf 80' lang='lat' dir='ltr'><strong>escam.</strong></span> <span class='ocrx_word' id='word_1_737' title='bbox 3121 3743 3221 3799; x_wconf 91' lang='lat' dir='ltr'><strong>Ubi</strong></span> <span class='ocrx_word' id='word_1_738' title='bbox 3260 3754 3436 3798; x_wconf 88' lang='lat' dir='ltr'><strong>autem</strong></span> <span class='ocrx_word' id='word_1_739' title='bbox 3486 3746 3551 3798; x_wconf 83' lang='lat' dir='ltr'><strong>ad</strong></span> <span class='ocrx_word' id='word_1_740' title='bbox 3597 3747 3823 3801; x_wconf 10' lang='lat' dir='ltr'><strong>bestiast</strong></span> 
     </span>
    </p>
   </div>
   <div class='ocr_carea' id='block_1_99' title="bbox 2232 3831 3801 3903">
    <p class='ocr_par' dir='ltr' id='par_1_99' title="bbox 2232 3831 3801 3903">
     <span class='ocr_line' id='line_1_99' title="bbox 2232 3831 3801 3903; baseline 0.001 -18"><span class='ocrx_word' id='word_1_741' title='bbox 2232 3832 2399 3898; x_wconf 89' lang='lat' dir='ltr'><strong>venit,</strong></span> <span class='ocrx_word' id='word_1_742' title='bbox 2437 3847 2542 3886; x_wconf 92' lang='lat' dir='ltr'><strong>non</strong></span> <span class='ocrx_word' id='word_1_743' title='bbox 2581 3831 2859 3900; x_wconf 88' lang='lat' dir='ltr'><strong>jubentis,</strong></span> <span class='ocrx_word' id='word_1_744' title='bbox 2893 3832 2986 3887; x_wconf 91' lang='lat' dir='ltr'><strong>sed</strong></span> <span class='ocrx_word' id='word_1_745' title='bbox 3027 3834 3183 3901; x_wconf 88' lang='lat' dir='ltr'><strong>quasi</strong></span> <span class='ocrx_word' id='word_1_746' title='bbox 3222 3834 3564 3901; x_wconf 69' lang='lat' dir='ltr'><strong>prmdicentis</strong></span> <span class='ocrx_word' id='word_1_747' title='bbox 3592 3833 3801 3903; x_wconf 79' lang='lat' dir='ltr'><strong>signiti-</strong></span> 
     </span>
    </p>
   </div>
   <div class='ocr_carea' id='block_1_100' title="bbox 2231 3921 3799 3990">
    <p class='ocr_par' dir='ltr' id='par_1_100' title="bbox 2231 3921 3799 3990">
     <span class='ocr_line' id='line_1_100' title="bbox 2231 3921 3799 3990; baseline -0.001 -15"><span class='ocrx_word' id='word_1_748' title='bbox 2231 3923 2444 3975; x_wconf 91' lang='lat' dir='ltr'><strong>catione</strong></span> <span class='ocrx_word' id='word_1_749' title='bbox 2476 3921 2626 3985; x_wconf 91' lang='lat' dir='ltr'><strong>dicit,</strong></span> <span class='ocrx_word' id='word_1_750' title='bbox 2655 3923 2781 3990; x_wconf 80' lang='lat' dir='ltr'><strong>quia</strong></span> <span class='ocrx_word' id='word_1_751' title='bbox 2818 3922 2932 3975; x_wconf 75' lang='lat' dir='ltr'><strong>lucc</strong></span> <span class='ocrx_word' id='word_1_752' title='bbox 2964 3930 3123 3975; x_wconf 90' lang='lat' dir='ltr'><strong>erunt</strong></span> <span class='ocrx_word' id='word_1_753' title='bbox 3155 3921 3318 3975; x_wconf 91' lang='lat' dir='ltr'><strong>etiam</strong></span> <span class='ocrx_word' id='word_1_754' title='bbox 3351 3922 3532 3975; x_wconf 89' lang='lat' dir='ltr'><strong>bestiis</strong></span> <span class='ocrx_word' id='word_1_755' title='bbox 3562 3930 3616 3975; x_wconf 89' lang='lat' dir='ltr'><strong>et</strong></span> <span class='ocrx_word' id='word_1_756' title='bbox 3648 3922 3799 3975; x_wconf 79' lang='lat' dir='ltr'><strong>volu-</strong></span> 
     </span>
    </p>
   </div>
   <div class='ocr_carea' id='block_1_101' title="bbox 2228 4011 3799 4078">
    <p class='ocr_par' dir='ltr' id='par_1_101' title="bbox 2228 4011 3799 4078">
     <span class='ocr_line' id='line_1_101' title="bbox 2228 4011 3799 4078; baseline 0.001 -13"><span class='ocrx_word' id='word_1_757' title='bbox 2228 4012 2409 4065; x_wconf 87' lang='lat' dir='ltr'><strong>cribus</strong></span> <span class='ocrx_word' id='word_1_758' title='bbox 2443 4019 2497 4065; x_wconf 88' lang='lat' dir='ltr'><strong>et</strong></span> <span class='ocrx_word' id='word_1_759' title='bbox 2524 4011 2869 4078; x_wconf 84' lang='lat' dir='ltr'><strong>serpentibus</strong></span> <span class='ocrx_word' id='word_1_760' title='bbox 2903 4012 2970 4065; x_wconf 91' lang='lat' dir='ltr'><strong>ad</strong></span> <span class='ocrx_word' id='word_1_761' title='bbox 3010 4025 3194 4065; x_wconf 90' lang='lat' dir='ltr'><strong>escam</strong></span> <span class='ocrx_word' id='word_1_762' title='bbox 3231 4012 3297 4065; x_wconf 69' lang='lat'><strong>“.</strong></span> <span class='ocrx_word' id='word_1_763' title='bbox 3335 4011 3439 4065; x_wconf 89' lang='lat' dir='ltr'><strong>Sed</strong></span> <span class='ocrx_word' id='word_1_764' title='bbox 3470 4027 3570 4066; x_wconf 89' lang='lat' dir='ltr'><strong>nos</strong></span> <span class='ocrx_word' id='word_1_765' title='bbox 3601 4026 3799 4068; x_wconf 84' lang='lat' dir='ltr'><strong>secun-</strong></span> 
     </span>
    </p>
   </div>
   <div class='ocr_carea' id='block_1_102' title="bbox 2227 4100 3797 4170">
    <p class='ocr_par' dir='ltr' id='par_1_102' title="bbox 2227 4100 3797 4170">
     <span class='ocr_line' id='line_1_102' title="bbox 2227 4100 3797 4170; baseline 0.004 -16"><span class='ocrx_word' id='word_1_766' title='bbox 2227 4101 2351 4154; x_wconf 92' lang='lat' dir='ltr'><strong>dum</strong></span> <span class='ocrx_word' id='word_1_767' title='bbox 2401 4101 2625 4170; x_wconf 87' lang='lat' dir='ltr'><strong>apostoli</strong></span> <span class='ocrx_word' id='word_1_768' title='bbox 2672 4100 2826 4154; x_wconf 83' lang='lat' dir='ltr'><strong>Pauli</strong></span> <span class='ocrx_word' id='word_1_769' title='bbox 2882 4103 3206 4156; x_wconf 86' lang='lat' dir='ltr'><strong>sententiam</strong></span> <span class='ocrx_word' id='word_1_770' title='bbox 3253 4102 3298 4135; x_wconf 72' lang='grc'><strong>’⁵⁸</strong></span> <span class='ocrx_word' id='word_1_771' title='bbox 3326 4104 3668 4159; x_wconf 87' lang='lat' dir='ltr'><strong>attendamus</strong></span> <span class='ocrx_word' id='word_1_772' title='bbox 3717 4106 3797 4159; x_wconf 85' lang='lat' dir='ltr'><strong>le-</strong></span> 
     </span>
    </p>
   </div>
   <div class='ocr_carea' id='block_1_103' title="bbox 2225 4189 3812 4262">
    <p class='ocr_par' dir='ltr' id='par_1_103' title="bbox 2225 4189 3812 4262">
     <span class='ocr_line' id='line_1_103' title="bbox 2225 4189 3812 4262; baseline 0.005 -20"><span class='ocrx_word' id='word_1_773' title='bbox 2225 4189 2389 4243; x_wconf 89' lang='lat' dir='ltr'><strong>ctioni</strong></span> <span class='ocrx_word' id='word_1_774' title='bbox 2412 4230 2427 4255; x_wconf 89' lang='lat'><strong>,</strong></span> <span class='ocrx_word' id='word_1_775' title='bbox 2464 4201 2521 4244; x_wconf 88' lang='lat' dir='ltr'><strong>ut</strong></span> <span class='ocrx_word' id='word_1_776' title='bbox 2553 4192 2823 4261; x_wconf 87' lang='lat' dir='ltr'><strong>possimus</strong></span> <span class='ocrx_word' id='word_1_777' title='bbox 2847 4230 2862 4257; x_wconf 94' lang='lat'><strong>,</strong></span> <span class='ocrx_word' id='word_1_778' title='bbox 2895 4192 3041 4247; x_wconf 91' lang='lat' dir='ltr'><strong>sicut</strong></span> <span class='ocrx_word' id='word_1_779' title='bbox 3071 4193 3185 4262; x_wconf 92' lang='lat' dir='ltr'><strong>ipse</strong></span> <span class='ocrx_word' id='word_1_780' title='bbox 3216 4195 3310 4259; x_wconf 90' lang='lat' dir='ltr'><strong>ait,</strong></span> <span class='ocrx_word' id='word_1_781' title='bbox 3340 4210 3556 4249; x_wconf 89' lang='lat' dir='ltr'><strong>sensum</strong></span> <span class='ocrx_word' id='word_1_782' title='bbox 3584 4196 3812 4251; x_wconf 87' lang='lat' dir='ltr'><strong>Christi.</strong></span> 
     </span>
    </p>
   </div>
   <div class='ocr_carea' id='block_1_104' title="bbox 2222 4291 3807 4365">
    <p class='ocr_par' dir='ltr' id='par_1_104' title="bbox 2222 4291 3807 4365">
     <span class='ocr_line' id='line_1_104' title="bbox 2222 4291 3807 4365; baseline 0.005 -20"><span class='ocrx_word' id='word_1_783' title='bbox 2222 4291 2491 4360; x_wconf 86' lang='lat' dir='ltr'><strong>accipere,</strong></span> <span class='ocrx_word' id='word_1_784' title='bbox 2523 4302 2577 4345; x_wconf 90' lang='lat' dir='ltr'><strong>et</strong></span> <span class='ocrx_word' id='word_1_785' title='bbox 2602 4294 2739 4348; x_wconf 91' lang='lat' dir='ltr'><strong>seire</strong></span> <span class='ocrx_word' id='word_1_786' title='bbox 2766 4310 2881 4363; x_wconf 76' lang='lat' dir='ltr'><strong>qua:</strong></span> <span class='ocrx_word' id='word_1_787' title='bbox 2907 4310 2938 4346; x_wconf 81' lang='grc' dir='ltr'><em>α</em></span> <span class='ocrx_word' id='word_1_788' title='bbox 2973 4294 3077 4347; x_wconf 85' lang='lat' dir='ltr'><strong>Deo</strong></span> <span class='ocrx_word' id='word_1_789' title='bbox 3113 4296 3309 4350; x_wconf 90' lang='lat' dir='ltr'><strong>donata</strong></span> <span class='ocrx_word' id='word_1_790' title='bbox 3340 4307 3456 4350; x_wconf 88' lang='lat' dir='ltr'><strong>sunt</strong></span> <span class='ocrx_word' id='word_1_791' title='bbox 3493 4298 3639 4353; x_wconf 82' lang='lat' dir='ltr'><strong>nobis</strong></span> <span class='ocrx_word' id='word_1_792' title='bbox 3688 4300 3731 4330; x_wconf 72' lang='grc'><strong>’⁵⁷</strong></span> <span class='ocrx_word' id='word_1_793' title='bbox 3770 4318 3807 4365; x_wconf 85' lang='lat'><strong>;.</strong></span> 
     </span>
    </p>
   </div>
   <div class='ocr_carea' id='block_1_105' title="bbox 2221 4381 3810 4453">
    <p class='ocr_par' dir='ltr' id='par_1_105' title="bbox 2221 4381 3810 4453">
     <span class='ocr_line' id='line_1_105' title="bbox 2221 4381 3810 4453; baseline 0.004 -17"><span class='ocrx_word' id='word_1_794' title='bbox 2221 4391 2273 4436; x_wconf 89' lang='lat' dir='ltr'><strong>et</strong></span> <span class='ocrx_word' id='word_1_795' title='bbox 2306 4398 2425 4451; x_wconf 74' lang='lat' dir='ltr'><strong>qua:</strong></span> <span class='ocrx_word' id='word_1_796' title='bbox 2462 4382 2617 4437; x_wconf 90' lang='lat' dir='ltr'><strong>nobis</strong></span> <span class='ocrx_word' id='word_1_797' title='bbox 2651 4383 2715 4434; x_wconf 87' lang='lat' dir='ltr'><strong>ad</strong></span> <span class='ocrx_word' id='word_1_798' title='bbox 2764 4398 2942 4437; x_wconf 89' lang='lat' dir='ltr'><strong>escam</strong></span> <span class='ocrx_word' id='word_1_799' title='bbox 2997 4383 3118 4438; x_wconf 82' lang='lat' dir='ltr'><strong>data</strong></span> <span class='ocrx_word' id='word_1_800' title='bbox 3155 4397 3282 4439; x_wconf 88' lang='lat' dir='ltr'><strong>sunt</strong></span> <span class='ocrx_word' id='word_1_801' title='bbox 3308 4426 3323 4453; x_wconf 95' lang='lat'><strong>,</strong></span> <span class='ocrx_word' id='word_1_802' title='bbox 3381 4404 3483 4441; x_wconf 88' lang='lat' dir='ltr'><strong>non</strong></span> <span class='ocrx_word' id='word_1_803' title='bbox 3530 4381 3810 4443; x_wconf 81' lang='lat' dir='ltr'><strong>iaciamus-</strong></span> 
     </span>
    </p>
   </div>
   <div class='ocr_carea' id='block_1_106' title="bbox 2146 4468 3786 4557">
    <p class='ocr_par' dir='ltr' id='par_1_106' title="bbox 2146 4468 3786 4557">
     <span class='ocr_line' id='line_1_106' title="bbox 2146 4468 3786 4557; baseline 0.005 -22"><span class='ocrx_word' id='word_1_804' title='bbox 2146 4468 2189 4524; x_wconf 75' lang='grc' dir='ltr'><strong>Β</strong></span> <span class='ocrx_word' id='word_1_805' title='bbox 2216 4496 2373 4535; x_wconf 86' lang='lat' dir='ltr'><strong>escas</strong></span> <span class='ocrx_word' id='word_1_806' title='bbox 2400 4497 2684 4550; x_wconf 89' lang='lat' dir='ltr'><strong>porcorum</strong></span> <span class='ocrx_word' id='word_1_807' title='bbox 2722 4484 2803 4537; x_wconf 78' lang='lat' dir='ltr'><strong>vel</strong></span> <span class='ocrx_word' id='word_1_808' title='bbox 2837 4500 3031 4538; x_wconf 88' lang='lat' dir='ltr'><strong>cauum</strong></span> <span class='ocrx_word' id='word_1_809' title='bbox 3054 4524 3068 4546; x_wconf 87' lang='lat'><strong>.</strong></span> <span class='ocrx_word' id='word_1_810' title='bbox 3108 4487 3202 4539; x_wconf 86' lang='lat' dir='ltr'><strong>sed</strong></span> <span class='ocrx_word' id='word_1_811' title='bbox 3235 4486 3368 4541; x_wconf 91' lang='lat' dir='ltr'><strong>tales</strong></span> <span class='ocrx_word' id='word_1_812' title='bbox 3396 4503 3487 4542; x_wconf 86' lang='lat' dir='ltr'><strong>eas</strong></span> <span class='ocrx_word' id='word_1_813' title='bbox 3516 4504 3786 4557; x_wconf 87' lang='lat' dir='ltr'><strong>praepare-</strong></span> 
     </span>
    </p>
   </div>
   <div class='ocr_carea' id='block_1_107' title="bbox 2219 4582 3784 4658">
    <p class='ocr_par' dir='ltr' id='par_1_107' title="bbox 2219 4582 3784 4658">
     <span class='ocr_line' id='line_1_107' title="bbox 2219 4582 3784 4658; baseline 0.008 -25"><span class='ocrx_word' id='word_1_814' title='bbox 2219 4597 2341 4635; x_wconf 79' lang='lat' dir='ltr'><strong>mus</strong></span> <span class='ocrx_word' id='word_1_815' title='bbox 2372 4582 2423 4634; x_wconf 90' lang='lat' dir='ltr'><strong>in</strong></span> <span class='ocrx_word' id='word_1_816' title='bbox 2456 4583 2633 4645; x_wconf 87' lang='lat' dir='ltr'><strong>nobis.</strong></span> <span class='ocrx_word' id='word_1_817' title='bbox 2661 4586 2856 4652; x_wconf 91' lang='lat' dir='ltr'><strong>quibus</strong></span> <span class='ocrx_word' id='word_1_818' title='bbox 2886 4586 3105 4655; x_wconf 76' lang='lat' dir='ltr'><strong>dignum</strong></span> <span class='ocrx_word' id='word_1_819' title='bbox 3133 4587 3204 4640; x_wconf 91' lang='lat' dir='ltr'><strong>sit</strong></span> <span class='ocrx_word' id='word_1_820' title='bbox 3233 4589 3431 4657; x_wconf 89' lang='lat' dir='ltr'><strong>suscipi</strong></span> <span class='ocrx_word' id='word_1_821' title='bbox 3467 4591 3516 4643; x_wconf 90' lang='lat' dir='ltr'><strong>iu</strong></span> <span class='ocrx_word' id='word_1_822' title='bbox 3550 4590 3784 4658; x_wconf 86' lang='lat' dir='ltr'><strong>hospitio</strong></span> 
     </span>
    </p>
   </div>
   <div class='ocr_carea' id='block_1_108' title="bbox 2216 4674 3779 4748">
    <p class='ocr_par' dir='ltr' id='par_1_108' title="bbox 2216 4674 3779 4748">
     <span class='ocr_line' id='line_1_108' title="bbox 2216 4674 3779 4748; baseline 0.006 -12"><span class='ocrx_word' id='word_1_823' title='bbox 2216 4684 2400 4737; x_wconf 89' lang='lat' dir='ltr'><strong>cordis</strong></span> <span class='ocrx_word' id='word_1_824' title='bbox 2453 4684 2621 4739; x_wconf 87' lang='lat' dir='ltr'><strong>nostri</strong></span> <span class='ocrx_word' id='word_1_825' title='bbox 2681 4674 2913 4739; x_wconf 88' lang='lat' dir='ltr'><strong>Verbum</strong></span> <span class='ocrx_word' id='word_1_826' title='bbox 2965 4701 3029 4740; x_wconf 89' lang='lat' dir='ltr'><strong>ac</strong></span> <span class='ocrx_word' id='word_1_827' title='bbox 3083 4687 3278 4742; x_wconf 83' lang='lat' dir='ltr'><strong>Filium</strong></span> <span class='ocrx_word' id='word_1_828' title='bbox 3331 4690 3423 4745; x_wconf 88' lang='lat' dir='ltr'><strong>Dei</strong></span> <span class='ocrx_word' id='word_1_829' title='bbox 3479 4694 3779 4748; x_wconf 82' lang='lat' dir='ltr'><strong>venientem</strong></span> 
     </span>
    </p>
   </div>
   <div class='ocr_carea' id='block_1_109' title="bbox 2214 4784 3781 4860">
    <p class='ocr_par' dir='ltr' id='par_1_109' title="bbox 2214 4784 3781 4860">
     <span class='ocr_line' id='line_1_109' title="bbox 2214 4784 3781 4860; baseline 0.006 -23"><span class='ocrx_word' id='word_1_830' title='bbox 2214 4800 2336 4837; x_wconf 89' lang='lat' dir='ltr'><strong>cum</strong></span> <span class='ocrx_word' id='word_1_831' title='bbox 2378 4784 2533 4839; x_wconf 85' lang='lat' dir='ltr'><strong>Patre</strong></span> <span class='ocrx_word' id='word_1_832' title='bbox 2563 4801 2694 4850; x_wconf 90' lang='lat' dir='ltr'><strong>suo,</strong></span> <span class='ocrx_word' id='word_1_833' title='bbox 2725 4796 2781 4841; x_wconf 85' lang='lat' dir='ltr'><strong>et</strong></span> <span class='ocrx_word' id='word_1_834' title='bbox 2813 4787 3080 4842; x_wconf 89' lang='lat' dir='ltr'><strong>volentem</strong></span> <span class='ocrx_word' id='word_1_835' title='bbox 3118 4788 3296 4844; x_wconf 80' lang='lat' dir='ltr'><strong>facere</strong></span> <span class='ocrx_word' id='word_1_836' title='bbox 3335 4795 3474 4860; x_wconf 87' lang='lat' dir='ltr'><strong>apud</strong></span> <span class='ocrx_word' id='word_1_837' title='bbox 3506 4810 3603 4847; x_wconf 90' lang='lat' dir='ltr'><strong>nos</strong></span> <span class='ocrx_word' id='word_1_838' title='bbox 3626 4810 3781 4849; x_wconf 81' lang='lat' dir='ltr'><strong>man-</strong></span> 
     </span>
    </p>
   </div>
   <div class='ocr_carea' id='block_1_110' title="bbox 2214 4888 3781 4966">
    <p class='ocr_par' dir='ltr' id='par_1_110' title="bbox 2214 4888 3781 4966">
     <span class='ocr_line' id='line_1_110' title="bbox 2214 4888 3781 4966; baseline 0.005 -25"><span class='ocrx_word' id='word_1_839' title='bbox 2214 4888 2417 4941; x_wconf 82' lang='lat' dir='ltr'><strong>sionem</strong></span> <span class='ocrx_word' id='word_1_840' title='bbox 2451 4890 2502 4943; x_wconf 92' lang='lat' dir='ltr'><strong>in</strong></span> <span class='ocrx_word' id='word_1_841' title='bbox 2532 4890 2735 4958; x_wconf 91' lang='lat' dir='ltr'><strong>Spiritu</strong></span> <span class='ocrx_word' id='word_1_842' title='bbox 2765 4900 2951 4947; x_wconf 90' lang='lat' dir='ltr'><strong>sancto</strong></span> <span class='ocrx_word' id='word_1_843' title='bbox 2976 4933 2990 4959; x_wconf 96' lang='lat'><strong>,</strong></span> <span class='ocrx_word' id='word_1_844' title='bbox 3020 4893 3175 4962; x_wconf 81' lang='lat' dir='ltr'><strong>cujus</strong></span> <span class='ocrx_word' id='word_1_845' title='bbox 3210 4895 3358 4962; x_wconf 89' lang='lat' dir='ltr'><strong>prius</strong></span> <span class='ocrx_word' id='word_1_846' title='bbox 3393 4896 3648 4964; x_wconf 88' lang='lat' dir='ltr'><strong>templum</strong></span> <span class='ocrx_word' id='word_1_847' title='bbox 3684 4910 3781 4966; x_wconf 86' lang='lat' dir='ltr'><strong>per</strong></span> 
     </span>
    </p>
   </div>
   <div class='ocr_carea' id='block_1_111' title="bbox 1601 4994 2140 5125">
    <p class='ocr_par' dir='ltr' id='par_1_111' title="bbox 1601 4994 2140 5125">
     <span class='ocr_line' id='line_1_111' title="bbox 1601 4994 2140 5062; baseline 0.009 -13"><span class='ocrx_word' id='word_1_848' title='bbox 1601 4994 1643 5028; x_wconf 79' lang='grc'><strong>³⁹</strong></span> <span class='ocrx_word' id='word_1_849' title='bbox 1674 4995 1869 5050; x_wconf 68' lang='grc' dir='ltr'><strong>Οιιιιος.</strong></span> <span class='ocrx_word' id='word_1_850' title='bbox 1908 5014 1942 5062; x_wconf 90' lang='lat' dir='ltr'><strong>I,</strong></span> <span class='ocrx_word' id='word_1_851' title='bbox 1978 4998 2068 5054; x_wconf 72' lang='grc'><strong>9-8.</strong></span> <span class='ocrx_word' id='word_1_852' title='bbox 2112 5000 2140 5031; x_wconf 72' lang='grc'><strong>⁸¹</strong></span> 
     </span>
     <span class='ocr_line' id='line_1_112' title="bbox 1601 5066 2128 5125; baseline 0.019 -10"><span class='ocrx_word' id='word_1_853' title='bbox 1601 5068 1627 5118; x_wconf 74' lang='lat' dir='ltr'><strong>l.</strong></span> <span class='ocrx_word' id='word_1_854' title='bbox 1707 5068 1752 5097; x_wconf 71' lang='grc'>⁴⁶</span> <span class='ocrx_word' id='word_1_855' title='bbox 1781 5068 1797 5119; x_wconf 89' lang='grc' dir='ltr'>ι</span> <span class='ocrx_word' id='word_1_856' title='bbox 1830 5066 1970 5122; x_wconf 84' lang='lat' dir='ltr'><strong>Tim.</strong></span> <span class='ocrx_word' id='word_1_857' title='bbox 2000 5085 2071 5125; x_wconf 84' lang='lat' dir='ltr'><strong>tv.</strong></span> <span class='ocrx_word' id='word_1_858' title='bbox 2105 5070 2128 5125; x_wconf 77' lang='grc'><strong>1</strong></span> 
     </span>
    </p>
   </div>
   <div class='ocr_carea' id='block_1_112' title="bbox 2242 4994 3772 5125">
    <p class='ocr_par' dir='ltr' id='par_1_112' title="bbox 2242 5004 3772 5125">
     <span class='ocr_line' id='line_1_113' title="bbox 2242 5004 3772 5084; baseline 0.009 -31"><span class='ocrx_word' id='word_1_859' title='bbox 2242 5004 2324 5056; x_wconf 65' lang='grc' dir='ltr'><strong>ιίιΙ.</strong></span> <span class='ocrx_word' id='word_1_860' title='bbox 2359 5005 2448 5070; x_wconf 86' lang='lat'><strong>29,</strong></span> <span class='ocrx_word' id='word_1_861' title='bbox 2481 5006 2571 5061; x_wconf 78' lang='grc'><strong>50.</strong></span> <span class='ocrx_word' id='word_1_862' title='bbox 2615 5006 2868 5062; x_wconf 75' lang='lat' dir='ltr'><strong>“Cenes.</strong></span> <span class='ocrx_word' id='word_1_863' title='bbox 2904 5024 2978 5063; x_wconf 67' lang='grc' dir='ltr'><strong>ιχ.</strong></span> <span class='ocrx_word' id='word_1_864' title='bbox 3021 5010 3064 5041; x_wconf 63' lang='grc' dir='ltr'><strong>δ’</strong></span> <span class='ocrx_word' id='word_1_865' title='bbox 3095 5009 3253 5067; x_wconf 80' lang='lat' dir='ltr'><strong>Num.</strong></span> <span class='ocrx_word' id='word_1_866' title='bbox 3288 5028 3413 5066; x_wconf 76' lang='lat' dir='ltr'><strong>xxv.</strong></span> <span class='ocrx_word' id='word_1_867' title='bbox 3470 5012 3515 5043; x_wconf 77' lang='grc'><strong>⁸³</strong></span> <span class='ocrx_word' id='word_1_868' title='bbox 3540 5012 3604 5066; x_wconf 84' lang='lat' dir='ltr'><strong>lll</strong></span> <span class='ocrx_word' id='word_1_869' title='bbox 3639 5012 3772 5084; x_wconf 78' lang='lat' dir='ltr'><strong>Reg.</strong></span> 
     </span>
     <span class='ocr_line' id='line_1_114' title="bbox 2271 5073 3045 5125; baseline 0 0"><span class='ocrx_word' id='word_1_870' title='bbox 2271 5073 2358 5125; x_wconf 81' lang='grc'><strong>’⁵⁷1</strong></span> <span class='ocrx_word' id='word_1_871' title='bbox 2390 5077 2516 5125; x_wconf 79' lang='lat' dir='ltr'><strong>Cor.</strong></span> <span class='ocrx_word' id='word_1_872' title='bbox 2550 5092 2609 5125; x_wconf 87' lang='lat' dir='ltr'><strong>ll-</strong></span> <span class='ocrx_word' id='word_1_873' title='bbox 2644 5078 2726 5125; x_wconf 82' lang='lat' dir='ltr'><strong>l2.</strong></span> <span class='ocrx_word' id='word_1_874' title='bbox 3042 5088 3045 5091; x_wconf 75' lang='lat'><em>‘</em></span> 
     </span>
    </p>
   </div>
   <div class='ocr_carea' id='block_1_113' title="bbox 1957 5108 2191 5136">
    <p class='ocr_par' dir='ltr' id='par_1_113' title="bbox 1957 5108 2191 5136">
     <span class='ocr_line' id='line_1_115' title="bbox 1957 5108 2191 5136; baseline 0.017 -14"><span class='ocrx_word' id='word_1_875' title='bbox 1957 5108 2071 5136; x_wconf 62' lang='grc' dir='ltr'><strong>σιν,</strong></span> <span class='ocrx_word' id='word_1_876' title='bbox 2109 5108 2191 5126; x_wconf 69' lang='lat' dir='ltr'><strong>IV.</strong></span> 
     </span>
    </p>
   </div>
   <div class='ocr_carea' id='block_1_114' title="bbox 2271 5073 2726 5141">
    <p class='ocr_par' dir='ltr' id='par_1_114' title="bbox 2271 5073 2726 5141">
     <span class='ocr_line' id='line_1_116' title="bbox 2271 5073 2726 5141; baseline 0.007 -16"><span class='ocrx_word' id='word_1_877' title='bbox 2271 5073 2358 5125; x_wconf 76' lang='lat' dir='ltr'><strong>&quot;l</strong></span> <span class='ocrx_word' id='word_1_878' title='bbox 2390 5077 2516 5129; x_wconf 79' lang='lat' dir='ltr'><strong>Cor.</strong></span> <span class='ocrx_word' id='word_1_879' title='bbox 2548 5092 2610 5141; x_wconf 89' lang='lat' dir='ltr'><strong>ll,</strong></span> <span class='ocrx_word' id='word_1_880' title='bbox 2644 5078 2726 5130; x_wconf 83' lang='lat' dir='ltr'><strong>l2.</strong></span> 
     </span>
    </p>
   </div>
   <div class='ocr_carea' id='block_1_115' title="bbox 2202 5212 3771 5285">
    <p class='ocr_par' dir='ltr' id='par_1_115' title="bbox 2202 5212 3771 5285">
     <span class='ocr_line' id='line_1_117' title="bbox 2202 5212 3771 5285; baseline 0.007 -23"><span class='ocrx_word' id='word_1_881' title='bbox 2202 5212 2531 5285; x_wconf 79' lang='lat' dir='ltr'><strong>genitalibus</strong></span> <span class='ocrx_word' id='word_1_882' title='bbox 2554 5213 2841 5285; x_wconf 79' lang='lat' dir='ltr'><strong>transﬁxos</strong></span> <span class='ocrx_word' id='word_1_883' title='bbox 2863 5214 3058 5277; x_wconf 83' lang='lat' dir='ltr'><strong>fuisse;</strong></span> <span class='ocrx_word' id='word_1_884' title='bbox 3098 5216 3450 5285; x_wconf 82' lang='lat' dir='ltr'><strong>Septuaginta</strong></span> <span class='ocrx_word' id='word_1_885' title='bbox 3480 5232 3642 5280; x_wconf 84' lang='lat' dir='ltr'><strong>vero,</strong></span> <span class='ocrx_word' id='word_1_886' title='bbox 3675 5220 3771 5273; x_wconf 73' lang='grc' dir='ltr'><strong>καὶ</strong></span> 
     </span>
    </p>
   </div>
   <div class='ocr_carea' id='block_1_116' title="bbox 2201 5282 3769 5359">
    <p class='ocr_par' dir='ltr' id='par_1_116' title="bbox 2201 5282 3769 5359">
     <span class='ocr_line' id='line_1_118' title="bbox 2201 5282 3769 5359; baseline 0.004 -26"><span class='ocrx_word' id='word_1_887' title='bbox 2201 5282 2567 5359; x_wconf 46' lang='lat' dir='ltr'><strong>tinent-fumea};</strong></span> <span class='ocrx_word' id='word_1_888' title='bbox 2603 5284 2963 5359; x_wconf 53' lang='grc' dir='ltr'><strong>ᾁμφυῖέρους,</strong></span> <span class='ocrx_word' id='word_1_889' title='bbox 2991 5287 3104 5359; x_wconf 50' lang='lat' dir='ltr'><strong>adv</strong></span> <span class='ocrx_word' id='word_1_890' title='bbox 3142 5282 3198 5338; x_wconf 74' lang='grc' dir='ltr'><strong>τὲ</strong></span> <span class='ocrx_word' id='word_1_891' title='bbox 3229 5282 3511 5359; x_wconf 57' lang='grc' dir='ltr'><strong>ἄνορίρπον</strong></span> <span class='ocrx_word' id='word_1_892' title='bbox 3549 5290 3640 5339; x_wconf 75' lang='grc' dir='ltr'>καὶ</span> <span class='ocrx_word' id='word_1_893' title='bbox 3673 5289 3769 5359; x_wconf 75' lang='grc' dir='ltr'><strong>τὴν</strong></span> 
     </span>
    </p>
   </div>
   <div class='ocr_carea' id='block_1_117' title="bbox 2198 5351 3768 5474">
    <p class='ocr_par' dir='ltr' id='par_1_117' title="bbox 2198 5351 3768 5474">
     <span class='ocr_line' id='line_1_119' title="bbox 2198 5351 3768 5474; baseline 0.007 -72"><span class='ocrx_word' id='word_1_894' title='bbox 2198 5354 2452 5418; x_wconf 80' lang='grc' dir='ltr'><strong>γυναῖκα,</strong></span> <span class='ocrx_word' id='word_1_895' title='bbox 2477 5351 2562 5405; x_wconf 77' lang='grc' dir='ltr'><strong>διὰ</strong></span> <span class='ocrx_word' id='word_1_896' title='bbox 2577 5351 2676 5422; x_wconf 70' lang='grc' dir='ltr'><strong>τῆς</strong></span> <span class='ocrx_word' id='word_1_897' title='bbox 2708 5351 2915 5474; x_wconf 51' lang='lat' dir='ltr'><strong>(dispar;</strong></span> <span class='ocrx_word' id='word_1_898' title='bbox 2944 5355 3133 5426; x_wconf 82' lang='grc' dir='ltr'><strong>αὐτῆς.</strong></span> <span class='ocrx_word' id='word_1_899' title='bbox 3164 5351 3342 5411; x_wconf 65' lang='lat' dir='ltr'><strong>Codei</strong></span> <span class='ocrx_word' id='word_1_900' title='bbox 3374 5351 3768 5413; x_wconf 74' lang='lat' dir='ltr'><strong>Getneticensis</strong></span> 
     </span>
     <span class='ocr_line' id='line_1_120' title="bbox 2198 5422 3767 5474; baseline 0 0"><span class='ocrx_word' id='word_1_901' title='bbox 2198 5422 2399 5474; x_wconf 88' lang='lat' dir='ltr'><strong>habet:</strong></span> <span class='ocrx_word' id='word_1_902' title='bbox 2431 5432 2696 5474; x_wconf 79' lang='lat' dir='ltr'><strong>arreptum</strong></span> <span class='ocrx_word' id='word_1_903' title='bbox 2726 5440 2755 5474; x_wconf 93' lang='lat' dir='ltr'><strong>a</strong></span> <span class='ocrx_word' id='word_1_904' title='bbox 2781 5426 2959 5474; x_wconf 83' lang='lat' dir='ltr'><strong>adium</strong></span> <span class='ocrx_word' id='word_1_905' title='bbox 2996 5443 3085 5474; x_wconf 76' lang='lat' dir='ltr'><strong>per</strong></span> <span class='ocrx_word' id='word_1_906' title='bbox 3114 5428 3385 5474; x_wconf 77' lang='lat' dir='ltr'><strong>utriusane</strong></span> <span class='ocrx_word' id='word_1_907' title='bbox 3415 5444 3569 5474; x_wconf 70' lang='lat' dir='ltr'><strong>sexus</strong></span> <span class='ocrx_word' id='word_1_908' title='bbox 3609 5428 3767 5474; x_wconf 79' lang='lat' dir='ltr'><strong>ultio-</strong></span> 
     </span>
    </p>
   </div>
   <div class='ocr_carea' id='block_1_118' title="bbox 2196 5422 3767 5496">
    <p class='ocr_par' dir='ltr' id='par_1_118' title="bbox 2196 5422 3767 5496">
     <span class='ocr_line' id='line_1_121' title="bbox 2196 5422 3767 5496; baseline 0.004 -22"><span class='ocrx_word' id='word_1_909' title='bbox 2196 5422 2399 5475; x_wconf 85' lang='lat' dir='ltr'><strong>ltabet:</strong></span> <span class='ocrx_word' id='word_1_910' title='bbox 2431 5432 2696 5496; x_wconf 69' lang='lat' dir='ltr'><strong>arreptum</strong></span> <span class='ocrx_word' id='word_1_911' title='bbox 2726 5422 2959 5493; x_wconf 82' lang='lat' dir='ltr'><strong>gladium</strong></span> <span class='ocrx_word' id='word_1_912' title='bbox 2993 5422 3085 5494; x_wconf 76' lang='lat' dir='ltr'><strong>per</strong></span> <span class='ocrx_word' id='word_1_913' title='bbox 3114 5428 3385 5496; x_wconf 86' lang='lat' dir='ltr'><strong>utriusque</strong></span> <span class='ocrx_word' id='word_1_914' title='bbox 3415 5444 3569 5481; x_wconf 69' lang='lat' dir='ltr'><strong>sexus</strong></span> <span class='ocrx_word' id='word_1_915' title='bbox 3609 5428 3767 5480; x_wconf 90' lang='lat' dir='ltr'><strong>ultio-</strong></span> 
     </span>
    </p>
   </div>
   <div class='ocr_carea' id='block_1_119' title="bbox 2196 5491 3767 5565">
    <p class='ocr_par' dir='ltr' id='par_1_119' title="bbox 2196 5491 3767 5565">
     <span class='ocr_line' id='line_1_122' title="bbox 2196 5491 3767 5565; baseline 0.004 -23"><span class='ocrx_word' id='word_1_916' title='bbox 2196 5506 2308 5565; x_wconf 82' lang='lat' dir='ltr'><strong>nem</strong></span> <span class='ocrx_word' id='word_1_917' title='bbox 2345 5492 2530 5559; x_wconf 71' lang='lat' dir='ltr'><strong>exegit.</strong></span> <span class='ocrx_word' id='word_1_918' title='bbox 2568 5491 2913 5549; x_wconf 42' lang='lat' dir='ltr'><strong>Liblirantea</strong></span> <span class='ocrx_word' id='word_1_919' title='bbox 2953 5491 3378 5563; x_wconf 66' lang='lat' dir='ltr'><strong>edilimrreptum</strong></span> <span class='ocrx_word' id='word_1_920' title='bbox 3413 5496 3647 5565; x_wconf 85' lang='lat' dir='ltr'><strong>gladium</strong></span> <span class='ocrx_word' id='word_1_921' title='bbox 3676 5513 3767 5564; x_wconf 81' lang='lat' dir='ltr'><strong>per</strong></span> 
     </span>
    </p>
   </div>
   <div class='ocr_carea' id='block_1_120' title="bbox 2197 5562 3764 5645">
    <p class='ocr_par' dir='ltr' id='par_1_120' title="bbox 2197 5562 3764 5645">
     <span class='ocr_line' id='line_1_123' title="bbox 2197 5562 3764 5645; baseline 0.006 -37"><span class='ocrx_word' id='word_1_922' title='bbox 2197 5562 2469 5645; x_wconf 75' lang='lat' dir='ltr'><strong>utriusque</strong></span> <span class='ocrx_word' id='word_1_923' title='bbox 2495 5571 2671 5642; x_wconf 67' lang='lat' dir='ltr'><strong>Pectus</strong></span> <span class='ocrx_word' id='word_1_924' title='bbox 2700 5567 2957 5645; x_wconf 45' lang='lat' dir='ltr'><strong>exercuit.</strong></span> <span class='ocrx_word' id='word_1_925' title='bbox 2976 5565 3133 5645; x_wconf 42' lang='lat' dir='ltr'><strong>.lnl’ra</strong></span> <span class='ocrx_word' id='word_1_926' title='bbox 3164 5562 3429 5645; x_wconf 72' lang='lat' dir='ltr'><strong>Origenes</strong></span> <span class='ocrx_word' id='word_1_927' title='bbox 3450 5562 3764 5645; x_wconf 42' lang='lat' dir='ltr'><strong>ltotuilia&#39;20</strong></span> 
     </span>
    </p>
   </div>
   <div class='ocr_carea' id='block_1_121' title="bbox 2196 5629 3759 5701">
    <p class='ocr_par' dir='ltr' id='par_1_121' title="bbox 2196 5629 3759 5701">
     <span class='ocr_line' id='line_1_124' title="bbox 2196 5629 3759 5701; baseline 0.006 -24"><span class='ocrx_word' id='word_1_928' title='bbox 2196 5630 2250 5679; x_wconf 87' lang='lat' dir='ltr'><strong>in</strong></span> <span class='ocrx_word' id='word_1_929' title='bbox 2283 5629 2541 5684; x_wconf 82' lang='lat' dir='ltr'><strong>Numeros</strong></span> <span class='ocrx_word' id='word_1_930' title='bbox 2572 5633 2646 5684; x_wconf 89' lang='lat' dir='ltr'><strong>ait</strong></span> <span class='ocrx_word' id='word_1_931' title='bbox 2675 5648 2687 5684; x_wconf 94' lang='lat'>:</span> <span class='ocrx_word' id='word_1_932' title='bbox 2745 5632 2915 5701; x_wconf 82' lang='lat' dir='ltr'><strong>Rapta</strong></span> <span class='ocrx_word' id='word_1_933' title='bbox 2940 5636 3218 5688; x_wconf 84' lang='lat' dir='ltr'><strong>siramaste</strong></span> <span class='ocrx_word' id='word_1_934' title='bbox 3250 5629 3303 5689; x_wconf 54' lang='lat' dir='ltr'><strong>in</strong></span> <span class='ocrx_word' id='word_1_935' title='bbox 3348 5653 3508 5690; x_wconf 87' lang='lat' dir='ltr'><strong>manu</strong></span> <span class='ocrx_word' id='word_1_936' title='bbox 3538 5653 3645 5691; x_wconf 70' lang='lat' dir='ltr'><strong>sua,</strong></span> <span class='ocrx_word' id='word_1_937' title='bbox 3674 5636 3759 5687; x_wconf 86' lang='lat' dir='ltr'><strong>in-</strong></span> 
     </span>
    </p>
   </div>
   <div class='ocr_carea' id='block_1_122' title="bbox 2192 5701 3759 5776">
    <p class='ocr_par' dir='ltr' id='par_1_122' title="bbox 2192 5701 3759 5776">
     <span class='ocr_line' id='line_1_125' title="bbox 2192 5701 3759 5776; baseline -0.007 -29"><span class='ocrx_word' id='word_1_938' title='bbox 2192 5714 2397 5776; x_wconf 67' lang='lat' dir='ltr'><strong>gressus</strong></span> <span class='ocrx_word' id='word_1_939' title='bbox 2428 5701 2495 5776; x_wconf 74' lang='lat' dir='ltr'><strong>sit</strong></span> <span class='ocrx_word' id='word_1_940' title='bbox 2520 5704 2897 5776; x_wconf 79' lang='lat' dir='ltr'><strong>prostibulum,</strong></span> <span class='ocrx_word' id='word_1_941' title='bbox 2925 5715 2971 5759; x_wconf 84' lang='lat' dir='ltr'><strong>ct</strong></span> <span class='ocrx_word' id='word_1_942' title='bbox 2998 5716 3276 5775; x_wconf 68' lang='lat' dir='ltr'><strong>utrmon</strong></span> <span class='ocrx_word' id='word_1_943' title='bbox 3306 5722 3395 5776; x_wconf 70' lang='grc' dir='ltr'><strong>ρει-</strong></span> <span class='ocrx_word' id='word_1_944' title='bbox 3419 5708 3533 5775; x_wconf 52' lang='lat' dir='ltr'><strong>ipsa</strong></span> <span class='ocrx_word' id='word_1_945' title='bbox 3560 5706 3759 5776; x_wconf 64' lang='lat' dir='ltr'><strong>pudm-</strong></span> 
     </span>
    </p>
   </div>
   <div class='ocr_carea' id='block_1_123' title="bbox 2186 5768 2643 5839">
    <p class='ocr_par' dir='ltr' id='par_1_123' title="bbox 2186 5768 2643 5839">
     <span class='ocr_line' id='line_1_126' title="bbox 2186 5768 2643 5839; baseline 0.013 -20"><span class='ocrx_word' id='word_1_946' title='bbox 2186 5768 2254 5820; x_wconf 84' lang='lat' dir='ltr'><strong>du</strong></span> <span class='ocrx_word' id='word_1_947' title='bbox 2291 5772 2643 5839; x_wconf 77' lang='lat' dir='ltr'><strong>transfoderit.</strong></span> 
     </span>
    </p>
   </div>
  </div>
