4180 6216
640 242 743 299 163
2121 257 2441 314 ORICENIS

635 364 778 415 hniic
818 363 1035 417 modum
1067 364 1231 419 fuisse
1271 366 1527 434 duplicia,
1564 369 1820 437 quoniam
1852 371 2068 439 quidem
2103 389 2197 426 au-

2306 392 2466 444 χοντα
2486 376 2593 428 τῶν
2618 376 2846 447 ἀλόγων,
2873 375 2952 435 ὧν
2973 381 3298 461 ἐπιϐέϐηκεν
3325 393 3505 461 αὐτὸς,

631 470 757 508 num
806 455 1074 523 integrum
1109 456 1328 529 fuerunt
1374 460 1551 513 omnia
1586 461 1835 514 animalia
1872 464 1925 514 in
1955 477 2099 515 arca.
2144 462 2208 515 Et

627 544 816 611 utique
845 544 894 596 in
921 554 1088 597 totum
1112 560 1310 599 annum
1335 563 1555 603 necesse
1582 558 1702 602 eral
1720 548 2003 618 providere
2032 551 2203 614 cibos,

622 643 679 689 et
705 649 812 687 non
851 634 1021 689 solum
1046 636 1195 693 cibos
1226 649 1414 691 verum
1450 646 1504 691 et
1537 639 1899 707 digestionum
1945 638 2201 694 conStitui

626 725 761 786 loca,
796 741 901 793 quo
933 741 1107 795 neque
1137 729 1251 794 ipsa
1287 730 1564 793 animalia,
1590 731 1859 799 przeeipue
1885 740 2062 785 tamen
2101 734 2201 787 ho-

622 817 822 881 mines,
857 818 964 871 iimi
1001 818 1191 873 foetore
1224 829 1574 875 vexarentur.
1618 818 1868 876 Tradunt
1894 838 2025 893 ergo
2055 826 2198 893 quod

622 907 845 962 inferior
875 910 1019 977 regio
1042 911 1175 977 ipsa,
1208 927 1324 979 qua:
1349 912 1398 965 in
1423 912 1587 966 fundo
1618 924 1721 977 est,
1764 915 1829 966 ad
1861 916 2201 984 hujuscemo-

620 999 675 1059 di
708 1002 1058 1055 necessitates
1080 1004 1381 1071 mancipata
1406 1004 1472 1057 sit
1497 1016 1549 1058 et
1580 1016 1842 1076 excepta;
1869 1005 1993 1064 huic
2016 1021 2195 1065 autem

621 1096 870 1164 superior
913 1095 1187 1163 contigua,
1216 1099 1605 1152 conservandis
1644 1100 1857 1167 pabulis
1885 1102 2190 1170 deputetur.

623 1186 830 1240 Etenim
869 1189 1234 1241 necessarium
1288 1189 1589 1254 videbatur,
1647 1202 1706 1246 ut
1738 1195 1803 1248 iis
1830 1196 2041 1261 bestiis,
2073 1198 2195 1267 qui-

617 1279 714 1333 bus
750 1292 939 1334 natura
997 1282 1136 1336 vesci
1189 1283 1448 1336 carnibus
1502 1286 1669 1351 dedit,
1728 1287 2035 1341 introducta
2083 1290 2192 1342 sint

613 1375 962 1429 extrinsecus
1006 1377 1284 1442 animalia,
1340 1394 1568 1446 quorum
1621 1388 1904 1433 vescentes
1932 1381 2189 1433 carnibus

612 1481 938 1521 conservare
964 1470 1125 1522 vitam
1158 1471 1493 1538 posteritatis
1520 1470 1831 1538 reparandae
1847 1472 2017 1538 gratia
2046 1470 2194 1524 vale-

613 1570 735 1612 rent
769 1578 784 1613 :
816 1561 935 1613 aliis
968 1576 1098 1616 vero
1126 1562 1251 1625 alia,
1306 1577 1428 1631 qua:
1462 1561 1723 1615 naturalis
1759 1576 1888 1615 usus
1920 1562 2184 1629 deposcit,

2300 1581 2373 1617 ut
2412 1562 2573 1637 ὕδωρ.
2601 1566 2690 1617 Διὸ
2716 1566 2957 1619 ἔκλεισε
2985 1571 3199 1639 Κύριος
3237 1577 3269 1625 ό
3302 1575 3443 1641 Θεὸς
3479 1577 3730 1632 ὄπισθεν
3757 1581 3869 1639 τοῦ

609 1661 961 1705 servarentur
1014 1653 1293 1706 alimenta.
1358 1654 1413 1705 lu
1448 1653 1545 1706 hos
1574 1666 1706 1723 ergo
1740 1667 1868 1706 usus
1900 1652 2185 1707 inferiores

2300 1654 2433 1719 Νῶε,
2462 1651 2558 1707 καὶ
2587 1656 2773 1720 οὕτως
2804 1656 3039 1726 ἐγένετο
3072 1664 3105 1714 ό
3134 1667 3580 1734 κατακλυσμός.

610 1758 814 1815 partes,
846 1764 969 1815 quae
1000 1749 1346 1804 bicamerata:
1385 1748 1661 1813 dicuntur,
1695 1747 1908 1800 tradunt
1944 1746 2114 1800 fuisse
2144 1747 2450 1809 distinctas,
2504 1752 2811 1818 superiores
2849 1769 2977 1809 vero
3026 1758 3093 1811 ad
3126 1758 3493 1814 habitaculum
3524 1763 3735 1828 bestiis,
3784 1765 3863 1817 vel

607 1840 933 1894 animalibus
965 1841 1274 1908 deputatas,
1322 1838 1375 1892 in
1409 1839 1605 1907 quibus
1651 1836 1939 1892 inferiores
1967 1838 2181 1906 quidem
2214 1838 2315 1909 61
2357 1839 2504 1905 reris,
2555 1852 2605 1894 et
2638 1842 2940 1902 immitibus
2968 1848 3179 1915 bestiis,
3214 1851 3299 1904 vel
3333 1855 3680 1921 serpentibus
3708 1858 3858 1911 babi-

609 1932 847 1985 taculum
882 1932 1203 1999 prtebuisse,
1238 1932 1322 1985 his
1353 1945 1481 1983 vero
1504 1929 1761 1998 contigua
1795 1930 1845 1983 in
1879 1929 2255 1998 superioribus
2290 1932 2428 1994 loca,
2467 1933 2775 1988 mitioribus
2809 1938 3181 1995 animantibus
3213 1943 3419 1997 stabula
3455 1945 3641 2001 fuisse.
3686 1946 3856 2016 Supia

607 2025 791 2081 omnia
824 2039 951 2078 vero
1001 2024 1053 2077 in
1090 2022 1303 2077 excelso
1332 2022 1645 2077 hominibus
1675 2021 1856 2076 sedem
1892 2020 2147 2086 locatam,
2180 2030 2364 2089 utpote
2411 2024 2502 2092 qui
2531 2032 2585 2077 et
2615 2024 2820 2080 honore
2853 2038 2906 2082 et
2937 2032 3145 2086 ratione
3178 2045 3369 2089 cuneta
3407 2038 3715 2105 prrecellant
3748 2056 3761 2092 :
3799 2053 3857 2093 ut

605 2120 749 2174 sicut
804 2117 1013 2173 ratione
1053 2126 1107 2170 et
1141 2117 1406 2186 sapientia
1457 2116 1820 2186 principatum
1854 2129 2042 2185 gerere
2092 2117 2459 2192 supraAomnia
2499 2132 2617 2185 qua:
2646 2117 2698 2171 in
2738 2120 2900 2175 terris
2945 2132 3090 2187 sunt,
3125 2125 3328 2181 dicitur
3361 2131 3549 2192 homo,
3593 2130 3661 2182 ita
3691 2132 3853 2184 etiam

606 2213 726 2269 loco
756 2214 972 2278 celsior,
1008 2221 1065 2265 et
1099 2227 1262 2279 supra
1297 2226 1490 2265 omnes
1520 2212 1847 2275 animantes,
1884 2226 2002 2278 quze
2049 2212 2101 2264 in
2140 2187 2451 2275 arca’suut,
2478 2212 2777 2267 collocatus
2818 2215 2909 2267 sit.
2952 2214 3200 2270 Tradunt
3228 2231 3407 2271 autem
3442 2220 3604 2273 etiam
3633 2221 3851 2275 ostium.

605 2310 751 2379 quod
774 2324 840 2363 ex
872 2308 1042 2361 latere
1070 2305 1267 2359 factum
1292 2306 1511 2368 dicitur,
1546 2319 1610 2358 eo
1648 2305 1749 2357 loci
1782 2304 1971 2367 fuisse,
2007 2314 2064 2358 ut
2098 2304 2377 2370 inferiora,
2410 2321 2529 2375 quae
2560 2307 2695 2361 dixit
2739 2306 3088 2372 bieamerata,
3125 2310 3261 2364 inira
3296 2326 3352 2367 se
3384 2313 3625 2377 ltaberet,
3654 2326 3706 2368 et
3734 2330 3853 2384 qua:

606 2407 744 2461 dixit
771 2406 1145 2467 tricamerata,
1176 2402 1456 2471 superiora
1489 2416 1517 2454 a
1550 2401 1671 2455 loco
1700 2401 1825 2455 ostii
1858 2400 2126 2470 appellata
2156 2402 2262 2455 sint
2303 2420 2317 2456 :
2349 2410 2406 2455 ut
2442 2403 2567 2456 inde
2594 2403 2833 2471 ingressa
2866 2404 3119 2458 universa
3154 2407 3428 2471 animalia,
3461 2424 3553 2478 per
3584 2424 3678 2462 sua
3708 2425 3853 2478 quat-

604 2512 710 2567 que
760 2498 874 2551 loca
917 2495 1213 2552 secundum
1243 2494 1385 2563 quod
1437 2509 1600 2563 supra
1652 2494 1909 2556 diximus,
1953 2510 2190 2563 congrua
2232 2495 2561 2551 discretione
2596 2496 2863 2566 dirempta
2895 2498 3029 2552 sint.
3071 2496 3268 2555 Verum
3306 2502 3429 2555 ostii
3465 2502 3631 2571 ipsius
3671 2504 3848 2557 muni-

604 2606 726 2643 men
760 2592 896 2661 (73),
937 2609 1043 2646 non
1076 2594 1188 2663 jam
1232 2597 1487 2650 humanis
1526 2594 1829 2649 rationibus
1859 2592 2207 2660 adimpletur.
2250 2592 2532 2660 Quomodo
2558 2594 2727 2659 enim,
2776 2603 3129 2663 posteaquam
3176 2595 3420 2651 clausum
3453 2606 3555 2660 est,
3588 2608 3639 2650 et
3667 2598 3849 2651 nullus

603 2684 882 2739 hominum
929 2695 1083 2739 extra
1127 2702 1312 2741 arcam
1359 2686 1482 2753 fuit,
1539 2686 1856 2741 bitumiuari
1889 2687 2232 2740 extrinsecus
2260 2685 2459 2739 ostium
2507 2686 2705 2754 potuit,
2736 2686 2838 2740 nisi
2870 2688 2993 2755 quia
3048 2689 3242 2744 divina
3275 2689 3494 2742 virtutis
3536 2691 3656 2745 sine
3684 2690 3850 2743 dubio

599 2790 737 2843 opus
769 2776 885 2839 fuit,
931 2793 999 2830 ne
1037 2778 1420 2845 ingrederetur
1447 2793 1585 2847 aqua
1618 2793 1717 2848 per
1748 2778 1975 2839 aditum,
2023 2792 2179 2845 quem
2219 2778 2451 2831 humana
2483 2793 2586 2831 non
2619 2778 2889 2833 munierat
2936 2780 3165 2835 manus?
3210 2780 3499 2849 Propterea
3532 2797 3659 2849 ergo
3698 2780 3845 2835 Scri-

599 2879 754 2935 ptura
791 2886 911 2923 eum
952 2870 1018 2924 de
1047 2872 1261 2925 caeteris
1288 2873 1539 2926 omnibus
1575 2872 1823 2937 dixisset,
1861 2874 1989 2941 quia
2023 2870 2153 2927 fecit
2182 2887 2364 2926 areatn
2394 2870 2528 2936 Noe,
2566 2882 2617 2927 et
2646 2874 2942 2929 introduxit
2975 2875 3247 2939 animalia,
3280 2886 3335 2929 et
3374 2876 3533 2939 ﬁlios,
3565 2889 3619 2930 et
3651 2890 3845 2929 uvorrs

596 2980 809 3029 eorum,
842 2967 907 3021 de
938 2968 1080 3023 ostio
1120 2981 1223 3021 non
1256 2968 1417 3032 dixit,
1453 2970 1578 3036 quia
1616 2969 1729 3023 Noe
1776 2970 1971 3022 clausit
2010 2968 2209 3023 ostium
2254 2984 2438 3024 arcam
2486 2970 2579 3024 sed
2612 2970 2713 3034 ait,
2767 2971 2892 3038 quia
2938 2972 3128 3025 clausit
3163 2971 3417 3025 Dominus
3460 2971 3597 3026 Deus
3647 2972 3843 3041 deforis

595 3062 786 3114 ostium
817 3079 976 3127 arcte,
1022 3074 1070 3116 et
1116 3065 1189 3117 sic
1216 3064 1410 3126 factum
1442 3074 1516 3117 est
1549 3065 1802 3117 diluvium
1821 3066 1891 3120 ⁵⁰.
1947 3064 2359 3119 Observandum
2400 3076 2575 3119 tamen
2624 3077 2707 3120 est
2735 3067 2877 3134 quod
2913 3077 3032 3135 post
3062 3067 3320 3119 diluvium
3356 3082 3460 3121 non
3504 3069 3700 3122 dicitur
3733 3068 3841 3121 Noe

595 3157 873 3227 aperuisse
903 3160 1128 3224 ostium,
1180 3161 1274 3214 sed
1323 3161 1641 3225 fenestram,
1681 3177 1803 3214 cum
1858 3162 2040 3215 emisit
2068 3175 2314 3226 corvum,
2348 3168 2406 3214 ut
2435 3161 2645 3215 videret
2692 3170 2871 3215 utrum
2903 3169 3169 3215 cessasset
3215 3176 3355 3229 aqua
3405 3176 3568 3229 super
3616 3169 3835 3213 terram.

596 3256 749 3321 Quod
785 3268 967 3308 autem
1022 3254 1274 3309 intulerit
1319 3257 1499 3310 cibum
1536 3256 1644 3309 Noe
1688 3257 1740 3309 in
1778 3271 1958 3310 arcam
2004 3256 2255 3310 omnibus
2286 3256 2678 3318 animantibus,
2714 3256 2796 3310 vel
2848 3256 3059 3319 bestiis,
3090 3271 3208 3324 qme
3236 3271 3358 3310 cum
3394 3271 3458 3310 eo
3488 3256 3837 3316 introierunt,

595 3351 717 3405 audi
747 3366 811 3404 ex
842 3350 925 3404 his
962 3366 1082 3419 qute
1114 3350 1373 3405 Dominus
1413 3352 1545 3405 dicit
1574 3353 1637 3404 ad
1670 3351 1780 3405 Nec
1815 3370 1827 3405 ε
1864 3351 1963 3417 Tu,
2004 3351 2180 3421 inquit
2205 3352 2275 3416 ⁸¹,
2323 3353 2502 3420 accipe
2548 3353 2639 3403 tibi
2672 3352 2770 3419 ipsi
2814 3352 2878 3403 ab
2919 3352 3159 3405 omnibus
3188 3352 3315 3404 escis
3353 3366 3469 3419 (μιαί
3498 3349 3747 3414 eduntur,
3786 3359 3835 3402 et

598 3444 934 3513 congregabis
978 3444 1045 3495 ad
1074 3444 1423 3511 temetipsum,
1467 3452 1514 3496 et
1566 3454 1715 3496 erunt
1752 3444 1844 3495 tibi
1887 3458 1933 3496 ct
1961 3444 2087 3512 ipsis
2116 3443 2185 3495 ad
2231 3443 2507 3496 edendum.
2555 3443 2707 3509 Quod
2739 3451 2919 3496 autem
2952 3441 3080 3496 fecit
3111 3442 3219 3495 Noe
3248 3457 3307 3496 ea
3349 3456 3470 3511 qua:
3502 3444 3759 3509 praecepit
3784 3440 3835 3493 ei

596 3538 877 3601 Dominus,
923 3540 1046 3593 audi
1079 3538 1419 3607 Scripturam
1453 3538 1721 3593 dicentem
1751 3558 1763 3591 :
1799 3537 1861 3590 Et
1881 3539 2027 3607 fecit,
2061 3540 2238 3608 inquit
2262 3538 2329 3604 “,
2371 3537 2484 3592 Noe
2511 3540 2688 3592 omnia
2733 3555 2847 3603 qua:
2890 3540 3133 3605 prwcepit
3178 3539 3223 3591 ei
3270 3538 3525 3592 Dominus
3570 3536 3725 3601 Deus,
3759 3536 3836 3588 sic

594 3635 741 3697 fecit.
786 3634 931 3689 Sane
958 3635 1099 3703 quod
1138 3635 1202 3688 de
1230 3634 1387 3701 locis,
1414 3650 1533 3703 qua:
1562 3635 1796 3688 diximus
1828 3635 1895 3687 ad
1926 3636 2109 3687 limum
2148 3634 2458 3687 animalium
2490 3642 2763 3702 separata,
2802 3631 3083 3699 Scriptura
3114 3632 3244 3685 nihil
3272 3633 3471 3697 retulit,
3507 3634 3598 3686 sed
3620 3630 3835 3683 traditio

592 3738 761 3793 tenet,
796 3739 1105 3798 Opportune
1141 3728 1420 3781 videbitur
1464 3741 1627 3794 super
1672 3728 1772 3781 hoc
1823 3726 2065 3781 habitum
2119 3740 2240 3780 esse
2273 3724 2572 3788 silentimn,
2607 3725 2670 3777 de
2704 3740 2811 3791 quo
2860 3722 3191 3777 sttﬂicicntcr
3240 3723 3638 3791 consequentiae
3666 3721 3836 3790 ipsius

592 3822 730 3876 ratio
765 3822 1005 3876 doceret.
1066 3823 1129 3875 Et
1163 3824 1287 3890 quia
1329 3825 1394 3875 ad
1447 3823 1747 3894 spiritalem
1783 3822 2196 3889 intelligentiam
2251 3822 2431 3873 minus
2468 3821 2625 3889 digne
2672 3829 2881 3888 poterat
2915 3820 3111 3888 aptari,
3150 3822 3342 3873 merito
3388 3833 3519 3887 ergo
3551 3818 3830 3885 Scriptura

586 3913 737 3968 siluit
766 3914 832 3966 tle
860 3914 981 3976 hoc,
1015 3929 1136 3981 qua:
1171 3916 1342 3984 magis
1378 3918 1723 3969 narrationes
1751 3930 1877 3969 suas
1909 3912 2272 3967 intellectibus
2300 3913 2603 3981 allegoricis
2628 3922 2866 3981 coaptat.
2915 3913 3289 3967 Verumtamen
3338 3920 3595 3978 quantutn
3630 3910 3697 3962 ad
3732 3925 3831 3964 ne-

585 4008 896 4062 cessitatem
932 4007 1232 4076 pluviarum
1266 4017 1321 4061 et
1353 4008 1536 4062 diluvii
1567 4018 1797 4078 spectat,
1828 4007 1972 4061 nulla
2006 4010 2182 4075 potuit
2212 4016 2318 4060 tam
2354 4008 2681 4061 conveniens
2712 4018 2767 4061 et
2798 4023 3036 4076 congrua
3075 4023 3214 4061 arcte
3259 4008 3464 4075 species
3495 4006 3634 4069 dari,
3663 4022 3828 4073 quam

585 4111 641 4154 ut
671 4118 701 4155 e
730 4117 946 4155 summo
994 4103 1141 4159 velut
1168 4118 1197 4158 e
1230 4112 1371 4157 tecto
1398 4105 1634 4173 quodam
1675 4105 1728 4159 in
1784 4112 2068 4175 angustum
2104 4104 2314 4158 culmen
2359 4104 2556 4157 educto
2593 4103 2703 4173 (74)
2735 4105 3058 4158 diﬂ‘nnderet
3108 4104 3362 4157 imbrium
3398 4102 3606 4165 ruinas,
3634 4112 3687 4155 et
3722 4103 3827 4156 ima

584 4196 639 4250 in
674 4197 830 4266 aquis
856 4198 1117 4266 quadrata
1169 4198 1467 4254 stabilitate
1498 4201 1826 4267 consistens,
1856 4216 1955 4255 nec
2006 4200 2237 4271 impulsu
2271 4210 2577 4265 ventorum,
2612 4216 2713 4254 nec
2747 4201 2947 4269 impetu
2996 4201 3277 4265 ﬂuctuum,
3315 4214 3413 4253 nec
3458 4199 3826 4267 inquietudine

588 4290 929 4357 animalium,
962 4306 1083 4359 qute
1118 4291 1447 4345 intrinsecus
1475 4303 1653 4358 erant,
1684 4302 1775 4346 aut
1803 4293 2049 4345 inclinari
2082 4303 2284 4361 posset,
2314 4302 2407 4347 aut
2441 4291 2629 4360 mergi.

642 4382 698 4433 2.
732 4380 838 4433 Sed
882 4381 967 4434 his
1012 4383 1266 4438 omnibus
1307 4383 1415 4453 (75)
1467 4391 1614 4437 tanta
1659 4391 1773 4436 arte
1818 4381 2151 4451 compositis,

2348 4384 2689 4454 Ἐπηπόρουν
2720 4383 2882 4445 τινὲς,
2915 4384 2963 4434 εἰ
2988 4382 3209 4435 δύναται
3241 4383 3273 4453 ἡ
3320 4378 3619 4452 τηλικαύτη
3656 4377 3825 4432 κιϐω-

577 4472 841 4543 objiciunt
875 4475 1090 4544 quidam
1119 4476 1468 4547 quiestioues,
1516 4484 1571 4530 et
1619 4476 1888 4545 prtecipuc
1915 4473 2150 4544 Apelles,

2300 4490 2344 4537 >ς
2374 4475 2620 4546 χωρῆσαι
2666 4472 2766 4527 κᾶν
2810 4474 2870 4527 τὸ
2900 4472 3190 4526 πολλοστὸν
3240 4472 3425 4543 μόριον
3462 4470 3566 4523 τῶν
3603 4471 3694 4523 ἐπὶ
3716 4469 3823 4539 γῆς

1946 4562 2198 4619 γκιιδιο
2230 4563 2439 4620 ΝονΑ.

576 4664 718 4738 erat,
750 4655 1073 4738 animalibus
1102 4656 1497 4738 destinabatur,
1530 4656 1821 4738 assignatis
1847 4656 2181 4738 singulorum
2212 4657 2374 4712 nidis.
2410 4657 2820 4738 Verisimileqne
2849 4670 2929 4713 est
2956 4656 3302 4738 serpentibus
3331 4670 3393 4738 ac
3424 4654 3549 4735 feris
3579 4652 3819 4738 intimam

579 4726 730 4781 illaut
767 4727 949 4803 sedem
989 4728 1174 4803 datam
1204 4727 1401 4803 fuisse;
1431 4725 1691 4803 iumentis
1723 4741 1849 4781 vero
1880 4725 1956 4779 ac
1971 4726 2191 4803 reliquis
2219 4730 2516 4781 mansuetis
2540 4725 2922 4803 animantibus
2938 4725 3312 4803 superiorem;
3344 4725 3545 4803 homini
3566 4725 3820 4803 _demt_nu,

576 4807 763 4873 utpote
786 4798 1067 4873 brutorum
1098 4797 1321 4866 principi
1349 4797 1699 4873 omniumque
1729 4797 2200 4873 prtestantissimo,
2225 4802 2805 4873 supremamomnium
2832 4794 3017 4873 sedem
3038 4800 3216 4850 datam
3246 4796 3485 4873 Oportui't
3513 4794 3577 4873 ad
3608 4794 3821 4873 tertiam

574 4861 1055 4932 contignationem,
1083 4861 1141 4920 ut
1174 4861 1369 4922 cetera
1400 4861 1652 4920 animalia
1682 4861 1783 4919 sub
1814 4881 1972 4919 manu
2008 4866 2253 4919 haberet.
2293 4861 2598 4921 Verisimile
2627 4879 2809 4922 autem
2846 4879 2929 4922 est
2960 4868 3102 4920 latus
3136 4861 3420 4919 area—tale
3452 4861 3620 4915 luisse
3661 4865 3825 4929 quale

574 4937 831 4992 diximus.
860 4937 1091 5012 Januam
1120 4951 1250 4991 vero
1276 4953 1415 4991 arcte
1439 4978 1453 5000 ,
1483 4951 1511 4988 a
1544 4936 1711 5012 latere
1740 4936 1983 5012 positam
2003 4935 2171 5012 fuisse
2200 4936 2351 5012 dicas
2382 4938 2446 4989 ad
2477 4939 2706 5004 primam
2738 4940 3067 5012 et_inli_mam
3104 4934 3587 5012 contignationem,
3615 4943 3673 5012 ut
3701 4934 3825 4984 ani-

578 5017 789 5077 mantes
837 5008 961 5062 inde
988 5007 1341 5066 introeuntes.
1410 5009 1476 5060 ad
1508 5008 1802 5077 constituta
1839 5006 1939 5077 sibi
1971 5005 2087 5058 loca
2122 5006 2387 5072 nidosque
2428 5017 2733 5077 pergerent.
2775 5008 2927 5072 Quod
2971 5022 3102 5077 sane
3149 5004 3482 5077 probabilius
3524 5004 3627 5077 dici
3659 5016 3826 5077 posse

578 5076 811 5139 videtur,
842 5092 1004 5151 quam
1037 5079 1080 5132 si
1115 5088 1331 5151 putetur
1361 5076 1714 5151 animaliauex
1746 5076 2055 5151 summitate
2088 5078 2152 5151 ad
2194 5071 2570 5145 propria—loca
2609 5071 2813 5145 magna
2838 5093 2958 5130 cum
2991 5071 3315 5151 dillicdltate
3344 5072 3711 5151 descendisse.
3751 5071 3825 5125 Ut

578 5160 770 5199 secure
817 5140 1163 5202 clauderetur
1200 5149 1311 5202 haec
1359 5152 1541 5212 janua,
1592 5145 1769 5197 divina
1799 5147 2031 5213 quadam
2070 5140 2266 5201 virtute
2295 5140 2432 5214 opus
2464 5158 2612 5214 erat,
2645 5140 2763 5200 cu'm
2802 5163 2903 5200 non
2942 5146 3172 5212 amplius
3222 5153 3377 5214 esset
3399 5140 3606 5195 deforis
3654 5143 3825 5214 helvo

578 5215 842 5281 quispiam
875 5218 964 5283 qui
996 5234 1114 5271 eam
1145 5209 1473 5272 bitutniuarc
1504 5224 1700 5284 posset,
1736 5231 1800 5269 tte
1818 5209 2211 5284 ingrederetur
2239 5209 2403 5285 aqua.
2436 5209 2563 5269 Eant
2591 5209 2659 5271 ub
2692 5233 2801 5273 rem
2834 5209 3316 5271 clausit'Dominus
3354 5212 3493 5265 Deus
3524 5222 3648 5281 post
3679 5209 3825 5277 Noe,

573 5285 745 5359 etsie
769 5285 1369 5359 iactumestdiluvium.
1433 5356 1463 5359 __
2211 5356 2221 5359 _
2326 5356 2395 5359 __
2950 5356 2959 5359 _
3260 5354 3271 5359 _
3636 5357 3644 5359 μ
3771 5349 3789 5359 .

650 5354 973 5409 Dubitarunt
1005 5359 1222 5424 quidam
1276 5373 1342 5410 an
1378 5356 1495 5409 talis
1528 5369 1653 5408 arca
1705 5363 1883 5423 posset
1915 5369 2107 5422 capere
2141 5356 2223 5408 vel
2268 5356 2543 5410 minimam
2576 5367 2782 5426 partem
2817 5356 3058 5410 omnium
3093 5369 3212 5424 quae
3258 5354 3313 5409 in
3348 5360 3492 5406 terra
3525 5357 3651 5404 sunt
3695 5354 3835 5402 ani--

644 5466 691 5498 “
712 5466 913 5522 Cenes.
937 5481 1031 5529 vu,
1064 5467 1149 5530 16,
1177 5470 1261 5521 t7.
1302 5468 1345 5498 “
1369 5468 1565 5522 Cenes.
1597 5481 1667 5531 Vl,
1693 5465 1784 5518 2|.
1824 5466 1869 5495 "
1895 5464 2022 5518 ibid.
2047 5464 2139 5518 22.

647 5534 760 5606 (73)
796 5535 987 5590 Verum
1016 5539 1136 5589 ostii
1168 5538 1332 5603 ipsius
1359 5540 1645 5598 munimen,
1675 5546 1781 5588 etc.
1822 5534 2008 5588 Graeca
2039 5535 2133 5586 hu-

570 5606 659 5674 jus
697 5606 795 5659 loci
828 5608 993 5661 verba
1024 5624 1054 5661 e
1084 5606 1300 5659 Catenis
1328 5624 1455 5659 mss.
1488 5606 1690 5659 Gratcis
1722 5614 1873 5658 eruta
1907 5612 2051 5656 sunt.

640 5678 693 5749 (7
712 5678 753 5746 i)
773 5675 921 5742 Mss,
938 5678 1138 5731 culmen
1162 5678 1359 5730 educto.
1382 5675 1533 5729 Libb.
1557 5676 1705 5737 editi,
1722 5674 2127 5729 cnlminedncto.

3780 282 3886 339 ιθι

3538 394 3678 451 οὕτω
3708 402 3798 453 καὶ
3823 403 3883 457 ἐν

2308 464 2705 563 τῇῌχὼρᾳᾲεῐναι
2732 472 2995 529 ἀνωτάτω
3022 476 3119 549 τῆς
3140 482 3367 537 κιϐωτοῦ
3399 487 3525 558 περὶ
3557 490 3650 559 τὴν
3690 494 3880 563 τρίτην

2310 558 2526 629 στέγην,
2548 561 2830 633 ὑποχείρια
2846 565 3037 636 ἔχοντα
3062 572 3127 623 τὰ
3154 572 3313 628 λοιπὰ
3328 576 3434 629 τῶν
3463 558 3636 641 ζώων.
3656 558 3880 637 Πιδανδν

2304 648 2361 700 δὲ
2390 650 2487 719 τὴν
2527 652 2762 721 πλαγίαν
2791 659 2919 728 περὶ
2950 655 3018 732 ἧς
3048 662 3257 734 εἴρηται
3284 666 3375 736 (74
3399 668 3522 741 bis)‘
3557 672 3673 740 τὴν
3703 673 3769 726 δὲ
3795 677 3883 729 θύ-

2297 758 2418 808 ραν
2434 743 2542 811 τῆς
2568 748 2817 801 κιϐωτοῦ
2839 751 2907 803 ἐκ
2932 757 3203 824 πλαγίων
3254 757 3549 827 ποιήσεις,
3601 766 3882 832 γεγονέναι

2302 922 2462 978 θόντα
2496 928 2562 979 τὰ
2611 928 2725 991 ζῶα
2754 931 2887 1004 ἀπίῃ
2917 936 3009 988 ἐπὶ
3044 940 3169 1002 τοὺς
3198 943 3557 1011 τεταγμένους
3602 945 3721 1008 ταῖς
3754 965 3879 1001 νοσ-

2302 1020 2444 1079 σιαῖς
2469 1018 2683 1084 τόπους.
2722 1023 2831 1076 Καὶ
2852 1026 3009 1080 τοῦτο
3039 1028 3241 1098 βέλτιον
3264 1035 3392 1103 ἡμῖν
3421 1035 3665 1101 φαίνεται
3696 1036 3876 1105 λέγειν

2298 1105 2424 1176 περὶ
2448 1107 2636 1177 αὐτῆς,
2665 1108 2696 1179 ἢ
2720 1111 2921 1166 ἄνωθεν
2946 1119 3181 1186 νομίζειν
3209 1121 3343 1189 μετὰ
3368 1123 3564 1192 πολλῆς
3590 1123 3876 1191 δυσκολίας

2293 1195 2361 1248 τὰ
2390 1197 2503 1261 ζῶα
2530 1196 2875 1255 καταϐαίνειν
2905 1208 2993 1259 ὲπὶ
3012 1209 3136 1271 τοὺς
3159 1212 3388 1275 οἰκείους
3410 1216 3603 1278 τόπους
3628 1232 3640 1245 '
3672 1216 3872 1270 θειοτέ-

2296 1306 2395 1360 ρας
2424 1292 2567 1355 τινος
2617 1293 2897 1365 δυνάμεως
2945 1299 3173 1373 ἔχρῃζεν
3200 1304 3231 1373 ἠ
3272 1305 3538 1373 ἀσφάλεια
3568 1308 3664 1377 τῆς
3697 1309 3873 1361 κλειο-

2298 1379 2466 1451 μένης
2496 1382 2700 1455 ταύτης
2732 1386 2919 1459 θύρας,
2949 1392 3129 1445 οὐκέτι
3163 1394 3457 1466 δυναμένου
3495 1398 3641 1460 τινὸς
3674 1397 3873 1463 ἔξωθεν

2332 5530 2421 5591 (74
2438 5532 2535 5599 bis)
2554 5529 2651 5585 llic
2685 5531 2750 5584 ad
2776 5546 2993 5585 sensum
3024 5531 3235 5584 videtur
3258 5532 3448 5583 deesse
3470 5529 3694 5595 aliquid.
3720 5526 3834 5587 En.

2320 5602 2433 5670 (75)
2465 5601 2565 5653 Sed
2594 5604 2672 5653 his
2705 5618 2841 5654 antu.
2864 5603 3047 5656 Grteca
3090 5600 3246 5664 hujus
3282 5603 3380 5653 loci
3421 5604 3579 5653 verba
3619 5614 3831 5667 suppe-

2252 5673 2424 5726 ditant
2457 5672 2670 5725 (Σηιυιιίιε
2696 5672 2894 5725 Cra-ra!
2933 5674 3335 5739 tnauuscripte

2304 833 2432 898 περὶ
2462 834 2557 905 τὴν
2589 839 2830 893 κάτωθεν
2867 843 3088 917 πρώτην
3112 849 3327 921 στέγην,
3363 853 3448 909 ἵνα
3477 855 3685 908 ἐκεῖθεν
3718 855 3885 909 εἰσελ-

2294 1469 2583 1542 ἀνθρώπου
2612 1476 2962 1544 ἀσφαλτῶσαι
2994 1484 3160 1555 αὐτὴν
3188 1486 3329 1557 ὑπὲρ
3358 1488 3449 1541 τοῦ
3486 1489 3558 1560 μὴ
3588 1468 3873 1561 παξεισδῦ-
3908 1508 3911 1509 ⁷

3878 5286 3915 5372 ‘t
