4180 6216
413 317 520 371 165

1604 304 1670 358 IN
1706 300 2006 359 GENESIM
2046 300 2329 357 ΙΙΟΜΠᾸΛ
2369 299 2420 333 “

3566 314 3671 371 {C8

411 434 631 484 summa
670 426 846 492 ζώων.
880 428 990 480 Καὶ
1037 425 1268 497 μάλιστα
1324 424 1583 495 Ἀπελλὴς
1623 425 1651 475 ὁ
1694 422 1786 475 τοῦ
1833 422 1989 492 Μαρ-

2095 419 2185 487 qui
2216 418 2319 470 tuit
2367 416 2667 485 discipulus
2699 418 2915 487 quidem
2953 420 3263 491 Marcionis,
3315 426 3412 481 sed
3441 428 3668 488 alterius

415 530 610 585 κίωνος
664 520 956 590 γνώριμος,
1005 519 1095 571 καὶ
1140 519 1428 588 γενόμενος
1490 518 1680 589 ἐτέρας
1731 514 1993 587 αἱρέσεως

420 611 549 679 παρ’
575 610 779 662 ἐκεῖνον
802 607 998 677 πατὴρ,
1032 606 1241 659 ἀθετεῖν
1275 604 1595 676 βουλόμενος
1633 604 1707 667 ὡς
1735 605 1834 673 οὐχ
1862 603 1991 670 ἆγια

417 699 488 752 τά
517 700 790 763 Μωῦσέως
835 700 1256 772 συγγράμματα,
1287 698 1443 752 τοῦτο
1488 700 1843 769 ὲπαπορήσας
1875 699 1992 749 ἐπι-

422 790 595 861 φέρει,
630 792 707 853 τὸ,
754 792 963 861 Ψευδὴς
989 794 1095 863 ἄρα
1126 795 1154 845 ὁ
1198 792 1364 863 μῦθος
1384 810 1395 821 ·
1428 791 1526 844 οὐκ
1562 790 1670 861 ἄρα
1704 792 1765 843 ὲκ
1796 789 1929 841 (τε)εοῦ
1958 792 1990 861 ἡ

422 882 607 952 Γραφή
636 899 647 910 ·
705 882 778 952 μὴ
834 876 1027 936 συνιών
1078 884 1350 946 ποδαποὺς
1384 883 1728 954 τριακοσίους
1775 882 1987 951 πήχεις,

419 973 510 1024 καὶ
554 972 828 1035 ποδαποὺς
874 974 1227 1044 πεντήκοντα,
1287 972 1549 1044 πηλίκους
1594 989 1653 1024 τε
1701 972 1992 1042 τριάκοντα

414 1064 696 1135 ὠνόμασεν
726 1066 817 1117 ἐπὶ
861 1065 960 1135 τῆς
988 1067 1328 1137 κατασκευῆς
1376 1067 1474 1137 τῆς
1505 1065 1741 1120 κιϐωτοῦ
1780 1068 1812 1136 ἡ
1845 1067 1987 1137 Γρα-

416 1156 510 1226 {pf}.
565 1156 870 1225 Ἐμάθομεν
928 1157 983 1209 δὲ
1035 1160 1195 1228 ἡμεῖς
1242 1159 1349 1213 ἀπό
1393 1178 1535 1223 τινος
1572 1160 1681 1212 τῶν
1730 1162 1858 1231 παρ’
1908 1159 1990 1211 Ἐ-

416 1247 624 1318 ὖραίοις
648 1247 966 1317 ἐλλογίμων,
991 1250 1065 1312 ὡς
1098 1251 1206 1318 ἄρα
1235 1252 1282 1303 οἱ
1312 1253 1608 1323 τριακόσιοι
1642 1255 1833 1321 πήχεις
1862 1251 1992 1305 ὠνο-

420 1338 722 1409 μάσθησαν,
756 1339 831 1403 ώς
860 1342 906 1393 οί
938 1341 1260 1413 καλούμενοι
1309 1343 1460 1414 παρὰ
1507 1346 1622 1405 τοῖς
1651 1343 1992 1413 γεωμέτραις

413 1429 637 1499 δύναμις
662 1429 753 1482 τοῦ
784 1430 892 1483 ἀπὸ
916 1432 1009 1485 τοῦ
1040 1432 1362 1504 τριακοστοῦ
1400 1432 1749 1503 τετραγώνου
1771 1450 1783 1463 ·
1816 1433 1891 1495 ὡς
1920 1428 1995 1485 εἷ-

413 1537 499 1571 ναι
526 1520 652 1583 τοὺς
683 1521 983 1592 ἡμετέρους
1027 1522 1223 1591 πήχεις
1269 1520 1363 1572 τοῦ
1402 1522 1611 1589 μήκους
1656 1520 1715 1571 ὲν
1738 1519 1814 1590 τῷ
1846 1520 1994 1575 κάτω

411 1610 652 1680 ἐπιπέδῳ
685 1612 840 1663 ἐννέα
878 1610 1179 1680 μυριάδας’
1214 1610 1356 1662 οὕτω
1388 1609 1444 1661 δὲ
1478 1610 1571 1663 καὶ
1614 1609 1705 1662 τοῦ
1741 1610 1988 1675 πλάτους,

400 1703 669 1772 δισχιλίας
687 1701 1072 1763 πεντακοσίας,
1092 1701 1189 1753 καὶ
1203 1700 1295 1753 τοῦ
1315 1700 1497 1769 ὕψους,
1522 1702 1827 1765 ἐννακοσίας
1849 1702 1983 1772 (76)·

410 1794 521 1846 Καὶ
549 1792 658 1862 γὰρ
685 1793 825 1845 πάνυ
876 1790 942 1843 ἂν
987 1793 1073 1859 εἴη
1120 1789 1461 1843 ἀτοπώτατον
1492 1792 1582 1844 τὸν
1627 1791 1979 1847 παιδευθέντα

414 1887 566 1953 πάσῃ
596 1883 761 1953 σοφίᾳ
789 1883 1101 1951 Αἰγυπτίων
1130 1882 1234 1935 τῶν
1262 1882 1789 1953 γεωμετρικωτάτων
1824 1886 1979 1955 μάλι-

416 1990 541 2038 στα,
571 1974 664 2025 καὶ
697 1973 751 2024 ὲν
776 1973 909 2041 οἴκῳ
955 1969 1214 2041 βασιλέως
1242 1970 1637 2041 ἀνατραφέντα,
1671 1972 1745 2043 μὴ
1777 1990 1978 2027 συνεω-

418 2061 661 2131 ρακέναι,
705 2062 785 2114 ὅτι
813 2063 860 2112 οί
906 2059 1207 2130 κοινότερον
1246 2059 1526 2128 νοηθέντες
1558 2061 1858 2130 τριακόσιοι
1885 2062 1979 2115 τοῦ

414 2154 642 2222 μήκους,
677 2154 767 2205 καὶ
793 2152 1126 2220 πεντήκοντα
1157 2150 1248 2202 τοῦ
1275 2150 1529 2214 πλάτους,
1566 2152 1660 2204 κα)⁸
1690 2152 1982 2221 τριάκοντα

406 2243 503 2297 τοῦ
535 2243 718 2313 ὕψους,
770 2226 905 2295 οὐδὲη
920 2242 1219 2310 ἐλέφαντας
1268 2242 1552 2315 ἐχώρησαν
1586 2244 1652 2298 ἂν
1694 2245 1833 2315 τάχα
1881 2230 1982 2298 που

403 2334 695 2407 τέσσαρας,
722 2334 933 2396 καὶτὰς
958 2334 1161 2387 τούτων
1186 2335 1277 2387 ἐπὶ
1301 2336 1545 2389 ἐνιαυτὸν
1566 2336 1792 2407 τροφάς,
1818 2355 1985 2409 προσ-

402 2424 661 2492 τάξαντος
685 2423 777 2480 τοῦ
803 2425 940 2480 Θεοῦ
973 2426 1065 2479 δύο
1097 2424 1191 2478 δύο
1230 2426 1338 2479 ἀπὸ
1358 2427 1466 2480 τῶν
1507 2428 1832 2500 ἀκαθάρτων
1873 2432 1979 2482 elo-

403 2518 656 2590 έρχεσθαι
705 2518 859 2584 ζώων
908 2518 988 2581 εἰς
1035 2518 1134 2588 τὴν
1189 2516 1439 2572 κιϐωτόν.
1499 2519 1560 2573 Et
1592 2520 1647 2573 δὲ
1695 2520 1820 2593 χρὴ,
1889 2522 1983 2574 ἐπὶ

2096 510 2367 564 haereseos
2395 511 2588 578 magis,
2620 527 2780 580 quam
2806 511 2920 580 ejus
2948 528 3107 581 quam
3138 531 3165 568 a
3195 521 3454 588 magistro
3484 538 3666 579 susce-

2095 601 2192 666 pit,
2225 601 2494 654 inventor.
2540 599 2589 655 ls
2644 617 2775 672 ergo
2822 603 2949 656 dum
2983 606 3259 672 assignare
3284 612 3436 679 cupit
3462 618 3664 684 scripta

2093 688 2264 761 Moysi
2301 692 2439 745 nihil
2492 692 2542 744 in
2596 709 2653 747 se
2702 694 2897 748 divina:
2953 695 3251 763 sapientiae,
3284 700 3393 769 62
3422 704 3666 776 nihilque.

2093 783 2275 852 aperis
2327 786 2505 837 sancti
2543 786 2781 853 Spiritus
2812 787 3117 851 continere,
3154 801 3450 858 exaggerat
3481 797 3664 861 hujus-

2095 876 2237 929 modi
2269 876 2434 941 dicta,
2488 888 2540 930 et
2575 877 2701 931 dicit
2748 877 2895 931 nullo
2932 879 3091 931 modo
3125 879 3243 932 fieri
3294 883 3562 948 potuisse,
3608 896 3667 938 ut

2096 976 2201 1021 tam
2239 969 2403 1023 breve
2435 971 2665 1036 spatium
2702 979 2776 1024 tot
2810 974 3117 1027 anintalium
3145 989 3340 1042 genera
3375 990 3670 1043 eorumtu

2094 1061 2264 1125 cibos,
2303 1062 2391 1128 qui
2427 1077 2521 1129 per
2555 1072 2720 1116 totum
2753 1079 2950 1117 annum
2989 1064 3319 1131 subicerent,
3352 1056 3546 1134 capere
3574 1083 3667 1135 po-

2093 1153 2305 1206 tuisset.
2346 1153 2478 1207 Cum
2531 1155 2673 1209 enim
2709 1157 2830 1210 bina
2866 1167 2920 1211 et
2954 1158 3077 1211 bina
3128 1173 3193 1212 ex
3228 1158 3521 1212 immundis
3549 1158 3670 1213 ani-

2096 1242 2347 1305 malibus,
2381 1244 2487 1297 hoc
2529 1255 2611 1298 est
2643 1246 2752 1298 bini
2786 1246 3007 1300 masculi
3044 1255 3099 1301 et
3128 1247 3266 1301 bina:
3297 1247 3509 1302 feminae
3540 1250 3669 1316 (hoc

2093 1334 2236 1387 enim
2268 1336 2471 1389 iudicat
2504 1351 2684 1390 sermo
2724 1338 3026 1406 repetitus.)
3063 1354 3127 1392 ex
3176 1340 3389 1393 mundis
3419 1354 3545 1393 vero
3577 1356 3668 1396 sc-

2095 1432 2253 1489 ptena
2285 1434 2337 1477 et
2365 1428 2765 1493 septena,quod
2799 1435 2881 1481 cst
2904 1428 3048 1495 paria
3078 1437 3296 1496 septena
3329 1429 3462 1500 (77),
3496 1432 3547 1485 in
3580 1448 3669 1484 ar-

2094 1528 2211 1567 cam
2264 1515 2521 1569 dicantur
2570 1516 2811 1581 inducta,
2860 1519 3149 1586 quomodo,
3195 1520 3389 1587 inquit,
3423 1523 3534 1575 ﬁeri
3570 1539 3666 1591 po—

2095 1604 2195 1656 tuit
2243 1604 2385 1657 istud
2416 1608 2677 1673 spatium,
2710 1607 2853 1675 quod
2887 1610 3147 1679 scriptum
3180 1621 3285 1674 est,
3345 1622 3401 1664 ut
3429 1625 3668 1681 quatuor

2087 1699 2275 1751 saltem
2306 1697 2456 1752 solos
2483 1698 2802 1768 elephantes
2829 1716 3025 1770 capere
3055 1703 3326 1770 potuerit?
3356 1702 3419 1755 Et
3459 1714 3665 1773 postea-

2086 1806 2247 1860 quam
2294 1806 2395 1861 per
2439 1792 2681 1862 singulas
2737 1795 2946 1864 species
2995 1794 3097 1847 hoc
3141 1796 3300 1849 modo
3332 1795 3662 1865 refragatur,

2086 1883 2235 1936 addit
2266 1898 2430 1952 super
2460 1884 2642 1937 omnia
2677 1883 2762 1938 bis
2801 1884 2981 1938 verbis
3016 1901 3031 1937 :
3066 1883 3293 1939 Constat
3319 1902 3450 1956 ergo
3479 1888 3661 1944 fictum

2086 1988 2207 2027 esse
2237 1972 2500 2027 fabulam.
2542 1974 2698 2040 Quod
2730 1974 2774 2028 si
2807 1983 2912 2035 est,
2953 1983 3167 2028 constat
3200 1991 3303 2031 non
3336 1993 3458 2033 esse
3486 1994 3515 2035 a
3552 1980 3664 2034 Deo

2088 2062 2227 2116 hanc
2276 2062 2625 2131 scripturam.
2669 2064 2775 2117 Sed
2808 2064 2873 2117 ad
2904 2066 3019 2118 haec
3052 2079 3149 2118 nos
3180 2080 3299 2133 qua:
3324 2081 3353 2119 a
3390 2070 3665 2136 prudenti-

2090 2155 2191 2208 bus
2220 2154 2374 2215 viris.
2424 2163 2478 2209 et
2509 2154 2899 2209 llebraicarum
2954 2153 3301 2209 traditionum
3332 2160 3535 2225 gnaris,
3580 2170 3665 2213 at-

2088 2261 2193 2315 que
2220 2262 2247 2300 a
2283 2246 2559 2301 veteribus
2591 2247 2863 2316 magistris
2913 2246 3218 2311 didicimus,
3259 2248 3325 2300 ad
3355 2248 3662 2304 auditorum

2090 2336 2338 2389 notitiam
2373 2334 2701 2390 deferemus.
2760 2335 2991 2390 Aiebant
3036 2350 3165 2405 ergo
3214 2337 3466 2406 maio-es,
3518 2340 3660 2409 quod

2089 2430 2321 2496 Moyses,
2351 2430 2441 2495 qui
2473 2430 2556 2499 (ut
2595 2430 2662 2481 de
2691 2442 2755 2482 eo
2786 2426 3070 2497 Scriptura
3106 2431 3360 2500 testatur)
3389 2432 3535 2486 omni
3571 2448 3661 2487 5a-

2088 2524 2289 2593 pientia
2320 2521 2701 2592 Egyptiorum
2733 2520 2905 2576 fuerat
2938 2521 3202 2589 eruditus,
3245 2528 3538 2579 secundum
3572 2542 3661 2579 ar-

1792 2666 2045 2723 VERSIO
2078 2668 2286 2725 NOVA.

411 2777 678 2850 malium,_
705 2781 1044 2849 maximeque
1079 2780 1312 2850 Apelles,
1345 2782 1436 2850 qui
1473 2781 1614 2835 inter
1648 2780 1944 2837 familiares
1988 2781 2279 2838 Marcionis
2328 2781 2449 2848 fuit,
2501 2792 2555 2837 et
2609 2784 2833 2837 alterius
2891 2790 3082 2850 aucior
3126 2780 3418 2839 bmresos.
3463 2781 3563 2837 llic
3601 2796 3660 2839 ut

408 2847 989 2918 MoysisScripturam
1024 2860 1082 2904 ut
1108 2847 1327 2904 iiiinime
1355 2847 1598 2906 sanctam
1636 2853 1964 2918 traduceret,
2000 2854 2080 2907 sic
2119 2847 2604 2908 dubitantis'more
2654 2851 2920 2907 inferebat
2954 2870 2967 2905 :
2998 2848 3119 2905 11ωο
3150 2854 3393 2906 narratio
3428 2855 3656 2907 mendax

410 2928 463 2971 et
482 2917 737 2994 fabulosa
766 2917 869 2981 est,
896 2934 1026 2987 ergo
1054 2921 1165 2994 lucc
1199 2920 1479 2994 Scriptura
1511 2936 1616 2975 non
1647 2933 1815 2994 estex
1842 2917 1995 2994 Deo:
2025 2938 2130 2977 non
2157 2922 2461 2994 intelligens
2490 2922 2644 2991 cujus
2674 2938 2941 2976 mensura:
2969 2922 3089 2974 illos
3114 2930 3384 2994 trecentos
3420 2923 3654 2988 cubitos,

410 2988 566 3061 cujus
597 2990 1022 3061 quinquagenos,
1045 2990 1216 3061 cujus
1245 2991 1486 3045 tricenos
1514 2992 1875 3045 nominaverit
1916 2994 1965 3046 in
1994 2988 2402 3047 constructione
2438 2988 2579 3047 arere
2610 2994 2887 3061 Scriptura
2924 3006 3097 3045 sacra.
3144 2989 3248 3043 Nos
3290 3003 3466 3044 autem
3519 2994 3656 3047 didi-

410 3058 584 3112 cimus
611 3074 639 3130 a
661 3059 914 3127 quopiam
942 3074 1007 3112 ex
1044 3059 1388 3115 Ilebrreorum
1423 3061 1769 3130 peritioribus
1801 3072 2077 3120 trecentos
2114 3063 2331 3117 cubitos
2359 3064 2530 3118 dictos
2560 3058 2911 3129 fuisse'pares
2942 3062 3045 3113 illis
3075 3077 3209 3129 quos
3238 3074 3529 3130 geometrae
3559 3079 3656 3118 vo-

410 3136 559 3193 cant,
590 3127 669 3202 vis
700 3130 1113 3202 quadrangulia
1138 3127 1618 3202 Atricesimo'dncti,
1646 3131 1726 3184 ita
1761 3132 1896 3185 utin
1930 3148 2035 3187 uno
2064 3133 2306 3202 tabulato
2340 3134 2543 3188 fuerint
2582 3127 2871 3202 nonaginta
2902 3131 3064 3202 millia
3096 3127 3400 3185 cubitorum
3435 3141 3652 3187 n-stro-

410 3211 554 3260 tum,
592 3198 1026 3271 similiterquein
1060 3199 1343 3271 latitudine
1373 3201 1480 3254 duo
1510 3200 1656 3271 mille
1684 3202 1968 3269 quingenti
2000 3201 2168 3271 cubiti
2203 3213 2253 3253 et
2285 3205 2336 3257 in
2363 3203 2650 3257 altitudine
2679 3198 2955 3270 nongenti.
2998 3201 3460 3271 Absurdi.~sin:um
3497 3217 3654 3255 nam-

409 3281 514 3340 que
539 3276 685 3340 esset
714 3284 834 3340 eum
867 3268 958 3337 qui
992 3270 1235 3340 eruditus
1271 3269 1449 3324 fuerat
1494 3268 1546 3324 in
1581 3268 1728 3325 omni
1760 3271 2024 3337 sapientia
2056 3270 2435 3339 Egyptiorum
2468 3268 2814 3340 geometrica}
2845 3270 3295 3340 peritissimorum
3349 3271 3650 3333 hom‘num,

407 3336 607 3420 quique
640 3337 690 3389 iu
714 3336 919 3420 antibus
949 3339 1406 3420 regiis_ed.ucatus
1454 3340 1653 3420 fuerat,
1692 3356 1799 3395 non
1829 3336 2026 3395 vidisse
2056 3336 2329 3420 trecentos
2363 3336 2715 3420 longitudinis
2744 3339 2981 3420 cubitos,
3029 3339 3418 3418 quinquaginta
3459 3342 3653 3394 latitu—

406 3405 573 3480 dinis,
604 3416 658 3460 et
687 3409 911 3480 triginta
945 3405 1246 3480 altitudinis
1277 3410 1483 3479 vulgari
1526 3425 1677 3465 more
1705 3421 1980 3480 acceptos,
2029 3427 2095 3464 ne
2121 3418 2352 3478 quatuor
2390 3405 2607 3479 quidem
2640 3409 2962 3480 elephantos
3017 3405 3213 3480 capere
3247 3409 3489 3480 potuisse
3525 3425 3646 3463 cum

408 3474 670 3549 alimento
700 3477 763 3527 ad
792 3492 1003 3549 annum
1030 3478 1316 3549 suilicienti
1349 3474 2296 3549 z'qttandoquidein'praecepitDeus
2328 3488 2385 3531 ut
2409 3474 2536 3532 bina
2556 3486 2611 3533 et
2627 3474 2748 3533 bina
2765 3491 2829 3549 ex
2889 3477 3186 3531 immundis
3229 3474 3552 3533 animalibus
3597 3481 3651 3533 in

409 3543 1046 3619 arcaniingrederentur.
1087 3546 1238 3619 Quod
1266 3543 1984 3619 siiutclaritts'intelligatur
2030 3543 2157 3604 illud
2197 3570 2209 3604 :
2245 3550 2307 3602 In
2339 3559 2618 3619 angustum
2658 3548 2848 3600 sensim
2890 3549 3091 3613 redigas
3121 3563 3321 3619 arcam,
3350 3550 3471 3619 etin
3506 3550 3653 3603 cubi-

409 3622 523 3688 tum
551 3613 781 3688 absolves
824 3614 993 3688 ilium,
1046 3616 1330 3688 architecti
1382 3632 1530 3671 more
1560 3633 1703 3672 arca:
1734 3613 1905 3673 forma
1935 3622 2004 3675 sit
2030 3621 2376 3688 exponenda,
2413 3613 2545 3688 'age,
2590 3618 2665 3671 ita
2709 3631 3070 3683 exponamus.
3115 3615 3301 3688 Cogita
3335 3617 3463 3673 mihi
3508 3637 3651 3675 areae

410 3682 582 3737 imam
636 3682 1053 3752 longitudinem,
1104 3684 1401 3739 secundum
1447 3690 1609 3755 supra
1653 3700 2005 3744 memoratam
2059 3682 2167 3744 vim
2203 3705 2323 3743 esse
2359 3682 2731 3744 trecentorum
2779 3682 3111 3749 cubitorum,
3148 3682 3493 3742 latitudinem
3524 3705 3653 3745 vero

480 3823 591 3894 (76)
634 3823 961 3893 Ἐμάθομεν
1112 3826 1492 3893 ἐννακοσίας.
1556 3826 1714 3884 Hunc
1756 3837 1971 3884 contex-

2088 3848 2170 3886 sas
2210 3831 2372 3886 fuisse
2415 3831 2483 3884 ab
2528 3827 2970 3882 amanuensibus.
3037 3825 3108 3879 Ea
3144 3825 3287 3878 enim
3335 3825 3416 3880 vis
3459 3834 3542 3881 est
3571 3830 3654 3882 vel

410 3900 526 3966 tum
556 3904 760 3966 attente
790 3900 836 3949 si
878 3898 1193 3952 consideres
1222 3898 1581 3966 conferasque
1610 3913 1731 3951 cum
1765 3900 1869 3953 alio
1903 3901 1978 3954 si-

412 3964 523 4017 mili
572 3964 824 4035 Origenis
876 3976 1134 4020 contextu
1192 3982 1222 4020 e
1274 3967 1370 4020 lib.
1400 3984 1451 4021 tv
1495 3964 1702 4022 Contra
1745 3967 1977 4034 Celsum,

414 4048 562 4109 nam.
588 4034 687 4109 41,
708 4051 830 4103 pag.
855 4035 1005 4109 555._
1032 4037 1121 4109 qui
1176 4037 1247 4090 ita
1282 4051 1341 4090 se
1394 4036 1552 4109 liabet
1600 4054 1614 4090 :
1658 4038 1782 4102 Πῶς
1808 4040 1977 4109 δὀὐχὶ

555 4121 610 4156 ον
644 4102 952 4187 θαυμαστὸν
977 4102 1130 4229 ius
1161 4105 1589 4178 κατασκεύασμα
1623 4109 1715 4161 καὶ
1747 4102 1978 4182 μεγίστῖῃ

555 4194 564 4226 ι
612 4175 813 4229 ὲοικόςζ
863 4178 952 4229 Τω
1030 4176 1222 4229 υνάαει
1263 4175 1514 4229 λέγεσθαι
1555 4177 1623 4229 τὰ
1664 4179 1867 4229 ιιέτοα·
1903 4179 1977 4229 ὡς

411 4173 564 4249 πόλει
612 4173 813 4249 ἐοικός
863 4174 952 4246 Τῷ
999 4173 1222 4249 δυνάμει
1248 4173 1526 4249 ’λέγεσθαι
1555 4177 1623 4249 τά
1664 4173 1867 4249 μέτρᾳί·
1903 4173 1977 4243 (DE

411 4244 568 4317 ὲννέα
588 4246 700 4317 μὲν
742 4242 879 4317 είναι
915 4242 1185 4317 μυριάδων
1214 4246 1273 4299 τὸ
1305 4242 1474 4317 μῆκος
1499 4247 1641 4300 κατά
1665 4242 1777 4317 τῆν’
1800 4242 1975 4316 βάσιν,

410 4315 554 4369 κατά
580 4315 637 4368 δὲ
659 4316 719 4367 τὸ
744 4315 941 4377 πλάτος
966 4315 1237 4386 δισχιλίων
1275 4315 1662 4370 πεντακοσίων.
1699 4315 1981 4382 (Quomo-

413 4385 483 4438 do
510 4400 613 4436 non
645 4386 955 4439 admiranda
1009 4385 1184 4453 potius
1228 4397 1312 4441 est
1363 4387 1451 4440 illa
1480 4396 1760 4456 structura
1792 4386 1976 4456 (arcae)

413 4456 665 4508 maxima:
692 4456 806 4510 urbi
841 4456 1068 4510 similis?
1119 4456 1214 4511 llic
1241 4457 1383 4509 enim
1433 4456 1491 4510 fit
1522 4471 1702 4510 sermo
1732 4454 1807 4509 de
1827 4454 1977 4509 man

413 4527 559 4578 suris
597 4526 773 4593 quoad
818 4534 1135 4594 potestatem
1188 4543 1201 4578 :
1253 4525 1326 4578 ita
1359 4536 1420 4579 ut
1452 4526 1594 4580 basis
1631 4525 1784 4595 longa
1816 4525 1995 4579 luerit

416 4596 699 4661 nonaginta
734 4597 898 4648 millia
928 4596 1258 4660 cubitorum,
1290 4595 1393 4648 lata
1424 4608 1605 4649 autem
1635 4596 1717 4649 bis
1752 4596 1897 4648 mille
1925 4606 1980 4649 et
2007 4630 2013 4636 -

412 4663 732 4735 quingentos
757 4668 990 4735 cubitos.
1018 4665 1150 4721 ιρι-ο
1170 4666 1251 4719 bis
1279 4668 1473 4729 verbis,
1502 4666 1729 4735 δύναμις
1748 4665 1843 4718 τοῦ
1870 4666 1979 4718 ἀπὸ

410 4732 856 4807 τοῦ-τριακοστοῦ
884 4736 1247 4807 τετραγώνου,
1279 4753 1298 4785 ι
1326 4735 1404 4789 vis
1427 4732 1778 4807 quadranguli
1815 4752 1843 4807 a
1878 4738 1977 4807 tri-

414 4803 616 4875 cesimo
646 4805 814 4875 ducti,
843 4823 861 4856 ι
898 4803 1175 4875 legendum
1231 4808 1439 4859 videtur
1473 4804 1700 4875 δύναμις
1746 4804 1841 4875 τοῦ
1870 4805 1978 4858 ἀπὸ

412 4873 504 4926 τοῦ
537 4873 850 4955 τριακοσίου
874 4873 1238 4955 τετραγώνου,
1270 4893 1288 4924 ι
1318 4876 1398 4929 vis
1427 4873 1776 4955 qttadi'augitli
1813 4890 1841 4926 a
1879 4886 1983 4929 tre-

412 4946 711 4998 centesimo
740 4944 909 5009 ducti,
937 4964 955 4996 ι
980 4944 1076 4997 vel
1125 4945 1348 5014 δύναμις
1374 4944 1466 4998 τοῦ
1495 4944 1601 4998 ἀπὸ
1628 4944 1721 4996 τοῦ
1757 4961 1980 5014 τριακο-

413 5013 549 5078 σίου,
597 5014 693 5087 καὶ
740 5014 1125 5087 πεντηκοστοῦ,
1184 5013 1279 5069 καὶ
1322 5013 1640 5087 τριακοστοῦ
1703 5013 1976 5087 τετραγώ-

412 5101 524 5146 νου,
566 5103 584 5135 ι
614 5085 693 5137 vis
738 5083 1088 5153 quadranguli
1140 5099 1169 5138 a
1217 5083 1616 5149 trecentesimo,
1656 5096 1709 5138 et
1752 5100 1781 5138 a
1813 5086 1976 5148 quin-

411 5155 958 5248 quagesiinohatque.
984 5171 1013 5208 a
1064 5155 1343 5224 trigesimo
1378 5155 1711 5210 ducti.iCum
1741 5154 1972 5248 enimlea
2011 5193 2051 5248 υ

413 5240 565 5279 mens
616 5223 691 5279 sit
741 5224 1010 5293 Origenis,
1038 5235 1097 5279 ut
1141 5223 1409 5279 mensum
1456 5241 1614 5288 arcae,
1650 5226 1837 5293 quales
1883 5226 1976 5277 de-

411 5295 724 5347 scribuntur
756 5295 805 5346 in
837 5294 1051 5356 Genesi,
1112 5309 1216 5347 non
1274 5294 1566 5363 vulgariter
1594 5311 1689 5348 seu
1722 5296 1787 5347 ad
1826 5294 1973 5347 litte-

414 5371 550 5424 ram,
577 5363 840 5430 sedjuxta
873 5364 978 5416 vim
1015 5363 1096 5417 vel
1132 5371 1450 5430 potestatem
1496 5363 1847 5433 quadranguli
1881 5380 1976 5417 ar-

410 5433 702 5500 cipiantur,
732 5436 811 5484 vel
866 5433 1146 5499 legendum
1178 5433 1283 5486 erit
1315 5434 1677 5499 τριακοσίων,
1723 5433 1863 5500 quod
1895 5442 1978 5487 est

412 5513 654 5572 potestas
683 5504 1030 5572 longitudinis
1060 5514 1221 5560 arcae,
1269 5504 1350 5553 vel
1385 5504 1438 5572 si
1463 5504 1657 5572 legeris
1687 5516 1968 5568 τριακοσ-

409 5570 541 5637 τοῦ,
576 5574 680 5627 erit
729 5570 1097 5625 tantummodo
1127 5578 1364 5637 potestas
1395 5570 1715 5637 altitudinis,
1760 5583 1815 5625 et
1846 5588 1975 5639 sup-

412 5645 713 5709 ponendum
763 5644 863 5693 erit
914 5656 1073 5693 voces
1120 5639 1430 5711 τριακοσίου
1461 5650 1535 5711 et
1580 5640 1969 5711 πεντηκοστοῦ,

411 5712 556 5780 quod
583 5723 661 5763 est
710 5723 947 5780 potestas
982 5710 1326 5780 longitudinis
1353 5720 1403 5761 et
1460 5710 1775 5774 latitudinis,
1806 5713 1971 5765 omis-

2086 3912 2323 3971 potestas
2353 3899 2730 3971 quadranguli,
2768 3898 2811 3971 si
2846 3897 3054 3950 numeri
3104 3894 3528 3971 multiplicemur
3558 3913 3654 3971 per

2085 3964 2424 4041 semctipsos.
2488 3964 2657 4024 Porro
2685 3968 2733 4041 si
2769 3967 2848 4022 sic
2902 3965 3129 4020 trecenti
3160 3965 3328 4020 cubiti
3362 3964 3656 4034 longitudi-

2085 4042 2168 4095 nis
2211 4039 2351 4095 arcae
2400 4056 2496 4109 per
2541 4039 2801 4109 eumdem,
2847 4051 3131 4109 numerum
3188 4042 3651 4101 trecentesimum,

2084 4121 2139 4166 et
2194 4106 2585 4180 quinquaginta
2640 4107 2820 4180 cubiti
2866 4106 3170 4180 intitudinis
3213 4120 3314 4180 per
3364 4122 3647 4180 numerum

2083 4175 2608 4250 quinquagesiumm,
2659 4186 2712 4231 et
2758 4176 3171 4250 trigintacubiti
3226 4175 3525 4250 aititudinis
3558 4192 3659 4250 per

2086 4245 2369 4305 numerum
2399 4250 2729 4315 trigesimum
2766 4245 3207 4312 multiplicantur,
3242 4246 3442 4297 dabunt
3476 4246 3654 4299 90000

2086 4319 2294 4375 cubitus
2340 4318 2708 4387 longitudinis,
2757 4316 2898 4369 9.500
2932 4315 3358 4387 latitudinistet
3394 4315 3496 4369 900
3526 4317 3651 4387 alt:-

2088 4388 2305 4452 tndinis,
2355 4382 2497 4457 quod
2554 4396 2738 4457 aperie
2789 4384 3224 4457 _exprimit_ipse‘
3267 4382 3559 4457 Q_r2gettes__
3598 4386 3649 4457 iu

2088 4468 2315 4526 utroque
2345 4453 2620 4512 cirn’cxtu.
2662 4456 2756 4509 llis
2788 4453 3167 4526 ita’expositis,
3204 4453 3357 4507 facile
3394 4453 3651 4523 intelligi-

2086 4536 2174 4581 tur
2221 4524 2494 4597 quomodo
2547 4528 2743 4579 dixerit
2808 4524 3072 4597 Origenes
3131 4534 3270 4577 arca:
3320 4533 3652 4597 structuram

2089 4594 2329 4652 inanima:
2358 4598 2476 4651 urbi
2503 4597 2754 4650 similem.
2806 4596 2919 4649 Imo
2943 4609 3042 4649 nec
3071 4604 3176 4648 tam
3225 4594 3403 4662 ampla
3430 4595 3652 4663 quidem

2087 4684 2311 4737 ttsquntn
2349 4666 2561 4722 exstitit
2611 4666 2762 4721 urbs.
2815 4664 2960 4737 Pone
3005 4666 3145 4719 enim
3174 4664 3417 4737 cubitum
3463 4680 3530 4716 ex
3562 4665 3654 4717 dc-

2085 4736 2201 4791 ccm
2251 4747 2310 4817 ei
2340 4748 2474 4817 octo
2502 4745 2709 4817 tantum
2750 4736 3032 4817 poiiicibus
3064 4744 3320 4817 constare
3348 4736 3536 4817 (quem
3568 4745 3652 4783 ta-

2086 4823 2209 4861 men
2261 4806 2326 4863 ῐὶ.
2360 4808 2421 4861 Ρ.
2456 4805 2607 4860 Lami
2659 4801 2849 4875 viginti
2908 4806 3202 4875 pollicibus
3242 4801 3381 4875 apud
3436 4801 3654 4875 «ΙιηΙςιαοε

2083 4877 2392 4933 constitisse
2423 4878 2621 4945 docet).
2657 4871 2833 4931 90000
2866 4871 3034 4929 cubiti
3069 4871 3414 4947 longitudinis
3444 4873 3651 4947 consti-

2088 4956 2239 5002 luent
2270 4963 2451 5003 arcam
2479 4943 2686 5002 155000
2713 4951 2907 5016 pedum
2940 4954 3249 5016 nostrorum
3278 4943 3510 5016 iungam,
3536 4943 3653 4993 sive

2082 5017 2260 5072 27000
2313 5032 2571 5088 passuum
2622 5010 3099 5088 geometricorum,
3134 5010 3408 5088 __videlicet
3458 5024 3651 5088 novent

2086 5083 2360 5143 leucarum
2399 5103 2464 5143 ex
2513 5083 2685 5159 tribus
2721 5085 2958 5142 millibus
3001 5083 3252 5159 passibus
3302 5083 3652 5159 geometricis

2085 5162 2473 5213 constantiam.
2517 5158 2668 5222 Quod
2703 5171 2831 5211 sane
2869 5168 2934 5207 ne
2986 5148 3275 5206 verisimile
3295 5149 3511 5222 quidem
3541 5157 3649 5203 est.

2083 5227 2189 5282 Sed
2235 5231 2370 5283 satis
2419 5219 2670 5282 habuisse
2722 5227 2932 5280 videtur
2984 5222 3248 5290 Origenes
3297 5221 3340 5271 si
3392 5219 3546 5275 Celso
3595 5229 3652 5273 et

2079 5298 2251 5365 Apelli
2308 5312 2491 5352 arcam
2544 5295 2900 5365 irridentibus
2951 5302 3222 5365 utcunque
3274 5299 3649 5365 respondere}.

2082 5358 2230 5440 illinc
2257 5367 2693 5440 observationem
2731 5358 2901 5440 nobi_s_
2930 5361 3339 5440 suppeditarunt
3385 5362 3505 5440 ιιιι.
3543 5358 3651 5440 Ριξ.

2078 5437 2371 5492 Societatis
2419 5435 2545 5490 Jesu
2583 5436 2636 5488 in
2691 5450 2791 5490 suo
2834 5431 3023 5486 Diurio
3062 5430 3396 5485 Trevoltiemi
3449 5430 3651 5485 mensis

2081 5506 2395 5561 Decembris
2429 5505 2556 5560 anni
2587 5504 2742 5567 1740,
2776 5519 2899 5575 pag.
2924 5502 3090 5558 2355.

2150 5576 2262 5648 (77)
2301 5576 2453 5648 Quod
2478 5585 2574 5642 est,
2614 5571 3039 5648 paria'se'ptena.
3103 5571 3226 5627 llaec
3261 5588 3378 5642 qum
3409 5572 3457 5626 iu
3491 5578 3651 5628 antea

2079 5647 2249 5701 editis
2274 5647 2476 5703 omissa
2513 5657 2661 5710 sunt,
2696 5647 3011 5717 Sttpplt'nlttt‘
3039 5660 3068 5699 e
3097 5657 3228 5698 titss.
