4180 6216
529 286 660 390 μέτ’

1970 315 2300 375 ORIGENIS

3675 313 3770 370 163

533 459 636 504 tem
663 447 1068 515 geontetricam,
1098 459 1258 514 quam
1291 441 1560 511 pnecipue
1595 439 1836 510 Egyptii
1878 439 2094 506 callent,

2211 438 2296 491 τοῦ
2315 438 2632 509 τρανότερον
2651 436 2838 506 νοῆσαι
2857 434 2938 499 τὸ,
2955 434 3340 502 ἐπισυνὰγων
3365 432 3633 500 ποιήσεις
3659 436 3768 503 τὴν

528 547 834 592 cubitorum
867 549 1148 588 numerum
1186 534 1236 584 in
1273 534 1374 586 hoc
1409 534 1524 586 loco
1553 533 1748 601 posuit.
1788 531 1944 600 Apud
1973 547 2101 600 geo-

531 637 733 682 metras
784 626 894 695 (78)
942 624 1084 676 enim
1130 624 1429 675 secundum
1475 640 1594 676 eam
1645 623 1932 684 rationem,
1983 637 2103 689 qua:

529 720 674 784 apud
702 733 796 771 eos
829 718 1002 771 virtus
1028 729 1377 780 voc-attineat
1413 715 1586 769 solido
1620 724 1674 767 et
1720 712 1988 781 quadrato
2021 712 2101 764 vel

531 808 586 862 in
634 824 728 861 sex
762 807 974 860 cubitos
1027 822 1166 858 unus
1213 806 1504 872 deputatur
1543 803 1587 856 si
1635 803 1980 872 generaliter,
2021 801 2101 854 \‘cl

532 909 805 951 trecentos
848 898 891 950 si
927 896 1233 949 minutatim
1269 895 1586 948 deducatur.
1628 892 1758 959 Quae
1795 892 1978 960 utique
2018 906 2105 943 ra-

533 987 608 1042 tio
639 988 683 1042 si
717 989 1061 1049 observetur,
1093 987 1142 1038 in
1176 985 1336 1054 hujus
1369 999 1510 1036 arca:
1537 998 1789 1036 mensura
1827 981 2102 1034 invenien-

533 1091 619 1135 tur
649 1090 702 1134 et
733 1079 1083 1147 longitudinis
1131 1087 1186 1131 et
1219 1077 1518 1132 latitudinis
1567 1086 1712 1130 tanta
1751 1074 1950 1142 spatia,
1984 1089 2103 1140 quae

533 1190 658 1228 vere
692 1175 856 1226 totius
892 1173 1075 1224 mundi
1113 1171 1412 1240 reparanda
1442 1168 1691 1238 germina
1725 1177 1780 1220 et
1824 1165 2104 1219 universo-

537 1279 652 1317 rum
707 1263 1065 1316 animantium
1115 1276 1310 1331 capere
1360 1259 1596 1312 rediviva
1647 1258 1754 1328 63
1803 1257 2101 1310 seminaria

534 1355 828 1422 potuerint.
897 1352 1041 1418 Haec,
1074 1361 1332 1420 quantum
1360 1350 1430 1402 ad
1463 1349 1700 1402 historia:
1747 1348 1982 1416 pertinet
2012 1361 2097 1399 ra-

535 1433 757 1507 tionem,
812 1446 1096 1496 adversum
1139 1457 1231 1494 eos
1282 1441 1422 1493 dicta
1462 1440 1590 1502 sint,
1642 1439 1733 1507 qui
1785 1437 2103 1508 impugnare

535 1535 833 1603 scripturas
885 1532 1095 1587 Veteris
1152 1530 1484 1583 Tcstamenti
1533 1529 1798 1594 nituntur,
1848 1539 2100 1597 tanquam

536 1625 889 1695 impossibilia
940 1624 1185 1694 quaedam
1251 1631 1306 1676 et
1358 1619 1754 1676 irrationabilia
1813 1621 2101 1675 continen-

538 1729 637 1772 lCS.

2206 526 2472 590 κιϐωτὸν,
2501 527 2599 579 καὶ
2629 528 2715 591 εἰς
2746 525 2954 594 πῆχυν
2986 523 3379 586 σ-υντελέσεις
3405 521 3601 589 αὐτὴν
3629 522 3774 574 ἄνω-

2206 618 2330 678 θεν,
2349 614 2600 667 ἐκθέσθαι
2620 614 2711 667 τὸν
2727 615 2886 666 οἱονεὶ
2904 612 3338 684 ἀρχιτεκτονικὸν
3356 611 3596 681 περὶτῆς
3614 611 3774 663 κιϐω-

2203 706 2296 758 τοῦ
2338 707 2510 773 λόγον,
2548 705 2700 776 φέρε,
2744 705 2818 767 ὡς
2853 703 3243 756 ὑπο-πέπτωκεν
3285 703 3436 771 ἡμῖν,
3480 700 3576 753 καὶ
3604 718 3778 771 μεμα-

2205 795 2471 866 οήκαμεν,
2503 795 2662 851 αὑτὸν
2696 793 3002 864 ὲκθώμεθα.
3043 794 3172 846 Νόει
3201 809 3288 862 μοι
3311 792 3642 862 τριακοσίων
3671 791 3779 859 πὴο

2205 903 2344 956 χεων
2387 887 2494 939 τῶν
2538 887 2840 958 εἰρημένων
2870 885 3011 940 κατὰ
3054 885 3150 956 τὴν
3183 885 3520 955 καλουμένην
3549 883 3778 953 δύναμιν

2204 974 2341 1032 εἶναι
2385 978 2680 1031 κατωτάτω
2724 980 2786 1031 τὸ
2825 979 2923 1048 τῆς
2949 975 3177 1031 κιϐωτοῦ
3209 975 3402 1046 μῆκος,
3450 975 3546 1028 καὶ
3579 977 3777 1044 πεντή-

2206 1085 2370 1123 κοντα
2404 1068 2634 1132 πλάτοςο
2688 1065 2804 1122 εἶτα
2853 1068 2992 1122 κατὰ
3019 1067 3196 1137 πῆχυν
3236 1064 3652 1133 ὲπισυνάγεσθαι
3679 1063 3774 1116 τοῦ

2211 1159 2310 1230 μὲν
2345 1158 2554 1229 μήκους
2597 1157 2727 1211 δέκα
2779 1159 2993 1229 πήχεις,
3023 1159 3116 1211 τοῦ
3171 1158 3228 1211 δὲ
3281 1157 3534 1221 πλάτους,
3563 1155 3659 1209 ἕνα
3694 1155 3777 1207 δί-

2208 1267 2394 1321 μοιρον
2421 1267 2438 1285 ο
2468 1251 2606 1304 ὥστε
2632 1249 2878 1318 γενέσθαι
2899 1250 2988 1303 τὸν
3021 1249 3338 1322 τριακοστὸν
3360 1246 3642 1316 τοῦ,ὕψους
3670 1245 3776 1314 πῆ-

2206 1359 2326 1411 χυν,
2355 1341 2486 1394 δέκα
2521 1342 2620 1411 μὲν
2645 1342 2738 1394 τοῦ
2779 1343 3010 1412 μήκους,
3042 1341 3157 1404 ἐνὸς
3191 1341 3247 1394 δὲ
3276 1341 3368 1394 καὶ
3409 1339 3650 1409 διμοίρου
3682 1337 3774 1390 τοῦ

2206 1431 2441 1493 πλάτους
2462 1449 2474 1461 ·
2507 1432 2626 1484 εἶτα
2676 1432 2812 1502 μετὰ
2853 1431 3010 1484 τοῦτο
3058 1430 3468 1500 συντελεσθῆναι
3494 1429 3570 1491 εἰς
3602 1427 3778 1497 πῆχυν

2205 1525 2303 1595 τὴν
2339 1524 2773 1594 ἐπισυναγωγὴν.
2813 1523 2877 1576 Ei
2909 1523 2964 1576 δέ
2993 1541 3068 1593 τῳ
3097 1522 3270 1592 βιαῖος
3298 1518 3434 1574 εἶναι
3467 1520 3593 1593 δόξῃ
3619 1520 3646 1570 ὁ
3675 1519 3778 1588 πῆ-

2206 1634 2304 1686 χυς
2343 1616 2660 1686 τριακοστὸς
2686 1613 2781 1679 ὢν,
2811 1615 2904 1668 καὶ
2929 1613 3141 1686 πρῶτος
3173 1613 3246 1666 ὢν
3270 1613 3363 1666 τοῦ
3393 1612 3578 1680 ὕψους,
3607 1627 3778 1680 1:903-

2205 1710 2376 1780 εχέτω
2398 1710 2462 1778 τῇ
2507 1707 2648 1773 λέξει
2679 1707 2930 1780 λεγούσῃ,
2967 1706 3065 1759 καὶ
3092 1705 3405 1774 τριάκοντα
3434 1704 3673 1774 πήχεων
3712 1703 3779 1754 τὸ

533 1807 691 1876 ὕψος
714 1804 918 1872 αὐτῆς,
949 1805 1332 1876 ἐπισυνάγων
1356 1804 1630 1870 ποιήσεις
1653 1801 1769 1870 τὴν
1800 1799 2070 1863 κιϐωτὸν,
2097 1798 2196 1854 καὶ
2224 1801 2313 1864 εὶς
2357 1797 2565 1866 πῆχυν
2580 1795 2972 1863 συντελέσας
2999 1796 3215 1864 αὑτήν.
3259 1792 3426 1876 Οἶμαι
3447 1797 3554 1868 γὰρ
3577 1797 3774 1866 ἐμφαι-

534 1899 718 1952 vestiat
757 1898 892 1968 μετὰ
918 1899 997 1960 τὸ,
1027 1897 1124 1949 καὶ
1178 1896 1490 1972 τριάκοντα
1538 1896 1780 1964 πήχεων
1828 1891 1897 1944 τὸ
1942 1891 2119 1959 ὕψος,
2169 1890 2258 1942 τὸν
2293 1889 2506 1960 πρῶτον
2535 1888 2645 1957 ⁵καὶ
2697 1889 3015 1958 τριακοστὸν
3048 1888 3245 1958 πῆχυν,
3290 1887 3377 1941 διὰ
3413 1888 3657 1958 solem!
3692 1890 3776 1952 εἰς

534 1993 738 2063 πῆχυν
765 1994 1155 2058 συντε.-ἶέσεις
1181 1993 1374 2059 αὐτὴν
1401 1991 1648 2046 ἄνωθεν.

1902 2051 2152 2108 VERSIO
2189 2051 2396 2108 NOVA.

538 2157 974 2230 quinquaginta;
1012 2153 1204 2208 deinde
1243 2168 1341 2222 per
1377 2151 1628 2230 singulos
1673 2149 1890 2230 cubitos
1929 2145 2434 2230 arcamﬂsecundum
2467 2144 2858 2226 longitudinem
2886 2146 3078 2226 .minni.
3114 2146 3302 2202 decem
3332 2147 3552 2212 cubitis,
3585 2162 3777 2202 secun-

535 2214 663 2284 dum
695 2214 1034 2279 iati‘t'udiuem
1068 2214 1270 2286 autem,
1317 2239 1422 2275 uno
1459 2214 1642 2274 (abito
1670 2230 1726 2274 et
1755 2219 1964 2272 duabus
1999 2216 2176 2286 tertiis
2215 2214 2588 2286 partibus,iita
2623 2225 2680 2267 ut
2715 2215 3024 2286 tricesimus
3065 2217 3118 2269 in
3159 2218 3440 2270 cacumine
3467 2220 3680 2273 cubitus
3711 2236 3777 2273 ex

537 2300 726 2353 decem
753 2296 806 2348 in
841 2295 1200 2363 longitudine,
1232 2283 1396 2363 atque
1434 2307 1499 2346 ex
1527 2307 1635 2363 uno
1667 2305 1732 2363 ae
1763 2287 1971 2341 duabus
2011 2285 2186 2363 tertiis
2218 2283 2464 2353 partibus
2487 2285 2537 2337 iu
2574 2283 2857 2363 latitudine
2889 2284 2982 2363 ﬁat
3003 2301 3016 2349 ;
3038 2286 3234 2363 deinde
3269 2301 3396 2341 vero
3433 2289 3776 2342 imminutam

539 2370 620 2422 sic
666 2380 848 2418 arcam
883 2354 961 2416 ιη’
981 2354 1225 2417 cubitum
1259 2354 1528 2415 desinere.
1568 2359 1624 2412 Si
1652 2359 1735 2411 cui
1767 2365 1947 2426 autem
1977 2355 2245 2426 violenter
2279 2367 2573 2426 expressus
2606 2355 2818 2426 videtur
2865 2354 3175 2426 trigesimus
3204 2357 3416 2411 cubitus
3450 2357 3542 2426 qui
3591 2358 3641 2411 in
3679 2371 3773 2411 ca-

538 2436 752 2491 cumine
782 2442 919 2495 erat,
957 2433 1003 2487 is
1037 2433 1277 2484 altendat
1301 2432 1427 2484 huic
1462 2429 1680 2481 lectioni
1722 2449 1731 2480 :
1769 2424 1833 2477 Et
1859 2427 2075 2497 triginta
2101 2425 2402 2497 cubitorum
2433 2423 2836 2497 altitudo-ejus;
2864 2423 3223 2497 inj'angustum
3246 2427 3435 2479 sensim
3467 2423 3663 2497 redige:
3687 2443 3775 2478 ar-

539 2521 680 2569 eam,
723 2513 769 2557 et
801 2506 856 2556 in
884 2493 1116 2555 cubitum
1162 2501 1393 2553 absolves
1423 2499 1595 2551 illam.
1637 2497 1905 2550 Existimo
1929 2493 2074 2569 enim
2108 2493 2525 2569 declarariupost
2558 2494 2708 2569 illud,
2735 2504 2782 2546 et
2810 2493 3032 2569 triginta
3071 2496 3360 2569 cubitorum
3387 2493 3635 2562 altitudo,
3667 2498 3778 2565 pri-

541 2562 686 2629 mum
721 2573 869 2626 illum
901 2573 1143 2625 cubitum
1177 2571 1265 2637 qui
1313 2569 1626 2640 trigesimus
1658 2575 1798 2628 erat,
1827 2580 1921 2632 per
1957 2566 2073 2618 hate
2103 2565 2268 2617 verba
2308 2581 2321 2616 :
2358 2562 2428 2616 Et
2461 2563 2516 2615 in
2540 2562 2770 2616 cubitum
2801 2564 3032 2617 absolves
3072 2565 3220 2618 illam
3255 2567 3496 2634 desuper.

607 2668 660 2722 5.
695 2665 848 2719 Nunc
877 2677 1005 2718 vero
1035 2663 1147 2731 jam
1176 2662 1528 2730 deprecantes
1573 2673 1699 2712 eum
1732 2657 1882 2727 prius
1903 2655 1994 2724 qui
2025 2667 2116 2708 so—
2149 2657 2193 2716 B
2224 2663 2310 2707 tur
2338 2667 2470 2724 ergo
2499 2653 2729 2724 pepulus
2762 2655 2851 2708 hic
2877 2655 2970 2724 qui
3004 2654 3246 2710 salvatur
3284 2657 3339 2711 in
3375 2657 3634 2726 Ecclesia,
3673 2659 3778 2714 illis

539 2761 625 2816 lus
647 2768 827 2830 potest
869 2759 933 2813 de
979 2756 1210 2813 lectione
1240 2755 1451 2809 Veteris
1505 2753 1840 2807 Testamenti
1896 2747 2111 2802 auferre

542 2853 812 2912 velamen,
841 2861 1111 2904 tentemus
1162 2847 1443 2916 inquirere
1472 2844 1600 2914 quid
1645 2842 1804 2898 etiam
1853 2837 2112 2910 spiritalis

541 2939 921 2997 mdiﬁcationis
945 2938 1221 2993 contineat
1244 2933 1528 3007 magniﬁca
1556 2933 1670 2987 haec
1694 2945 1832 2985 arca:
1862 2939 2116 2984 constru—

541 3035 670 3089 ctio.
703 3032 836 3088 Puto
869 3046 1000 3099 ergo
1034 3028 1135 3098 (ut
1167 3043 1266 3097 ego
1313 3043 1409 3097 pro
1459 3024 1729 3096 parvitate
1765 3037 1960 3077 sensus
2011 3019 2112 3074 mei

543 3124 760 3193 assequi
793 3120 1044 3192 possum)
1079 3121 1221 3188 quod
1251 3118 1380 3173 illud
1421 3115 1706 3179 diluvium,
1737 3129 1845 3183 quo
1877 3126 2013 3180 pene
2052 3109 2116 3164 ti-

544 3216 628 3272 nis
663 3226 787 3269 tunc
831 3216 986 3268 datus
1014 3222 1100 3268 est
1127 3211 1355 3276 mundo,
1389 3209 1621 3264 formam
1656 3214 1836 3261 teneat
1885 3205 2006 3257 linis
2053 3201 2118 3256 il-

543 3308 648 3363 lius
697 3307 789 3377 qui
839 3320 964 3359 vere
1011 3305 1227 3358 futurus
1269 3310 1354 3357 est
1390 3301 1578 3354 mundi
1617 3299 1680 3354 ³³.
1711 3297 1862 3364 Quod
1909 3305 1965 3350 et
2001 3295 2118 3364 ipse

544 3397 811 3450 Dominus
830 3392 1199 3465 pronuntiavit
1228 3391 1418 3444 dicens
1452 3406 1467 3441 :
1502 3388 1651 3443 Sicut
1679 3386 1818 3441 enim
1848 3385 1902 3436 in
1933 3381 2114 3434 diebus

549 3486 665 3540 Noe
705 3488 963 3553 emebant,
1000 3485 1309 3547 vendebant,
1357 3478 1718 3548 wdiﬁcabant,
1767 3475 2027 3528 nubebant
2067 3481 2116 3524 et

545 3589 765 3649 nuptum
798 3579 1100 3641 tradebant,
1129 3587 1175 3630 et
1202 3576 1337 3630 venit
1365 3573 1645 3638 diluvium,
1681 3579 1727 3626 et
1755 3568 1980 3639 perdidit
2005 3581 2115 3618 ont-

547 3687 658 3734 πει,
687 3671 761 3724 ita
793 3669 891 3723 erit
921 3679 968 3722 et
1007 3669 1258 3721 adventus
1299 3663 1428 3718 Filii
1459 3664 1706 3718 hominis.
1753 3660 1811 3714 In
1857 3674 1964 3729 quo
2002 3658 2118 3712 evi-

547 3766 738 3820 denter
795 3777 898 3816 una
951 3761 1249 3830 eademque
1297 3758 1469 3812 forma
1511 3755 1736 3821 diluvii,
1786 3752 1932 3823 quod
1977 3765 2116 3820 pra:-

545 3855 728 3918 cessit,
763 3864 818 3906 et
861 3852 985 3905 tinis
1024 3851 1210 3904 mundi
1254 3865 1415 3917 quem
1463 3856 1745 3900 venturum
1781 3845 1937 3908 dicit,
1971 3841 2116 3897 desis

546 3955 761 4017 gnatur.
793 3944 945 3999 Sicut
983 3955 1114 4009 ergo
1146 3949 1275 3992 tunc
1312 3939 1515 3990 dictum
1551 3945 1638 3990 est
1671 3935 1736 3987 ad
1786 3935 1932 3987 illum
1978 3932 2110 3997 Noe,

2215 2745 2490 2813 omnibus,
2520 2745 2635 2802 site
2655 2747 2985 2811 hominibus,
3013 2747 3129 2803 sive
3158 2749 3506 2817 animalibus,
3533 2765 3652 2820 qua:
3673 2752 3777 2806 sal-

2215 2847 2338 2892 vata
2382 2848 2507 2894 sunt
2532 2839 2584 2893 in
2612 2855 2760 2894 arca.
2792 2839 2992 2895 Verum
3016 2842 3270 2909 quoniam
3299 2857 3405 2896 non
3435 2853 3518 2898 est
3541 2844 3776 2898 omnium

2218 2947 2385 2987 unum
2418 2933 2695 3000 meritum,
2723 2947 2822 2988 nec
2861 2948 3000 2988 unus
3031 2933 3084 2987 in
3119 2935 3221 2988 ﬁde
3251 2935 3550 3003 protectus,
3581 2938 3780 2993 idcirco

2215 3031 2270 3076 et
2299 3037 2426 3076 arca
2456 3023 2544 3076 illa
2575 3037 2679 3077 non
2712 3039 2872 3077 unam
2905 3023 3108 3093 praebet
3135 3026 3390 3080 omnibus
3419 3029 3779 3091 mansionem,

2216 3113 2314 3168 sed
2342 3115 2673 3168 bieamerata
2702 3124 2828 3169 sunt
2855 3115 3131 3183 inferiora,
3157 3126 3210 3171 et
3244 3118 3585 3173 tricamerata
3619 3136 3781 3190 supe-

2217 3204 2382 3268 riora,
2414 3215 2469 3259 et
2499 3205 2607 3260 nidi
2637 3206 3040 3276 distinguuntur
3063 3208 3114 3262 in
3143 3224 3205 3264 ea
3233 3225 3247 3263 :
3285 3219 3343 3264 ut
3367 3212 3616 3266 ostendat
3655 3213 3781 3282 quia

2214 3305 2271 3350 et
2303 3297 2355 3350 in
2386 3296 2623 3352 Ecclesia
2655 3297 2778 3352 licet
2799 3314 2986 3354 omnes
3013 3299 3153 3354 intra
3203 3316 3360 3354 unam
3405 3301 3562 3357 [idem
3598 3306 3746 3359 conti
3770 3339 3784 3346 -

2221 3400 2475 3456 neantur,
2509 3399 2671 3456 atque
2717 3407 2825 3446 uno
2865 3390 3194 3462 baptismate
3223 3394 3521 3460 diluantur,
3557 3409 3664 3450 non
3695 3407 3782 3450 ta-

2217 3496 2337 3536 men
2369 3498 2506 3537 unus
2553 3484 2806 3539 omnibus
2851 3496 3014 3555 atque
3049 3487 3188 3540 idem
3231 3487 3503 3556 protectus
3536 3501 3641 3553 εει,
3689 3492 3781 3546 sed

2216 3574 2588 3643 unusquisque
2630 3575 2682 3628 in
2717 3589 2814 3629 suo
2844 3575 3059 3630 ordine.
3088 3576 3150 3630 lli
3184 3579 3420 3646 quidem,
3451 3579 3544 3648 qui
3569 3595 3665 3649 per
3697 3598 3782 3634 ra-

2219 3663 2533 3720 tionabilem
2559 3664 2842 3719 scientiam
2876 3666 3068 3720 vivunt
3107 3676 3162 3721 et
3191 3668 3365 3723 idonei
3396 3679 3520 3723 sunt
3551 3685 3656 3726 non
3687 3686 3780 3725 so-

2216 3754 2325 3809 lum
2345 3756 2665 3826 semetipsos
2691 3772 2895 3828 regere,
2928 3761 3022 3812 sed
3046 3765 3100 3811 et
3120 3757 3256 3813 alios
3280 3759 3497 3824 docere,
3524 3760 3779 3828 quoniam

2217 3847 2373 3902 valde
2406 3849 2560 3917 pauci
2613 3847 2977 3913 inveniuntur,
3027 3862 3323 3917 paucorum
3361 3848 3472 3920 (79)
3513 3850 3605 3919 qui
3656 3865 3782 3905 cum

2219 3935 2338 4005 ipso
2370 3935 2480 3991 Noe
2527 3938 2826 4005 salvantur,
2879 3948 2933 3994 et
2983 3939 3229 4008 proxima
3274 3941 3324 3996 ei
3366 3943 3783 4012 propinquitate

548 4047 604 4091 ut
634 4037 843 4092 facere!
863 4047 1067 4097 arcam.
1093 4040 1147 4084 ει
1175 4027 1546 4092 introduceret
1577 4026 1627 4078 in
1650 4039 1767 4078 eam
1798 4037 1979 4076 secum
2004 4036 2110 4076 ηοιι
2136 4023 2178 4079 C
2210 4027 2530 4097 junguntur,
2566 4040 2749 4085 tenent
2780 4035 3003 4101 liguram
3036 4050 3049 4086 :
3075 4034 3215 4088 sicut
3236 4042 3288 4088 et
3321 4032 3581 4090 Dominus
3603 4047 3784 4090 noster

545 4130 718 4190 solum
759 4127 920 4190 ﬁlios,
943 4134 997 4179 et
1024 4125 1304 4194 proximos
1327 4135 1476 4184 suos,
1506 4133 1693 4173 verum
1719 4116 1883 4170 etiam
1913 4114 2113 4169 diversi

546 4219 764 4293 generis
799 4217 1058 4272 animalia
1091 4230 1105 4267 :
1145 4215 1220 4269 ita
1265 4212 1430 4268 etiam
1465 4213 1532 4266 ad
1575 4219 1818 4266 nostrum
1861 4205 1995 4271 Noe,
2025 4207 2115 4275 qui

547 4328 676 4367 vere
711 4309 1053 4378 solusjustus
1080 4316 1134 4362 et
1159 4306 1308 4362 solus
1353 4303 1629 4375 perfectus
1667 4311 1772 4365 est,
1830 4300 2114 4354 Dominqu

546 4401 727 4457 .lesum
755 4400 1028 4456 Christum
1068 4399 1122 4452 in
1161 4396 1630 4456 consummatione
1671 4390 1986 4448 sucularum
2035 4389 2116 4443 di-

548 4503 695 4550 ctum
721 4504 808 4548 est
833 4509 864 4546 a
890 4492 1076 4558 Patre,
1111 4501 1170 4546 ttt
1215 4491 1419 4546 faceret
1447 4487 1562 4543 sibi
1608 4500 1793 4540 arcam
1843 4499 1910 4537 ex
1957 4481 2116 4552 lignis

549 4586 852 4657 quadratis,
885 4593 940 4639 et
963 4588 1261 4655 lmensuras
1300 4583 1347 4635 ei
1386 4581 1540 4634 daret
1573 4576 1889 4631 cmlestibus
1924 4587 2114 4626 sacra-

552 4677 752 4733 mentis
809 4675 1063 4746 replelas.
1116 4672 1231 4727 lloc
1272 4671 1414 4725 enim
1449 4668 1764 4732 designatur
1815 4662 1867 4716 in
1901 4660 2116 4724 Psalmo

549 4765 1000 4824 ubidicit“:l’ete
1021 4783 1053 4819 α
1076 4781 1176 4828 me;
1201 4774 1246 4818 et
1273 4764 1407 4816 dabo
1439 4761 1532 4813 tibi
1555 4769 1730 4828 gentes
1756 4757 2115 4810 hwreditatem

547 4867 717 4922 tuam,
763 4864 815 4908 et
858 4855 1236 4924 possessionem
1271 4863 1419 4904 tuam
1459 4851 1704 4902 terminos
1747 4855 1922 4899 terrae.
1971 4841 2114 4899 Con—

546 4950 709 5005 struit
735 4961 866 5019 ergo
891 4961 1098 5012 arcam,
1123 4954 1179 5000 et
1202 4943 1331 4998 facit
1354 4943 1406 4996 in
1431 4956 1491 4994 ea
1520 4938 1692 5004 nidos,
1723 4939 1773 4992 id
1797 4946 1900 5001 est,
1933 4951 2116 5005 prom-

547 5039 758 5107 ptuaria
777 5038 1026 5107 quautam
1055 5035 1254 5106 quibus
1275 5033 1474 5090 diversi
1504 5032 1718 5103 generis
1747 5029 1999 5083 animalia
2025 5041 2113 5082 re-

546 5128 838 5195 cipiantur.
877 5129 952 5183 De
997 5127 1196 5198 quibus
1253 5135 1307 5182 et
1337 5125 1602 5197 prapbcta
1633 5121 1763 5177 dicit
1795 5119 1840 5150 "
1873 5135 1886 5171 :
1926 5117 2114 5187 Perge,

546 5221 768 5288 populus
809 5237 974 5284 meus,
1008 5222 1150 5275 intra
1192 5223 1246 5274 in
1281 5216 1641 5289 promptuaria
1694 5225 1810 5276 tua,
1855 5208 2117 5264 absconde

547 5320 595 5363 te
618 5328 900 5380 parumper
928 5314 1090 5367 donec
1139 5322 1371 5368 transeat
1399 5311 1548 5381 furor
1593 5308 1688 5362 ira:
1715 5320 1863 5359 mete.
1889 5302 2104 5358 Confer.

619 5406 662 5440 ³³
689 5406 820 5462 Luc.
855 5422 989 5470 xvtl,
1014 5408 1109 5472 '26,
1133 5409 1223 5463 27.
1299 5410 1347 5442 “
1370 5407 1518 5465 Psal.
1542 5422 1606 5468 tt.
1637 5403 1692 5461 8.

615 5499 728 5570 (78)
742 5502 890 5570 Apud
906 5511 1118 5570 geomet.
1138 5503 1221 5556 Cf.
1240 5504 1335 5555 llb.
1353 5519 1401 5556 iv
1414 5510 1596 5555 contra
1613 5502 1842 5560 Celsum,
1860 5511 2006 5552 num.
2025 5495 2112 5553 14.

618 5569 732 5646 (79)
764 5569 1083 5625 Paucorum.
1117 5572 1238 5646 Il_;t‘c
1279 5589 1530 5646 vm,qtttt:
1575 5575 1626 5625 in
1659 5574 1818 5646 codd.
1850 5582 1980 5622 mss.
2029 5585 2116 5646 re-

552 5641 780 5706 peritur,
813 5652 868 5694 et
897 5643 1199 5696 necessaria
1229 5651 1327 5700 est,
1357 5640 1697 5696 desideratur
1729 5643 1779 5696 in
1809 5651 1965 5695 antea
2000 5640 2114 5692 edi-

547 5714 640 5773 tis,
667 5711 756 5765 ubi
786 5712 924 5766 male
951 5711 1112 5766 ctiam
1146 5712 1281 5766 intra
1322 5723 1440 5781 post
1469 5713 1793 5782 junguntur,
1845 5710 2112 5782 sequitur,

1775 5403 1819 5435 "
1849 5400 1948 5455 lsa.
1975 5395 2217 5461 uvtﬂo.

2218 4136 2381 4177 verus
2406 4123 2520 4178 Noe
2550 4123 2799 4180 Christus
2825 4122 2985 4180 Jesus
3034 4140 3235 4195 paucos
3282 4125 3442 4180 habet
3485 4127 3782 4196 proximos.

2215 4225 2418 4279 paucos
2454 4212 2597 4267 tilios
2622 4221 2675 4267 et
2714 4213 3071 4282 propinquos,
3106 4213 3198 4282 qui
3229 4212 3377 4267 verbi
3413 4211 3532 4280 ejus
3564 4215 3785 4284 partici-

2219 4314 2313 4367 pes
2341 4301 2466 4363 sint,
2499 4312 2554 4355 et
2601 4302 2884 4370 sapientiai
2919 4317 3168 4373 capaces.
3210 4301 3279 4356 Et
3310 4302 3344 4356 ii
3387 4311 3535 4366 sunt,
3587 4303 3674 4372 qui
3729 4303 3782 4356 in

2217 4407 2432 4446 summo
2471 4392 2643 4462 gradu
2694 4395 2858 4464 positi
2907 4404 3056 4457 sunt,
3107 4404 3162 4449 et
3211 4395 3264 4450 in
3295 4394 3614 4449 summitate
3645 4407 3785 4448 arcze

2217 4483 2575 4539 collocantur.
2607 4483 2871 4540 Craterum
2918 4485 3202 4540 multitudo
3238 4485 3633 4540 irrationalium
3669 4484 3786 4538 ani-

2219 4574 2464 4639 malimn,
2493 4576 2575 4630 vel
2603 4577 2764 4631 etiam
2800 4578 3094 4633 bestiarum
3144 4578 3198 4632 in
3251 4578 3596 4633 inferioribus
3647 4576 3786 4631 locis

2219 4667 2471 4730 habetur,
2505 4678 2558 4722 et
2589 4682 2772 4722 eorum
2804 4670 3059 4736 maxime,
3091 4685 3323 4737 quorum
3362 4669 3597 4723 feritatis
3628 4668 3784 4724 εει-ἰ-

2219 4757 2352 4811 tiam
2406 4772 2504 4812 nec
2561 4758 2682 4812 lidei
2737 4759 2965 4814 dulcedo
3015 4760 3268 4814 mollivit.
3305 4758 3626 4829 Superiores
3657 4774 3786 4812 vero

2220 4847 2557 4916 aliquantulo
2581 4850 2650 4903 ab
2679 4849 2762 4904 bis
2798 4861 2945 4916 sunt,
2977 4851 3068 4921 qui
3121 4851 3244 4906 licet
3300 4851 3478 4906 minus
3538 4850 3786 4916 rationis,

2219 4939 2514 5008 plurimum
2540 4950 2721 4996 tamen
2746 4942 3130 5013 simplicitatis,
3154 4942 3583 5013 innocentiaeque
3603 4953 3788 4998 custo-

2218 5029 2394 5084 diunt.
2429 5031 2493 5084 Et
2522 5032 2602 5086 sic
2634 5048 2730 5102 per
2756 5033 2998 5102 singulos
3023 5034 3419 5090 habitationum
3461 5037 3661 5106 gradus
3701 5050 3788 5090 as-

2219 5123 2575 5178 cendentibus
2605 5127 2924 5194 pervcnitur
2974 5128 3044 5182 ad
3099 5129 3274 5197 ipsum
3313 5127 3446 5191 Noe,
3479 5128 3572 5196 qui
3621 5129 3791 5182 inter-

2219 5219 2466 5278 pretatur
2523 5213 2739 5283 requies
2759 5217 2805 5249 ⁵⁸
2831 5215 2962 5288 (80),
2989 5217 3075 5271 vel
3131 5217 3329 5286 justus,
3379 5217 3470 5286 qui
3519 5227 3602 5272 est
3630 5216 3788 5272 Jesus

2219 5300 2488 5368 Christus.
2521 5303 2707 5376 Neque
2735 5308 2882 5362 enim
2915 5307 2970 5362 in
3012 5308 3162 5363 illum
3193 5308 3308 5365 Noe
3342 5312 3616 5378 convenit,
3645 5310 3794 5382 quod

2297 5398 2348 5432 ‘°
2368 5397 2565 5456 Cenes.
2593 5420 2647 5469 v,
2671 5404 2761 5459 29.

2220 5500 2475 5579 etlenent
2526 5498 2773 5568 ﬁgurant.
2807 5498 2940 5554 Nam
2975 5501 3285 5579 conjunctio
3333 5511 3382 5556 et
3433 5503 3794 5579 expungenda

2221 5572 2717 5704 ﬁfgzllmpippequm
2757 5587 2972 5626 sensum
3006 5575 3308 5644 perturbet,
3348 5586 3520 5643 neque
3569 5572 3794 5642 insuper

2438 5679 2960 5782 Aurigfqnicscere.
