4084 6214
373 276 470 329 189
1558 297 1627 351 ΙΝ
1664 299 1882 358 ΕΕΝΕΞ

1996 306 2277 367 HOMlLlA
2318 315 2380 369 ll.

361 394 493 449 dicit
544 395 777 455 Lamer
835 414 992 473 pater
1040 407 1153 477 ejus
1193 427 1205 461 :
1243 410 1341 467 llic
1374 414 1530 475 enim.
1556 418 1729 487 inquit
1751 423 1818 488 ",
1856 442 1931 478 re-
1963 429 2008 484 Α
2039 430 2209 482 emisit
2234 434 2304 484 ad
2333 436 2505 488 omnia
2537 438 2575 489 li

358 490 526 553 quiem
562 492 710 545 dabit
739 498 887 551 nobis
938 500 1001 552 ab
1032 503 1269 570 operibus
1301 516 1495 562 nostris
1541 510 1649 582 (8i)
1681 526 1726 567 et
1769 532 1799 568 a
1828 518 1927 570 tri-

358 580 520 633 stitiis
548 598 801 638 manuum
827 600 1148 656 nostrarum,
1177 605 1221 647 et
1248 614 1278 647 a
1301 606 1442 650 terra
1475 616 1629 668 quam
1656 603 1929 661 maledixit

359 669 615 726 Dominus
681 674 844 733 Deus.
910 682 1188 743 Quomodo
1246 688 1387 740 enim
1436 703 1616 743 verum
1653 694 1755 747 erit
1783 698 1925 764 quod

354 762 439 813 ille
478 762 594 817 Noe
630 768 872 833 requiem
915 772 1126 827 dederit
1168 776 1239 829 illi
1279 778 1534 844 Lamecli,
1568 783 1650 834 vel
1700 787 1919 853 populo,

350 854 439 919 qui
473 863 603 908 tunc
632 856 937 913 habebatur
966 864 1017 916 iu
1052 865 1228 927 terris,
1261 868 1341 921 vel
1383 874 1653 938 quomodo
1681 874 1918 931 ablatum

347 954 423 994 est
457 945 806 1001 maledictum
842 959 1020 1016 terrae,
1053 957 1192 1021 quod
1234 959 1454 1014 dederat
1513 964 1789 1029 Dominus,
1826 970 1915 1022 ubi

346 1035 529 1099 potius
574 1037 852 1092 iracundia
884 1042 1065 1096 divina
1096 1047 1273 1114 major
1305 1053 1628 1120 ostenditur,
1662 1066 1714 1109 et
1746 1059 1915 1113 refer-

346 1132 429 1173 tur
458 1125 644 1179 dicere
676 1129 818 1182 Deus
861 1131 908 1163 ⁸⁷
947 1150 960 1185 :
996 1132 1217 1190 Paenitet
1248 1156 1327 1191 mc
1357 1143 1494 1209 quod
1525 1146 1623 1211 feci
1652 1148 1914 1203 hominem

339 1230 498 1278 super
540 1220 783 1273 terram?
817 1221 879 1275 Et
916 1223 1108 1279 iterum
1142 1229 1273 1283 dicit
1307 1250 1318 1284 :
1358 1233 1545 1288 Delebo
1570 1253 1768 1292 omnem
1794 1258 1909 1294 car-

344 1320 457 1353 ucm
486 1322 605 1373 qum
632 1318 708 1361 est
738 1325 1102 1377 superterram
1130 1318 1266 1386 (8‘2).
1299 1321 1363 1374 Et
1387 1339 1548 1393 super
1566 1328 1744 1381 omnia
1768 1345 1911 1384 sumo

3499 348 3598 401 170

2580 456 2679 506 gna
2719 445 2908 510 campi.
2946 443 3225 515 Propterea
3256 456 3482 512 uallata
3521 473 3596 516 est

2033 516 2256 571 altitudo
2281 521 2394 589 ejus
2415 540 2570 591 super
2599 530 2773 582 omnia
2808 530 2950 600 ligna
2974 541 3162 605 campi.
3189 541 3250 594 Et
3281 554 3398 612 post
3428 564 3593 614 pauca

2031 606 2164 660 dicit
2200 627 2211 663 :
2247 612 2489 680 Cypressi
2519 618 2697 671 multa:
2729 619 2783 673 in
2812 627 3062 687 paradiso
3101 630 3212 693 Dei,
3255 643 3302 687 et
3336 638 3448 700 pini
3490 658 3592 694 non

2027 710 2147 750 sunt
2171 702 2366 755 similes
2394 708 2555 760 ramis
2582 709 2718 777 ejus,
2749 723 2795 764 et
2822 716 3013 771 abietes
3046 737 3147 775 non
3192 725 3409 792 fuerunt
3448 734 3588 785 simi-

2026 786 2097 837 les
2137 790 2204 839 ei.
2243 790 2407 846 Omne
2440 796 2633 865 lignum
2678 802 2731 853 in
2769 808 3017 868 paradiso
3051 810 3146 864 Dei
3177 831 3278 868 non
3323 823 3588 875 assimila-

2023 884 2129 927 tum
2162 888 2238 932 est
2265 883 2333 941 ei,
2367 894 2413 934 et
2449 886 2618 939 zelata
2643 900 2761 941 sunt
2801 910 2914 944 eum
2958 901 3135 952 omnia
3165 903 3309 971 ligna
3352 914 3591 973 paradisi

2020 967 2327 1023 deliciarum
2355 972 2471 1028 Dei.
2507 977 2908 1036 Animadvertis
2949 986 3013 1039 de
3053 991 3246 1057 quibus
3284 1001 3364 1050 vel
3412 1005 3587 1070 quali-

2019 1056 2120 1111 bus
2151 1060 2307 1129 lignis
2336 1065 2479 1117 dicat
2520 1073 2781 1138 propheta
2810 1113 2826 1137 ,
2881 1056 3153 1144 quomotlo
3195 1056 3465 1146 describat
3493 1111 3588 1164 cy-

2020 1161 2262 1212 pressum
2295 1151 2510 1219 Libani,
2547 1162 2633 1212 cui
2684 1164 2863 1216 omnia
2903 1166 3040 1236 l'gna
3072 1186 3191 1239 qua:
3242 1176 3292 1230 in
3336 1186 3585 1247 paradiso

2016 1238 2109 1291 Dci
2150 1252 2295 1307 sunt,
2330 1254 2631 1317 comparari
2656 1269 2759 1307 non
2797 1259 3049 1323 possint?
3083 1262 3145 1316 Et
3179 1268 3379 1324 addidit
3418 1276 3579 1329 etiam

344 1408 440 1448 ma:
492 1396 715 1454 odenste
746 1402 1001 1458 indicium
1036 1407 1282 1465 interitus
1326 1415 1619 1469 viventium
1648 1420 1825 1474 datur.
1853 1422 1907 1476 Si

348 1499 474 1537 vero
508 1490 770 1556 respicias
813 1495 879 1548 ad
934 1496 1216 1552 Dominum
1250 1516 1493 1558 nostrum
1525 1506 1707 1563 Jesum
1748 1511 1909 1566 Chri-

337 1587 495 1641 stum,
518 1579 584 1632 de
608 1597 712 1649 quo
731 1584 929 1640 dicitur
943 1589 987 1620 ⁸⁸
1008 1608 1019 1641 :
1042 1589 1175 1645 Ecce
1192 1594 1370 1661 Agnus
1397 1595 1506 1661 Dei,
1524 1616 1637 1651 ecce
1657 1604 1746 1671 qui
1770 1606 1904 1659 tollit

337 1680 547 1732 peccata
612 1676 851 1739 mundi;.
894 1679 1083 1732 iterum
1135 1684 1203 1735 de
1234 1700 1342 1753 quo
1370 1687 1565 1743 dicitur
1588 1693 1632 1723 ⁵⁹
1664 1710 1676 1744 :
1710 1692 1903 1749 Factus

332 1776 421 1827 pro
480 1764 632 1816 nobis
683 1768 1053 1836 maledictum,
1104 1785 1157 1827 ut
1204 1793 1295 1830 nos
1343 1779 1405 1830 de
1449 1781 1726 1838 maledicto
1770 1790 1895 1858 legis
1932 1758 1973 1811 Β

333 1854 647 1917 redimeret;
695 1858 887 1912 iterum
928 1878 1045 1915 cum
1079 1865 1208 1918 dicit
1236 1868 1280 1899 ⁶⁰
1313 1888 1325 1921 :
1365 1868 1544 1925 Venite
1564 1875 1630 1926 ad
1654 1894 1756 1943 me,
1786 1897 1896 1933 om—

331 1959 414 1995 nes
448 1945 561 2015 (85)
596 1950 685 2007 qui
716 1949 990 2016 laboratis,
1032 1964 1081 2007 et
1120 1960 1321 2010 onerati
1362 1963 1512 2025 estis,
1558 1976 1604 2017 et
1638 1982 1729 2035 ego
1776 1971 1896 2038 reﬁ-

328 2035 453 2087 ciam
506 2054 614 2099 ros,
663 2050 711 2091 et
763 2041 1028 2097 iurenictis
1072 2050 1295 2116 requiem
1346 2054 1624 2109 animabus
1659 2062 1891 2117 vestris:

326 2124 569 2181 invenies
612 2129 756 2182 hunc
785 2147 928 2190 esse.
968 2136 1057 2203 qui
1090 2154 1217 2192 vere
1253 2144 1490 2210 requiem
1526 2147 1670 2202 dedit
1716 2150 1891 2206 houti-

324 2218 501 2281 nibus,
542 2228 596 2273 et
629 2221 880 2278 liberavit
917 2236 1113 2280 terram
1146 2231 1209 2283 de
1244 2235 1550 2301 maledicto,
1588 2256 1695 2309 quo
1719 2245 1889 2299 male-

320 2307 449 2360 dixit
507 2311 554 2362 ei
608 2311 867 2367 Dominus
924 2317 1082 2371 Deus.
1123 2320 1255 2375 llnic
1310 2342 1437 2395 ergo
1486 2307 1713 2398 spiritali
1757 2332 1885 2399 Noe,

318 2398 402 2464 qui
449 2401 693 2468 mquicm
760 2404 904 2458 dedit
959 2407 1293 2480 hominibus,
1344 2425 1399 2470 et
1452 2420 1573 2474 tulit
1606 2398 1885 2491 peccatum

318 2490 517 2551 mundi,
549 2492 750 2548 dicitur
776 2496 819 2526 ⁸¹
855 2512 869 2549 :
904 2495 1091 2554 Facies
1133 2504 1224 2556 tibi
1252 2524 1429 2562 arcam
1466 2528 1530 2564 ex
1571 2490 1723 2583 lignis
1751 2533 1884 2586 qua-

313 2580 499 2633 dratis.

376 2671 431 2724 ι.
468 2672 771 2730 Videamus
804 2695 932 2749 ergo
958 2697 1076 2751 quae
1110 2687 1216 2739 sint
1244 2692 1507 2757 quadrata
1533 2696 1694 2765 ligna.
1737 2699 1882 2766 Qua-

310 2762 523 2816 dratum
564 2776 670 2827 est,
706 2772 845 2837 quod
876 2774 1018 2826 nulla
1052 2780 1267 2833 vacillat
1316 2798 1377 2836 ex
1422 2797 1593 2853 parte,
1631 2792 1723 2845 sed
1750 2809 1883 2863 σιηοο

310 2871 526 2927 cunque
584 2866 831 2927 verteris,
873 2867 974 2922 tida
1010 2882 1062 2924 et
1093 2875 1261 2928 solida
1291 2879 1585 2935 stabilitate
1610 2886 1877 2942 consistit.

312 2945 411 2999 Ista
449 2962 580 3003 sunt
634 2953 798 3023 ligna,
838 2974 959 3028 quae
1002 2978 1159 3018 omne
1198 2970 1404 3033 pondus
1431 2972 1510 3025 vel
1566 2976 1877 3034 animalium

2015 1331 2113 1384 hoc
2141 1335 2205 1387 ad
2236 1337 2504 1403 ultimum,
2538 1346 2678 1411 quod
2704 1352 2881 1402 omnia
2910 1351 3074 1421 ligna,
3104 1372 3223 1425 qua:
3246 1372 3371 1414 sunt
3404 1365 3455 1417 in
3485 1382 3581 1433 pa-

2015 1423 2193 1477 radiso
2244 1428 2355 1491 Dei,
2403 1434 2578 1488 zelata
2618 1437 2725 1492 sint
2756 1455 2894 1505 eam,
2936 1448 3215 1504 evidenter
3252 1457 3567 1521 ostendens,

2010 1517 2305 1571 secundum
2374 1523 2674 1588 spiritalem
2732 1530 3168 1605 intelligentiam,
3233 1546 3571 1601 rationabilia

2012 1604 2119 1657 dici
2154 1606 2293 1673 ligna
2322 1626 2440 1679 (piae
2472 1617 2520 1668 in
2548 1622 2799 1686 paradiso
2827 1624 2915 1679 Dei
2943 1640 3062 1681 sunt
3100 1654 3111 1686 :
3143 1636 3341 1704 quippe
3377 1641 3425 1692 in
3452 1643 3573 1710 qui-

2006 1692 2104 1747 bus
2138 1700 2535 1759 annulatiouem
2578 1714 2871 1777 quamdam
2918 1718 3176 1777 describit
3213 1742 3332 1782 esse
3378 1731 3570 1785 adver-

2002 1800 2120 1837 sum
2170 1804 2230 1842 ca
2283 1792 2420 1863 ligna
2466 1815 2585 1866 qua:
2628 1813 2753 1857 sunt
2796 1807 2845 1859 in
2874 1808 3099 1867 Libano.
3134 1814 3282 1872 Unde
3316 1830 3441 1875 utet
3476 1839 3573 1877 ex-

1999 1890 2157 1931 cursu
2192 1882 2352 1936 ctiam
2410 1888 2511 1942 hoc
2555 1891 2820 1961 dicamus,
2874 1902 3154 1958 considera
3218 1925 3282 1961 ne
3334 1912 3472 1966 forte
3514 1928 3569 1969 et

2000 1967 2147 2033 illud,
2178 1973 2321 2039 quod
2366 1978 2628 2045 scriptum
2658 1994 2735 2036 est
2770 1986 2835 2049 ⁸⁵³,
2874 1990 3002 2054 quia
3040 1994 3347 2051 maledictus
3388 2018 3419 2054 a
3462 2003 3567 2057 Deo

1995 2060 2161 2111 ontnis
2192 2063 2281 2129 qui
2312 2067 2495 2130 pendet
2538 2072 2588 2121 in
2618 2070 2782 2140 ligno,
2823 2076 2901 2129 sic
2932 2081 3122 2135 del-cat
3167 2084 3408 2155 intelligi,
3433 2108 3570 2159 quo-

1996 2151 2154 2202 modo
2188 2161 2240 2205 ct
2272 2154 2397 2207 illud
2431 2160 2571 2226 quod
2606 2161 2733 2215 alibi
2767 2166 2968 2221 dictum
3012 2181 3094 2224 est
3123 2174 3166 2205 "‘
3199 2193 3210 2228 :
3246 2151 3563 2238 Maledicta:

1992 2237 2144 2293 homo
2200 2246 2288 2312 qui
2320 2263 2459 2315 spem
2488 2251 2640 2304 liabet
2682 2254 2738 2307 in
2764 2256 2996 2316 homine.
3029 2262 3274 2321 Pendere
3319 2274 3461 2326 enim
3507 2277 3560 2331 in

1992 2328 2109 2381 solo
2142 2332 2247 2387 Deo
2276 2336 2556 2404 debemus,
2592 2351 2646 2395 ct
2674 2344 2724 2397 in
2761 2347 2904 2402 nullo
2935 2351 3040 2405 alio
3068 2355 3232 2409 etiam
3283 2361 3325 2413 si
3365 2364 3430 2416 dc
3466 2383 3561 2434 pa-

1993 2420 2176 2475 radiso
2219 2424 2307 2477 Dei
2341 2433 2632 2493 procedere
2660 2436 2780 2501 quis
2809 2438 3039 2503 dicatur,
3076 2446 3219 2501 sicut
3268 2462 3318 2504 et
3362 2420 3559 2511 Pan-lus

1993 2511 2123 2566 dicit
2151 2515 2192 2545 ‘5
2220 2532 2235 2568 :
2264 2516 2436 2571 Etiam
2466 2522 2512 2573 si
2550 2539 2669 2590 nos,
2703 2538 2795 2580 aut
2837 2532 3054 2600 angelus
3097 2538 3160 2590 de
3188 2542 3313 2595 cmlo
3340 2561 3561 2614 eranqe—

1990 2601 2227 2658 lizaverit
2274 2611 2414 2662 vobis
2465 2613 2620 2666 aliter
2671 2634 2828 2686 quam
2879 2629 3346 2694 euangelizarimus
3392 2640 3553 2702 vobis,

1990 2694 2268 2747 anathema
2326 2698 2416 2752 sit.
2460 2700 2565 2758 Sed
2605 2704 2718 2763 ha‘c
2768 2709 2926 2764 alias.
2974 2712 3190 2771 interim
3224 2723 3398 2778 vidisti
3435 2743 3555 2797 quia:

1986 2780 2091 2835 sint
2130 2788 2391 2853 quadrata
2454 2792 2595 2862 ligna
2650 2812 2771 2865 qua:
2804 2802 2950 2856 velut
3006 2821 3192 2862 nmrus
3242 2780 3466 2881 quidam.
3498 2830 3554 2873 et

1986 2870 2227 2926 defensio
2270 2876 2354 2930 his
2389 2880 2480 2947 qui
2514 2894 2639 2936 sunt
2676 2886 3025 2958 intrinsecus,
3078 2911 3106 2948 a
3161 2898 3411 2958 fluctibus
3459 2910 3547 2976 qui

1982 2965 2319 3022 extrinsecus
2352 2977 2740 3041 superveniunt
2790 2982 2927 3053 (85),
2965 2986 3298 3049 collocantur
3332 3000 3398 3053 ab
3442 3003 3552 3068 spi-

306 3039 657 3110 intrinsccus,
698 3049 779 3101 vel
837 3051 1089 3108 fluctuum
1123 3060 1458 3118 extrinsecus
1508 3065 1702 3122 ferunt.
1732 3070 1878 3136 Quos

2419 3039 2429 3041 ν
2796 3039 2808 3052 ,
2886 3039 2926 3053 ,,
3005 3039 3016 3041 -
3332 3039 3398 3053 ..ν
3442 3039 3549 3068 σι..-

1985 3060 2123 3116 ritali
2164 3064 2317 3121 Noe:
2373 3084 2492 3138 quae
2528 3071 2670 3141 ligna
2725 3078 3066 3137 extrinsecus
3118 3096 3170 3140 et
3225 3089 3549 3150 intrinsecus

303 3144 394 3198 ego
424 3134 671 3190 arbitror
702 3140 950 3198 doctores
979 3146 1089 3217 64
1127 3164 1246 3204 csse
1296 3152 1348 3205 in
1382 3153 1645 3225 Ecclesia,
1678 3171 1730 3215 et
1759 3178 1873 3215 ma-

302 3222 495 3288 gistros
527 3238 692 3297 atque
718 3234 1066 3292 armulatores
1115 3241 1262 3307 fidei,
1305 3245 1394 3311 qui
1440 3256 1494 3301 et
1532 3252 1755 3317 populos
1790 3256 1871 3307 in-

304 3314 565 3371 trinsecus
596 3322 804 3387 positos
844 3326 1010 3382 verbo
1036 3334 1494 3401 commonitionis,
1528 3348 1582 3393 et
1611 3343 1869 3400 doctrina:

300 3406 471 3471 gratia
516 3411 896 3480 consolantur,
931 3427 986 3471 et
1036 3421 1480 3490 impugnantibus
1505 3431 1866 3503 extrinsecus,

298 3497 379 3547 vel
407 3499 718 3569 gentilibus,
748 3505 832 3559 vel
868 3507 1235 3581 haereticis,et
1273 3519 1629 3584 qnzestionum
1671 3522 1866 3582 ﬂuctus

300 3603 360 3641 ac
407 3594 677 3658 procellas
722 3602 1081 3656 certaminum
1131 3612 1618 3681 eommoventihns,
1665 3617 1864 3675 virtute

300 3680 443 3734 verbi
496 3699 561 3737 ac
608 3688 871 3755 sapientia
944 3694 1167 3751 rationis
1214 3700 1503 3756 obsistunt.
1542 3706 1634 3761 Vis
1683 3718 1859 3764 autem

299 3772 473 3827 videre
499 3778 641 3843 quod
685 3780 831 3849 ligna
873 3786 1213 3843 rationabilia
1252 3793 1403 3846 novit
1452 3794 1731 3865 Scriptura
1783 3801 1862 3855 di-

294 3864 461 3919 vina?
490 3868 893 3930 Reeenseamus
925 3879 1053 3945 quid
1088 3882 1226 3944 apud
1260 3883 1595 3942 Ezechielem
1628 3894 1859 3961 prophe-

293 3964 397 4011 lam
432 3962 701 4030 scriptum
731 3975 814 4021 est
851 3986 865 4021 :
903 3968 969 4021 Et
1000 3971 1196 4038 factum
1223 3985 1316 4038 est,
1358 3976 1533 4047 inquit
1558 3981 1623 4045 ⁶¹,
1654 3984 1708 4035 in
1762 4001 1858 4038 un-

289 4049 485 4106 decimo
521 4071 681 4122 anno,
711 4060 865 4113 tertio
900 4078 1090 4127 mense,
1132 4082 1234 4119 una
1267 4069 1353 4120 die
1398 4075 1611 4137 mensis,
1655 4076 1854 4144 factum

286 4153 354 4192 est
379 4146 584 4199 verbum
602 4147 814 4204 Domini
835 4154 903 4204 ad
928 4171 1008 4208 me
1028 4156 1205 4211 dicens
1230 4173 1247 4210 .'
1278 4158 1384 4213 Fili
1417 4164 1759 4229 ltominis,dic
1785 4171 1853 4222 ad

287 4230 616 4291 Pharaonem
650 4258 817 4311 regem
850 4244 1088 4316 /Egypti,
1114 4258 1161 4301 et
1196 4251 1264 4302 ad
1289 4253 1666 4310 multitudinem
1694 4262 1804 4328 ejus
1833 4278 1851 4314 :

287 4324 379 4376 Cui
409 4337 458 4378 te
493 4331 717 4384 similem
754 4334 885 4400 facis
918 4338 970 4390 in
1015 4340 1330 4395 exultatione
1360 4354 1448 4397 tua
1470 4346 1495 4397 ?
1522 4344 1657 4401 Ecce
1686 4352 1853 4405 Assur

1979 3151 2241 3210 hitmuine
2268 3157 2551 3215 liniuntur.
2587 3161 2711 3218 Vult
2741 3167 2885 3223 enim
2916 3179 2968 3226 te
2995 3176 3324 3234 architectus
3364 3182 3548 3238 Eccle-

1980 3244 2075 3297 sia:
2100 3246 2352 3304 Christus
2383 3268 2488 3306 non
2527 3267 2649 3307 esse
2704 3258 2886 3327 talem,
2940 3266 3126 3331 quales
3168 3281 3296 3324 sunt
3342 3273 3415 3326 illi
3454 3278 3543 3342 qni

1988 3336 2195 3392 deforis
2232 3341 2448 3407 quidem
2480 3358 2739 3414 apparent
2796 3350 3109 3410 hominibus
3150 3357 3302 3425 justi,
3331 3363 3544 3421 deintus

1974 3434 2153 3479 autem
2200 3437 2324 3482 sunt
2375 3434 2621 3502 sepulcra
2669 3447 3001 3496 mortuorum
3049 3445 3112 3501 ⁸⁸.
3169 3448 3274 3504 Sed
3330 3453 3440 3506 vult
3494 3465 3545 3510 to

1971 3524 2025 3570 et
2056 3532 2283 3587 corpore
2315 3535 2564 3580 sanctum
2602 3543 2723 3584 esse
2772 3533 3130 3605 extrinsecus,
3171 3550 3222 3593 et
3266 3545 3427 3599 corde
3462 3547 3543 3600 in-

1975 3609 2245 3666 trinsecus
2284 3628 2497 3681 purum,
2534 3630 2753 3675 cautum
2787 3625 3043 3695 undique,
3071 3639 3123 3683 et
3154 3634 3421 3690 castitatis
3460 3648 3541 3691 at-

1969 3712 2075 3765 que
2116 3702 2440 3760 innocentize
2473 3708 2671 3762 virtute
2703 3714 2990 3781 munitum,
3042 3718 3143 3773 hoc
3187 3730 3268 3775 est
3312 3725 3455 3779 intus
3488 3738 3543 3782 ct

1970 3786 2102 3840 foris
2134 3788 2399 3846 bitumine
2428 3809 2551 3850 esse
2579 3798 2831 3855 oblitum.

2036 3878 2088 3932 5.
2125 3880 2247 3943 Post
2298 3885 2410 3937 haec
2441 3890 2506 3940 de
2541 3888 2901 3960 longitudine,
2936 3904 2991 3950 et
3043 3897 3326 3957 latitudine
3372 3919 3533 3969 τηειρ,

1965 3979 2019 4021 et
2053 3971 2117 4025 dc
2147 3971 2432 4031 altitudine
2475 3995 2831 4049 memoratur,
2871 3996 2923 4041 et
2955 3992 3165 4044 numeri
3210 3993 3262 4046 in
3297 3994 3383 4049 his
3416 3997 3537 4065 qui-

1964 4060 2083 4114 dam
2118 4076 2388 4132 ponuntur
2420 4070 2730 4141 ingentibus
2760 4081 3032 4149 mysteriis
3062 4088 3388 4144 consecrati.
3427 4087 3534 4144 Sed

1962 4165 2254 4224 antequam
2301 4162 2365 4215 de
2395 4166 2634 4221 numeris
2666 4168 3024 4237 disseramus,
3075 4176 3177 4229 hoc
3225 4179 3365 4246 quod
3402 4179 3534 4235 dicit

1962 4243 2375 4317 loagitiulincm,
2411 4264 2463 4306 et
2496 4255 2856 4324 latitudinem,
2894 4274 2948 4317 et
2976 4264 3339 4332 altitudinem,
3375 4273 3534 4338 quale

1963 4338 2036 4391 sit
2084 4341 2384 4399 videamus.
2443 4348 2732 4416 Apostolus
2776 4352 2825 4404 in
2866 4355 3096 4421 quodam
3136 4356 3271 4423 loco,
3305 4375 3426 4414 cum
3466 4364 3533 4417 de

288 4434 557 4487 (ypremw
587 4424 639 4476 in
691 4424 909 4493 Libano,
958 4433 1220 4496 ερεεςοδηδ
1266 4436 1447 4495 mnu-3.
1493 4447 1541 4490 ει
1584 4443 1855 4498 eandenm
1887 4437 1929 4490 ι)
1964 4430 2220 4496 mysterio
2254 4435 2432 4488 crucis
2469 4439 2737 4492 sacratius
2768 4441 3101 4511 loqueretur,
3136 4446 3207 4501 ita
3241 4450 3316 4503 ait
3346 4451 3389 4481 ⁸⁷
3421 4473 3431 4506 ;
3464 4450 3530 4505 Ut

283 4511 618 4578 umbraculis,
679 4527 728 4569 et
772 4519 1004 4573 excelsus
1060 4522 1169 4593 (84)
1228 4525 1279 4575 in
1339 4526 1638 4582 altitudine.
1704 4530 1853 4585 Inter

282 4604 474 4656 medias
517 4609 676 4659 nubes
704 4610 905 4676 factum
934 4625 1005 4665 est
1034 4632 1282 4669 cacumen
1308 4619 1443 4685 ejus,
1479 4639 1614 4688 aqua
1642 4628 1847 4679 enutri—

278 4692 341 4742 rit
384 4710 522 4757 eum,
558 4709 604 4751 et
646 4702 865 4768 abyssus
906 4706 1151 4759 exultauit
1191 4726 1338 4773 eum,
1386 4722 1433 4763 et
1480 4714 1703 4767 adduxit
1737 4734 1847 4770 om-

278 4782 360 4833 nia
391 4785 609 4852 [Iuntina
642 4806 742 4842 sua
781 4793 918 4844 circa
960 4806 1097 4860 eum,
1145 4810 1191 4850 et
1248 4804 1673 4869 congregatione:
1720 4823 1844 4861 suas

1960 4522 2139 4573 sciatis
2176 4539 2292 4591 qua:
2322 4527 2389 4577 sit
2414 4526 2711 4597 longitudo,
2747 4544 2792 4586 et
2827 4534 3077 4603 latitudo,
3110 4547 3159 4591 et
3194 4540 3443 4608 altitudo,
3482 4554 3529 4595 et

1955 4610 2298 4677 profundum.
2335 4616 2669 4676 Profundum
2702 4635 2884 4680 autem
2930 4637 2983 4681 ct
3014 4630 3242 4686 altitudo
3284 4635 3421 4689 idem
3451 4638 3527 4689 si-

1955 4701 2233 4768 gnificant,
2290 4708 2392 4762 nisi
2435 4714 2577 4778 quod
2612 4715 2843 4772 altitudo
2876 4722 3111 4788 spatium
3149 4723 3214 4777 de
3260 4725 3529 4779 infcriori-

1953 4791 2053 4846 lms
2079 4794 2292 4849 videtur
2326 4800 2391 4854 ad
2443 4807 2722 4874 superoria
2769 4811 2971 4877 metiri,
3020 4813 3346 4881 profundum
3395 4831 3523 4872 vero

338 4945 385 4976 ⁸⁸
407 4946 597 5053 ϐρηὸγ.
633 4951 724 5004 29.
767 4953 810 4985 ⁵⁷
832 4953 1024 5053 Cenes.
1048 4973 1119 5017 vt,
1147 4959 1196 5023 6,
1221 4961 1270 5014 7.
1305 4962 1682 5053 :Joan.t,€9.
1722 4970 1874 5023 "Gal

344 5032 398 5053 τι
445 5020 464 5053 Ι
584 5034 633 5053 οι
669 5036 799 5053 anna
1002 5030 1106 5053 ιη...
1158 5045 1245 5053 -..-
1476 5036 1516 5053 ιο.
1866 5042 1881 5053 .

1987 4975 2103 5053 ,‘l3_.
2141 4977 2386 5053 ‘_°Mat‘th.
2416 4985 2599 5049 xt,28,
2623 4987 2711 5041 29.
2754 4990 2795 5021 ⁶¹
2817 4990 3010 5047 Cenes.
3031 5008 3101 5047 vt.
3130 4994 3217 5047 Η.
3258 4997 3301 5028 ⁶¹
3323 4996 3517 5053 Ezech.

271 5028 417 5079 xxxi,
445 5018 551 5083 1,2
584 5034 637 5073 et
669 5036 824 5092 seqq.
905 5025 948 5055 "
979 5026 1132 5080 Deut.
1158 5018 1270 5093 κ’λι,
1305 5032 1394 5086 25.

332 5156 447 5227 (8|)
474 5157 712 5215 Nostris.
741 5161 892 5216 lianc
921 5176 1104 5217 vocem
1129 5161 1182 5216 in
1213 5167 1373 5220 editis
1396 5171 1651 5225 uitiissam
1683 5176 1839 5229 resti-

268 5231 427 5280 tuunt
452 5229 614 5282 codd.
644 5245 776 5285 mss.

326 5298 445 5364 {82)
476 5297 669 5350 Delebo
720 5315 919 5352 omnem
936 5317 1164 5396 [carnem
1211 5322 1326 5371 (μιαί
1376 5317 1472 5396 est',
1511 5318 1615 5389 etc.
1652 5311 1837 5396 Codex.

326 5368 435 5396 η..ιῖ
492 5366 820 5396 ΤιηιηνΙη-ΑΑ
871 5383 881 5394 ι
983 5388 1002 5396 -
1035 5389 1052 5396 -
1097 5390 1117 5396 -
1185 5391 1374 5396 --μημη
1462 5394 1499 5396 Δγ

258 5368 437 5418 sancti
492 5366 820 5421 Theoderici
871 5383 884 5422 :
930 5371 1119 5424 Delebo
1176 5366 1376 5451 omnem
1440 5366 1697 5432 liomiuem
1747 5386 1835 5451 qui

256 5446 351 5499 est,
387 5448 497 5489 etc.
529 5436 701 5491 l‘aulo
733 5448 851 5506 post
887 5448 998 5494 tres
1024 5457 1155 5496 mss.
1196 5446 1410 5496 interitu
1440 5450 1715 5503 viventium
1739 5436 1837 5505 da-

318 5520 345 5543 ν

318 5520 345 5543 ν

256 5509 452 5653 “(3&5}
489 5572 1016 5653 Vox-omnestdeest
1068 5579 1123 5633 in
1157 5592 1317 5636 antea
1368 5584 1551 5650 editis,
1613 5593 1829 5647 tametsi

254 5646 568 5707 reperiatur
599 5646 649 5695 in
688 5647 938 5699 omnibus
970 5664 1095 5702 mss.

326 5712 448 5782 (85}
481 5713 761 5779 Speciosus
802 5717 964 5769 ramis
995 5728 1041 5771 et
1078 5723 1349 5780 condensis
1398 5727 1738 5795 umbraculis,
1780 5738 1827 5783 et

536 5806 800 5869 Parnm”
840 5810 956 5870 Gn.
999 5810 1137 5873 ΧΠ.

1476 5036 1521 5072 ⁸³
1549 5035 1660 5090 Jer.
1696 5054 1828 5106 xvn,
1862 5042 1915 5095 5.

1992 5045 2036 5076 εδ
2065 5046 2184 5102 Gal.
2217 5066 2259 5115 ι,
2290 5051 2342 5105 8.
2418 5045 2858 5125 “Matthmxm,
2896 5045 3007 5114 27;
3061 5045 3105 5093 δέ
3139 5045 3279 5132 ίΕιᾷιι.

1941 5182 2200 5261 excelsus.
2251 5187 2345 5242 Sic
2408 5188 2605 5245 habent
2655 5208 2784 5248 mss.
2837 5195 2904 5249 At
2958 5196 3080 5249 libri
3135 5209 3291 5253 antea
3327 5203 3454 5258 editi
3500 5225 3514 5261 :

1942 5254 2205 5316 speciosus
2259 5273 2459 5327 ramus,
2512 5272 2560 5314 et
2613 5263 2904 5318 condeusns
2963 5268 3309 5335 umbraculis,
3348 5278 3517 5330 excel-

1973 5338 2052 5375 U8.

1942 5336 2123 5463 “12.85)
2154 5394 2191 5446 Α
2220 5396 2471 5473 [luctibus
2506 5400 2952 5473 qui_e:rtrinsecus
2993 5409 3381 5473 superveniunt.
3426 5415 3515 5465 Sic.

1941 5464 2101 5517 codd.
2143 5480 2273 5518 mss.
2321 5464 2537 5543 Belvac}
2586 5469 2850 5528 Gemctic.
2902 5464 3252 5543 Remigianns
3291 5491 3344 5533 ct
3380 5481 3517 5534 Sun-

1941 5536 2333 5596 germanensis.
2381 5537 2528 5593 Libri
2571 5555 2701 5593 vero
2753 5553 2908 5598 antea
2961 5536 3090 5598 editi
3134 5561 3147 5598 :
3187 5548 3514 5605 obstandum

1941 5612 2114 5656 autent
2157 5615 2202 5657 ct
2248 5608 2572 5677 impugnatio
2614 5610 2695 5665 Itis
2750 5615 2839 5683 qui
2900 5615 3227 5671 extrinsecus
3278 5637 3516 5691 superre-

1942 5683 2113 5726 ηιιιηί.

3163 5838 3200 5895 6
