4180 6216
527 316 638 371 "171

2015 309 2169 365 ORIC
2179 308 2333 365 ENIS

3664 314 3762 370 179

538 434 608 488 de
642 430 1007 501 superioribus
1060 430 1319 499 incipere,
1364 438 1420 484 et
1475 432 1542 486 ad
1588 430 1844 485 inferiora
1883 438 2107 485 desccu-
2138 436 2180 488 Α
2213 430 2454 485 invenies
2489 444 2803 498 magnarum
2837 442 3015 485 rerum
3042 439 3191 501 gesta
3222 433 3321 488 sub
3358 431 3646 489 tricenario
3678 428 3759 486 vel

538 526 694 577 dere.
724 523 1137 590 Consequenter
1171 522 1334 591 igitur
1370 520 1604 590 Spiritus
1629 523 1719 576 Dei
1752 532 1803 574 et
1836 537 1929 590 per
1954 520 2099 590 Moy-

539 632 656 678 sen,
678 624 731 667 et
762 630 859 683 per
891 614 1111 667 Paulum
1150 614 1442 683 ingentium
1478 624 1937 669 sacramentorum
1968 614 2105 681 [ign-

538 721 628 759 ras
660 707 930 760 enuntiat.
991 705 1130 758 Nam’
1168 705 1384 768 Paulus,
1430 706 1683 771 quoniam
1736 704 2104 757 descensiouis

539 798 747 850 Christi
782 797 1096 867 mysterium
1128 796 1453 864 praedicabat
1486 793 1621 863 (86),
1659 794 1980 861 profundum
2010 810 2104 846 uo-

538 889 787 952 tninavit,
820 887 972 956 quasi
1004 887 1068 939 de
1094 886 1466 954 superioribus
1498 884 1564 937 ad
1596 885 1851 938 inferiora
1882 885 2103 938 venien-

537 984 624 1036 tis.
652 981 859 1050 Moyses
883 978 1156 1044 vero,quia
1202 976 1596 1031 restitutionem
1646 976 1886 1044 designat
1916 991 2101 1031 eorum

536 1073 627 1140 qui
659 1087 754 1139 per
778 1069 1053 1123 Christum
1088 1066 1154 1119 de
1189 1066 1407 1119 interitu
1458 1077 1513 1121 et
1559 1068 1865 1136 perditione
1916 1067 2100 1122 saeculi

539 1174 790 1230 tanquam
817 1160 881 1212 de
914 1171 1048 1211 nece
1075 1156 1262 1211 diluvii
1290 1172 1354 1211 ex
1382 1156 1736 1213 inferioribus
1770 1159 1837 1212 ad
1866 1174 2099 1229 superna

534 1265 588 1308 et
621 1251 862 1307 coelestia
894 1259 1240 1312 revocantur,
1280 1248 1333 1301 in
1376 1264 1623 1303 mensura
1657 1264 1799 1303 arca:
1834 1266 1937 1303 non
1974 1265 2094 1319 pro-

534 1346 757 1398 fundum
796 1348 1084 1404 memorat,
1122 1341 1214 1393 sed
1248 1340 1436 1403 altmn,
1484 1350 1737 1408 tanquam
1772 1342 1857 1395 ubi
1889 1342 1954 1395 de
1993 1353 2101 1396 tcr-

532 1436 680 1489 renis
712 1445 765 1489 et
790 1434 1084 1489 humilibus
1114 1434 1177 1485 ad
1209 1431 1449 1485 caelestia
1494 1440 1549 1486 et
1575 1433 1790 1487 excelsa
1843 1448 2102 1488 conscen-

533 1527 697 1579 ditur.
744 1524 967 1578 Numeri
1020 1538 1235 1592 quoque
1293 1531 1589 1591 ponuntur,
1645 1523 1875 1576 trecenti
1934 1524 2099 1577 cubiti

533 1615 1327 1688 longitudinis.quinquagiuta
1364 1612 1687 1677 latitudinis,
1719 1614 1946 1684 triginta
1977 1615 2100 1667 alti-

533 1709 756 1762 tudinis.
788 1706 1059 1772 Treeenti,
1093 1706 1388 1760 lercenleni
1425 1716 1572 1759 sunt.
1610 1705 1963 1761 Centenarius
1995 1721 2092 1759 auo

532 1812 638 1853 tem
666 1812 946 1859 numerus,
974 1796 1163 1865 plenus
1190 1796 1241 1848 in
1264 1798 1517 1851 omnibus
1543 1806 1597 1851 et
1620 1797 1889 1865 perfectus
1915 1806 2097 1852 osten-

530 1894 677 1945 ditur
706 1930 721 1953 ,
757 1898 810 1943 et
844 1889 1009 1942 totius
1058 1888 1340 1942 rationalis
1373 1899 1638 1944 creatura:
1683 1890 1971 1943 continens
2010 1904 2099 1943 sa-

528 1989 868 2037 cramentum
922 1980 1113 2033 :sicut
1183 1980 1234 2033 in
1285 1979 1598 2050 Evangeliis
1655 1978 1882 2049 legimus
1913 1979 1978 2043 ⁸⁸,
2008 1978 2097 2033 ubi

528 2074 660 2127 dicit
688 2072 813 2140 quia
846 2071 1051 2125 habens
1078 2071 1198 2139 quis
1224 2081 1443 2125 centum
1480 2085 1629 2135 oves,
1661 2086 1726 2125 ex
1754 2071 1948 2139 quibus
1975 2085 2097 2125 cum

531 2166 761 2234 perisset
791 2179 917 2229 una,
942 2162 1144 2216 relictis
1177 2164 1468 2232 nonaginta
1499 2178 1690 2215 novem
1719 2162 1769 2215 in
1800 2161 2095 2224 montibus,

530 2256 813 2311 descendit
848 2268 1089 2322 quaerere
1143 2268 1260 2307 eam
1314 2268 1434 2322 quae
1488 2254 1749 2322 perierat,
1815 2260 1871 2307 et
1918 2252 2098 2321 posuit

531 2366 653 2404 cum
684 2350 791 2403 illis
824 2348 1117 2417 nonaginta
1146 2361 1340 2400 novem
1396 2360 1513 2411 quae
1542 2359 1645 2398 non
1672 2344 1961 2412 perierant.
2000 2342 2097 2397 Hic

530 2441 1027 2512 ugocentenarius
1056 2440 1220 2492 totius
1256 2447 1520 2492 creatura:
1572 2434 1853 2488 rationalis
1906 2448 2091 2487 nurne-

534 2546 647 2596 rus,
686 2530 941 2599 quoniam
994 2544 1097 2583 non
1154 2544 1216 2582 ex
1254 2527 1549 2593 semetipso
1576 2524 1843 2589 subsistit,
1880 2524 1974 2578 sed
2028 2539 2096 2578 cx

531 2622 799 2676 Triuitate
846 2620 1151 2685 descendit,
1175 2629 1228 2673 et
1259 2618 1647 2688 longitudinem
1674 2618 1819 2681 vitro,
1853 2617 1953 2671 hoc
2010 2625 2095 2671 est

531 2712 956 2767 immortalitatis
1008 2711 1262 2782 gratiam,
1315 2725 1381 2763 ex
1416 2708 1576 2764 Patre
1637 2724 1731 2779 per
1786 2708 1982 2762 Filium
2032 2723 2097 2765 ac

532 2804 794 2874 Spiritum
824 2812 1070 2858 sanctum
1116 2801 1387 2869 suscepit,
1426 2802 1627 2855 idcirco
1660 2800 1961 2870 tripiicatus
1996 2815 2093 2870 po-

531 2900 679 2951 nitur
711 2915 724 2950 :
758 2906 939 2966 utpote
971 2895 1060 2964 qui
1097 2894 1161 2947 ad
1188 2893 1573 2962 perfectionem
1605 2906 1701 2960 per
1723 2892 1951 2962 gratiam
1978 2892 2097 2946 Tri-

533 2991 720 3044 nitatis
750 2997 1001 3059 augetur,
1043 2997 1097 3041 et
1124 2986 1216 3056 qui
1256 3001 1318 3041 ex
1347 2984 1665 3041 centenario
1700 2998 1796 3053 per
1843 2985 2095 3055 ignoran-

533 3084 661 3136 tiam
696 3083 930 3153 lapsum,
964 3093 1062 3150 per
1086 3079 1417 3150 agnitionem
1450 3077 1729 3132 Trinitatis
1763 3078 2013 3133 restituat
2038 3079 2091 3132 in
2118 3088 2166 3152 ο

534 3185 826 3230 trecentos.
857 3171 1115 3227 Latitudo
1142 3169 1668 3240 quinquagenarium
1699 3183 1986 3224 numerum
2021 3180 2096 3225 te-

532 3277 641 3321 net.
668 3265 767 3334 Qui
798 3277 1052 3318 numerus
1083 3260 1389 3315 remissioni
1423 3270 1479 3315 et
1522 3260 1872 3329 indulgentiae
1903 3274 2096 3316 conse-

529 3365 715 3412 cratus
742 3363 846 3410 est.
883 3352 1192 3409 Secundum
1246 3351 1419 3421 legem
1460 3351 1604 3406 enim
1640 3351 2095 3421 quinquagesimo

529 3465 670 3504 anno
716 3447 964 3503 remissio
992 3453 1131 3508 erat,
1172 3442 1227 3497 id
1258 3450 1340 3497 est
1401 3449 1462 3496 ut
1511 3442 1555 3497 si
1590 3443 1710 3512 quis
1752 3443 2095 3497 distraxisset

531 3539 953 3610 possessionem,
981 3536 1251 3605 reciperet
1278 3550 1292 3599 ;
1325 3534 1369 3588 si
1416 3533 1550 3589 liber
1579 3535 1633 3588 in
1663 3534 1977 3587 servitutem
2004 3549 2096 3588 ve-

530 3631 717 3696 nisset,
751 3628 1011 3699 reciperet
1069 3626 1369 3679 libcrtatem
1396 3664 1412 3689 ,
1464 3625 1845 3695 indulgentiam
1879 3623 2097 3678 debitor

530 3721 840 3788 acciperet,
871 3716 1022 3771 exsul
1058 3716 1259 3769 rediret
1283 3715 1348 3768 ad
1374 3714 1628 3783 patriam.
1660 3713 1933 3784 Spiritalis
1964 3728 2095 3783 ergo

527 3811 635 3883 8'5
684 3811 791 3864 Noe
822 3810 1071 3863 Christus
1123 3810 1175 3861 in
1210 3822 1333 3860 arca
1375 3821 1495 3867 sua,
1562 3807 1613 3860 in
1647 3822 1750 3875 qua
1787 3806 2085 3859 humanum

529 3918 699 3972 genus
728 3903 793 3954 de
827 3900 1047 3952 interitu
1106 3898 1329 3959 liberat,
1363 3895 1414 3949 id
1461 3905 1545 3949 est
1578 3896 1630 3948 in
1666 3895 1914 3949 Ecclesia
1973 3911 2090 3959 sua,

533 3998 678 4046 hunc
731 3987 1258 4060 quinquagenarium
1319 3985 1657 4039 remissionis
1712 4001 1995 4039 numerum
2038 3987 2089 4039 in

530 4083 815 4138 latitudine
849 4080 1153 4134 collocavit.
1192 4077 1303 4132 Nisi
1332 4079 1475 4132 enim
1506 4077 1879 4131 remissionem
1908 4091 2091 4145 pecea-

532 4180 705 4224 torum
737 4169 989 4221 donasset
1018 4167 1386 4227 credentibus,
1419 4182 1521 4219 non
1558 4164 1751 4220 [uisset
1779 4181 1875 4233 per
1900 4168 2089 4221 orbem

529 4270 690 4316 terra:
719 4259 975 4315 Ecclesiae
1011 4258 1240 4312 latitudo
1270 4255 1481 4311 diffusa.
1525 4257 1768 4327 Triginta
1796 4266 1978 4310 autem
2009 4257 2090 4309 al-

530 4358 771 4413 titudinis
803 4369 1059 4409 nmnerus
1088 4352 1261 4407 simile
1282 4360 1340 4405 ut
1372 4351 1599 4407 trecenti
1636 4350 1879 4405 continet
1906 4365 2088 4404 sacra-

2207 522 2672 588 quinquagenario
2704 538 2930 575 numero
2953 524 3240 581 contineri.
3293 524 3539 595 Triginta
3589 539 3759 578 anno-

2209 625 2326 662 rum
2354 609 2555 678 Joseph
2586 611 2837 665 educitur
2869 613 2935 667 de
2964 615 3266 678 carcere",
3291 625 3344 668 et
3365 616 3529 669 totius
3544 612 3763 683 Egypti

2205 700 2430 767 suscipit
2490 702 2891 771 principatum,
2970 712 3026 757 ttt
3074 703 3404 759 imminentis
3459 708 3762 775 perniciem

2205 790 2364 844 famis
2395 791 2572 844 divina
2610 794 2914 860 provisione
2946 794 3198 862 depellat.
3222 794 3465 862 Triginta
3497 811 3768 852 annorum

2206 881 2437 933 refertur
2463 880 2618 934 Jesus
2644 883 2710 946 7‘,
2746 899 2865 937 cum
2898 887 3045 939 venit
3069 887 3133 939 ad
3168 887 3512 955 baptismum,
3547 896 3601 940 et
3632 890 3765 944 vidit

2203 971 2371 1026 cmlos
2399 972 2621 1035 divisos,
2651 984 2705 1028 et
2734 975 2997 1042 Spiritum
3037 976 3127 1031 Dei
3174 978 3225 1031 in
3284 978 3544 1032 coluntha-
3583 982 3767 1048 specie

2208 1064 2505 1118 venientem
2550 1081 2711 1135 super
2759 1082 2817 1121 se
2856 1084 2868 1119 :
2920 1067 3007 1121 ubi
3034 1078 3086 1124 et
3112 1069 3347 1137 primum
3382 1072 3545 1140 etrapit
3572 1086 3760 1126 sacra-

2207 1166 2441 1209 mentum
2483 1168 2762 1225 patescere
2796 1159 3094 1225 Trinitatis,
3139 1171 3193 1213 et
3228 1160 3389 1214 multa
3422 1161 3507 1214 his
3562 1161 3761 1217 similia

2206 1246 2470 1303 invenies.
2517 1247 2621 1302 Sed
2674 1259 2728 1303 et
2780 1250 3282 1321 quinquagesimum
3334 1252 3473 1305 diem
3521 1254 3715 1307 festum
3744 1292 3763 1319 ,

2204 1337 2255 1389 iu
2298 1352 2557 1391 novarum
2594 1338 2805 1409 frugum
2867 1343 3274 1398 consecratione
3333 1344 3574 1413 reperies
3599 1343 3669 1407 ⁷⁸,
3710 1356 3765 1397 et

2204 1430 2268 1484 de
2290 1429 2699 1484 Madiauitarum
2726 1432 2839 1503 (87)
2863 1434 3049 1500 spoliis
3072 1434 3296 1489 Domino
3316 1436 3760 1504 quinquagesima

2205 1521 2552 1576 delibatur“.
2578 1525 2709 1578 Cum
2731 1526 2987 1579 trecentis
3008 1540 3139 1581 vero
3157 1526 3397 1580 invenies
3413 1535 3467 1580 et
3490 1526 3762 1581 Abraham

2202 1609 2503 1663 vincentem
2536 1610 2845 1668 Sodomitas
2878 1614 2945 1679 ",
2989 1621 3044 1665 et
3087 1611 3309 1667 Gedeon
3355 1628 3478 1669 cum
3508 1616 3764 1670 trecentis

2203 1696 2380 1767 lingua
2404 1714 2598 1768 aquam
2620 1700 3312 1758 lambentibusMadianitas
3331 1717 3547 1773 superat
3565 1705 3678 1779 (88)
3691 1708 3760 1762 ".

2200 1790 2407 1845 Ostiqu
2437 1807 2585 1857 sane,
2641 1794 2781 1862 quod
2819 1809 2922 1848 non
2957 1810 2985 1848 a
3014 1795 3218 1861 fronte,
3253 1814 3353 1851 nec
3382 1799 3638 1869 desuper,
3667 1802 3763 1855 sed

2200 1899 2230 1937 e
2256 1884 2422 1939 later‘e
2443 1899 2509 1938 ex
2544 1896 2855 1938 transverso
2878 1885 3192 1951 collocatur,
3225 1890 3482 1957 quoniam
3505 1889 3599 1944 irae
3620 1892 3760 1945 divi-

2200 1990 2282 2029 nae
2338 1984 2549 2040 tempus
2602 1984 2737 2030 est:
2778 1975 2901 2030 Dies
2953 1978 3089 2031 enim
3146 1976 3379 2044 Domini,
3429 1981 3537 2034 dies
3572 1982 3665 2036 ἔγω
3712 1993 3760 2036 et

2200 2064 2416 2131 furoris,
2453 2066 2593 2119 sicut
2622 2065 2881 2133 scriptum
2913 2075 2996 2121 est
3024 2068 3069 2100 ⁷⁷
3098 2083 3111 2119 :
3146 2068 3273 2124 licet
3300 2072 3443 2124 enim
3482 2071 3764 2128 videantur

2200 2156 2365 2225 aliqui
2397 2155 2616 2221 salvari,
2642 2156 2794 2211 multi
2826 2166 3029 2224 tamen,
3062 2176 3196 2229 quos
3234 2163 3421 2216 merita
3447 2177 3540 2215 sua
3570 2178 3758 2229 repro-

2198 2248 2350 2310 bant,
2380 2245 2625 2302 delentur
2669 2257 2723 2301 ct
2756 2260 2981 2318 pereunt
3016 2265 3029 2302 :
3086 2267 3151 2305 ex
3197 2261 3510 2306 transverso
3555 2255 3758 2308 ostium

2200 2338 2436 2407 ponitur,
2472 2348 2529 2392 ut
2590 2339 2715 2393 illud
2746 2342 3082 2407 ostendatur,
3144 2346 3285 2413 quod
3317 2360 3413 2413 per
3442 2345 3760 2415 prophetam

2198 2430 2414 2498 dicitur,
2446 2432 2571 2501 quia
2601 2431 2647 2484 si
2683 2431 3002 2487 inces‘seritis
3036 2451 3235 2488 mecum
3274 2439 3536 2503 perversi,
3580 2450 3627 2492 et
3667 2456 3761 2509 ego

2204 2524 2433 2577 'ncedam
2487 2524 2745 2578 vobiscum
2793 2526 2847 2580 in
2896 2528 2978 2581 ira
3003 2544 3240 2597 perversa
3276 2528 3340 2583 ⁷⁸.
3383 2529 3511 2584 Post
3540 2533 3650 2587 hmc
3680 2534 3761 2587 vi-

2198 2614 2419 2669 deamus
2447 2624 2501 2668 ct
2526 2615 2591 2669 de
2619 2632 2682 2670 eo
2717 2618 2857 2685 quod
2881 2618 3013 2671 dicit
3044 2621 3337 2685 separatim
3380 2620 3639 2676 inferiora
3672 2624 3755 2677 hi—

2199 2716 2496 2769 camerata,
2522 2717 2576 2760 et
2610 2709 2886 2776 superiora
2922 2710 3268 2764 trieamerata
3298 2728 3312 2764 :
3346 2728 3414 2767 ne
3455 2714 3591 2768 forte
3624 2715 3760 2769 indi-

2198 2807 2351 2851 cetur
2373 2812 2468 2866 per
2487 2799 2618 2863 ha'c,
2651 2800 2790 2867 quod
2813 2800 3109 2868 Apostolus
3139 2802 3291 2865 dixit,
3320 2803 3444 2872 quia
3473 2805 3526 2857 iu
3552 2806 3761 2861 nomine

2196 2885 2325 2940 Jcsu
2360 2904 2509 2941 omne
2546 2905 2677 2956 genu
2712 2892 2968 2958 ﬂectetur,
3016 2896 3319 2958 caelestium,
3356 2899 3680 2952 terrestriqu
3712 2912 3759 2953 et

2196 2972 2524 3039 infernarum
2549 2976 2629 3041 7’;
2663 2988 2714 3030 et
2748 2977 2799 3029 in
2831 2992 2957 3031 arca
2991 2980 3331 3049 significetur
3370 2986 3612 3041 omnium
3638 2992 3760 3057 qui-

2197 3061 2319 3117 dem
2352 3063 2604 3119 inferiora
2640 3067 2755 3134 ipsa
2785 3084 2906 3123 esse
2956 3086 3076 3140 qua:
3103 3074 3389 3141 Apostolus
3437 3077 3568 3131 dicit
3603 3080 3761 3133 infer-

2199 3167 2292 3217 na,
2324 3154 2514 3209 horum
2542 3165 2722 3210 autem
2749 3159 3003 3229 contigua
3036 3163 3318 3230 superiora
3343 3165 3458 3234 ipsa
3487 3180 3610 3222 esse
3653 3178 3760 3223 ter-

2198 3246 2412 3309 restria,
2446 3247 2794 3302 tricamerata
2821 3264 2952 3306 vero
2981 3254 3264 3320 superiora
3293 3270 3414 3323 quae
3442 3257 3575 3312 dicit
3598 3260 3761 3316 sinml

2196 3336 2375 3389 omnia
2402 3352 2523 3393 esse
2544 3339 2806 3406 cmlestia,
2830 3344 2922 3396 sed
2955 3343 3007 3397 in
3030 3344 3112 3399 his
3132 3361 3319 3401 eorum
3344 3348 3536 3403 merita
3564 3350 3761 3406 distin-

2197 3428 2308 3496 gui,
2335 3430 2424 3497 qui
2454 3442 2682 3498 possunt
2703 3436 2998 3490 secundum
3016 3438 3317 3506 apostolum
3336 3439 3561 3494 Paulum
3586 3458 3760 3512 usque

2198 3518 2262 3571 ad
2296 3520 2515 3573 tertium
2554 3522 2752 3577 coelum
2785 3528 3169 3582 conscendere.
3204 3528 3326 3584 Nidi
3359 3545 3489 3586 vero
3540 3542 3595 3586 et
3624 3533 3756 3597 nidi,

2196 3610 2319 3678 quia
2355 3611 2505 3665 multi
2540 3623 2669 3667 sunt
2695 3614 2746 3669 in
2778 3629 2932 3683 arca,
2971 3616 3172 3674 multas
3204 3635 3327 3677 esse
3366 3622 3505 3691 apud
3542 3621 3755 3678 Patrem

2199 3701 2438 3757 indicant
2461 3706 2791 3763 mansiones.
2826 3710 2898 3764 De
2924 3710 3253 3767 animalibus
3282 3728 3434 3779 vero,
3467 3724 3521 3769 et
3545 3714 3755 3781 bestiis,

2198 3806 2262 3845 ac
2330 3794 2618 3861 pecoribus
2672 3799 2996 3869 catterisque
3070 3802 3303 3858 diversis
3362 3804 3756 3868 animantibus,

2197 3897 2316 3948 (ιιιευ
2342 3885 2495 3938 nobis
2522 3884 2627 3938 alia
2658 3886 2826 3956 figura
2862 3891 3128 3944 servanda
3155 3901 3260 3957 est,
3316 3894 3419 3948 nisi
3478 3908 3640 3963 quam
3673 3896 3758 3950 vel

2197 3973 2360 4028 Isaias
2392 3975 2630 4030 ostendit
2658 3976 2725 4042 θ’,
2783 3994 2905 4034 cum
2940 3980 3101 4045 dicit,
3128 3982 3180 4035 in
3240 3997 3405 4053 regno
3435 3985 3636 4040 Christi
3670 3984 3755 4041 lu-

2194 4079 2317 4133 pum
2342 4082 2462 4119 cum
2494 4082 2652 4136 agno,
2685 4071 2911 4139 pardum
2946 4087 3068 4126 cum
3108 4072 3279 4138 liredo,
3322 4074 3530 4131 leonem
3580 4087 3638 4132 et
3665 4080 3759 4134 bo-

2194 4171 2311 4211 vem
2351 4157 2511 4212 simul
2536 4159 2615 4213 ire
2644 4161 2710 4213 ad
2748 4177 2966 4231 pascua,
3029 4177 3324 4235 eorumque
3381 4168 3524 4224 letus
3598 4171 3758 4226 simul

2194 4247 2363 4316 paleis
2396 4251 2566 4316 vesci,
2626 4251 2846 4320 insuper
2889 4256 3055 4309 etiam
3117 4257 3169 4310 in
3214 4260 3464 4327 aspidtmt
3496 4275 3755 4329 caverna,

2194 4355 2420 4410 parvum
2443 4358 2670 4413 puerum
2699 4344 2881 4416 (talem
2911 4348 3029 4402 sine
3060 4348 3251 4414 dubio,
3307 4352 3520 4420 qualem
3543 4355 3757 4412 diccbat

529 4459 796 4502 mentum.
834 4445 986 4510 Quod
1016 4444 1157 4498 enim
1191 4444 1261 4498 ibi
1286 4443 1523 4507 centeni,
1570 4443 1670 4496 hoc
1705 4443 1789 4496 hic
1820 4442 1939 4496 deni
1977 4451 2084 4495 ter-
2122 4424 2166 4479 θ
2196 4435 2446 4492 Salvator
2466 4437 2532 4503 ⁸⁷,
2561 4435 2679 4491 Nisi
2707 4439 2941 4492 conversi
2965 4440 3174 4508 fueritis
3203 4454 3249 4496 et
3273 4444 3443 4514 e/fecli
3470 4447 3602 4500 sicut
3630 4464 3760 4515 pur

523 4540 599 4593 tio
627 4535 962 4605 multiplicati
995 4533 1216 4588 faciunt.
1242 4533 1321 4586 Ad
1344 4548 1505 4587 unum
1547 4545 1723 4587 autem
1753 4533 1915 4587 totius
1951 4547 2083 4586 con-

525 4628 840 4687 structionis
867 4644 1148 4683 numerum
1183 4641 1391 4681 summa
1426 4634 1736 4685 revocatur,
1768 4625 1892 4693 quia
1951 4638 2085 4677 unus

525 4725 665 4779 Deus
702 4722 863 4776 Pater
915 4737 979 4775 ex
1015 4734 1116 4789 quo
1153 4719 1330 4771 omnia
1358 4719 1422 4781 ",
1477 4727 1530 4772 et
1553 4732 1686 4769 unus
1714 4714 1989 4780 Dominus,
2032 4724 2087 4769 et

524 4833 629 4869 una
663 4814 916 4869 Ecclesia:
945 4811 1075 4881 ﬁdes
1107 4819 1211 4874 est,
1242 4826 1403 4864 unum
1434 4808 1714 4877 baptisma,
1778 4824 1939 4859 unum
1969 4824 2086 4861 cor-

521 4920 637 4973 pus,
669 4912 716 4956 et
764 4918 902 4955 unus
932 4901 1149 4968 spiritus
1202 4899 1269 4961 ⁷ο,
1331 4907 1384 4952 et.
1416 4897 1482 4951 ad
1516 4913 1679 4949 unum
1735 4895 2086 4964 perfectionis

523 4992 614 5046 Dei
650 4991 809 5045 finem
844 4998 1038 5045 cuncta
1068 4988 1344 5041 festinant.
1373 4986 1478 5039 Sed
1517 4994 1570 5039 et
1608 4995 1659 5037 tu
1689 4985 1779 5054 qui
1835 4986 1948 5039 lucc
1983 5002 2080 5037 an-

522 5085 627 5151 dis,
654 5085 697 5139 si
726 5084 1023 5154 Scripturis
1047 5081 1250 5136 sanctis
1286 5078 1531 5133 intendas
1562 5094 1625 5131 ex
1658 5078 1788 5139 otio,
1815 5080 2079 5146 permulta

592 5270 639 5303 “
668 5268 796 5323 Luc.
834 5285 921 5332 xv,
959 5270 990 5321 ιι
1038 5279 1091 5323 et
1140 5282 1291 5337 seqq.
1419 5266 1461 5297 ⁸³³
1498 5264 1697 5337 [Ωον.
1758 5280 1872 5337 vni,
1925 5266 1979 5319 6.

521 5342 568 5373 ⁷⁸
599 5344 752 5395 Deut.
790 5355 901 5398 xvi.
933 5340 984 5391 9.
1061 5341 1106 5369 7"
1139 5335 1295 5393 sui...
1334 5352 1483 5402 uxr,
1522 5335 1613 5390 50.

522 5410 731 5474 27,28.
809 5409 853 5440 τθ
886 5408 1077 5475 Philip.
1108 5424 1167 5469 ιι,
1200 5410 1284 5462 tu.
1361 5406 1543 5462 "lsa.
1588 5405 1807 5471 xuii-8.

590 5501 699 5581 (89)
734 5501 841 5557 Sex
886 5516 1018 5556 mss.
1074 5501 1298 5566 habent,
1355 5502 1711 5571 prwdicabat;
1741 5496 1867 5553 libb.
1905 5500 2034 5556 editi
2068 5519 2082 5556 :

517 5572 1169 5710 prfgifadlindianitarum.
1209 5639 1298 5692 Sic
1324 5639 1524 5695 habent
1554 5656 1743 5695 omnes
1773 5655 1929 5705 mss.,
1954 5636 2078 5695 libri

523 5729 647 5767 vero
678 5710 828 5779 editi,
868 5710 1309 5763 Amntouitartmt.‘

2086 5271 2130 5300 ⁷⁷
2170 5269 2303 5338 Eph.
2360 5283 2435 5332 tv,
2483 5266 2537 5329 4,
2576 5267 2624 5338 5.

1688 5336 1732 5366 ⁷⁸
1760 5336 1893 5389 Gen.
1929 5352 2037 5401 λιν,
2072 5339 2156 5395 H.

1882 5407 1926 5438 ⁸⁸
1960 5405 2149 5463 Matth.
2178 5422 2330 5470 svnt,
2365 5407 2418 5459 5.

2192 4531 2297 4595 hic,
2322 4547 2424 4585 non
2454 4531 2737 4587 introibitis
2763 4537 2820 4587 in
2862 4550 3075 4603 regnum
3124 4536 3239 4607 Dei)
3297 4538 3588 4593 missurum
3637 4554 3759 4595 esse

2192 4638 2434 4687 manum,
2462 4633 2517 4678 et
2546 4624 2676 4678 nihil
2704 4626 3003 4683 laedendum
3030 4646 3044 4694 ;
3080 4629 3169 4683 vel
3217 4631 3379 4683 etiam
3423 4630 3511 4685 illa
3564 4632 3755 4702 figura,

2189 4729 2350 4783 quam
2405 4715 2595 4770 Petrus
2625 4715 2734 4784 jam
2765 4734 2907 4773 nunc
2936 4721 2986 4771 in
3025 4719 3270 4774 Ecclesia
3332 4721 3519 4776 haberi
3579 4724 3755 4787 docet,

2189 4821 2311 4860 cum
2362 4809 2527 4864 refert
2564 4824 2623 4863 se
2678 4812 2944 4865 visionem
2995 4812 3195 4865 vidisse
3233 4813 3305 4877 ⁸⁸,
3335 4814 3387 4867 in
3438 4828 3540 4882 qua
3574 4816 3755 4869 omnia

2193 4900 2583 4968 quadrnpedia,
2613 4910 2666 4955 et
2694 4902 2880 4956 bestiae
2907 4913 3085 4966 terra),
3114 4918 3176 4957 ac
3206 4903 3444 4957 Volatilia
3473 4906 3595 4960 caeli
3617 4906 3757 4959 intra

2194 5006 2361 5044 unum
2413 4992 2535 5045 fidei
2587 4993 2812 5045 linteum
2854 4993 3291 5059 continebantur,
3324 5006 3557 5064 quatuor
3586 4994 3759 5051 Evan-

2191 5082 2452 5151 geliorum
2494 5083 2660 5137 initiis
2699 5082 3022 5153 alligatum?

2729 5270 2769 5298 '”
2798 5269 2930 5321 Gen.
2972 5285 3081 5333 xu,
3124 5268 3213 5324 46.

2233 5338 2279 5369 ⁷⁸
2309 5338 2433 5391 .lnd.
2469 5351 2567 5400 vtt,
2599 5336 2649 5389 6.
2720 5338 2773 5369 ⁷⁷
2811 5338 3044 5406 Sophon.
3095 5356 3133 5406 ι,
3173 5341 3259 5394 15.

2495 5406 2540 5438 ⁸³
2568 5408 2691 5461 Act.
2721 5421 2776 5473 x,
2806 5410 2892 5474 ll,
2940 5408 3024 5465 η.

3314 5272 3358 5300 ⁷⁷
3396 5269 3522 5325 Luc.
3550 5286 3630 5336 tu,
3662 5270 3758 5329 25.

3336 5342 3380 5374 ⁷⁸
3405 5339 3577 5397 Levit.
3606 5356 3758 5407 xxvr,

2266 5501 2377 5573 (88)
2404 5500 2729 5555 Madianitas
2786 5516 3012 5572 supcrat.
3046 5502 3123 5559 ita
3173 5504 3333 5559 codd.
3390 5505 3655 5560 Gemetic.
3705 5519 3764 5563 et

2194 5570 2702 5653 Sangermanensis,
2737 5570 2857 5630 libri
2888 5586 3068 5631 autem
3100 5576 3229 5631 editi
3254 5577 3516 5633 omittunt
3550 5575 3763 5631 Modiu-

2189 5652 2352 5696 mlas.
