4084 6214
400 347 493 402 175
1588 344 1656 398 1N
1692 343 1991 399 GENESIM
2027 345 2310 402 llOMlLlA
2350 350 2413 404 ll.

3535 358 3638 411 174

457 466 515 519 6.
548 465 743 520 Verum
789 463 1037 535 queniam
1100 474 1227 520 arca
1260 474 1420 534 quam
1447 464 1758 522 describere
1792 482 1960 523 cona-
1992 473 2037 527 A
2068 469 2240 525 tinent
2266 471 2454 533 vitam,
2478 480 2530 523 et
2552 486 2615 525 ex
2637 472 2782 526 omni
2814 480 2964 541 parte
2993 472 3263 529 libratam.
3292 473 3424 530 Nam
3456 490 3641 533 aucto-

394 576 530 623 mur,
555 573 661 612 non
694 554 869 611 solum
922 558 1281 623 bicamcrata,
1313 557 1406 612 sed
1443 566 1496 611 et
1547 558 1900 613 trieamerata
1931 555 1959 613 ἐι

394 653 505 706 Deo
547 652 791 705 construi
836 649 1079 718 jubetur,
1134 663 1355 718 operam
1410 650 1603 704 demus
1657 658 1712 705 et
1768 664 1867 705 nos
1895 652 1963 706 ad

394 747 531 799 han.
562 741 834 811 duplicem
863 756 983 810 qua:
1013 741 1291 810 praecessit
1327 742 1722 809 expositionem
1763 754 1963 796 secun-

390 839 511 891 dum
550 845 875 905 praeceptum
923 830 1015 887 Dei
1060 834 1220 887 etiam
1275 833 1756 901 tertiamjun‘gere.
1782 832 1962 886 Prima

388 929 527 981 enim
582 941 704 993 quze
744 926 1039 993 praecessit,
1078 924 1336 979 historica
1370 932 1474 988 est,
1534 922 1698 977 veluti
1757 923 1959 977 funda-

384 1029 627 1073 mentum
653 1018 921 1087 quoddam
960 1017 1011 1069 in
1046 1015 1399 1070 inferioribus
1452 1016 1650 1084 posita.
1711 1015 1960 1071 Secunda

384 1111 497 1164 h;ec
533 1113 787 1181 mystica,
814 1108 1069 1177 superior
1098 1117 1151 1162 et
1180 1107 1451 1162 excelsior
1477 1106 1598 1161 fuit.
1639 1104 1887 1161 Tertiam
1914 1107 1958 1162 si

384 1217 675 1271 possumus
701 1200 960 1255 moralem
997 1208 1267 1253 tentemus
1300 1198 1538 1266 adjicere
1567 1213 1581 1252 :
1608 1198 1855 1269 quamvis
1906 1207 1963 1253 et

388 1295 487 1347 hoc
524 1294 700 1362 ipsum
732 1291 876 1359 quod
905 1305 1078 1359 neque
1105 1290 1498 1345 bicameratam
1527 1292 1703 1344 solum
1745 1290 1881 1343 dixit
1905 1297 1960 1343 et

383 1384 552 1445 siluit,
587 1396 762 1450 neque
788 1382 1190 1436 trieameratam
1237 1390 1443 1436 tantum
1495 1389 1548 1435 et
1576 1380 1838 1445 cessavit,
1866 1377 1956 1433 sed

386 1486 503 1523 cum
540 1470 769 1523 dixisset
819 1467 1235 1537 bicamcratam,
1271 1470 1481 1524 addidit
1528 1478 1583 1524 et
1636 1470 1956 1523 tricamera-

389 1572 513 1625 tam,
542 1575 643 1615 nec
668 1561 871 1630 absque
896 1562 1054 1630 hujus
1081 1562 1252 1630 ipsius
1285 1560 1651 1631 expositionis
1672 1574 1829 1629 quam
1856 1559 1955 1612 ha-

386 1651 573 1705 bemus
628 1652 678 1706 in
733 1652 982 1706 manibus
1020 1652 1272 1707 videatur
1320 1667 1442 1708 esse
1500 1652 1779 1722 mysterio.
1820 1650 1954 1704 Nam

387 1745 732 1797 tricamerata
766 1743 1034 1812 triplicem
1058 1744 1199 1800 hanc
1218 1744 1613 1813 expositionem
1646 1742 1952 1811 designant.

2069 577 2156 616 res
2181 562 2518 617 saecularium
2546 561 2809 616 librorum
2841 574 3066 633 possunt
3096 566 3314 634 quidem
3347 568 3452 623 dici
3488 570 3630 640 ligna

2064 654 2299 717 excelsa,
2332 666 2384 709 et
2410 653 2553 723 ligna
2607 656 2884 709 ttntbrosa.
2922 654 3036 711 Sub
3087 658 3232 713 omni
3292 660 3436 714 enim
3491 661 3637 733 ligno

2065 744 2282 798 CXCClSO
2331 752 2385 797 οι
2462 759 2751 799 nemoroso
2812 759 3103 801 accusatur
3159 748 3460 807 fornicatus
3513 769 3639 810 esse

2064 832 2226 887 lsrael
2261 835 2306 864 ⁸⁷
2338 851 2351 886 :
2384 834 2507 903 quia
2566 834 2639 887 illi
2677 834 2973 902 loquuntur
3024 837 3243 905 quidem
3295 841 3533 907 excelsa,
3584 854 3639 898 et

2065 924 2252 979 ﬂorida
2283 934 2511 979 utuntur
2539 926 2847 995 eloquentia
2880 944 3023 983 :non
3064 939 3242 985 tamen
3281 933 3351 987 ita
3384 946 3634 1003 egerunt,

2062 1023 2121 1069 ‘ut
2148 1015 2309 1069 locuti
2358 1024 2486 1070 sunt
2519 1035 2531 1069 :
2566 1024 2620 1071 et
2650 1017 2769 1071 ideo
2798 1032 2902 1072 non
2942 1030 3166 1087 possunt
3214 1022 3358 1093 ligna
3399 1027 3637 1094 quadra-

2066 1116 2116 1160 ta
2144 1106 2432 1171 nominari,
2463 1109 2605 1177 quod
2633 1110 2687 1163 in
2718 1110 2797 1164 eis
2839 1124 3178 1179 nequaquam
3214 1115 3321 1168 vita
3371 1127 3425 1169 et
3458 1131 3636 1172 sermo

2063 1197 2333 1253 collibret.
2370 1192 2449 1252 Tu
2474 1212 2603 1269 ergo
2639 1200 2683 1254 si
2731 1201 2863 1256 facis
2923 1216 3133 1269 arcam,
3172 1204 3215 1259 si
3247 1205 3633 1261 bibliothecam

2063 1303 2381 1361 congregas,
2408 1306 2472 1347 ex
2497 1294 2842 1348 sermonibus
2865 1295 3198 1363 propheticis
3229 1303 3285 1350 et
3323 1299 3635 1367 apostolicis

2061 1382 2143 1434 vel
2184 1397 2373 1438 eorum
2407 1384 2499 1453 qui
2541 1398 2635 1439 eos
2686 1387 2849 1439 rectis
2908 1386 3028 1440 fidei
3077 1387 3232 1443 lineis
3289 1391 3460 1445 secuti
3514 1402 3638 1445 sunt

2061 1488 2365 1545 congrega,
2448 1476 2836 1531 bicanteratam
2898 1488 2952 1533 et
3009 1480 3416 1536 tricameratam
3470 1480 3637 1537 facito

2060 1576 2202 1626 eam,
2230 1577 2295 1617 ex
2331 1565 2443 1633 ipsa
2471 1568 2809 1621 narrationes
2863 1566 3154 1623 historicas
3182 1570 3365 1633 disce,
3422 1586 3489 1626 ex
3520 1572 3634 1641 ipsa

2059 1653 2379 1722 mysterium
2410 1667 2662 1724 magnum
2690 1655 2832 1725 quod
2867 1656 2920 1710 in
2970 1654 3192 1712 Christo
3219 1667 3273 1713 et
3302 1661 3355 1714 in
3386 1660 3634 1716 Ecclesia

2060 1741 2317 1810 impletur
2364 1758 2618 1812 agnosce.
2650 1745 2725 1800 Ex
2760 1746 2877 1816 ipsa
2907 1747 3072 1802 etiam
3101 1750 3393 1805 emendare
3432 1764 3634 1817 mores,

386 1835 491 1889 Sed
523 1834 651 1903 quia
721 1810 1086 1900 nonisemper
1118 1833 1170 1886 in
1230 1810 1527 1902 scripturis
1556 1831 1754 1885 divinis
1784 1832 1959 1886 histo—
1989 1810 2031 1866 Β
2060 1846 2307 1887 resecare
2331 1833 2484 1901 vitia,
2516 1849 2752 1906 purgare
2778 1837 3037 1903 animam,
3075 1846 3237 1907 atque
3278 1852 3483 1895 exuere
3510 1854 3631 1894 eam

388 1931 535 1984 rialis
564 1929 959 1999 consequentia
990 1939 1137 1984 stare
1159 1937 1362 1999 potest,
1417 1930 1511 1984 sed
1568 1940 1955 1998 nonnunquam

382 2021 581 2085 deficit,
606 2030 679 2083 ut,
716 2020 864 2075 verbi
900 2034 1089 2085 causa,
1116 2036 1237 2075 cum
1287 2018 1487 2074 dicitur
1511 2016 1559 2051 ⁸⁸
1594 2035 1608 2071 :
1644 2018 1821 2081 Spinaz
1857 2036 1969 2083 na:

381 2119 591 2166 secatur
617 2111 670 2164 in
693 2127 853 2164 manu
875 2112 1066 2164 ebriosi
1093 2152 1105 2165 .
1138 2122 1193 2165 et
1246 2126 1368 2165 cum
1401 2109 1452 2163 in
1486 2111 1686 2178 templo
1718 2126 1747 2163 a
1805 2110 1959 2165 Salo-

384 2217 539 2256 mone
564 2209 877 2256 constructo
912 2199 1182 2256 dicitur”
1220 2219 1236 2256 :
1274 2198 1390 2255 Voa:
1434 2200 1612 2254 mallei
1657 2209 1706 2254 et
1760 2200 1955 2254 securis

384 2310 482 2347 non
515 2303 593 2347 est
623 2293 807 2346 aitdita
840 2293 895 2346 in
944 2293 1101 2347 domo
1132 2293 1227 2348 Dei
1272 2311 1289 2350 :
1328 2302 1381 2348 et
1409 2293 1605 2347 iterum
1651 2292 1702 2346 in
1753 2291 1955 2345 Leviti-

380 2400 442 2439 co
463 2384 532 2452 ⁸⁸,
551 2400 674 2439 cum
700 2381 843 2451 lepra
902 2384 1126 2453 parietis
1182 2393 1236 2439 et
1275 2383 1559 2455 pelliculze,
1589 2392 1645 2438 et
1694 2382 1950 2438 staminis

382 2478 569 2549 inspici
604 2479 825 2549 jubetur
855 2493 882 2531 a
908 2474 1282 2533 sacerdotibus
1335 2488 1388 2531 et
1434 2477 1654 2548 purgari
1686 2495 1700 2534 :
1732 2485 1952 2546 propter

380 2570 493 2623 haec
515 2583 649 2638 ergo
671 2579 726 2623 et
750 2568 834 2623 his
853 2569 1049 2623 similia
1077 2583 1183 2623 non
1211 2568 1384 2624 solum
1435 2568 1809 2633 tricamerata,
1851 2569 1946 2621 sed

381 2672 430 2718 et
463 2662 800 2717 bicamcrata
834 2676 960 2714 arca
990 2663 1320 2727 contexitur,
1354 2665 1408 2714 ut
1438 2659 1673 2714 sciamus
1708 2659 1761 2712 in
1794 2657 1946 2713 Scri~

379 2754 548 2823 pturis
576 2753 773 2807 divinis
804 2767 910 2807 non
946 2766 1163 2820 semper
1186 2752 1473 2821 triplicem,
1518 2751 1642 2819 quia
1672 2764 1777 2804 non
1808 2763 1949 2804 seu»

376 2860 470 2915 per
504 2862 608 2901 nos
642 2845 868 2901 historia
936 2844 1203 2913 scquitur,
1256 2840 1349 2897 seJ
1398 2842 1665 2895 interdum
1719 2840 1946 2910 duplicis

377 2938 746 2993 tantummodo
777 2951 999 2991 sensum
1022 2933 1388 3006 expositionis
1427 2932 1713 2988 insertum.
1748 2930 1948 2989 'l'enteo

375 3044 486 3084 mus
519 3028 693 3099 igitur
716 3036 769 3083 et
817 3028 1032 3083 tertiam
1064 3026 1461 3095 expositionem
1507 3024 1802 3091 disserere,
1859 3038 1945 3081 se-

2058 1924 2203 1978 omni
2230 1924 2449 1979 vinculo
2480 1927 2810 1996 captivitatis
2856 1929 3119 1999 intelligo,
3159 1931 3314 1986 nidos
3368 1931 3422 1986 in
3455 1947 3539 1995 ea,
3575 1943 3633 1989 et

2056 2017 2216 2072 nidos
2254 2018 2595 2073 diversarum
2649 2021 2909 2074 virtutum
2968 2030 3022 2075 et
3071 2022 3413 2091 profectnum
3473 2023 3636 2079 collo-

2058 2121 2206 2162 cans.
2268 2107 2497 2165 Deintus
2547 2124 2681 2165 sane
2728 2118 2781 2164 et
2834 2110 3036 2165 deforis
3072 2112 3425 2167 hituminabis
3482 2128 3632 2179 eam,

2059 2197 2225 2251 corde
2252 2198 2409 2253 [idem
2464 2212 2682 2268 gerens,
2710 2214 2807 2255 ore
2857 2200 3262 2255 confessionem
3301 2203 3583 2273 proferens
3614 2220 3629 2257 :

2054 2285 2201 2340 intus
2239 2286 2524 2341 scientiam
2554 2327 2568 2352 ,
2628 2288 2764 2342 foris
2792 2303 2956 2358 opera
3006 2290 3215 2345 habens
3242 2292 3414 2347 :intus
3466 2297 3633 2349 corde

2054 2379 2307 2445 mundus,
2332 2377 2465 2433 foris
2486 2386 2667 2434 castus
2696 2394 2923 2447 corpore
2946 2381 3230 2436 incedens.
3262 2383 3316 2436 In
3342 2385 3480 2439 hanc
3503 2400 3635 2457 ergo

2054 2483 2261 2537 arcam,
2294 2470 2409 2525 sive
2433 2483 2551 2525 eam
2601 2470 2986 2526 bibliothecam
3020 2473 3322 2529 divinorum
3371 2474 3630 2531 librorum

2053 2559 2168 2614 sive
2193 2559 2431 2613 animam
2471 2560 2683 2615 fidelem
2744 2564 3040 2617 secundum
3094 2562 3352 2621 moralem
3408 2566 3626 2622 interim

2050 2649 2229 2704 locum
2257 2662 2545 2719 ponamus,
2596 2651 2940 2707 introducere
2970 2654 3134 2709 debes
3175 2653 3339 2710 etiam
3369 2658 3624 2713 animaiia

2050 2753 2115 2796 ex
2138 2741 2287 2795 omni
2318 2756 2537 2812 genere,
2568 2757 2672 2798 non
2701 2743 2873 2797 solum
2906 2745 3130 2810 munda,
3172 2748 3263 2801 sed
3308 2756 3363 2802 et
3396 2750 3630 2803 immun-

2046 2831 2137 2889 da.
2187 2833 2293 2891 Sed
2324 2834 2522 2891 munda
2576 2837 2794 2906 quidem
2846 2838 3099 2893 animalia
3146 2840 3303 2895 facile
3338 2854 3630 2911 possumus

2046 2923 2256 2993 dicere,
2280 2926 2423 2998 quod
2462 2930 2744 2993 memoria,
2773 2930 3031 2996 eruditio,
3057 2932 3387 2998 intellectus,
3423 2938 3627 2990 exami-

2048 3019 2201 3075 natio
2251 3026 2306 3077 et
2329 3016 2590 3091 judicium
2620 3040 2808 3081 eorum
2839 3041 2958 3096 qum
2998 3026 3250 3095 legimus,
3289 3030 3508 3100 aliaque
3544 3034 3631 3087 his

375 3125 606 3179 cundum
638 3120 895 3179 moralem
921 3120 1118 3176 locum.
1151 3118 1208 3175 Si
1250 3119 1373 3189 quis
1398 3122 1503 3186 est,
1547 3118 1640 3189 qui
1689 3132 1945 3175 crescen-
1971 3142 2014 3205 c
2050 3110 2248 3167 similia
2300 3112 2528 3185 intelligi
2558 3125 2806 3185 possunt.
2859 3118 2932 3172 De
2990 3118 3285 3174 immundis
3337 3137 3466 3177 vero
3497 3138 3626 3193 pro-

372 3214 510 3269 tibus
540 3214 720 3277 malis,
778 3221 831 3267 ct
882 3212 1274 3266 inundantibus
1320 3210 1467 3264 vitiis
1522 3220 1849 3267 convertere
1880 3222 1940 3267 se

372 3314 547 3377 potest
574 3320 604 3357 a
631 3304 793 3359 rebus
825 3302 982 3359 lluxis
1027 3312 1081 3357 et
1112 3302 1464 3372 pereuntibus
1490 3311 1545 3357 et
1598 3303 1841 3369 caducis,
1885 3309 1940 3358 et

372 3399 552 3452 audire
581 3396 806 3453 verbum
838 3395 949 3458 Dei,
978 3411 1040 3450 ac
1080 3405 1347 3465 prtecepla
1394 3395 1639 3450 coalestia
1671 3412 1684 3449 :
1724 3395 1813 3451 hic
1856 3396 1939 3450 in-

374 3497 451 3540 tra
479 3502 575 3541 cor
604 3501 762 3540 suum
788 3499 969 3539 arcam
1007 3484 1201 3541 salutis
1231 3486 1487 3550 mdilical,
1539 3494 1595 3539 et
1648 3485 1938 3541 bibliothe-

371 3593 503 3642 cam,
542 3586 600 3631 ut
628 3578 701 3630 ita
725 3576 926 3639 dicam,
957 3576 1095 3630 intra
1128 3592 1186 3631 se
1219 3576 1385 3631 divini
1419 3584 1706 3631 consecrat
1762 3574 1935 3644 verbi,

373 3664 758 3738 longitudinem
789 3665 840 3719 in
867 3681 951 3729 ca,
986 3677 1039 3720 et
1068 3666 1433 3731 latitudinem,
1482 3676 1537 3720 et
1569 3666 1935 3731 altitudinem,

371 3760 546 3821 ﬁdem,
575 3772 745 3828 spem,
776 3756 1206 3827 charitatemque
1241 3757 1488 3813 collocat.
1533 3754 1719 3812 Fidem
1754 3756 1935 3813 Trini-

374 3852 493 3905 tatis
520 3849 637 3921 (89)
664 3854 729 3905 ad
761 3851 1149 3923 longitudinem
1202 3855 1324 3906 vitae
1365 3851 1936 3923 itumortalitatemque

367 3943 643 3998 distendit.
676 3943 785 4015 66
812 3944 1175 3998 Latitudinem
1231 3944 1534 4010 cbaritalis,
1582 3940 1935 4013 indulgentia:

367 4044 419 4091 et
446 4035 800 4105 benignitatis
828 4034 1019 4089 fundat
1052 4032 1274 4090 ali'ectu.
1314 4036 1615 4090 Altitudiue
1644 4037 1756 4105 ει)ρί
1784 4051 1841 4089 se
1866 4036 1932 4089 ad

365 4126 607 4181 caelestia
640 4127 801 4196 erigit
834 4137 885 4181 et
915 4126 1147 4181 excelsa.
1195 4124 1371 4195 Super
1405 4138 1607 4181 terram
1644 4129 1788 4182 enim
1818 4144 1933 4181 am-

366 4218 573 4280 bulans,
616 4218 671 4271 in
715 4217 869 4273 cmlis
925 4216 1089 4271 habet
1114 4219 1608 4273 conversationem.
1653 4218 1929 4273 Sununaut

367 4324 487 4365 vero
519 4319 737 4365 actuum
785 4322 1004 4364 suorum
1051 4308 1218 4365 refert
1249 4311 1313 4365 ad
1371 4326 1562 4365 unum.
1615 4310 1728 4365 Scit
1784 4309 1930 4366 enim

367 4401 485 4469 quia
509 4417 685 4453 omnes
722 4400 929 4470 quidem
962 4411 1213 4463 currunt;
1260 4401 1350 4454 sed
1405 4418 1538 4454 unus
1569 4401 1759 4470 accipit
1813 4401 1931 4469 pal-

365 4508 497 4545 mam
527 4492 593 4558 ",
624 4492 835 4547 scilicet
873 4492 962 4562 qui
994 4493 1387 4562 cogitationum
1426 4493 1688 4547 varietate
1752 4504 1806 4547 et
1846 4490 1931 4547 iu-

366 4585 655 4638 stabilitate
680 4587 876 4638 mentis
900 4600 1005 4639 non
1032 4584 1188 4639 fuerit
1221 4585 1523 4653 multiplex.
1553 4585 1657 4639 Sed
1680 4584 1818 4639 hanc
1845 4585 1928 4639 hi-

366 4672 684 4730 bliothecam
722 4690 825 4729 non
862 4691 930 4729 ex
983 4677 1292 4747 agrestibus
1326 4688 1381 4731 et
1406 4676 1685 4746 impolitis,
1726 4678 1817 4731 sed
1860 4692 1926 4732 ex

365 4768 634 4832 quadratis
683 4776 738 4820 et
792 4767 1085 4822 secundum
1138 4770 1412 4838 aequitatis
1467 4767 1667 4822 lineam
1709 4768 1931 4824 directis

366 4857 619 4909 construit
677 4856 856 4923 lignis,
896 4857 946 4912 id
974 4869 1055 4914 est
1088 4876 1190 4913 non
1239 4859 1578 4914 saecularium
1625 4870 1931 4926 auctorum,

370 4949 456 5000 sed
496 4964 556 5003 ex
590 4951 931 5019 propheticis
980 4962 1142 5020 atque
1176 4952 1487 5021 apostolicis
1545 4952 1925 5006 voluminibus.

365 5036 623 5107 lpsienim
652 5050 801 5105 sunt,
844 5043 933 5111 qui
978 5043 1209 5097 diversis
1261 5041 1653 5097 tcutalionibus
1692 5041 1924 5107 edolati,

364 5132 612 5184 resecatis
640 5132 897 5185 omnibus
934 5132 1077 5186 vitiis
1105 5140 1158 5185 et
1199 5131 1422 5195 excisis,
1449 5136 1762 5199 quadratam
1798 5145 1928 5185 con-

426 5308 468 5344 ⁸⁸
500 5310 754 5368 Proverb.
787 5330 933 5381 xxvr,
964 5312 1018 5371 9.
1112 5312 1158 5347 °"
1181 5312 1243 5371 lll
1266 5315 1397 5387 Reg.
1424 5333 1498 5382 vt,
1524 5317 1573 5371 7.
1650 5314 1695 5348 ⁸⁸
1724 5315 1895 5370 Levit.
1926 5330 2044 5370 xm.
2121 5313 2207 5411 “l
2241 5314 2365 5370 Cor.
2400 5331 2476 5381 tx,
2500 5315 2593 5369 24.

424 5447 532 5516 (89)
559 5445 706 5501 Libri
744 5457 904 5500 antea
935 5448 1091 5511 editi,
1119 5447 1225 5517 [ide
1256 5446 1536 5502 Trinitatis
1573 5449 1642 5501 ad
1698 5449 1931 5517 longitu-

354 5518 524 5589 dinem
556 5517 673 5589 rita:
726 5517 1281 5589 imntorlalitatemque
1341 5519 1634 5589 descendit,
1685 5528 1741 5571 at
1796 5534 1926 5572 mss.

351 5582 719 5648 Belvacensis,
752 5587 1101 5657 lientigianus
1128 5598 1180 5642 et
1197 5582 1318 5642 'tres
1354 5587 1702 5657 Tttronenses
1750 5597 1809 5641 ut
1864 5590 1916 5641 in

355 5667 543 5710 nostro
572 5666 753 5710 textu.
783 5654 960 5710 Codex
987 5657 1415 5712 Gemcticeusis:
1450 5657 1606 5725 fidem
1638 5655 1914 5711 Trinitatis

345 5742 414 5779 ex
442 5726 770 5795 longitudine
798 5727 913 5779 vitro
940 5728 1428 5796 immortalitateque
1467 5726 1738 5783 distendit.
1801 5726 1915 5781 Mox

2047 3202 2301 3259 nuntiare
2338 3202 2549 3260 dillleile
2576 3216 2679 3271 est,
2712 3223 2833 3278 quae
2859 3217 2915 3262 et
2939 3209 3063 3263 bina
3096 3218 3152 3263 et
3185 3209 3307 3263 bina
3341 3213 3627 3267 nominan-

2051 3301 2157 3349 tur.
2190 3295 2573 3352 Verumtamen
2608 3309 2868 3367 quanttmt
2906 3299 2958 3353 in
3001 3308 3109 3352 tam
3151 3300 3459 3356 difﬁcilibus
3491 3303 3624 3359 locis

2046 3387 2248 3441 audere
2280 3402 2583 3456 possumus,
2617 3401 2747 3459 puto
2780 3391 2924 3459 quod
2955 3394 3395 3460 concupiscentia
3427 3404 3479 3450 et
3515 3397 3622 3463 ira,

2046 3478 2172 3546 quia
2203 3478 2383 3532 insunt
2403 3480 2514 3550 (90)
2539 3485 2684 3535 omni
2712 3484 2925 3546 animre,
2960 3486 3268 3541 necessario
3287 3487 3402 3543 istze
3427 3503 3627 3546 secun-

2046 3568 2172 3623 dum
2216 3571 2318 3625 hoc
2377 3573 2517 3640 quod
2557 3572 2623 3626 ad
2662 3574 2991 3641 peccandum
3025 3576 3227 3632 homini
3272 3578 3622 3649 famulantur,

2046 3659 2337 3713 immundae
2388 3661 2673 3726 dicuntur,
2729 3665 3027 3733 secundum
3056 3665 3161 3720 hoc
3192 3680 3322 3722 vero
3353 3672 3494 3738 quod
3525 3688 3623 3726 ne-

2046 3765 2152 3820 que
2188 3753 2520 3820 posteritatis
2562 3755 2682 3809 sine
2718 3755 3155 3824 concupiscentia
3210 3762 3486 3816 successio
3536 3779 3621 3818 re-

2042 3852 2284 3912 para'ur,
2323 3859 2495 3913 neque
2521 3844 2834 3900 emendatio
2887 3846 2992 3900 ulla
3024 3846 3141 3903 sine
3174 3849 3252 3903 ira
3308 3861 3482 3920 potest
3535 3868 3629 3908 ue-

2043 3951 2147 4007 que
2187 3938 2471 4007 disciplina
2509 3949 2783 4005 constare,
2814 3943 3131 3997 necessariae
3156 3951 3207 3998 et
3232 3948 3620 4001 conservandae

2045 4028 2316 4083 dicuntur.
2346 4029 2411 4083 Et
2442 4032 2691 4099 quamvis
2726 4034 2837 4087 hmc
2864 4033 2973 4102 jam
3013 4049 3117 4089 non
3155 4036 3373 4100 morali,
3399 4037 3491 4091 sed
3520 4053 3619 4091 na-

2042 4120 2200 4174 turali
2248 4121 2460 4175 ratione
2503 4122 2749 4177 discussa
2809 4123 3121 4190 videantur,
3178 4135 3357 4181 tamen
3410 4143 3528 4197 qua:
3550 4130 3615 4181 ad

2041 4228 2280 4284 prmsens
2312 4228 2604 4269 occurrere
2629 4225 2944 4284 potuerunt,
2977 4232 3074 4286 pro
3114 4218 3476 4277 :cdillcatlone
3507 4231 3619 4276 tra-

2040 4306 2331 4360 ctavimus.
2358 4303 2416 4359 Si
2443 4305 2568 4374 quis
2599 4319 2732 4363 sane
2776 4310 3016 4375 potuerit
3048 4322 3113 4363 ex
3147 4311 3258 4364 otio
3310 4310 3483 4380 ipsam
3513 4311 3614 4365 sibi

2037 4396 2291 4452 conferre
2319 4406 2371 4451 et
2392 4410 2714 4465 comparare
2741 4397 3076 4469 Scripturam
3103 4402 3336 4456 divinant
3368 4410 3422 4457 et
3456 4403 3616 4474 spiri-

1966 4504 2009 4560 ι)
2038 4490 2234 4545 talibus
2257 4489 2518 4560 spiritalia
2545 4500 2822 4560 coaptare,
2876 4507 2975 4547 nec
3003 4506 3100 4548 nos
3130 4494 3261 4548 latet
3286 4494 3425 4564 quod
3462 4496 3612 4564 plura

2031 4580 2085 4634 in
2122 4582 2223 4635 hoc
2253 4579 2370 4635 loco
2395 4581 2647 4651 profundi
2675 4592 2726 4635 et
2759 4584 2943 4637 arcani
2992 4587 3237 4656 mystcrii
3273 4596 3486 4642 secreta
3521 4602 3609 4641 του

2032 4677 2224 4742 periet,
2258 4684 2375 4742 qua:
2410 4690 2553 4728 nunc
2583 4689 2683 4728 nos
2713 4674 2983 4731 adducere
3008 4678 3059 4731 in
3102 4677 3363 4742 medium,
3406 4678 3488 4731 vel
3514 4695 3613 4748 pro

2042 4765 2314 4819 brevitate
2345 4764 2621 4833 temporis,
2651 4764 2733 4819 vel
2784 4781 2881 4835 pro
2926 4768 3228 4821 auditmum
3268 4767 3452 4821 labore
3504 4784 3609 4824 non

2032 4869 2338 4923 possumus.
2376 4855 2774 4926 Otnuipotentis
2817 4867 2992 4909 tamen
3044 4856 3135 4910 Dei
3169 4860 3603 4913 miscricordiam

2037 4949 2413 5016 deprecemur,
2450 4949 2540 5017 qui
2574 4964 2671 5001 nos
2706 4964 2810 5001 non
2848 4946 3018 5001 solum
3054 4950 3329 5004 auditores
3356 4953 3499 5005 verbi
3527 4954 3608 5007 Sui

2038 5036 2222 5103 faciat,
2252 5040 2346 5092 sed
2386 5048 2439 5093 et
2463 5039 2699 5093 factores
2725 5039 2770 5070 ⁸⁸
2799 5058 2813 5093 :
2847 5046 2903 5093 et
2949 5040 3171 5093 inducat
3204 5054 3370 5109 suprr
3399 5050 3609 5097 nostras

2034 5144 2248 5198 quoque
2287 5131 2497 5185 animas
2528 5132 2786 5184 diluvium
2817 5148 2968 5201 aqum
2988 5146 3119 5196 suae,
3146 5139 3202 5185 ct
3225 5132 3402 5188 deleat
3423 5135 3474 5189 in
3511 5155 3607 5192 ιιι)-

2700 5315 2786 5369 ⁸⁷1
2826 5314 2959 5387 Reg.
2985 5332 3116 5371 xvu.
3223 5320 3271 5352 ⁸⁸
3299 5320 3414 5374 Jac.
3451 5337 3490 5385 t,
3516 5321 3605 5377 ἐξ.

2041 5447 2171 5525 libb.
2209 5458 2369 5525 antea
2391 5450 2563 5525 editi_:
2598 5450 2878 5525 latitudine
2924 5453 3220 5525 clmritatis,
3262 5453 3605 5525 indulgemiic

2038 5526 2086 5570 et
2121 5520 2459 5597 benignitatis
2521 5521 2709 5597 fundat
2772 5521 3042 5597 a/feetum.
3083 5522 3373 5577 Altitudine
3394 5520 3502 5597 spei
3536 5527 3602 5579 ad

2030 5588 2488 5661 cwlgsliqfrigit;
2522 5588 2613 5645 Sed
2637 5607 2767 5645 mss.
2799 5588 2858 5645 ut
2882 5593 2933 5646 in
2967 5601 3151 5647 nostro
3181 5599 3349 5649 textu.

2099 5659 2209 5731 (.90)
2243 5654 2397 5726 Mss,
2422 5661 2636 5727 insunt;
2660 5662 2789 5718 libb.
2827 5662 2983 5732 editi,
3021 5662 3170 5718 inest.
