4180 6216
496 286 598 340 175

1948 290 2266 348 OBICEMS

3623 302 3724 359 478

492 406 576 457 bis
603 420 722 475 quae
754 406 854 459 scit
909 422 1028 459 esse
1062 406 1307 467 delenda,
1337 415 1387 459 et
1423 407 1656 462 viviflcet
1706 425 1826 478 qua:
1854 411 2057 479 judicat
2087 418 2130 471 Α
2164 412 2345 480 Ιίεῑιιιι
2369 414 2613 469 voluntas
2644 416 2733 469 Dei
2768 413 3065 481 contineri,
3100 419 3197 471 nisi
3233 432 3292 471 ea
3336 418 3547 472 loeutus
3578 420 3723 474 dica-

491 512 613 549 csse
640 497 983 557 vivifiranda,
1025 512 1119 560 per
1166 497 1442 551 Christum
1477 498 1757 552 Dominmn
1794 511 2057 566 nostrum,

490 599 543 641 et
569 605 662 657 per
687 588 944 658 Spiritum
967 602 1123 641 suum
1152 598 1418 641 sanctum.
1444 588 1548 659 ipsi
1589 591 1760 660 gloria
1789 592 1838 645 in
1863 602 2060 646 :cterna

491 682 685 735 sarcula
717 678 1055 734 sazcniormn.
1089 678 1283 731 Amen.

1080 774 1357 829 IIOMILIA
1407 773 1490 829 lll.

875 864 950 917 De
980 867 1377 919 circumcisione
1419 867 1664 920 Abralrre.

564 963 612 1013 l.
666 957 930 1023 thuiam
973 960 1022 1010 in
1077 958 1259 1011 turritis
1319 959 1514 1012 divina}
1564 960 1861 1028 Scriptura:
1924 961 2056 1014 locis

492 1052 657 1105 Deum
690 1051 916 1118 legimus
941 1051 1005 1103 ad
1040 1049 1281 1102 homines
1316 1050 1479 1117 loqui,
1507 1060 1560 1105 et
1591 1060 1811 1119 propter
1834 1054 1933 1105 hoc
1960 1050 2055 1106 Ju-

490 1143 587 1195 d:ei
614 1142 851 1210 quidem,
876 1142 967 1194 sed
993 1151 1047 1193 et
1076 1152 1384 1195 nostrorum
1417 1142 1680 1206 nonnulli,
1707 1143 1873 1197 Deum
1900 1144 2053 1211 quasi

494 1235 761 1286 hominem
795 1232 1202 1300 intelligendum
1238 1242 1581 1299 putaverunt.
1625 1234 1676 1287 id
1734 1244 1817 1288 est
1868 1234 2053 1287 huma~

489 1323 854 1376 uismemhris
897 1324 1187 1393 habituque
1235 1323 1574 1388 distinctum,
1610 1326 1903 1395 philosophi
1928 1340 2055 1378 vero

492 1417 640 1468 velut
673 1415 917 1469 fabulosa
947 1418 1058 1471 haec
1083 1427 1135 1469 et
1164 1418 1228 1469 ad
1282 1418 1612 1486 pocticorum
1642 1418 2051 1473 similitudinem

488 1510 859 1573 tigmentorum
887 1506 1111 1560 formata
1174 1509 1519 1575 despiciam:
1555 1511 1769 1564 videtur
1824 1511 1950 1564 mihi
1986 1511 2052 1565 de

489 1598 571 1650 his
596 1597 771 1664 primo
824 1598 1015 1664 paucis
1067 1599 1568 1665 scrmocinandum,
1609 1609 1661 1654 et
1709 1609 1833 1655 tunc
1884 1604 1950 1655 ad
1989 1618 2052 1655 ea

486 1701 602 1747 qua:
639 1686 861 1738 recitata
896 1696 1021 1739 sunt
1070 1687 1413 1740 veniendum.
1467 1687 1645 1741 Primo
1688 1704 1818 1757 ergo
1851 1690 1915 1743 ad
1958 1704 2051 1744 eos

486 1778 557 1828 sit
610 1791 788 1829 sermo
846 1777 929 1844 qui
986 1777 1119 1830 foris
1143 1778 1299 1845 positi
1333 1787 1648 1846 arroganter
1688 1794 1784 1832 nos
1812 1780 2046 1833 circum-
2083 1766 2120 1821 Β

486 1875 755 1934 strepunt,
788 1867 1029 1920 dicentes
1062 1869 1276 1921 excelso
1305 1868 1380 1920 illi
1418 1878 1473 1921 et
1498 1868 1751 1923 invisibili
1781 1878 1941 1937 atque
1971 1870 2049 1922 in-

487 1972 748 2023 corporeo
787 1957 893 2010 Deo
927 1974 1028 2009 non
1058 1960 1367 2021 convenire,
1432 1968 1489 2012 ut
1559 1959 1807 2013 humanis
1871 1970 2050 2014 utatur

481 2046 762 2102 alfemibus
788 2050 921 2118 (9|).
966 2049 1021 2102 Si
1047 2049 1187 2101 enim
1227 2050 1497 2118 loquendi,
1563 2051 1836 2120 inquiunt,
1873 2053 1920 2105 ei
1958 2054 2050 2105 da-

484 2141 552 2194 tis
586 2156 763 2202 usum,
807 2141 923 2195 sine
951 2140 1112 2194 dubio
1135 2142 1331 2195 dabitis
1354 2152 1403 2195 et
1439 2157 1517 2204 os,
1552 2152 1604 2197 et
1632 2144 1904 2211 linguam,
1945 2160 2049 2197 cae»

484 2240 707 2298 teraque
743 2233 979 2284 rnemhra
1014 2232 1210 2299 quibus
1244 2232 1493 2299 loquendi
1520 2232 2043 2301 expleturoﬂieium.

482 2322 634 2387 Quod
667 2322 710 2376 si
740 2323 829 2384 sit,
872 2338 1145 2376 recessum
1180 2332 1263 2375 est
1299 2327 1363 2375 ab
1394 2324 1652 2377 invisibili
1689 2334 1741 2377 et
1796 2326 2047 2389 incorpo-

482 2433 575 2472 reo
604 2419 712 2470 Deo
746 2430 759 2469 :
788 2425 842 2469 et
900 2415 1062 2468 multa
1097 2412 1181 2467 bis
1233 2413 1425 2466 similia
1461 2424 1736 2468 nectentes
1784 2429 1880 2467 nos
1926 2414 2046 2466 fati-

482 2518 612 2578 gant
639 2507 771 2578 (92).
807 2506 887 2559 Ad
933 2506 1049 2559 haec
1078 2518 1232 2571 ergo,
1270 2504 1313 2557 si
1361 2504 1614 2572 precibus
1666 2506 1858 2559 vestris
1892 2504 2046 2573 junc-

478 2614 621 2661 nurr,
648 2604 807 2666 prout
835 2596 1096 2650 Dominus
1128 2593 1358 2657 dederit,
1395 2593 1632 2647 breviter
1671 2609 2040 2647 occurremus.

550 2690 606 2742 2.
632 2687 740 2742 Nos
768 2687 910 2742 sicut
937 2687 1316 2754 incorporeum
1343 2699 1471 2739 esse
1504 2684 1692 2749 Deum,
1717 2694 1771 2738 et
1800 2686 2045 2754 omnipo-

483 2788 705 2843 tentem,
732 2790 786 2834 ct
815 2776 1134 2832 invisibilem
1172 2775 1510 2843 profitemur,
1573 2776 1642 2828 ita
1689 2789 1812 2828 eum
1852 2791 2043 2831 curare

482 2870 753 2931 mortalia,
812 2877 865 2921 et
921 2867 1055 2921 nihil
1091 2868 1299 2934 absqtte
1358 2866 1475 2935 ejus
1524 2866 1866 2934 providentia
1903 2866 2039 2932 geri,

482 2975 657 3029 neque
693 2960 743 3012 in
778 2959 939 3021 corio,
977 2972 1149 3027 neque
1191 2958 1243 3010 iu
1310 2957 1493 3018 terris,
1520 2965 1670 3009 certe
1700 2966 1753 3009 et
1783 2954 2040 3009 inunobili

482 3055 732 3118 dogmate
762 3050 1082 3102 confitemur
1127 3048 1262 3118 (93).
1318 3047 1583 3101 Memento
1612 3047 1737 3116 quia
1765 3046 1896 3100 nihil
1923 3047 2042 3101 sine

480 3141 820 3210 providentia
851 3141 966 3208 ejus
996 3140 1105 3208 geri
1137 3140 1394 3203 diximus,
1449 3154 1551 3192 non
1583 3139 1700 3193 sine
1737 3138 2037 3193 voluntate.

482 3234 640 3287 Multa
669 3234 812 3287 enim
842 3231 959 3284 sine
988 3230 1258 3282 voluntate
1286 3230 1403 3298 ejus
1428 3239 1709 3295 geruntur,
1768 3229 1897 3281 nihil
1923 3229 2044 3283 sine

487 3323 843 3391 providentia.
895 3319 1239 3374 Providentia
1279 3335 1508 3388 namque
1531 3328 1610 3374 est
1638 3333 1741 3388 qua
1767 3327 2043 3388 procurat,

478 3430 533 3470 et
552 3419 844 3485 dispensat.
869 3426 921 3469 et
948 3416 1191 3485 providet
1214 3429 1334 3483 quae
1356 3426 1637 3483 geruntur.
1672 3412 1930 3467 Voluntas
1953 3429 2043 3466 ve-

481 3524 540 3560 ro
564 3519 641 3559 εει
677 3523 776 3576 qua
803 3506 914 3560 vult
938 3506 1137 3575 aliquid
1163 3516 1254 3559 aut
1281 3521 1386 3560 non
1413 3507 1543 3559 vult.
1565 3505 1669 3560 Sed
1691 3506 1756 3559 de
1781 3505 1862 3559 his
1886 3506 2039 3559 alias.

479 3600 713 3667 Longior
738 3598 878 3653 enim
912 3605 995 3651 est
1025 3606 1078 3652 et
1106 3596 1347 3651 dillusior
1384 3598 1484 3652 iste
1519 3606 1800 3651 tractatus.
1831 3596 2041 3653 Secun-

476 3697 601 3743 dum
627 3691 727 3745 hoc
749 3705 876 3761 ergo
897 3690 1038 3758 quod
1061 3680 1395 3758 provisorém
1416 3688 1749 3755 onmiurn,et
1769 3687 2041 3757 dispensa—

479 3796 649 3836 torem
698 3783 1016 3850 profitemur
1069 3780 1263 3846 Deum,
1317 3795 1659 3849 consequens
1705 3789 1791 3835 est
1828 3790 1883 3832 ut
1914 3779 2040 3849 quid

473 3873 579 3943 67
621 3872 767 3933 velit,
802 3869 880 3921 vel
908 3870 1032 3935 quid
1076 3868 1391 3922 hominibus
1419 3869 1669 3937 expediat
1701 3869 1924 3923 iudicet.
1983 3869 2039 3923 Si

478 3966 622 4017 enim
662 3977 766 4016 non
818 3962 1039 4021 indicet,
1078 3974 1177 4013 nec
1217 3960 1321 4013 erit
1362 3960 1605 4025 provisor
1647 3960 1898 4025 hominis,
1944 3975 2040 4014 nec

478 4052 718 4107 creditur
771 4065 967 4105 curare
1024 4048 1293 4103 mortalia.
1365 4048 1612 4103 lndieans
1676 4049 1837 4118 igitur
1904 4050 2041 4104 Deus

478 4144 785 4198 hominibus
819 4157 937 4211 quze
994 4156 1087 4195 eos
1140 4156 1303 4210 agere
1353 4141 1494 4204 vult,
1549 4156 1654 4209 quo
1698 4142 2037 4211 potissimum

477 4234 666 4289 ali'et'tn
704 4235 960 4288 dicendus
997 4241 1077 4286 est
1103 4232 1383 4286 iudicare?
1420 4230 1605 4285 Nonne
1644 4249 1708 4286 eo
1748 4234 1837 4301 qui
1869 4232 2039 4285 horni-

478 4329 631 4380 nibus
673 4328 725 4380 iu
783 4340 879 4379 usu
914 4334 968 4378 et
1008 4324 1197 4376 notitia
1236 4324 1362 4376 est?
1389 4323 1443 4376 Si
1482 4324 1646 4390 enim,
1677 4324 1821 4377 verbi
1853 4339 2035 4388 causa,

475 4420 722 4471 dicamus
764 4416 887 4484 quia
939 4416 1063 4469 silet
1109 4417 1269 4477 Deus,
1319 4416 1463 4483 quod
1499 4424 1705 4469 natura:
1734 4416 1805 4469 illi
1837 4430 2036 4469 eonvc-
2070 4421 2111 4474 Ι)

475 4510 627 4563 uiens
650 4508 909 4572 creditur,
950 4508 1221 4575 quomodo
1247 4507 1545 4559 indicatum
1577 4521 1699 4560 esse
1725 4507 1924 4576 aliquid
1967 4509 2033 4562 ab

473 4616 538 4653 eo
570 4599 846 4670 potabitur
884 4612 978 4666 per
1024 4597 1342 4650 silentium?
1404 4596 1558 4650 Nunc
1607 4607 1783 4651 autem
1832 4599 2034 4654 idcirco

475 4693 685 4746 loculus
734 4689 957 4751 dicitur,
1010 4698 1069 4740 ut
1118 4689 1354 4741 scientes
1404 4688 1647 4741 homines
1708 4688 1807 4741 hoc
1873 4689 2033 4743 ruini-

486 4782 652 4833 sterio
685 4778 1012 4831 voluntatem
1046 4776 1272 4830 alterius
1302 4776 1455 4829 alteri
1486 4777 1846 4837 innotescere.
1870 4795 2033 4847 agno-

473 4882 628 4925 scant
661 4885 722 4923 ea
761 4885 881 4938 quze
924 4868 1023 4922 sibi
1081 4884 1177 4935 per
1220 4869 1512 4936 prophetas
1561 4866 1878 4920 deferuntur
1942 4870 2029 4922 llei

469 4978 588 5018 esse
627 4962 919 5015 voluntatis
952 4959 1172 5013 iudicia.
1215 4960 1266 5011 In
1302 4961 1499 5027 quibus
1534 4958 1719 5026 utique
1749 4973 1849 5012 non
1878 4960 2033 5013 intel-

546 5076 587 5111 ⁸³
632 5078 768 5131 Gen.
799 5092 895 5141 xu,
926 5074 972 5127 Ι.

548 5078 587 5111 ³³
716 5095 768 5130 ιι.
799 5092 895 5141 xu,
926 5078 972 5127 Ι.

548 5078 994 5239 ﬂigi/fetum“.
1033 5165 1210 5219 Codex
1258 5167 1431 5220 sancti
1468 5164 1813 5231 Theoderici,
1846 5169 2020 5237 u/futi.

470 5238 589 5295 bas.
627 5238 729 5291 nou
764 5238 920 5291 male.

541 5310 652 5375 (9:2)
684 5308 926 5377 Quatuor
957 5320 1111 5369 mss.,
1144 5323 1235 5359 nos
1264 5306 1525 5376 fatigant;
1557 5308 1686 5363 libb.
1718 5320 1875 5377 antea
1918 5308 2031 5362 edi—

472 5380 530 5434 ti.
569 5388 772 5429 nostros
796 5376 1042 5443 fatigant.

542 5446 651 5513 (93)
689 5445 941 5514 Dogmata
966 5444 1289 5515 conﬁtemur,
1317 5458 1423 5502 etc.
1459 5447 1547 5503 Sic
1581 5464 1747 5515 mss.;
1788 5448 1907 5502 libri
1942 5462 2033 5500 ve-

474 5531 533 5568 ro
556 5516 708 5577 editi,
728 5514 1335 5583 dogmateproﬁtemur.

538 5584 680 5651 (9i)
721 5582 845 5655 Mss.
876 5584 937 5635 ab
974 5582 1223 5635 Ecclesia
1244 5585 1369 5650 ﬁde.
1406 5584 1560 5641 Libh.
1592 5588 1745 5655 editi,
1779 5587 1842 5639 ab
1876 5584 2032 5637 cccle-

469 5654 682 5707 siuslicu
708 5652 835 5721 ﬁde.

2165 516 2276 571 tur,
2332 508 2458 574 quia
2487 523 2581 561 nec
2615 510 2866 573 sentitur,
2906 524 3003 563 nec
3039 509 3351 576 intelligitur
3387 512 3531 565 inter
3556 512 3721 565 horni-

2163 611 2256 648 nes
2291 595 2514 649 indicari
2555 612 2789 665 unquam
2833 612 2987 665 posse
3028 612 3122 666 per
3160 598 3435 653 silentium
3480 600 3724 655 volunta-

2162 697 2287 740 tem.
2330 687 2432 741 Sed
2480 689 2593 741 lucc
2625 704 2838 742 rursum
2886 705 2989 743 non
3029 692 3325 745 secundum
3359 706 3594 744 errorem
3625 691 3720 747 Ju-

2161 779 2423 840 dieorum,
2477 779 2559 832 vel
2597 779 2761 833 etiam
2809 795 2873 834 ex
2918 783 3119 836 nostris
3167 782 3575 843 nonnullorum,
3630 784 3721 851 qui

2160 886 2280 923 cum
2337 870 2443 924 illis
2499 880 2720 935 errant,
2773 884 2994 926 eatenus
3042 873 3299 935 dicimus,
3352 882 3406 927 ut
3462 878 3718 943 quoniam

2160 963 2393 1014 humana
2429 961 2694 1031 fragilitas
2723 964 2883 1017 aliter
2914 965 3102 1017 audire
3134 966 3197 1017 de
3241 965 3345 1017 Deo
3375 980 3479 1019 non
3518 977 3716 1033 potcs',

2159 1052 2258 1104 nisi
2290 1065 2348 1106 ut
2397 1053 2496 1108 sibi
2534 1068 2619 1108 res
2648 1055 2760 1121 ipsa
2801 1064 2855 1107 et
2892 1054 3148 1107 vocabula
3186 1064 3305 1107 nota
3340 1064 3483 1116 sunt,
3516 1055 3718 1109 idcirco

2156 1143 2322 1196 etiam
2371 1143 2625 1197 membris
2678 1144 2790 1197 haec
2848 1145 3049 1196 nostris
3101 1142 3388 1207 similibus,
3430 1150 3483 1195 et
3530 1142 3715 1196 habitu

2161 1234 2399 1286 lurmano
2456 1232 2621 1286 Deum
2666 1247 2826 1302 agere
2859 1234 3180 1285 sentiamus.
3221 1232 3464 1285 Alienum
3502 1233 3602 1285 hoc
3635 1242 3717 1285 est

2158 1327 2223 1379 ab
2265 1325 2512 1378 Ecclesia:
2571 1324 2674 1379 fide
2720 1324 2884 1391 (94).
2946 1322 3051 1377 Sed
3103 1325 3203 1377 hoc
3244 1323 3413 1389 ipsum
3452 1323 3592 1390 quod
3636 1323 3715 1376 vel

2158 1415 2360 1483 aspirat
2428 1415 2480 1467 in
2540 1416 2705 1468 corde
2752 1413 3182 1481 uniuscujuuqtte
3230 1421 3581 1473 sanctorum,
3634 1413 3714 1466 vel

2156 1521 2349 1559 sonum
2388 1505 2534 1557 vocis
2569 1505 2851 1571 pervenire
2878 1507 2941 1555 ad
2979 1519 3138 1556 aures
3164 1504 3281 1571 ejus
3321 1501 3469 1563 facit,
3506 1501 3715 1556 locutus

2157 1599 2359 1651 homini
2398 1597 2537 1652 Deus
2570 1596 2786 1650 dii-itur.
2820 1597 2910 1649 Sic
2932 1605 2983 1649 et
3010 1612 3129 1648 cum
3161 1603 3282 1647 nota
3309 1594 3407 1648 sibi
3438 1608 3556 1648 esse
3580 1593 3715 1647 iutil-

2156 1702 2237 1744 cat
2278 1706 2396 1757 quze
2427 1691 2794 1756 unusquisque
2826 1687 2904 1740 νυι
2941 1688 3199 1756 loquitur,
3230 1687 3307 1737 vel
3340 1688 3467 1754 agit.
3501 1685 3715 1740 audisse

2152 1798 2211 1837 se
2244 1782 2410 1835 dicit:
2440 1791 2491 1835 et
2517 1798 2633 1835 cum
2672 1782 2868 1850 aliquid
2902 1781 3155 1849 injustum
3193 1779 3301 1848 geri
3335 1794 3362 1832 a
3396 1779 3547 1833 nobis
3579 1778 3719 1831 indi-

2154 1884 2261 1940 cat,
2316 1875 2475 1930 irasci
2513 1890 2571 1929 se
2623 1874 2795 1927 dicit:
2826 1887 2945 1924 eum
2999 1870 3275 1923 beneficiis
3330 1871 3441 1923 suis
3477 1868 3716 1938 ingratos

2155 1982 2251 2020 nos
2303 1966 2502 2036 arguit,
2569 1964 2829 2033 poenitere
2883 1978 2939 2015 se
2987 1962 3157 2015 dicit:
3194 1962 3436 2016 indicans
3497 1960 3711 2028 quidem

2153 2059 2264 2113 haec
2294 2060 2380 2112 bis
2408 2057 2691 2111 ali‘eetibus
2731 2056 2818 2123 qui
2846 2053 3153 2108 hominilms
3206 2054 3256 2106 in
3293 2068 3389 2105 usu
3427 2060 3573 2111 sunt,
3610 2066 3715 2104 non

2154 2161 2332 2203 tamen
2365 2149 2448 2202 his
2480 2146 2736 2200 membris
2764 2161 2823 2199 ea
2864 2145 3179 2199 ministrans
3207 2158 3324 2210 quae
3353 2151 3559 2194 natura:
3596 2158 3715 2195 cor-

2152 2257 2327 2311 porca:
2356 2250 2481 2293 sunt
2514 2238 2621 2310 (93
2642 2237 2681 2309 ).
2713 2238 2948 2307 Simplex
2983 2250 3213 2305 namque
3246 2243 3327 2289 est
3353 2234 3435 2286 illa
3466 2235 3717 2287 substan-

2152 2334 2243 2394 tia,
2287 2340 2339 2385 et
2387 2344 2560 2398 neque
2590 2329 2844 2383 membris
2878 2327 3018 2387 ullis,
3060 2338 3232 2392 neque
3302 2322 3713 2391 compagiuibus

2151 2423 2538 2490 aliectibusque
2566 2420 2885 2488 composita,
2916 2417 3010 2471 sed
3052 2415 3304 2484 quidquid
3328 2414 3523 2468 divinis
3546 2413 3626 2466 vir
3655 2429 3712 2464 u-

2152 2516 2293 2568 tibus
2324 2514 2553 2583 geritur,
2588 2513 2687 2565 hoc
2723 2522 2777 2564 ιιι
2828 2511 3072 2564 homines
3120 2517 3339 2576 possent
3391 2506 3710 2575 intelligere,

2147 2614 2242 2659 aut
2283 2605 2641 2659 huruanorum
2684 2600 3045 2654 membrorum
3091 2598 3449 2667 appellatione
3494 2596 3711 2666 profer-

2154 2709 2258 2762 tur,
2284 2706 2374 2750 ant
2403 2694 2779 2750 communibus
2801 2702 2854 2747 et
2884 2693 3024 2746 notis
3060 2690 3372 2745 etrurrtiatnr
3399 2688 3416 2759 (
3442 2688 3541 2759 96)
3584 2686 3709 2739 alic-

2149 2786 2348 2840 ctibus.
2382 2785 2446 2838 Et
2487 2785 2586 2837 hoc
2615 2784 2771 2836 modo
2805 2782 2884 2835 vel
2915 2780 3094 2842 irasci,
3128 2779 3208 2833 vel
3238 2778 3446 2844 audire,
3468 2779 3545 2829 vel
3570 2776 3705 2846 loqui

2147 2877 2346 2931 dicitur
2376 2875 2532 2928 Deus.
2564 2874 2697 2927 Nam
2722 2875 2764 2929 si
2795 2890 2898 2926 vox
2934 2874 3165 2927 humana
3197 2886 3291 2926 aer
3331 2872 3490 2934 ictus,
3525 2870 3575 2922 id
3622 2877 3709 2921 est

2147 2967 2323 3034 lingua
2361 2979 2705 3034 repercussus
2732 2964 3006 3025 delinitur,
3042 2970 3215 3031 potest
3249 2970 3303 3015 et
3336 2977 3436 3014 vox
3477 2961 3567 3014 Dei
3602 2960 3708 3013 dici

2147 3069 2238 3108 aer
2272 3056 2409 3109 ictus
2431 3093 2445 3119 ,
2486 3052 2568 3106 vel
2598 3054 2670 3117 vi,
2712 3053 2791 3105 vel
2822 3052 3096 3105 voluntate
3126 3051 3324 3104 divina.
3377 3051 3440 3103 Et
3482 3051 3603 3103 inde
3629 3059 3709 3103 est

2092 3127 2110 3146 ¹
2146 3146 2288 3213 quod
2334 3146 2378 3199 si
2415 3144 2632 3214 quando
2678 3158 2777 3195 vox
2813 3142 3069 3196 divinitus
3102 3143 3282 3208 datur,
3328 3156 3432 3195 non
3474 3141 3540 3193 ad
3591 3154 3707 3193 om-

2147 3237 2292 3291 nium
2317 3250 2496 3298 aures,
2533 3235 2625 3289 sed
2675 3234 2740 3287 ad
2789 3249 3024 3303 quorum
3060 3234 3310 3297 interest,
3341 3233 3556 3287 auditus
3580 3232 3710 3286 alla-

2146 3324 2310 3388 bitur,
2350 3332 2406 3377 ut
2438 3338 2701 3390 agnoscas
2734 3323 2968 3376 sonitum
3010 3338 3113 3375 non
3148 3322 3339 3392 linguze
3374 3323 3524 3391 pulsu
3581 3322 3708 3374 red-

2146 3414 2312 3469 ditum
2333 3412 2588 3485 (alioquin
2615 3411 2767 3467 fieret
2786 3411 3087 3467 communis
3110 3410 3363 3480 auditus},
3378 3411 3468 3463 sed
3489 3410 3705 3477 Sttp'Tui

2151 3515 2311 3560 nutus
2342 3503 2714 3559 moderamine
2746 3503 3130 3573 gubernatum.
3159 3502 3471 3570 Quanquam
3502 3511 3555 3554 et
3584 3516 3709 3569 pru-

2145 3595 2321 3664 phetis
2345 3609 2485 3663 saepe
2514 3604 2569 3648 et
2604 3594 2931 3663 patriarchis
2956 3636 2969 3658 ,
3019 3594 3340 3659 cactcrisque
3370 3600 3704 3655 sanctorum,

2142 3686 2304 3739 etiam
2358 3686 2474 3739 sine
2516 3685 2668 3740 vocis
2725 3700 2859 3738 sono
2917 3685 3140 3737 verbum
3197 3682 3289 3736 Dei
3346 3681 3704 3737 factumesse

2145 3778 2433 3839 referatur,
2510 3777 2655 3831 sicut
2701 3792 2763 3829 ex
2823 3775 3073 3829 omnibus
3122 3774 3291 3828 sacris
3346 3773 3705 3827 voluminibus

2142 3869 2477 3921 abundanter
2522 3868 2795 3920 docemur.
2851 3864 2907 3919 lu
2942 3882 3071 3935 quo,
3117 3875 3173 3918 ut
3218 3866 3455 3919 breviter
3504 3864 3701 3925 dicam,

2142 3956 2438 4009 illuminata
2494 3970 2645 4009 urens
2692 3972 2788 4024 per
2836 3955 3095 4025 Spiritum
3169 3956 3259 4009 Dei
3321 3954 3586 4009 formatur
3650 3954 3701 4007 in

2142 4046 2324 4100 verba.
2358 4046 2419 4098 lit
2450 4046 2569 4099 ideo
2594 4047 2706 4099 sive
2741 4047 2863 4109 hoc,
2898 4047 3011 4101 sive
3044 4047 3131 4099 illo
3155 4062 3259 4115 quo
3284 4062 3442 4117 supra
3468 4050 3703 4103 diximus

2144 4137 2320 4199 modo,
2355 4152 2475 4189 cum
2509 4136 2836 4191 voluntatem
2882 4153 3032 4192 suam
3068 4138 3286 4203 indicat,
3334 4139 3543 4195 locutus
3580 4156 3699 4193 esse

2140 4227 2337 4281 dicitur
2375 4227 2530 4281 Deus.
2569 4228 2874 4283 Secundum
2925 4234 3068 4286 hunc
3098 4248 3225 4301 ergo
3258 4246 3476 4285 sensum
3520 4232 3698 4301 aliqua

2141 4317 2274 4389 (97)
2305 4318 2413 4385 jam
2447 4335 2509 4371 ex
2539 4320 2621 4372 his
2650 4337 2767 4389 quie
2800 4322 2933 4374 lecta
2965 4333 3108 4387 sunt,
3137 4323 3485 4376 disseramus.

2210 4412 2262 4464 5.
2298 4410 2455 4463 Multa
2508 4427 2763 4479 responsa
2814 4413 3010 4466 dantur
3055 4433 3081 4467 a
3144 4417 3251 4469 [)co
3302 4416 3366 4466 ad
3399 4414 3695 4475 Abraham,

2142 4503 2234 4556 sed
2284 4518 2387 4556 non
2436 4505 2612 4557 omnia
2658 4506 2725 4557 ad
2776 4521 2939 4559 unum
2972 4508 3329 4576 eamdemque.
3367 4505 3691 4560 referuntur.

2142 4596 2393 4662 Qua-dam
2426 4598 2567 4649 enim
2599 4599 2663 4651 ad
2694 4598 2927 4664 Abram,
2951 4600 3197 4668 qua-dam
3229 4603 3294 4652 ad
3320 4599 3615 4657 Abraham,
3648 4598 3697 4649 id

2141 4696 2222 4741 est
2261 4688 2363 4740 alia
2406 4697 2525 4757 post
2563 4692 2987 4744 immutationem
3039 4691 3293 4756 nominis,
3348 4698 3401 4743 et
3444 4689 3543 4741 alia
3575 4704 3694 4741 cum

2141 4779 2317 4832 adhuc
2359 4781 2592 4848 germine
2648 4782 2910 4835 vocabulo
2950 4793 3286 4835 censeretur.
3349 4780 3412 4833 Et
3467 4780 3695 4846 primum

2139 4870 2349 4937 quidem
2378 4885 2407 4921 a
2442 4870 2550 4929 Deo
2585 4870 2650 4924 ad
2687 4872 2886 4925 Abram
2912 4880 3037 4926 ante
3060 4872 3487 4924 immutationem
3520 4868 3693 4921 runni-

2141 4960 2222 5010 nis
2256 4958 2382 5009 iflud
2424 4957 2665 5012 defertur
2704 4959 3003 5023 oraculum,
3042 4975 3148 5030 quo
3194 4961 3326 5014 dixit
3364 4960 3407 4991 ⁸⁸
3442 4977 3455 5011 :
3488 4958 3589 5011 Exi
3634 4962 3697 5009 de

2204 5168 2338 5239 (93)
2376 5170 2492 5220 Non
2531 5178 2701 5220 tamen
2729 5169 2809 5221 his
2853 5169 3094 5221 membris
3134 5186 3194 5222 ea
3237 5170 3549 5239 ministranti
3580 5186 3694 5238 quae

2130 5238 2333 5291 natura:
2376 5252 2639 5304 corporea
2671 5250 2810 5291 sunt.
2866 5239 2985 5292 llaec
3032 5240 3083 5291 in
3128 5250 3283 5291 antea
3334 5240 3495 5293 editis
3542 5238 3694 5291 libras

2127 5310 2325 5362 omissa
2356 5307 2673 5374 supplentur
2710 5322 2740 5360 e
2776 5324 2902 5360 mss.

2198 5376 2333 5449 (96)
2382 5377 2509 5449 Mss.
2538 5378 2872 5449 enuntiatur.
2908 5376 3060 5429 Lihb.
3106 5377 3273 5439 editi,
3316 5378 3687 5449 annuntiutur.

2129 5445 2293 5498 Paulo
2316 5444 2447 5514 post
2478 5446 2641 5497 iidem
2682 5462 2834 5509 mss.,
2865 5461 3195 5515 repercussus
3230 5448 3498 5515 tle/initur.
3532 5444 3689 5499 Libh.

2127 5517 2277 5577 editi,
2310 5531 2641 5579 repercussus
2668 5517 2878 5567 dicitur.

2201 5584 2339 5653 (97)
2399 5585 2567 5637 Codd.
2622 5583 2854 5645 Belvac.,
2901 5584 3168 5641 Gcmetic.
3214 5594 3268 5638 et
3318 5585 3689 5654 ilcmigianus,

2136 5657 2348 5723 aliqua;
2387 5654 2513 5707 libb.
2551 5654 2701 5720 editi,
2734 5654 2951 5723 reliqua.
