4180 6216
469 328 567 383 17"

473 449 614 506 terra
657 455 746 497 tua
770 482 784 505 ,
837 447 882 492 et
916 437 977 490 de
1022 431 1176 485 domo
1209 425 1374 495 patris
1412 419 1509 478 tui,
1554 420 1602 466 et
1639 410 1701 462 de
1736 425 1794 460 co

477 547 593 600 tua,
619 544 723 587 ctc.
750 490 853 583 Ded
893 523 1021 579 nihil
1049 524 1100 574 in
1130 519 1231 572 hoc
1273 513 1337 567 de
1375 513 1700 564 testamento
1735 497 1825 550 Dei
1851 535 1863 556 ,
1913 490 2046 544 nihil

483 629 548 681 de
591 619 998 680 circumcisione
1056 606 1386 683 pratcipitur.
1437 597 1552 652 Non
1607 592 1752 647 enim
1793 593 2003 656 poterat
2032 619 2047 643 ,

485 734 604 773 cum
659 716 833 768 adlmc
885 716 1030 763 esset
1080 703 1281 755 Abram
1367 699 1420 744 et
1469 682 1706 742 carnalis
1753 671 2052 732 nativitatis

486 806 801 862 vocabulum
828 805 1016 861 terret,
1044 790 1326 860 suscipere
1357 791 1411 838 et
1435 785 1825 835 testamentum
1867 767 1958 822 Dei
1999 774 2084 823 et.

485 993 634 1047 etde
663 987 984 1061 cognatione
1009 999 1135 1044 sua,
1178 989 1308 1034 tunc
1352 975 1420 1029 ad
1463 987 1586 1028 cum
1632 965 1920 1023 sacratiora
1954 962 2066 1032 jam

490 1096 748 1153 responsa
790 1078 1130 1133 deteruntur.
1161 1071 1228 1125 Et
1267 1067 1443 1138 primo
1485 1063 1681 1118 dicitur
1717 1058 1764 1112 ei
1807 1055 1930 1126 quia
1967 1066 2071 1106 non

491 1173 756 1229 vocaberis
787 1170 1004 1229 Abram,
1033 1168 1121 1219 sed
1152 1160 1414 1215 Abraham
1447 1157 1545 1209 erit
1584 1167 1768 1205 nomen
1811 1158 1959 1200 tuum
1999 1141 2068 1196 ’°.

498 1263 652 1319 Tunc
699 1263 810 1332 jam
858 1267 913 1313 et
960 1261 1343 1311 testamentum
1395 1246 1493 1300 Dei
1552 1240 1792 1309 suscepit
1831 1237 1975 1307 (98),
2019 1240 2075 1285 et

496 1354 832 1427 signaculum
895 1348 1018 1406 lidei
1084 1342 1294 1413 accepit
1349 1333 1857 1393 circumcisioncm,
1915 1339 2076 1394 quam

497 1465 606 1503 non
655 1445 830 1517 potuit
883 1441 1128 1510 accipere
1154 1475 1168 1499 ,
1217 1434 1346 1487 dum
1395 1434 1540 1482 esset
1581 1423 1634 1475 in
1676 1421 1837 1475 domo
1880 1414 2078 1484 patris,

497 1552 554 1595 et
593 1507 1155 1603 in.consanguinitate
1185 1520 1409 1580 carnali,
1443 1526 1496 1569 et
1527 1529 1648 1568 cum
1680 1510 1854 1565 adhuc
1882 1507 2080 1560 Abram

500 1637 809 1686 vocaretur.
870 1601 980 1677 sed
1052 1630 1228 1685 neque
1291 1611 1572 1682 presbyter
1634 1601 1930 1673 appellatus
1998 1605 2082 1650 est

504 1723 660 1792 ipse,
719 1725 776 1772 et
821 1728 961 1768 uxor
996 1723 1111 1771 sua,
1162 1705 1333 1760 donec
1380 1707 1524 1754 esset
1571 1696 1620 1748 in
1672 1693 1832 1746 domo
1891 1686 2079 1758 patris,

507 1784 564 1866 et
616 1784 768 1864 carni
821 1801 1156 1859 cohabitaret
1209 1811 1272 1848 ac
1321 1787 1561 1861 sanguini
1605 1804 1616 1838 :
1659 1784 1752 1839 sed
1797 1791 2080 1852 postquam

512 1910 636 1965 inde
667 1904 942 1976 protectus
972 1907 1072 1959 est,
1114 1907 1167 1948 et
1220 1889 1495 1946 Abraham
1528 1882 1709 1939 vocari
1752 1892 1808 1935 et
1849 1875 2074 1948 presby-

516 2012 598 2056 ter
635 1968 832 2053 nieruit
864 2013 877 2048 :
908 1991 1074 2045 Erant
1104 1987 1262 2046 enim,
1286 1981 1462 2051 inquit
1489 1980 1558 2043 ",
1588 1975 1742 2029 ambo
1768 1968 2075 2042 presbyteri,

517 2092 566 2146 id
602 2100 684 2145 est
737 2101 912 2147 senes,
946 2079 1220 2135 Abraham
1253 2073 1488 2136 scilicet,
1511 2078 1565 2123 et
1593 2065 1915 2122 admiranda
1944 2075 2081 2113 taxor

511 2182 652 2250 ejus,
683 2187 731 2231 et
765 2170 996 2243 provecti
1030 2168 1084 2220 in
1121 2169 1306 2220 diebus
1355 2163 1490 2219 suis.
1557 2155 1758 2226 Quanti
1803 2165 1929 2208 ante
1985 2165 2084 2204 eos

515 2249 849 2338 longioribus
872 2275 1137 2315 annorum
1161 2255 1357 2323 spatiis
1388 2252 1554 2306 vitam
1595 2249 2083 2309 duxerc,nongen-

516 2360 584 2414 tis
612 2335 681 2412 et
715 2371 782 2411 eo
823 2354 1055 2424 amplius
1103 2348 1283 2412 annis,
1319 2343 1486 2414 aliqui
1518 2357 1624 2396 non
1685 2338 1857 2393 multo
1903 2335 2087 2388 minus

518 2465 688 2519 usque
722 2449 790 2502 ad
821 2445 1086 2502 diluvium
1117 2442 1305 2493 vixere
1334 2454 1348 2490 :
1382 2445 1436 2490 et
1469 2433 1602 2488 nulli
1635 2447 1699 2487 ex
1735 2429 1820 2484 his
1863 2424 2088 2496 presby-

521 2541 619 2596 teri
643 2537 896 2610 appellati
927 2543 1075 2589 sunt.
1115 2530 1229 2586 Non
1257 2530 1401 2584 enim
1432 2527 1536 2580 hoc
1571 2523 1791 2579 nomine
1825 2521 1876 2574 in
1916 2519 2092 2572 Abra-

523 2634 649 2688 ham
678 2640 897 2686 senecta
929 2626 1176 2693 corporis
1203 2665 1218 2688 ,
1258 2623 1349 2677 sed
1383 2620 1562 2675 cordis
1587 2617 1875 2672 maturitas
1904 2609 2088 2680 appel-

526 2723 630 2778 lata
659 2733 762 2776 est.
791 2720 879 2776 Sic
912 2728 965 2774 ct
998 2718 1063 2772 ad
1091 2715 1306 2787 Moysen
1347 2712 1604 2767 Dominus
1635 2708 1771 2763 dixit
1809 2707 1853 2738 "
1898 2722 1911 2758 :
1943 2702 2095 2771 Elige

533 2822 626 2875 tibi
671 2819 1028 2890 presbyteros,
1062 2830 1188 2883 quos
1230 2822 1283 2864 tu
1324 2810 1433 2880 ipse
1472 2808 1570 2860 scis
1614 2805 1934 2876 presbyteros
1977 2821 2104 2860 esse.

536 2914 850 2968 intueamur
878 2923 1006 2979 ergo
1031 2903 1342 2976 diligentius
1377 2897 1588 2953 Domini
1617 2912 1824 2959 vocem,
1853 2895 1980 2965 quid
2009 2895 2111 2950 sibi

1662 284 1728 339 iN
1765 273 2062 337 GENESIM
2103 261 2386 324 liOHlLlA
2427 259 2515 313 lll.

1799 401 2044 474 gnatioue
2077 397 2117 452 Α
2150 383 2503 440 ntasculinum
2555 385 2802 437 vestrum,
2843 381 2888 426 et
2925 365 3300 422 circumcidens
3330 381 3539 418 carurm
3587 381 3724 429 priv-

2154 475 2283 544 putii
2309 470 2486 525 t'estri.

2104 1744 2144 1798 Β

3628 239 3722 292 178

2226 551 2280 604 ι.
2333 550 2500 619 Igitur
2565 544 3003 615 quandoquidem
3067 540 3119 592 in
3193 538 3337 590 hunc
3401 535 3728 589 devenimus

2160 643 2368 704 locum,
2420 637 2700 706 requirere
2756 635 2877 688 volo
2924 633 2967 686 si
3011 629 3356 696 omnipotens
3403 624 3543 680 Deus
3571 665 3587 689 ,
3637 625 3728 693 qui

2159 734 2281 790 cmli
2331 747 2393 785 ac
2452 739 2613 782 terrm
2647 727 2982 781 dominatum
3022 729 3190 778 tenet,
3218 719 3406 770 volens
3438 726 3732 768 testantem

2162 835 2270 880 tum
2297 837 2504 894 ponere
2534 836 2656 874 cum
2701 818 2819 870 viro
2848 825 3060 876 sancto,
3097 815 3149 865 in
3177 811 3279 863 hoc
3307 823 3572 862 summam
3600 804 3732 856 tanti

2163 914 2366 985 negotii
2418 908 2767 970 collocabat,
2811 915 2869 958 ut
2913 901 3235 973 praeputium
3276 897 3461 951 (aruis
3519 894 3634 962 ejus
3675 907 3737 945 ac

2167 1009 2360 1061 futura:
2393 1019 2461 1058 ex
2495 1016 2559 1055 eo
2597 999 2799 1055 sobolis
2840 994 3357 1050 circumciderctnr.
3423 985 3538 1062 lii-it
3579 983 3737 1044 enim,

2169 1098 2384 1164 inquit,
2445 1100 2816 1147 testamentum
2874 1101 3043 1140 meum
3107 1096 3262 1148 super
3318 1091 3528 1131 carnem
3572 1085 3739 1127 tuam.

2173 1189 2409 1245 lloccine
2453 1194 2574 1240 erat
2648 1182 2793 1252 quod
2864 1177 2988 1232 (αλιι
3041 1189 3105 1228 ac
3148 1183 3308 1226 [Bl'l‘iB
3357 1169 3639 1230 Dominus,
3695 1167 3744 1218 ci

2173 1295 2334 1350 quem
2371 1293 2402 1331 e
2431 1273 2645 1330 cunctis
2679 1269 3002 1324 mortalibus
3035 1265 3204 1319 solum
3237 1262 3534 1328 delegerat,
3558 1257 3744 1312 a-tcrni

2181 1369 2490 1428 testamenti
2546 1378 2769 1418 munere
2827 1355 3189 1415 conferebat?
3244 1352 3369 1407 ll:cc
3413 1352 3560 1405 enim
3623 1357 3751 1403 sunt

2178 1466 2309 1523 sola.
2350 1461 2624 1530 inquibus
2655 1454 2893 1521 magistri
2918 1463 2973 1506 et
3013 1449 3263 1503 doctores
3292 1444 3592 1515 Syuagogze
3624 1456 3750 1495 san-

2176 1569 2388 1612 ctorum
2418 1550 2649 1622 gloriam
2682 1554 2909 1616 ponunt.
2946 1542 3190 1596 Ecclesia
3227 1550 3354 1591 vero
3383 1532 3610 1593 Christi,
3633 1546 3754 1598 quas

2173 1665 2271 1720 per
2297 1646 2619 1714 Prophetam
2642 1641 2857 1694 dixerat
2885 1637 2929 1668 ’⁸
2963 1652 2975 1687 :
3014 1633 3146 1689 Mihi
3175 1640 3346 1684 autent
3376 1628 3507 1681 satis
3539 1624 3756 1677 honori-

2171 1741 2315 1812 ﬁcati
2358 1747 2482 1792 sunt
2516 1735 2674 1790 amici
2705 1734 2807 1798 tui,
2849 1730 3009 1794 Deus,
3041 1725 3316 1796 quomodo
3345 1725 3576 1776 honoret
3617 1715 3757 1770 ami-

2174 1849 2267 1890 cos
2301 1831 2490 1900 sponsi
2542 1829 2648 1891 sui,
2691 1834 2746 1880 et
2786 1831 3047 1892 quantam
3095 1818 3177 1872 eis
3215 1813 3443 1885 gloriam
3483 1808 3753 1874 conferat,

2175 1939 2300 1980 cum
2352 1931 2502 1991 gesta
2547 1931 2738 1971 eorum
2768 1911 3016 1976 revolvit,
3061 1909 3306 1969 veniant,
3345 1907 3388 1960 si
3417 1903 3658 1962 videtur,
3701 1908 3761 1953 et

2182 2015 2434 2067 audiant.
2487 2009 2594 2062 Nos
2629 2021 2762 2075 ergo
2809 2000 3001 2055 imbuti
3049 2013 3145 2068 per
3188 1995 3492 2064 apostolum
3533 1991 3758 2044 Paulum

2185 2105 2418 2161 dicimus
2447 2102 2571 2170 quia
2593 2098 2737 2153 sicut
2766 2092 2932 2148 multa
2962 2090 3064 2144 alia
3086 2089 3139 2142 iu
3173 2087 3346 2153 ﬁgura
3374 2084 3502 2139 etin
3531 2081 3765 2152 imagine

2185 2197 2379 2252 futura:
2440 2191 2691 2246 veritatis
2747 2186 2976 2248 tiebant,
3051 2180 3124 2236 ita
3175 2189 3234 2233 et
3288 2173 3632 2246 circumcisio
3673 2171 3762 2224 illa

2185 2285 2422 2343 carnalis
2471 2277 2916 2336 circumcisionis
2943 2270 3243 2342 spiritualis
3267 2268 3494 2321 formam
3523 2262 3762 2333 gerebat.

2186 2380 2263 2434 De
2295 2393 2399 2448 qua
2431 2385 2485 2431 et
2523 2375 2745 2444 dignum
2769 2377 2911 2432 erat,
2937 2375 2993 2421 et
3045 2363 3281 2418 decebat
3317 2361 3482 2413 Deum
3509 2356 3765 2426 majesta-

2191 2476 2259 2528 tis
2299 2477 2568 2540 praecepta
2623 2461 2949 2518 mortalibus
2999 2456 3154 2509 dare.
3217 2451 3417 2505 Audite
3463 2463 3594 2519 ergo
3634 2459 3770 2515 quo-

2194 2539 2353 2620 modo
2380 2559 2584 2614 Paulus
2619 2557 2809 2611 doctor
2835 2551 3078 2622 gentium
3118 2547 3170 2601 in
3204 2545 3310 2599 lide
3335 2551 3389 2597 et
3431 2542 3662 2596 veritate
3705 2539 3772 2592 de

2193 2649 2623 2709 circumcisionis
2675 2641 2932 2713 mysterio
2984 2637 3187 2693 Christi
3246 2633 3548 2689 Ecclesium
3585 2633 3767 2684 docet.

2203 2745 2406 2809 Videte,
2431 2743 2608 2812 inquit
2627 2742 2693 2804 π,
2727 2733 3184 2792 circumcisionem
3210 2731 3297 2795 (de
3319 2727 3522 2782 Iudaeis
3546 2725 3773 2793 loquens

2197 2839 2286 2908 qui
2316 2833 2784 2892 circun‘tciduntur
2820 2829 2872 2882 in
2902 2825 3112 2893 carne).
3138 2819 3250 2874 Nos
3281 2819 3418 2873 enim
3449 2832 3650 2880 sumus,
3677 2815 3773 2878 ait,

2199 2927 2554 2989 circumcisio,
2601 2923 2693 2994 qui
2750 2920 2941 2988 spiritu
2993 2915 3099 2968 Duo
3152 2915 3429 2974 servimus,
3477 2919 3666 2962 etnon
3722 2904 3775 2957 in

535 3005 662 3102 v.9“!
688 3012 787 3057 ’διδ
816 3001 1182 3102 Themin?“
1213 3002 1305 3101 an]
1340 3008 1465 3102 qm?
1500 3000 1554 3042 tu
1588 3005 1824 3102 ipsein?
1852 3004 1960 3102 “fe
1993 3003 2115 3102 erat
2128 3072 2174 3102 ρ
2201 3037 2358 3077 carne
2391 3017 2644 3087 ﬁduciam
2683 3012 2956 3066 habemus.
2995 3007 3116 3060 llaec
3152 3017 3254 3057 una
3285 2999 3430 3056 Pattli
3457 2998 3524 3054 de
3553 2996 3780 3050 circnm-

533 3092 786 3163 sbyteros.
825 3089 1074 3161 Nunquid
1123 3089 1168 3143 is
1201 3088 1292 3158 qui
1322 3087 1547 3142 senilem
1589 3084 1835 3154 corporis
1876 3082 2100 3151 gerebat
2128 3072 2175 3136 C
2442 3104 2740 3162 sententia.
2777 3099 2913 3154 Am“
2958 3106 3011 3151 ρι
3043 3094 3201 3147 alia".
3235 3091 3280 3124 οε
3317 3108 3331 3144 ς
3375 3087 3497 3141 Νοη
3529 3088 3662 3141 enim
3687 3087 3778 3148 qui

533 3195 748 3240 aetatem
775 3226 790 3248 ,
836 3202 940 3238 non
982 3184 1222 3238 onmium
1259 3181 1434 3237 oculis
1463 3179 1780 3249 perspicuus
1807 3184 1924 3230 erat
1959 3173 2103 3244 quod

535 3283 683 3331 esset
709 3278 1009 3347 presbyter,
1038 3277 1087 3330 id
1124 3285 1205 3330 est
1235 3274 1438 3331 senex?
1469 3272 1606 3339 Quid
1636 3285 1765 3339 ergo
1797 3268 1896 3322 soli
1939 3265 2105 3336 Moysi

541 3375 692 3419 tanto
751 3381 815 3420 ac
865 3367 956 3418 tali
1016 3367 1293 3434 propheta:
1342 3361 1592 3432 specialis
1656 3360 1758 3414 ista
1815 3355 2107 3412 mandatur

543 3455 829 3524 inspectio,
883 3466 937 3508 ut
975 3458 1047 3509 illi
1080 3457 1368 3526 eligantur,
1405 3471 1510 3508 non
1540 3467 1677 3522 quos
1719 3452 1898 3506 creteri
1933 3449 2108 3503 homi-

544 3561 642 3600 nes
691 3557 914 3611 norunt,
951 3563 1054 3599 non
1087 3562 1221 3614 quos
1267 3548 1577 3614 imperitum
1612 3543 1800 3612 vulgus
1837 3542 2107 3613 agnoscit,

542 3643 638 3692 sed
673 3653 809 3706 quos
847 3637 1110 3707 propheta
1150 3637 1258 3692 Deo
1295 3635 1484 3704 plenus
1513 3634 1737 3703 elegerit
1761 3635 1784 3685 ’ί
1818 3632 1932 3685 Non
1968 3631 2110 3685 enim

541 3745 666 3798 erga
703 3745 798 3784 eos
824 3731 889 3783 de
919 3744 1182 3797 corpore,
1229 3743 1336 3783 non
1381 3729 1445 3782 de.
1483 3735 1662 3789 aetate,
1691 3725 1786 3779 sed
1826 3724 1892 3778 de
1933 3731 2116 3776 mente

537 3822 800 3892 judicium
838 3831 939 3876 est.
980 3821 1135 3874 Tales
1161 3835 1290 3890 ergo
1323 3827 1481 3874 erant
1512 3818 1598 3872 isti
1633 3816 1772 3871 beati
1808 3813 2110 3885 presbyteri

542 3912 815 3967 Abraham
847 3923 901 3967 et
937 3911 1093 3966 Sara.
1133 3911 1194 3964 Et
1230 3911 1343 3982 68
1392 3909 1567 3978 primo
1607 3907 1848 3960 omnium
1879 3907 2112 3974 geauma

547 4007 630 4060 his
660 4005 900 4068 nomina,
943 4018 1063 4071 quae
1123 4012 1276 4056 ortus
1319 4000 1552 4054 carnalis
1589 3997 1830 4061 dederat,
1870 4012 2116 4050 commu-

549 4107 751 4150 tantur.
799 4096 933 4149 Cum
979 4096 1117 4148 enim
1151 4103 1280 4147 esset
1333 4092 1622 4160 nonaginta
1655 4100 1700 4142 et
1735 4105 1912 4143 novem
1945 4069 2115 4142 anno-

550 4204 664 4240 rum
697 4186 984 4248 Abraham,
1011 4186 1254 4253 apparuit
1297 4184 1344 4235 ei
1387 4183 1547 4244 Deus,
1582 4191 1629 4235 et
1654 4181 1829 4234 dixit:
1861 4178 1972 4248 Ego
1999 4196 2116 4233 sum

554 4278 714 4344 Dens,
747 4277 1012 4343 complace
1053 4293 1228 4328 coram
1265 4291 1366 4338 me,
1415 4284 1461 4327 et
1508 4284 1614 4327 esto
1656 4272 2016 4339 inculpabilis.
2069 4282 2118 4324 et

549 4387 739 4440 ponam
769 4378 1129 4421 testamentum
1163 4383 1331 4420 meum
1359 4367 1493 4418 inter
1521 4381 1600 4417 me
1624 4373 1672 4418 et
1693 4374 1761 4417 te.
1792 4363 1860 4416 Et
1885 4365 2113 4430 procidit

552 4461 813 4513 Abraham
869 4459 924 4512 in
984 4458 1172 4526 {aciem
1213 4475 1397 4520 suam,
1441 4466 1486 4510 et
1537 4455 1777 4509 adoravit
1818 4454 2013 4518 Deum,
2070 4464 2118 4508 et

555 4552 756 4604 locutus
802 4562 874 4604 est
915 4552 961 4603 ei
1008 4549 1148 4602 Deus
1191 4550 1412 4602 dicens:
1447 4545 1557 4616 Ego
1601 4562 1716 4599 sum
1752 4562 1769 4599 :
1802 4562 1916 4600 ecce
1960 4554 2123 4600 testa-

557 4655 782 4695 mentum
833 4658 1004 4695 meum
1041 4650 1250 4706 tecum,
1305 4651 1350 4693 et
1389 4641 1491 4693 eris
1549 4651 1699 4708 pater
1759 4637 2121 4691 multitudinis

556 4737 787 4805 gentium
821 4744 906 4786 εει
945 4733 1310 4786 benedicentur
1340 4733 1390 4784 in
1428 4744 1474 4785 te
1506 4749 1678 4785 omnes
1718 4740 1916 4801 gentes,
1944 4741 1990 4783 et
2005 4731 2124 4799 jam

558 4844 662 4880 non
685 4827 950 4880 vocabitur
993 4841 1180 4878 nomen
1216 4835 1362 4877 tuum
1407 4826 1624 4886 Abram,
1674 4824 1764 4876 sed
1805 4823 1902 4876 erit
1936 4838 2124 4876 nomen

556 4930 705 4971 tuum
733 4916 996 4969 Abraham
1018 4917 1083 4969 ⁵³.
1116 4917 1180 4970 Et
1215 4933 1336 4971 cum
1363 4915 1601 4970 dedisset
1631 4915 1735 4969 hoc
1765 4929 1980 4976 nomen,
2021 4924 2129 4966 sta-

559 5011 656 5064 tim
689 5008 968 5078 subjungit
1002 5025 1016 5061 :
1054 5009 1116 5062 Et
1154 5025 1348 5077 ponam
1382 5017 1748 5061 testamentum
1794 5007 1927 5058 inter
1967 5023 2046 5058 me
2080 5015 2127 5058 et

560 5114 628 5164 te,
664 5112 710 5154 et
747 5103 883 5154 inter
905 5117 1077 5154 semen
1107 5103 1253 5157 luunt
1281 5109 1395 5166 post
1419 5108 1490 5162 te,
1524 5096 1690 5151 ethoc
1729 5108 1801 5150 est
1844 5106 2130 5149 testamen-

560 5206 668 5247 tum
697 5196 835 5261 quod
859 5194 1086 5247 servabis
1115 5194 1246 5246 inter
1269 5209 1347 5244 me
1374 5203 1416 5244 et
1445 5203 1515 5253 te,
1539 5201 1584 5243 ct
1620 5191 1759 5243 inter
1786 5207 1958 5244 semen
1983 5201 2134 5242 tuum

561 5296 773 5355 posite.
835 5287 900 5340 Et
943 5297 1063 5355 post
1115 5287 1226 5339 lucc
1289 5286 1475 5340 addit:
1512 5282 1940 5337 Circumcidetur
1984 5299 2136 5336 omne

1205 5427 1248 5457 ⁹¹
1287 5426 1420 5478 Gen.
1456 5428 1607 5487 xvni,
1643 5425 1724 5478 ll.

1153 5499 1198 5530 "
1255 5497 1406 5550 Rom.
1443 5512 1498 5559 ιι,
1527 5497 1616 5559 28,
1654 5498 1745 5550 '29.

633 5430 680 5463 ”
722 5429 858 5485 Gen.
894 5447 1024 5490 xvn,
1077 5429 1129 5482 5.

562 5498 611 5531 ⁸⁵
640 5500 778 5555 Phil.
815 5518 894 5564 nt,
925 5502 982 5567 ‘2,
1020 5502 1074 5556 ὅ.

640 5623 784 5690 (98)
833 5622 1034 5676 Omnes
1089 5637 1240 5683 mss.,
1295 5619 1702 5690 sttscepit.,clc.,
1735 5618 1952 5684 accepit,
1985 5625 2128 5679 t-tc.;

569 5689 700 5751 libb.
730 5695 862 5747 mliti
893 5692 1128 5758 suscipit.
1165 5702 1296 5752 εἰς..
1331 5689 1543 5756 accipit,
1579 5697 1681 5740 etc.

641 5768 778 5834 (99)
830 5755 1158 5818 Colla-stus.
1215 5760 1388 5816 sancti
1442 5756 1965 5828 'lhcodoricizquod
2019 5755 2132 5824 quis

1802 5426 1847 5456 ⁹²
1877 5423 2032 5476 Num.
2069 5437 2141 5485 xl,
2176 5421 2256 5474 “l6.

1823 5497 1865 5526 ⁸⁷
1902 5495 2099 5549 Ezech.
2130 5508 2272 5556 χιιι,
2314 5492 2347 5544 9
2421 5491 2465 5520 ⁸⁸
2498 5486 2610 5542 Jer.
2645 5501 2720 5550 Ix,
2753 5485 2842 5538 “26.

2208 3202 2265 3256 in
2294 3198 2576 3265 manifesto
2614 3194 2837 3247 Jadwus
2879 3202 2980 3252 est,
3019 3187 3224 3256 inquit,
3268 3198 3428 3251 neque
3457 3196 3574 3248 quia
3608 3177 3780 3228 mani-

2210 3292 2337 3360 [este
2360 3299 2434 3343 est
2489 3291 2541 3340 in
2587 3300 2743 3338 carne
2796 3279 3162 3341 circumcisio,
3218 3274 3309 3328 sed
3357 3273 3444 3340 qui
3484 3273 3537 3322 in
3580 3266 3782 3320 occulto

2209 3381 2430 3436 Juda’us
2462 3375 2858 3429 circumcisione
2884 3369 3081 3430 contis,
3114 3367 3167 3418 in
3201 3362 3415 3430 spiritu,
3449 3376 3551 3412 non
3583 3358 3780 3411 littera.

2216 3471 2332 3526 Non
2362 3470 2457 3522 tibi
2497 3467 2711 3537 dignius
2745 3462 2957 3516 videtur
3003 3460 3127 3511 talis
3173 3453 3519 3512 circumcisio
3555 3451 3783 3505 dicenda

2215 3563 2268 3615 in
2303 3560 2524 3623 sanctis,
2555 3565 2608 3611 et
2644 3553 2835 3609 amicis
2867 3551 2980 3613 Dei,
3006 3566 3164 3618 quam
3191 3547 3373 3601 carnis
3401 3539 3788 3599 obtruncatio?

2217 3651 2324 3706 Sed
2368 3649 2635 3703 sermonis
2670 3645 2884 3698 novitas
2934 3644 3166 3695 lortasse
3194 3653 3298 3691 non
3339 3635 3510 3688 soluat
3549 3631 3788 3691 Judaeos,

2221 3741 2314 3797 sed
2373 3741 2536 3796 etiam
2579 3739 2790 3806 aliquos
2844 3735 3072 3786 fratrum
3135 3740 3443 3783 nostrorum
3494 3724 3788 3778 deterreat.

2219 3831 2578 3902 lmpossihilia
2620 3829 2766 3884 enim
2797 3827 3009 3880 videtur
3058 3821 3254 3876 Paulus
3283 3829 3637 3889 praesumere,
3697 3815 3788 3881 qui

2219 3919 2690 3980 circutucisionem
2712 3917 2891 3971 cordis
2920 3915 3152 3969 inducit.
3187 3911 3468 3980 Quomodo
3495 3908 3638 3962 enim
3674 3905 3789 3960 lieri

2219 4012 2422 4083 poterit
2459 4019 2518 4064 ut
2551 4008 2975 4064 circumcidatnr
3007 4007 3333 4067 membrum,
3380 4001 3524 4071 quod
3564 3999 3792 4054 internis

2224 4101 2525 4157 visceribus
2543 4100 2844 4160 obtectum,
2870 4098 3032 4150 etiam
3057 4091 3436 4163 conspectibus
3462 4091 3592 4160 ipsis
3623 4088 3795 4143 benti-

2224 4211 2349 4249 num
2381 4192 2550 4246 latet?
2581 4190 2886 4244 Redeamus
2933 4204 3064 4257 ergo
3115 4187 3180 4239 ad
3231 4185 3578 4256 pr0plteticas
3613 4195 3794 4244 voces,

2226 4297 2282 4340 ut
2312 4284 2601 4340 orantibus
2634 4284 2788 4337 vobis
2821 4281 2934 4335 lucc
2966 4281 3029 4334 de
3079 4278 3274 4347 quibus
3317 4273 3631 4344 quierimus,
3673 4271 3797 4324 inde

2224 4379 2550 4432 clarescant.
2593 4371 2842 4427 Ezechiel
2876 4371 3140 4440 propheta
3178 4369 3310 4423 dicit
3330 4367 3374 4397 ’7
3405 4382 3419 4419 :
3451 4363 3635 4418 Omnis
3665 4362 3798 4414 alie-

2228 4470 2414 4538 nigena
2441 4465 2839 4518 incircumcisus
2879 4465 3056 4524 corde,
3099 4470 3148 4514 et
3184 4458 3580 4512 incircumcisns
3616 4469 3798 4516 carne,

2228 4575 2332 4610 non
2367 4555 2607 4608 introibit
2658 4555 2710 4606 in
2759 4562 2945 4606 sancta
2985 4567 3122 4604 mea.
3159 4549 3222 4603 Et
3264 4550 3390 4602 item
3435 4547 3561 4600 alibi
3605 4543 3801 4597 nihiln-

2231 4650 2408 4702 minus
2440 4645 2780 4715 exprobrans
2818 4645 3078 4713 propheta
3105 4641 3240 4695 dicit
3263 4641 3309 4672 ³⁸
3338 4653 3351 4691 :
3388 4637 3582 4690 Omnes
3615 4634 3802 4685 alieni-

2229 4757 2374 4810 gena:
2402 4738 2756 4791 incircumcisi
2787 4753 2965 4801 carne,
2991 4735 3091 4802 ﬁlii
3115 4743 3290 4787 autent
3326 4729 3495 4782 Israel
3521 4726 3805 4778 incircum-

2232 4833 2326 4885 cisi
2356 4834 2532 4884 corde.
2564 4830 2892 4898 Designatur
2936 4843 3070 4896 ergo
3103 4824 3243 4894 quod
3287 4821 3390 4876 nisi
3414 4801 3536 4888 quis
3565 4818 3801 4871 circum-

2239 4927 2386 4979 cisus
2411 4925 2573 4976 luerit
2619 4923 2780 4976 corde
2823 4930 2876 4973 et
2901 4919 3260 4974 circumcisus
3285 4927 3471 4974 carne,
3505 4926 3607 4962 non
3640 4909 3808 4960 intre-

2236 5019 2336 5071 ibit
2362 5017 2413 5068 iu
2441 5025 2624 5069 sancta
2653 5013 2743 5066 Dei
2775 5013 2907 5082 (99).

2304 5096 2358 5148 5.
2399 5095 2503 5147 Sed
2547 5079 2791 5146 videbor
2825 5079 2957 5144 meis
3005 5088 3118 5154 ipse
3161 5083 3375 5137 iudiciis
3425 5093 3639 5152 captus.
3698 5079 3809 5133 Hoc

2238 5188 2382 5240 cnim
2421 5189 2694 5253 prOphctm
2721 5178 3033 5236 testimonio
3061 5175 3324 5229 continuo
3362 5174 3696 5242 constringet
3725 5186 3809 5223 tne

2239 5279 2481 5340 Judzeus,
2521 5287 2572 5327 et
2603 5275 2744 5328 dicet
2777 5290 2790 5324 :
2821 5271 2958 5324 Ecce
2987 5269 3248 5338 propheta
3271 5279 3555 5334 utramque
3580 5265 3811 5318 circum-

2333 5420 2377 5450 ”
2403 5417 2538 5472 Gcn.
2571 5431 2704 5478 xm,
2731 5415 2784 5476 t,
2809 5414 2843 5466 ‘2
2869 5423 2923 5468 et
2951 5427 3105 5483 seqq.
3179 5411 3223 5443 θδ
3263 5408 3408 5464 Psal.
3437 5422 3698 5472 cxxxvut,
3727 5407 3809 5464 l7.

2242 5613 2638 5668 incircumcisns
2699 5609 2857 5662 corde
2911 5615 2961 5660 et
3026 5605 3422 5658 incircumcisas
3486 5617 3642 5653 carne
3713 5613 3815 5651 non

2245 5685 2477 5739 introibit
2514 5684 2566 5738 in
2592 5690 2771 5737 sancta
2809 5678 2924 5736 Dei.
2961 5677 3066 5734 Sed
3098 5677 3276 5730 videor
3313 5675 3438 5731 meis
3467 5673 3597 5740 ipse,
3632 5678 3740 5723 etc.
