4122 6248
437 311 544 369 1⁸19

1914 278 2234 363 umectus

3578 300 3677 361 180

437 430 704 486 cisionem
735 431 1002 501 designat,
1038 427 1219 483 carnis
1240 434 1296 481 et
1331 427 1532 485 cordis.
1578 428 1867 499 Allegorize
1905 446 2013 485 non
2043 435 2089 489 Α
2116 427 2320 481 electus
2343 425 2413 481 ad
2460 421 2798 477 enarrandas
2830 420 3058 475 virtutes
3100 418 3312 473 Domini
3338 419 3379 479 ⁸,
3421 418 3677 483 suscipite

435 529 684 586 Superest
713 520 891 584 locus,
925 520 1012 573 ubi
1049 528 1279 585 utraque
1323 518 1535 585 species
1564 518 2002 573 circnmcisiouis

434 612 694 682 exigitur.
730 612 785 667 Si
816 627 898 666 me
928 614 1119 666 vestris
1146 610 1403 679 precibus
1424 610 1697 679 juveritis,
1726 620 1786 664 ιιι
1811 612 2004 665 adesse

434 701 686 771 dignetur
722 701 943 754 verbum
982 699 1078 753 Dei
1126 700 1231 754 vivi
1266 701 1317 754 in
1342 700 1626 768 apertione
1657 700 1771 754 oris
1805 702 1999 768 nostri,

437 794 733 858 poterimus
760 793 876 862 ipso
900 793 1036 847 duce
1064 809 1159 862 per
1184 804 1395 849 arctum
1426 795 1525 849 hoc
1558 797 1877 864 quazstiouis
1901 798 2005 851 iter

434 880 499 933 all
554 880 893 936 latitudinem
954 882 1203 935 veritatis
1256 883 1432 948 exire,
1494 886 1621 953 quia
1671 902 1775 940 non
1827 886 2000 941 solum

431 972 675 1025 carnales
700 971 871 1025 .ludzei
913 972 981 1026 de
1010 973 1427 1028 circumcisione
1451 976 1636 1029 carnis
1681 977 2000 1031 revincendi

430 1068 558 1116 sunt
580 1062 752 1127 nobis,
797 1063 895 1116 sed
945 1063 1187 1117 nonnulli
1215 1080 1279 1118 ex
1328 1065 1417 1130 iis,
1453 1067 1540 1135 qui
1572 1066 1771 1121 Christi
1806 1082 1999 1122 nomen

434 1153 687 1207 \ideutnr
718 1156 1050 1224 suscepisse,
1086 1164 1139 1208 et
1167 1163 1348 1209 tamen
1383 1157 1658 1210 carnalem
1708 1158 1999 1213 circumci-

432 1245 637 1295 siunem
676 1246 1040 1313 recipiendam
1071 1255 1262 1315 putant
1314 1259 1373 1301 ut
1409 1248 1672 1303 Ebionitae
1703 1250 1720 1319 (
1748 1253 1766 1304 t
1792 1249 1835 1321 ),
1868 1260 1922 1305 et
1953 1251 1999 1306 si

430 1338 520 1402 qui
554 1338 639 1392 his
682 1339 845 1393 simili
875 1354 1189 1411 paupertate
1228 1360 1425 1399 sensus
1458 1346 1732 1402 aberrant.
1776 1348 2001 1404 Utamur

432 1423 599 1491 igitur
629 1430 826 1484 veteris
851 1432 1201 1489 instrumenti
1233 1436 1578 1502 testimoniis,
1609 1439 1807 1505 quibus
1830 1439 2001 1495 liben-

432 1522 519 1567 ter
544 1515 843 1588 indulgent.
874 1522 1151 1593 Scriptum
1183 1535 1266 1580 est
1296 1528 1441 1580 enim
1502 1528 1553 1581 in
1604 1528 1839 1584 Jeremia
1867 1546 1997 1599 pro-

434 1608 590 1672 pheta
625 1610 670 1641 ³⁸
706 1623 724 1662 °.
759 1610 890 1665 Ecce
931 1615 1154 1681 populus
1200 1616 1279 1670 hic
1326 1617 1727 1673 incircumcisus
1754 1623 1995 1681 auribus.

434 1698 593 1767 Audi,
624 1698 804 1764 Israel,
837 1703 1210 1771 propheticam
1237 1709 1663 1777 vocem,grande
1692 1710 1785 1763 tibi
1803 1725 2000 1779 oppro-

2111 519 2330 587 dignam
2377 513 2855 568 circumcisionem
2896 509 3048 563 verbi
3110 508 3203 562 Dei
3239 510 3290 563 in
3324 510 3543 565 auribus
3583 523 3676 562 ve-

2110 606 2260 667 stris,
2293 611 2346 658 et
2376 604 2429 657 in
2469 604 2647 666 labiis,
2681 611 2734 657 et
2769 602 2818 655 in
2860 601 3044 665 corde,
3076 610 3128 654 et
3165 602 3216 653 in
3264 600 3528 670 prteputio
3555 612 3679 653 car-

2110 696 2195 750 nis
2227 704 2441 760 vestrw,
2467 704 2521 748 et
2550 694 2601 748 in
2636 692 2891 747 omnibus
2913 690 3139 749 omnino
3170 689 3429 744 membris
3460 690 3675 743 vestris.

2109 788 2456 844 Circumcisae
2494 800 2729 854 namque
2771 784 2881 840 sint
2931 798 3093 842 aures
3134 792 3328 836 vestrae
3377 781 3676 835 secundum

2113 881 2333 935 verbum
2375 879 2489 941 Dei,
2522 887 2579 933 ut
2607 891 2791 930 vocem
2840 890 2946 929 non
2990 873 3255 945 recipiant
3299 873 3671 936 obtrectantis,

2111 980 2169 1025 ut
2197 968 2443 1023 maledici
2479 977 2532 1021 et
2564 964 2861 1034 blasphemi
2902 963 3062 1017 verba
3094 978 3199 1015 non
3233 959 3550 1025 audiant,ut
3576 961 3671 1014 fal-

2109 1064 2183 1116 sis
2219 1059 2717 1122 criminationibus,
2761 1053 3050 1109 mendacio
3108 1068 3209 1106 non
3248 1060 3484 1127 pateant.
3513 1052 3673 1120 Oppi-

2108 1152 2310 1215 lentur,
2349 1161 2402 1206 et
2450 1152 2646 1205 clausa:
2670 1148 2802 1213 sint,
2836 1161 2903 1200 ne
2951 1145 3213 1215 judicium
3261 1143 3541 1212 sanguinis
3573 1159 3672 1196 au-

2107 1245 2278 1309 diant,
2320 1252 2415 1299 aut
2454 1240 2742 1312 impudicis
2778 1238 3010 1293 canticis
3037 1246 3090 1291 et
3141 1236 3497 1291 theatralibus
3524 1235 3672 1289 sonis

2108 1346 2348 1409 pateant.
2394 1335 2538 1390 Nihil
2589 1335 2886 1391 obscenum
2944 1331 3231 1399 recipiant,
3275 1330 3369 1384 sed
3422 1328 3489 1383 ab
3525 1331 3669 1381 omni

2106 1444 2263 1484 cceno
2292 1426 2369 1496 (5)
2400 1425 2763 1496 corruptionis
2822 1438 3027 1485 aversze
3075 1424 3205 1476 sint.
3257 1420 3379 1476 Haec
3424 1430 3507 1475 est
3559 1422 3669 1474 cir-

2104 1520 2393 1584 cumcisio,
2425 1532 2534 1589 qua
2572 1516 2815 1571 Ecclesia
2848 1516 3051 1570 Christi
3092 1529 3253 1569 aures
3295 1528 3514 1567 suorum
3558 1513 3670 1565 cir-

2106 1612 2366 1670 cumcidit
2394 1610 2865 1673 infantiusztte,
2891 1609 3079 1674 credo,
3098 1616 3221 1661 sunt
3240 1621 3424 1671 aures,
3445 1620 3581 1674 quas
3612 1605 3665 1658 in

2106 1700 2447 1756 auditoribus
2492 1702 2607 1757 suis
2660 1701 3011 1770 requirebat,
3060 1696 3326 1751 dicens‘:
3358 1694 3461 1759 Qui
3513 1696 3668 1747 habet

434 1788 605 1840 brium
639 1790 915 1845 inducitur
945 1792 960 1862 (
985 1791 1019 1844 2
1040 1795 1080 1863 ).
1108 1796 1331 1863 grandis
1359 1797 1452 1850 tibi
1484 1798 1797 1868 impingitur
1822 1799 1999 1870 culpa.

2106 1812 2263 1849 aures
2297 1795 2551 1851 audiendi
2608 1795 2813 1847 audiat.
2850 1790 3019 1846 Nemo
3082 1790 3227 1844 enim
3266 1797 3443 1858 potest
3502 1787 3672 1841 incir-

435 1880 730 1933 Accnsatio
792 1890 880 1935 tua
933 1884 1233 1950 profertur,
1284 1888 1425 1956 quod
1483 1888 1899 1945 incircumcisus
1944 1907 2003 1948 es

432 1971 669 2023 auribus.
733 1972 797 2024 Et
836 1988 931 2026 cur
986 1990 1090 2028 nou
1126 1977 1239 2031 hac
1272 1978 1500 2032 audiens
1542 1979 1839 2034 adhibuisti
1891 1981 2004 2037 ler-

433 2078 550 2117 rum
580 2066 803 2120 auribus
828 2067 954 2129 tuis.
994 2078 1050 2123 et
1099 2071 1337 2125 incidisti
1369 2073 1507 2126 eas?
1555 2070 1809 2142 Culparis
1846 2091 2002 2129 nam-

429 2169 535 2221 que
562 2169 590 2207 a
618 2155 744 2221 Deo,
774 2166 827 2210 et
851 2159 1233 2213 condemuaris
1264 2200 1277 2223 ,
1326 2178 1427 2215 cur
1456 2177 1617 2216 aures
1664 2179 1769 2217 non
1805 2165 2004 2221 habeas

429 2246 800 2302 circumcisas.
863 2249 1165 2318 Confugere
1233 2252 1374 2303 enim
1437 2253 1532 2305 tibi
1594 2254 1660 2306 ad
1718 2255 2004 2323 allegorias

428 2349 664 2401 nostras,
695 2356 827 2407 quas
862 2340 1052 2395 Paulus
1091 2342 1292 2407 ducunt,
1322 2359 1425 2397 non
1458 2345 1733 2412 permitto.
1759 2347 2003 2401 Circum-

426 2429 607 2485 cidere
637 2432 764 2499 quid
801 2434 1024 2488 cessas?
1058 2434 1254 2488 Deseca
1283 2451 1442 2490 aures
1464 2478 1476 2497 ,
1525 2440 1785 2493 abscinde
1832 2457 2003 2495 mem-

428 2522 523 2573 bra
559 2538 677 2589 quae
717 2524 854 2577 Deus
894 2526 959 2579 ad
1003 2527 1288 2580 utilitatem
1331 2543 1587 2582 sensuum
1630 2539 1683 2583 et
1735 2532 1799 2583 ad
1836 2547 1999 2585 orna-

430 2622 541 2666 tum
606 2615 823 2669 hmuaui
882 2626 1054 2670 status
1116 2618 1340 2674 creavit.
1394 2618 1484 2673 Sic
1544 2622 1685 2673 enim
1747 2622 2001 2693 intelligis

428 2703 589 2758 verba
646 2706 845 2762 divina.
896 2707 1000 2762 Sed
1035 2719 1085 2763 et
1140 2709 1283 2762 aliud
1322 2711 1416 2763 tibi
1472 2713 1650 2764 adhuc
1693 2711 1997 2781 proferam,

428 2790 513 2844 cui
547 2795 919 2848 contradicere
960 2812 1064 2848 non
1104 2801 1295 2863 possis.
1335 2799 1389 2851 lu
1444 2799 1660 2865 Exodo,
1694 2802 1781 2855 ubi
1815 2816 1911 2857 nos
1945 2802 1996 2855 iu

427 2883 579 2937 eodic
604 2883 702 2937 bus
754 2885 1006 2940 Ecclesiae
1036 2888 1302 2943 habemus
1339 2892 1630 2957 scriptum,
1666 2893 1999 2959 responden-

430 2984 536 3026 tem
579 2976 642 3028 ad
676 2976 955 3030 Dominum
1003 2978 1257 3049 Moysen,
1292 2991 1341 3035 et
1373 2981 1639 3035 dicentem
1674 2982 1775 3053 (5)
1813 2999 1826 3036 :
1866 2980 1997 3036 Pro-

428 3066 567 3129 vide,
601 3066 817 3120 Domine
833 3070 868 3131 ⁸,
899 3068 1062 3121 alium
1088 3087 1237 3137 quem
1270 3074 1469 3125 mittas.
1502 3072 1611 3142 Ego
1642 3074 1776 3127 enim
1811 3075 1995 3145 gracili

428 3171 551 3207 voce
582 3173 716 3221 sum,
758 3172 805 3209 ει
837 3158 1019 3213 tardus
1052 3161 1231 3229 lingua
1260 3163 1300 3226 ²,
1331 3179 1421 3216 vos
1451 3164 1502 3216 in
1537 3164 1776 3220 llebrmis
1807 3182 1997 3223 cxenre
2024 3135 2067 3192 ο

428 3246 673 3315 plaribus
748 3250 960 3305 habetis
1015 3251 1053 3313 ³,
1142 3252 1252 3322 Ego
1330 3264 1503 3308 autem
1598 3258 1997 3313 incircumcisus

430 3339 583 3392 labiis
632 3357 771 3398 sum.
844 3344 978 3396 Ecce
1028 3344 1240 3399 habetis
1297 3346 1763 3403 circumcisiouem
1823 3350 1996 3404 labio-v

431 3444 589 3492 rum,
647 3435 942 3487 secundum
1000 3447 1174 3490 vestra
1224 3455 1341 3507 quze
1405 3439 1615 3492 veriora
1677 3439 1997 3510 dicitisss

428 3522 778 3591 exetnplaria.
830 3526 883 3580 Si
932 3543 1060 3596 ergo
1103 3532 1400 3584 secundum
1444 3546 1539 3585 vos
1588 3530 1800 3601 Moyses
1862 3532 1999 3585 indi-

427 3626 592 3680 gnum
621 3628 679 3668 se
703 3632 822 3670 esse
861 3619 1037 3673 adlmc
1074 3620 1226 3688 dicit,
1258 3622 1399 3691 quod
1450 3637 1553 3675 non
1592 3623 1663 3676 sit
1698 3622 1857 3677 labiis
1880 3625 1995 3677 cir-

430 3705 728 3769 cumcisus,
772 3717 979 3761 certum
1014 3722 1096 3763 cst
1142 3711 1243 3765 hoc
1275 3711 1424 3765 illum
1466 3711 1827 3783 iudicare“),
1855 3714 1997 3781 quod

428 3795 641 3864 dignior
679 3800 747 3852 sit
781 3810 833 3853 ct
884 3802 1129 3855 Sanctior
1172 3803 1258 3857 ille
1285 3803 1375 3872 qui
1422 3803 1778 3857 circumcisus
1814 3815 1895 3858 cst
1926 3804 2001 3857 la-

427 3885 551 3940 biis.
603 3888 872 3943 Adhibete
923 3906 1054 3961 ergo
1104 3894 1265 3945 etiam
1321 3893 1478 3944 labiis
1540 3892 1760 3957 falcem,
1790 3902 1846 3948 et
1887 3894 1999 3948 oris

428 3978 763 4045 operimenta
798 3981 1069 4045 desecate,
1094 3983 1313 4048 quando
1340 3982 1559 4051 uiridem
1597 3983 1718 4037 talis
1764 3984 1918 4038 vobis
1946 3984 1997 4037 in

428 4068 628 4123 divinis
658 4069 857 4124 litteris
887 4072 1188 4141 cumplacet
1237 4073 1565 4127 intellectus.
1615 4073 1770 4139 Quod
1806 4075 1850 4127 si
1887 4075 1998 4128 cir-

429 4158 819 4212 cumcisiouem
855 4160 1124 4216 labiorum
1157 4164 1221 4217 ad
1260 4163 1573 4232 allegoriam
1614 4164 1911 4229 revocatis,
1944 4176 2000 4219 et

427 4248 905 4305 circumcisionem
966 4255 1178 4307 aurium
1247 4255 1601 4310 nihilominus
1651 4254 1996 4325 allegoricam

432 4341 614 4396 dicitis
646 4352 701 4396 et
730 4343 1032 4413 figuralem,
1071 4350 1343 4415 quomodo
1379 4364 1483 4404 non
1530 4360 1585 4405 et
1627 4351 1677 4404 in
1708 4350 1998 4404 circumci-

2105 1889 2358 1945 cumcisis
2387 1898 2441 1943 et
2464 1887 2758 1941 immundis
2803 1884 3029 1939 auribus
3062 1883 3136 1953 (6)
3172 1882 3368 1935 munda
3404 1878 3563 1933 verba
3588 1893 3672 1931 sa-

2106 1980 2324 2049 pientia:
2362 1988 2417 2037 et
2457 1980 2703 2035 veritatis
2734 1978 2943 2031 audire.
2980 1975 3302 2037 Veniamus,
3336 1973 3381 2026 si
3415 1971 3594 2035 vultis,
3620 1978 3674 2023 et

2105 2052 2172 2125 ad
2206 2070 2475 2130 labiorum
2506 2068 3000 2123 circnmcisionem.
3034 2066 3144 2135 Ego
3183 2073 3310 2133 puto
3335 2063 3477 2131 quod
3508 2061 3673 2114 incir-

2105 2161 2373 2216 cumcisus
2408 2161 2478 2213 sit
2502 2159 2678 2221 labiis.
2709 2158 2801 2227 qui
2840 2158 3076 2211 nondum
3101 2157 3333 2210 cessavit
3372 2171 3401 2209 a
3438 2154 3667 2209 stultilo-

2114 2256 2262 2322 quio,
2296 2269 2324 2305 a
2354 2251 2704 2315 scurriiitate,
2737 2250 2829 2319 qui
2878 2249 3034 2303 bouis
3068 2252 3314 2318 derogat,
3354 2247 3444 2316 qui
3477 2246 3670 2300 crimi-

2105 2352 2265 2397 natur
2311 2342 2609 2410 proximos,
2654 2340 2745 2408 qui
2792 2338 3013 2407 instigat
3068 2337 3212 2400 lites,
3246 2336 3335 2405 qui
3365 2333 3671 2389 calumnias

2104 2443 2304 2496 movet,
2341 2432 2430 2500 qui
2460 2431 2659 2485 fratres
2687 2431 2832 2483 inter
2864 2444 2922 2483 se
2956 2428 3086 2481 falsa
3118 2428 3384 2497 loquendo
3414 2425 3669 2479 commit-

2105 2526 2191 2591 tit,
2234 2526 2322 2592 qui
2380 2539 2557 2589 vana,
2589 2524 2794 2597 inepta,
2849 2519 3155 2584 srecularia,
3206 2520 3495 2589 impudica,
3549 2526 3668 2570 tur-

2103 2618 2208 2687 pia,
2249 2614 2527 2683 iniuriosa,
2565 2626 2838 2683 proterva,
2883 2614 3214 2684 hlaSphema,
3245 2622 3299 2666 et
3326 2620 3521 2667 uetera
3553 2625 3670 2677 qua:

2104 2708 2321 2777 indigna
2378 2716 2502 2760 sunt
2557 2706 2866 2762 Christiano
2914 2722 3008 2761 ore
3063 2706 3423 2775 proloquitur.
3449 2703 3506 2758 Si
3547 2702 3669 2771 quis

2101 2814 2230 2854 vero
2264 2799 2333 2854 ab
2372 2799 2459 2853 his
2510 2799 2764 2853 omnibus
2798 2800 3042 2853 continet
3079 2814 3141 2852 os
3185 2814 3366 2863 suum,
3402 2806 3456 2850 et
3489 2796 3668 2863 dispo-

2101 2892 2181 2945 nit
2211 2906 2486 2946 sermones
2526 2906 2652 2945 suos
2699 2890 2750 2943 in
2777 2888 2983 2960 judicio
3002 2892 3043 2953 ⁷,
3082 2889 3466 2945 verbositatem
3501 2888 3670 2956 repri-

2103 2984 2236 3047 mit,
2288 2982 2521 3053 linguam
2584 2991 2881 3052 temperat,
2946 2982 3109 3037 verba
3184 2981 3521 3043 moderatur,
3567 2978 3672 3033 iste

2102 3078 2292 3129 merito
2334 3074 2685 3129 circumcisus
2725 3074 2882 3128 labiis
2931 3072 3154 3126 dicitur.
3184 3070 3289 3126 Sed
3338 3079 3393 3131 et
3429 3070 3519 3139 qui
3572 3068 3673 3122 ini-

2101 3166 2361 3235 quitatem
2397 3166 2449 3219 in
2481 3164 2709 3220 Excelso
2754 3165 3053 3234 loquuntur
3074 3164 3117 3230 ⁸,
3151 3174 3202 3217 et
3251 3162 3553 3217 extendunt
3616 3160 3668 3212 in

2099 3257 2298 3311 cwlnm
2356 3255 2592 3327 linguam
2656 3270 2846 3319 suam,
2902 3256 3044 3309 sicut
3113 3252 3352 3308 haeretici
3424 3252 3667 3312 faciunt,

2099 3348 2464 3402 incircumcisi
2519 3357 2572 3403 et
2617 3348 2879 3401 immundi
2932 3347 3088 3400 labiis
3135 3344 3346 3399 dicendi
3394 3350 3521 3396 sunt
3564 3338 3665 3410 (7}.

2100 3438 2464 3492 Circumcisus
2510 3454 2636 3492 vero
2667 3452 2722 3493 et
2755 3438 2986 3492 mundus
3017 3447 3096 3491 est
3146 3436 3237 3504 qui
3287 3447 3501 3501 semper
3547 3446 3670 3485 ver—

2100 3531 2224 3583 bum
2266 3530 2358 3583 Dei
2412 3530 2669 3597 loquitur,
2704 3537 2757 3583 et
2781 3545 2967 3585 sanam
3004 3529 3307 3582 doctrinam
3337 3523 3669 3594 evangelicis

2099 3629 2153 3672 et
2196 3619 2505 3688 apostolicis
2553 3620 2813 3673 munitam
2854 3619 3052 3689 regulis
3097 3617 3321 3687 profert.
3366 3616 3480 3675 Hoc
3542 3630 3670 3684 ergo

2101 3711 2256 3763 modo
2301 3720 2356 3765 et
2380 3712 2718 3765 circumcisio
2776 3712 3040 3766 labiorum
3101 3711 3263 3766 datur
3315 3709 3368 3763 in
3428 3708 3669 3763 Ecclesia

2101 3798 2217 3854 Dei.

2172 3893 2222 3947 6.
2253 3893 2403 3947 Nunc
2427 3909 2558 3949 vero
2589 3895 2885 3950 secundum
2916 3895 3365 3964 pollicitationem
3396 3904 3668 3958 nostram,

2100 3980 2336 4048 qualiter
2374 3982 2538 4035 etiam
2581 3984 2768 4036 carnis
2811 3985 3160 4039 circumcisio
3210 3985 3407 4054 suscipi
3454 3985 3667 4047 debeat,

2101 4071 2403 4126 videamus.
2447 4071 2747 4128 Membrum
2780 4075 2903 4141 hoc,
2931 4076 2983 4128 in
3033 4092 3141 4144 quo
3170 4078 3488 4145 praeputium
3518 4075 3666 4128 vide-

2104 4171 2190 4216 tur
2215 4178 2359 4229 esse,
2392 4165 2582 4220 olliciis
2625 4168 2964 4222 naturalibus
3012 4170 3186 4223 coitus
3219 4180 3272 4224 et
3329 4170 3663 4238 generationi

2100 4253 2375 4306 deservire
2398 4268 2555 4307 nemo
2588 4257 2786 4325 estqui
2819 4257 3046 4311 dubitet.
3083 4259 3137 4311 Si
3171 4260 3296 4328 quis
3336 4258 3502 4326 igitur
3538 4274 3665 4326 erga

2098 4341 2471 4411 hujuscemodi
2516 4357 2692 4401 motus
2742 4364 2847 4401 non
2885 4349 3231 4418 importunus
3276 4353 3530 4415 exsistat,
3568 4366 3665 4405 nec

429 4430 583 4485 SiOIIe
607 4437 851 4502 prmputii
892 4437 1206 4507 allegoriam
1240 4442 1555 4509 requiritis?
1582 4442 1689 4496 Sed
1728 4442 1848 4496 illos
1873 4443 1994 4511 qui-
2027 4477 2072 4531 ὓ
2101 4446 2333 4491 statutos
2386 4438 2591 4507 legibus
2618 4441 2879 4495 terminos
2910 4455 3150 4510 superet,
3183 4453 3281 4498 nec
3315 4445 3475 4497 aliam
3512 4444 3662 4498 femi-

429 4524 552 4576 dcm
579 4525 667 4590 qui
687 4525 750 4578 ad
788 4527 1050 4581 idolorum
1083 4532 1296 4583 liuidum
1322 4547 1475 4586 aures
1492 4534 1678 4586 habent
1699 4542 1745 4585 et
1776 4548 1876 4585 non
1900 4548 1996 4585 au-

427 4614 601 4681 diunt,
640 4626 684 4668 et
731 4619 911 4671 oculos
960 4622 1147 4673 habent
1180 4633 1225 4673 rt
1255 4639 1357 4675 non
1405 4623 1632 4687 vident“,
1657 4624 1993 4678 omittamus.

446 4702 537 4760 Vos
568 4717 746 4762 autem
780 4710 1010 4778 populus
1039 4711 1152 4777 Dei,
1176 4724 1227 4767 et
1258 4714 1484 4783 populus
1511 4716 1561 4767 iu
1586 4716 1995 4785 acquisitioncm

499 4818 543 4849 ’θ
575 4815 773 4871 .lcrcm.
809 4837 883 4882 vt,
927 4821 1013 4876 il).
1094 4822 1108 4851 ⁸
1163 4822 1328 4876 Exod.
1391 4840 1460 4888 IV,
1517 4825 1598 4876 l5.

482 4888 672 4942 Matth.
721 4905 841 4953 χιιι,
877 4892 929 4945 9.
1007 4892 1031 4922 ⁷·
1054 4891 1200 4947 Psal.
1228 4909 1339 4961 CXI,
1371 4894 1426 4948 5.

501 4981 578 5051 (l)
609 4979 888 5047 Ebionitte,
930 4992 1033 5037 etc.
1079 4986 1282 5039 Allndit
1328 4988 1395 5040 ad
1428 5001 1609 5040 vocem
1648 4986 1989 5051 llcbraicant,

428 5055 777 5125 libidinatum
811 5055 1102 5123 significat,
1136 5072 1425 5125 pauperem
1462 5066 1515 5110 et
1540 5073 1793 5124 egenum.

500 5121 577 5195 (ἒ)
606 5121 754 5195 Mss,
791 5121 1097 5190 inducitur;
1137 5121 1275 5179 libb.
1319 5126 1469 5185 editi,
1504 5121 1776 5180 indicitur.

406 5256 409 5257 ν
500 5193 578 5264 (5)
640 5193 881 5264 f’roride,
927 5196 1194 5264 Domine,
1230 5195 1523 5264 Confuudit
1564 5197 1826 5263 Origenes
1883 5206 1990 5250 tres

430 5262 745 5326 versiculus,
782 5278 972 5330 nempe
997 5267 1121 5317 liict
1144 5262 1482 5332 lOcapitisuv
1512 5262 1701 5328 Exodi,
1736 5282 1833 5321 nec
1884 5282 1987 5319 non

429 5348 644 5386 versum
673 5336 740 5386 50
768 5335 961 5402 capitis
987 5351 1035 5387 v:
1070 5336 1307 5402 ejusdem
1341 5336 1484 5390 libri.
1515 5335 1623 5391 lloc
1657 5338 1845 5390 ultimo
1878 5338 1995 5389 loco

431 5406 526 5468 ubi,
561 5404 814 5457 llcbrzcus
849 5415 1027 5458 textus
1069 5408 1269 5461 habet:
1303 5406 1434 5459 Ecce
1474 5423 1565 5474 ego
1598 5408 1994 5460 incircumcisns

428 5473 605 5538 labiis,
639 5475 993 5545 Septuaginta
1030 5485 1304 5531 verterunt
1330 5495 1344 5531 :
1380 5473 1513 5531 Ecce
1543 5493 1635 5546 ego
1665 5478 1849 5547 gracili
1878 5491 1996 5531 voce

426 5558 540 5594 smn
552 5584 563 5597 .

502 5613 580 5679 (4)
618 5612 778 5665 Illum
813 5617 1068 5669 indicare.
1121 5615 1209 5669 Sic
1261 5631 1413 5679 tnss.,
1464 5616 1586 5672 libb.
1610 5628 1788 5672 autem
1840 5615 1991 5679 editi,

427 5682 567 5735 illud
598 5684 853 5739 indicare.

1674 4828 1693 4855 ¹
1729 4823 1885 4886 lbid.,
1923 4823 2010 4876 10.

1500 4894 1521 4925 ⁸
1553 4894 1695 4947 l’sal.
1728 4910 1899 4959 uxu,
1937 4894 2013 4953 7.,

2104 4542 2227 4580 nam
2261 4543 2422 4595 quam
2470 4528 2751 4599 conjugem
2799 4531 3095 4601 legitimam
3152 4535 3380 4598 noverit,
3405 4543 3459 4587 et
3492 4535 3542 4587 in
3597 4548 3659 4585 ea

2104 4632 2319 4687 quoque
2352 4620 2465 4687 ipsa
2500 4624 2835 4689 posteritatis
2887 4627 3259 4679 tantummodo
3314 4640 3476 4679 causa
3502 4626 3667 4679 certis

2104 4719 2158 4763 et
2201 4710 2456 4778 legitimis
2507 4714 2838 4781 temporibus
2883 4725 3007 4786 agat
3039 4718 3143 4786 (8),
3176 4717 3279 4770 iste
3312 4717 3666 4771 circumcisus

2126 4821 2145 4852 ³
2196 4820 2364 4875 Exod.
2419 4836 2492 4887 vi,
2521 4821 2609 4876 30.
2725 4823 2743 4853 ⁸
2767 4823 2906 4877 t‘sal.
2930 4840 3085 4891 exin,
3114 4826 3169 4890 5,
3278 4827 3341 4881 ⁸1
3372 4827 3486 4885 Pet.
3520 4844 3580 4892 ιι,
3610 4828 3665 4883 9.

2175 4987 2251 5055 (5)
2271 4986 2441 5040 Codd.
2466 4985 2727 5041 Gemctic.
2750 4996 2802 5041 et
2829 4985 3143 5056 Sangerm.,
3166 5004 3333 5054 caeno;
3356 4988 3485 5044 libb.
3511 4989 3664 5044 editi.

2101 5074 2266 5118 creua,
2299 5056 2460 5109 male.

2170 5128 2249 5194 (l3)
2286 5124 2681 5179 lncircumcisis
2730 5137 2776 5178 et
2830 5127 3117 5180 immundis
3169 5128 3409 5181 nuribus.
3447 5126 3521 5180 Ita
3556 5135 3667 5179 tres

2102 5212 2230 5250 mss.
2267 5196 2637 5258 Turonenses,
2677 5195 3045 5264 Rentigianns,
3074 5197 3415 5250 Belvacensis
3441 5206 3492 5251 et
3526 5197 3670 5248 San-

2099 5266 2509 5331 germanensis;
2538 5266 2661 5319 libri
2688 5282 2813 5320 vero
2840 5267 2990 5333 editi,
3025 5267 3425 5319 incircumcisus
3447 5267 3664 5319 auribus

2090 5346 2139 5388 et
2173 5337 2489 5389 immundus.

2172 5406 2248 5473 (7)
2280 5404 2450 5459 Codd.
2484 5420 2613 5458 mss.
2647 5414 2756 5458 tres
2784 5406 3147 5472 Turonenses,
3184 5406 3582 5462 Gemeticensis
3610 5414 3665 5458 et

2102 5475 2585 5541 Sangerntaneusis
2615 5494 2628 5529 :
2656 5474 2891 5544 loquitur
2947 5486 2997 5529 et
3043 5479 3291 5543 extendit,
3342 5488 3469 5543 elc.;
3505 5478 3667 5529 incir-

2102 5546 2364 5597 cumcisns
2392 5546 2545 5597 labiis
2570 5556 2615 5597 cl
2650 5546 2942 5599 immundus
2972 5549 3121 5599 labiis
3146 5549 3398 5601 dicendus
3421 5558 3517 5600 est.

2176 5615 2249 5681 (8)
2278 5612 2342 5664 Et
2372 5615 2424 5665 iu
2460 5631 2516 5666 ea
2547 5632 2747 5682 quoque
2780 5618 2894 5675 ipsa
2944 5618 3258 5680 posteritatis
3304 5615 3668 5669 tuntmnmmlo

2103 5702 2261 5739 causa
2291 5686 2443 5738 (mis
2475 5696 2519 5735 ct
2551 5688 2790 5755 legitimis
2818 5689 3138 5746 (artioribus
3183 5699 3323 5755 ngat,
3363 5698 3466 5740 etc.
3504 5689 3666 5739 Sinti-
