  <div class='ocr_page' id='page_1' title='image "/cluster/home/n/w/nwhite01/storage/ocr_20150623/12/hvd.32044052796216/096.png"; bbox 0 0 4122 6248; ppageno 0'>
   <div class='ocr_carea' id='block_1_1' title="bbox 494 320 586 371">
    <p class='ocr_par' dir='ltr' id='par_1_1' title="bbox 494 320 586 371">
     <span class='ocr_line' id='line_1_1' title="bbox 494 320 586 371; baseline -0.011 0"><span class='ocrx_word' id='word_1_1' title='bbox 494 320 586 371; x_wconf 75' lang='grc'><strong>181</strong></span> 
     </span>
    </p>
   </div>
   <div class='ocr_carea' id='block_1_2' title="bbox 1686 316 2544 374">
    <p class='ocr_par' dir='ltr' id='par_1_2' title="bbox 1686 316 2544 374">
     <span class='ocr_line' id='line_1_2' title="bbox 1686 316 2544 374; baseline 0.006 -5"><span class='ocrx_word' id='word_1_2' title='bbox 1686 316 1752 372; x_wconf 77' lang='grc' dir='ltr'><strong>ΙΝ</strong></span> <span class='ocrx_word' id='word_1_3' title='bbox 1792 317 2092 373; x_wconf 78' lang='lat' dir='ltr'><strong>CENESIM</strong></span> <span class='ocrx_word' id='word_1_4' title='bbox 2134 316 2419 374; x_wconf 79' lang='lat' dir='ltr'><strong>HOMILIA</strong></span> <span class='ocrx_word' id='word_1_5' title='bbox 2457 317 2544 374; x_wconf 91' lang='lat' dir='ltr'><strong>Ill.</strong></span> 
     </span>
    </p>
   </div>
   <div class='ocr_carea' id='block_1_3' title="bbox 3634 314 3753 367">
    <p class='ocr_par' dir='ltr' id='par_1_3' title="bbox 3634 314 3753 367">
     <span class='ocr_line' id='line_1_3' title="bbox 3634 314 3753 367; baseline 0.008 -1"><span class='ocrx_word' id='word_1_6' title='bbox 3634 314 3753 367; x_wconf 44' lang='lat'><strong>18?.</strong></span> 
     </span>
    </p>
   </div>
   <div class='ocr_carea' id='block_1_4' title="bbox 490 432 3736 508">
    <p class='ocr_par' dir='ltr' id='par_1_4' title="bbox 490 432 3736 508">
     <span class='ocr_line' id='line_1_4' title="bbox 490 432 3736 508; baseline -0.002 -17"><span class='ocrx_word' id='word_1_7' title='bbox 490 438 757 508; x_wconf 64' lang='lat' dir='ltr'><strong>prrputio</strong></span> <span class='ocrx_word' id='word_1_8' title='bbox 787 437 966 491; x_wconf 82' lang='lat' dir='ltr'><strong>carnis</strong></span> <span class='ocrx_word' id='word_1_9' title='bbox 995 451 1107 490; x_wconf 53' lang='lat' dir='ltr'><strong>sum</strong></span> <span class='ocrx_word' id='word_1_10' title='bbox 1131 437 1393 491; x_wconf 88' lang='lat' dir='ltr'><strong>dicendus</strong></span> <span class='ocrx_word' id='word_1_11' title='bbox 1425 449 1525 491; x_wconf 87' lang='lat' dir='ltr'><strong>est.</strong></span> <span class='ocrx_word' id='word_1_12' title='bbox 1567 438 1667 505; x_wconf 86' lang='lat' dir='ltr'><strong>Qui</strong></span> <span class='ocrx_word' id='word_1_13' title='bbox 1699 453 1828 493; x_wconf 90' lang='lat' dir='ltr'><strong>vero</strong></span> <span class='ocrx_word' id='word_1_14' title='bbox 1857 440 1909 492; x_wconf 92' lang='lat' dir='ltr'><strong>in</strong></span> <span class='ocrx_word' id='word_1_15' title='bbox 1943 455 2060 493; x_wconf 53' lang='lat' dir='ltr'><strong>our.</strong></span> <span class='ocrx_word' id='word_1_16' title='bbox 2090 449 2137 506; x_wconf 76' lang='grc' dir='ltr'><strong>Α</strong></span> <span class='ocrx_word' id='word_1_17' title='bbox 2169 439 2335 507; x_wconf 85' lang='lat' dir='ltr'><strong>leges,</strong></span> <span class='ocrx_word' id='word_1_18' title='bbox 2369 432 2755 491; x_wconf 86' lang='lat' dir='ltr'><strong>incircumcisa</strong></span> <span class='ocrx_word' id='word_1_19' title='bbox 2817 435 3111 501; x_wconf 81' lang='lat' dir='ltr'><strong>reputanda</strong></span> <span class='ocrx_word' id='word_1_20' title='bbox 3154 443 3297 488; x_wconf 82' lang='lat' dir='ltr'><strong>sunt.</strong></span> <span class='ocrx_word' id='word_1_21' title='bbox 3334 433 3399 487; x_wconf 85' lang='lat' dir='ltr'><strong>Et</strong></span> <span class='ocrx_word' id='word_1_22' title='bbox 3444 432 3559 487; x_wconf 72' lang='lat' dir='ltr'><strong>hoc</strong></span> <span class='ocrx_word' id='word_1_23' title='bbox 3600 443 3736 502; x_wconf 88' lang='lat' dir='ltr'><strong>puto</strong></span> 
     </span>
    </p>
   </div>
   <div class='ocr_carea' id='block_1_5' title="bbox 493 528 2062 597">
    <p class='ocr_par' dir='ltr' id='par_1_5' title="bbox 493 528 2062 597">
     <span class='ocr_line' id='line_1_5' title="bbox 493 528 2062 597; baseline 0.001 -14"><span class='ocrx_word' id='word_1_24' title='bbox 493 544 617 583; x_wconf 89' lang='lat' dir='ltr'><strong>nem</strong></span> <span class='ocrx_word' id='word_1_25' title='bbox 660 528 935 583; x_wconf 79' lang='lat' dir='ltr'><strong>lasciviam</strong></span> <span class='ocrx_word' id='word_1_26' title='bbox 971 536 1204 596; x_wconf 84' lang='lat' dir='ltr'><strong>proruit,</strong></span> <span class='ocrx_word' id='word_1_27' title='bbox 1237 539 1289 581; x_wconf 91' lang='lat' dir='ltr'><strong>et</strong></span> <span class='ocrx_word' id='word_1_28' title='bbox 1329 544 1424 597; x_wconf 84' lang='lat' dir='ltr'><strong>per</strong></span> <span class='ocrx_word' id='word_1_29' title='bbox 1455 531 1696 584; x_wconf 80' lang='lat' dir='ltr'><strong>diversos</strong></span> <span class='ocrx_word' id='word_1_30' title='bbox 1746 542 1799 585; x_wconf 90' lang='lat' dir='ltr'><strong>et</strong></span> <span class='ocrx_word' id='word_1_31' title='bbox 1842 531 2062 585; x_wconf 84' lang='lat' dir='ltr'><strong>illicitos</strong></span> 
     </span>
    </p>
   </div>
   <div class='ocr_carea' id='block_1_6' title="bbox 491 620 2063 689">
    <p class='ocr_par' dir='ltr' id='par_1_6' title="bbox 491 620 2063 689">
     <span class='ocr_line' id='line_1_6' title="bbox 491 620 2063 689; baseline 0.003 -17"><span class='ocrx_word' id='word_1_32' title='bbox 491 620 697 689; x_wconf 83' lang='lat' dir='ltr'><strong>passim</strong></span> <span class='ocrx_word' id='word_1_33' title='bbox 723 621 916 688; x_wconf 88' lang='lat' dir='ltr'><strong>pendet</strong></span> <span class='ocrx_word' id='word_1_34' title='bbox 954 620 1257 688; x_wconf 82' lang='lat' dir='ltr'><strong>amplexus,</strong></span> <span class='ocrx_word' id='word_1_35' title='bbox 1283 630 1446 688; x_wconf 86' lang='lat' dir='ltr'><strong>atque</strong></span> <span class='ocrx_word' id='word_1_36' title='bbox 1482 620 1535 674; x_wconf 93' lang='lat' dir='ltr'><strong>in</strong></span> <span class='ocrx_word' id='word_1_37' title='bbox 1575 637 1791 675; x_wconf 90' lang='lat' dir='ltr'><strong>omnem</strong></span> <span class='ocrx_word' id='word_1_38' title='bbox 1822 623 2063 677; x_wconf 88' lang='lat' dir='ltr'><strong>lihidinis</strong></span> 
     </span>
    </p>
   </div>
   <div class='ocr_carea' id='block_1_7' title="bbox 491 713 2064 783">
    <p class='ocr_par' dir='ltr' id='par_1_7' title="bbox 491 713 2064 783">
     <span class='ocr_line' id='line_1_7' title="bbox 491 713 2064 783; baseline 0.001 -18"><span class='ocrx_word' id='word_1_39' title='bbox 491 714 755 783; x_wconf 77' lang='lat' dir='ltr'><strong>gurgitem</strong></span> <span class='ocrx_word' id='word_1_40' title='bbox 810 713 984 767; x_wconf 78' lang='lat' dir='ltr'><strong>l‘crtur</strong></span> <span class='ocrx_word' id='word_1_41' title='bbox 1036 714 1292 777; x_wconf 78' lang='lat' dir='ltr'><strong>infrenis,</strong></span> <span class='ocrx_word' id='word_1_42' title='bbox 1352 714 1452 767; x_wconf 86' lang='lat' dir='ltr'><strong>iste</strong></span> <span class='ocrx_word' id='word_1_43' title='bbox 1501 716 1920 768; x_wconf 88' lang='lat' dir='ltr'><strong>incircumcisus</strong></span> <span class='ocrx_word' id='word_1_44' title='bbox 1980 723 2064 768; x_wconf 79' lang='lat' dir='ltr'><strong>est</strong></span> 
     </span>
    </p>
   </div>
   <div class='ocr_carea' id='block_1_8' title="bbox 493 803 2062 874">
    <p class='ocr_par' dir='ltr' id='par_1_8' title="bbox 493 803 2062 874">
     <span class='ocr_line' id='line_1_8' title="bbox 493 803 2062 874; baseline -0.001 -15"><span class='ocrx_word' id='word_1_45' title='bbox 493 803 751 874; x_wconf 61' lang='lat' dir='ltr'><strong>praputio</strong></span> <span class='ocrx_word' id='word_1_46' title='bbox 782 804 967 857; x_wconf 89' lang='lat' dir='ltr'><strong>carnis</strong></span> <span class='ocrx_word' id='word_1_47' title='bbox 997 819 1127 858; x_wconf 68' lang='lat' dir='ltr'><strong>sum.</strong></span> <span class='ocrx_word' id='word_1_48' title='bbox 1160 803 1359 857; x_wconf 86' lang='lat' dir='ltr'><strong>Verum</strong></span> <span class='ocrx_word' id='word_1_49' title='bbox 1402 804 1641 857; x_wconf 77' lang='lat' dir='ltr'><strong>Ecclesia</strong></span> <span class='ocrx_word' id='word_1_50' title='bbox 1675 804 1901 867; x_wconf 75' lang='lat' dir='ltr'><strong>Christi,</strong></span> <span class='ocrx_word' id='word_1_51' title='bbox 1939 820 2062 874; x_wconf 84' lang='lat' dir='ltr'><strong>gra-</strong></span> 
     </span>
    </p>
   </div>
   <div class='ocr_carea' id='block_1_9' title="bbox 491 893 2060 962">
    <p class='ocr_par' dir='ltr' id='par_1_9' title="bbox 491 893 2060 962">
     <span class='ocr_line' id='line_1_9' title="bbox 491 893 2060 962; baseline 0.001 -16"><span class='ocrx_word' id='word_1_52' title='bbox 491 893 560 946; x_wconf 87' lang='lat' dir='ltr'><strong>tia</strong></span> <span class='ocrx_word' id='word_1_53' title='bbox 588 894 707 962; x_wconf 83' lang='lat' dir='ltr'><strong>ejus</strong></span> <span class='ocrx_word' id='word_1_54' title='bbox 743 893 833 961; x_wconf 90' lang='lat' dir='ltr'><strong>qui</strong></span> <span class='ocrx_word' id='word_1_55' title='bbox 874 908 970 956; x_wconf 89' lang='lat' dir='ltr'><strong>pro</strong></span> <span class='ocrx_word' id='word_1_56' title='bbox 1003 908 1063 947; x_wconf 91' lang='lat' dir='ltr'><strong>se</strong></span> <span class='ocrx_word' id='word_1_57' title='bbox 1095 893 1394 948; x_wconf 82' lang='lat' dir='ltr'><strong>crucilixus</strong></span> <span class='ocrx_word' id='word_1_58' title='bbox 1415 903 1499 948; x_wconf 88' lang='lat' dir='ltr'><strong>est</strong></span> <span class='ocrx_word' id='word_1_59' title='bbox 1531 896 1802 953; x_wconf 86' lang='lat' dir='ltr'><strong>roborata.</strong></span> <span class='ocrx_word' id='word_1_60' title='bbox 1837 911 1942 947; x_wconf 91' lang='lat' dir='ltr'><strong>non</strong></span> <span class='ocrx_word' id='word_1_61' title='bbox 1973 909 2060 947; x_wconf 87' lang='lat' dir='ltr'><strong>so-</strong></span> 
     </span>
    </p>
   </div>
   <div class='ocr_carea' id='block_1_10' title="bbox 489 984 2057 1054">
    <p class='ocr_par' dir='ltr' id='par_1_10' title="bbox 489 984 2057 1054">
     <span class='ocr_line' id='line_1_10' title="bbox 489 984 2057 1054; baseline -0.001 -16"><span class='ocrx_word' id='word_1_62' title='bbox 489 985 598 1038; x_wconf 88' lang='lat' dir='ltr'><strong>lum</strong></span> <span class='ocrx_word' id='word_1_63' title='bbox 630 990 696 1038; x_wconf 91' lang='lat' dir='ltr'><strong>ah</strong></span> <span class='ocrx_word' id='word_1_64' title='bbox 731 985 936 1039; x_wconf 77' lang='lat' dir='ltr'><strong>illicitis</strong></span> <span class='ocrx_word' id='word_1_65' title='bbox 967 984 1324 1054; x_wconf 79' lang='lat' dir='ltr'><strong>nefandisque</strong></span> <span class='ocrx_word' id='word_1_66' title='bbox 1350 986 1640 1051; x_wconf 82' lang='lat' dir='ltr'><strong>cubilibus,</strong></span> <span class='ocrx_word' id='word_1_67' title='bbox 1674 1001 1860 1039; x_wconf 89' lang='lat' dir='ltr'><strong>verum</strong></span> <span class='ocrx_word' id='word_1_68' title='bbox 1897 986 2057 1039; x_wconf 86' lang='lat' dir='ltr'><strong>etiam</strong></span> 
     </span>
    </p>
   </div>
   <div class='ocr_carea' id='block_1_11' title="bbox 488 1077 2061 1148">
    <p class='ocr_par' dir='ltr' id='par_1_11' title="bbox 488 1077 2061 1148">
     <span class='ocr_line' id='line_1_11' title="bbox 488 1077 2061 1148; baseline 0.001 -19"><span class='ocrx_word' id='word_1_69' title='bbox 488 1092 516 1129; x_wconf 90' lang='lat' dir='ltr'><strong>a</strong></span> <span class='ocrx_word' id='word_1_70' title='bbox 547 1078 823 1131; x_wconf 88' lang='lat' dir='ltr'><strong>concessis</strong></span> <span class='ocrx_word' id='word_1_71' title='bbox 854 1086 908 1131; x_wconf 89' lang='lat' dir='ltr'><strong>et</strong></span> <span class='ocrx_word' id='word_1_72' title='bbox 953 1077 1117 1132; x_wconf 88' lang='lat' dir='ltr'><strong>licitis</strong></span> <span class='ocrx_word' id='word_1_73' title='bbox 1149 1085 1441 1147; x_wconf 82' lang='lat' dir='ltr'><strong>temperat,</strong></span> <span class='ocrx_word' id='word_1_74' title='bbox 1478 1087 1732 1147; x_wconf 86' lang='lat' dir='ltr'><strong>tanquam</strong></span> <span class='ocrx_word' id='word_1_75' title='bbox 1762 1078 1871 1148; x_wconf 72' lang='lat' dir='ltr'><strong>iam</strong></span> <span class='ocrx_word' id='word_1_76' title='bbox 1910 1078 2061 1147; x_wconf 89' lang='lat' dir='ltr'><strong>virgo</strong></span> 
     </span>
    </p>
   </div>
   <div class='ocr_carea' id='block_1_12' title="bbox 489 1169 2058 1241">
    <p class='ocr_par' dir='ltr' id='par_1_12' title="bbox 489 1169 2058 1241">
     <span class='ocr_line' id='line_1_12' title="bbox 489 1169 2058 1241; baseline -0.001 -17"><span class='ocrx_word' id='word_1_77' title='bbox 489 1184 687 1237; x_wconf 78' lang='lat' dir='ltr'><strong>Sponsa</strong></span> <span class='ocrx_word' id='word_1_78' title='bbox 741 1169 941 1224; x_wconf 76' lang='lat' dir='ltr'><strong>Christi</strong></span> <span class='ocrx_word' id='word_1_79' title='bbox 990 1172 1159 1225; x_wconf 85' lang='lat' dir='ltr'><strong>castis</strong></span> <span class='ocrx_word' id='word_1_80' title='bbox 1188 1178 1244 1224; x_wconf 89' lang='lat' dir='ltr'><strong>et</strong></span> <span class='ocrx_word' id='word_1_81' title='bbox 1276 1170 1488 1240; x_wconf 85' lang='lat' dir='ltr'><strong>pudicis</strong></span> <span class='ocrx_word' id='word_1_82' title='bbox 1539 1172 1843 1241; x_wconf 82' lang='lat' dir='ltr'><strong>virginibus</strong></span> <span class='ocrx_word' id='word_1_83' title='bbox 1875 1169 2058 1234; x_wconf 86' lang='lat' dir='ltr'><strong>ﬂoret,</strong></span> 
     </span>
    </p>
   </div>
   <div class='ocr_carea' id='block_1_13' title="bbox 484 1262 2059 1333">
    <p class='ocr_par' dir='ltr' id='par_1_13' title="bbox 484 1262 2059 1333">
     <span class='ocr_line' id='line_1_13' title="bbox 484 1262 2059 1333; baseline 0 -18"><span class='ocrx_word' id='word_1_84' title='bbox 484 1262 680 1331; x_wconf 86' lang='lat' dir='ltr'><strong>quibus</strong></span> <span class='ocrx_word' id='word_1_85' title='bbox 721 1275 846 1316; x_wconf 80' lang='lat' dir='ltr'><strong>vera</strong></span> <span class='ocrx_word' id='word_1_86' title='bbox 880 1262 1229 1317; x_wconf 88' lang='lat' dir='ltr'><strong>circumcisio</strong></span> <span class='ocrx_word' id='word_1_87' title='bbox 1288 1262 1472 1317; x_wconf 88' lang='lat' dir='ltr'><strong>carnis</strong></span> <span class='ocrx_word' id='word_1_88' title='bbox 1499 1263 1754 1333; x_wconf 57' lang='lat' dir='ltr'><strong>pra‘putii</strong></span> <span class='ocrx_word' id='word_1_89' title='bbox 1786 1264 1926 1317; x_wconf 76' lang='lat' dir='ltr'><strong>facta</strong></span> <span class='ocrx_word' id='word_1_90' title='bbox 1955 1272 2059 1326; x_wconf 89' lang='lat' dir='ltr'><strong>est,</strong></span> 
     </span>
    </p>
   </div>
   <div class='ocr_carea' id='block_1_14' title="bbox 481 1350 2059 1418">
    <p class='ocr_par' dir='ltr' id='par_1_14' title="bbox 481 1350 2059 1418">
     <span class='ocr_line' id='line_1_14' title="bbox 481 1350 2059 1418; baseline -0.001 -12"><span class='ocrx_word' id='word_1_91' title='bbox 481 1361 540 1406; x_wconf 92' lang='lat' dir='ltr'><strong>et</strong></span> <span class='ocrx_word' id='word_1_92' title='bbox 571 1367 695 1407; x_wconf 85' lang='lat' dir='ltr'><strong>vere</strong></span> <span class='ocrx_word' id='word_1_93' title='bbox 727 1360 1111 1406; x_wconf 85' lang='lat' dir='ltr'><strong>testamentum</strong></span> <span class='ocrx_word' id='word_1_94' title='bbox 1147 1350 1264 1418; x_wconf 86' lang='lat' dir='ltr'><strong>Dei,</strong></span> <span class='ocrx_word' id='word_1_95' title='bbox 1295 1360 1349 1406; x_wconf 89' lang='lat' dir='ltr'><strong>et</strong></span> <span class='ocrx_word' id='word_1_96' title='bbox 1379 1360 1765 1406; x_wconf 83' lang='lat' dir='ltr'><strong>testamentum</strong></span> <span class='ocrx_word' id='word_1_97' title='bbox 1794 1360 2059 1404; x_wconf 82' lang='lat' dir='ltr'><strong>aeternum</strong></span> 
     </span>
    </p>
   </div>
   <div class='ocr_carea' id='block_1_15' title="bbox 484 1442 2062 1499">
    <p class='ocr_par' dir='ltr' id='par_1_15' title="bbox 484 1442 2062 1499">
     <span class='ocr_line' id='line_1_15' title="bbox 484 1442 2062 1499; baseline 0.002 -3"><span class='ocrx_word' id='word_1_98' title='bbox 484 1444 538 1497; x_wconf 92' lang='lat' dir='ltr'><strong>in</strong></span> <span class='ocrx_word' id='word_1_99' title='bbox 581 1454 844 1499; x_wconf 69' lang='lat' dir='ltr'><strong>aeternum</strong></span> <span class='ocrx_word' id='word_1_100' title='bbox 884 1446 939 1498; x_wconf 92' lang='lat' dir='ltr'><strong>in</strong></span> <span class='ocrx_word' id='word_1_101' title='bbox 970 1458 1164 1498; x_wconf 89' lang='lat' dir='ltr'><strong>eorum</strong></span> <span class='ocrx_word' id='word_1_102' title='bbox 1212 1442 1539 1498; x_wconf 88' lang='lat' dir='ltr'><strong>circumcisa</strong></span> <span class='ocrx_word' id='word_1_103' title='bbox 1567 1456 1741 1496; x_wconf 90' lang='lat' dir='ltr'><strong>carne</strong></span> <span class='ocrx_word' id='word_1_104' title='bbox 1779 1455 2062 1499; x_wconf 80' lang='lat' dir='ltr'><strong>servatur.</strong></span> 
     </span>
    </p>
   </div>
   <div class='ocr_carea' id='block_1_16' title="bbox 482 1533 2057 1605">
    <p class='ocr_par' dir='ltr' id='par_1_16' title="bbox 482 1533 2057 1605">
     <span class='ocr_line' id='line_1_16' title="bbox 482 1533 2057 1605; baseline -0.001 -16"><span class='ocrx_word' id='word_1_105' title='bbox 482 1533 744 1605; x_wconf 86' lang='lat' dir='ltr'><strong>Superest</strong></span> <span class='ocrx_word' id='word_1_106' title='bbox 795 1535 953 1589; x_wconf 90' lang='lat' dir='ltr'><strong>nobis</strong></span> <span class='ocrx_word' id='word_1_107' title='bbox 1019 1534 1185 1588; x_wconf 85' lang='lat' dir='ltr'><strong>etiam</strong></span> <span class='ocrx_word' id='word_1_108' title='bbox 1236 1533 1528 1602; x_wconf 86' lang='lat' dir='ltr'><strong>designare</strong></span> <span class='ocrx_word' id='word_1_109' title='bbox 1580 1533 2057 1588; x_wconf 88' lang='lat' dir='ltr'><strong>circumcisionem</strong></span> 
     </span>
    </p>
   </div>
   <div class='ocr_carea' id='block_1_17' title="bbox 478 1622 2058 1690">
    <p class='ocr_par' dir='ltr' id='par_1_17' title="bbox 478 1622 2058 1690">
     <span class='ocr_line' id='line_1_17' title="bbox 478 1622 2058 1690; baseline 0.001 -12"><span class='ocrx_word' id='word_1_110' title='bbox 478 1624 685 1678; x_wconf 82' lang='lat' dir='ltr'><strong>cordis.</strong></span> <span class='ocrx_word' id='word_1_111' title='bbox 720 1623 777 1678; x_wconf 91' lang='lat' dir='ltr'><strong>Si</strong></span> <span class='ocrx_word' id='word_1_112' title='bbox 831 1624 953 1690; x_wconf 85' lang='lat' dir='ltr'><strong>quis</strong></span> <span class='ocrx_word' id='word_1_113' title='bbox 1002 1632 1090 1675; x_wconf 91' lang='lat' dir='ltr'><strong>est</strong></span> <span class='ocrx_word' id='word_1_114' title='bbox 1128 1622 1220 1689; x_wconf 91' lang='lat' dir='ltr'><strong>qui</strong></span> <span class='ocrx_word' id='word_1_115' title='bbox 1274 1622 1530 1678; x_wconf 85' lang='lat' dir='ltr'><strong>obscenis</strong></span> <span class='ocrx_word' id='word_1_116' title='bbox 1561 1623 1843 1678; x_wconf 85' lang='lat' dir='ltr'><strong>desideriis</strong></span> <span class='ocrx_word' id='word_1_117' title='bbox 1873 1634 1926 1679; x_wconf 91' lang='lat' dir='ltr'><strong>et</strong></span> <span class='ocrx_word' id='word_1_118' title='bbox 1958 1626 2058 1679; x_wconf 74' lang='grc' dir='ltr'><strong>[ωσ-</strong></span> 
     </span>
    </p>
   </div>
   <div class='ocr_carea' id='block_1_18' title="bbox 481 1709 2051 1779">
    <p class='ocr_par' dir='ltr' id='par_1_18' title="bbox 481 1709 2051 1779">
     <span class='ocr_line' id='line_1_18' title="bbox 481 1709 2051 1779; baseline -0.002 -12"><span class='ocrx_word' id='word_1_119' title='bbox 481 1713 564 1768; x_wconf 90' lang='lat' dir='ltr'><strong>dis</strong></span> <span class='ocrx_word' id='word_1_120' title='bbox 590 1711 985 1779; x_wconf 85' lang='lat' dir='ltr'><strong>cupiditatibus</strong></span> <span class='ocrx_word' id='word_1_121' title='bbox 1020 1716 1237 1769; x_wconf 69' lang='lat' dir='ltr'><strong>arstuat,</strong></span> <span class='ocrx_word' id='word_1_122' title='bbox 1266 1717 1343 1774; x_wconf 90' lang='lat' dir='ltr'><strong>et,</strong></span> <span class='ocrx_word' id='word_1_123' title='bbox 1378 1717 1437 1762; x_wconf 93' lang='lat' dir='ltr'><strong>ut</strong></span> <span class='ocrx_word' id='word_1_124' title='bbox 1467 1709 1703 1764; x_wconf 89' lang='lat' dir='ltr'><strong>breviter</strong></span> <span class='ocrx_word' id='word_1_125' title='bbox 1734 1710 1929 1773; x_wconf 85' lang='lat' dir='ltr'><strong>dicam,</strong></span> <span class='ocrx_word' id='word_1_126' title='bbox 1961 1710 2051 1779; x_wconf 89' lang='lat' dir='ltr'><strong>qui</strong></span> 
     </span>
    </p>
   </div>
   <div class='ocr_carea' id='block_1_19' title="bbox 2168 520 3734 595">
    <p class='ocr_par' dir='ltr' id='par_1_19' title="bbox 2168 520 3734 595">
     <span class='ocr_line' id='line_1_19' title="bbox 2168 520 3734 595; baseline -0.004 -15"><span class='ocrx_word' id='word_1_127' title='bbox 2168 542 2291 580; x_wconf 86' lang='lat' dir='ltr'><strong>esse</strong></span> <span class='ocrx_word' id='word_1_128' title='bbox 2322 528 2466 595; x_wconf 89' lang='lat' dir='ltr'><strong>quod</strong></span> <span class='ocrx_word' id='word_1_129' title='bbox 2490 522 2781 593; x_wconf 86' lang='lat' dir='ltr'><strong>Apostolus</strong></span> <span class='ocrx_word' id='word_1_130' title='bbox 2805 520 2935 575; x_wconf 86' lang='lat' dir='ltr'><strong>dicit</strong></span> <span class='ocrx_word' id='word_1_131' title='bbox 2963 521 3005 551; x_wconf 77' lang='lat'><em>“</em></span> <span class='ocrx_word' id='word_1_132' title='bbox 3033 538 3044 573; x_wconf 89' lang='lat'><strong>:</strong></span> <span class='ocrx_word' id='word_1_133' title='bbox 3074 521 3219 575; x_wconf 83' lang='lat' dir='ltr'><strong>Sicut</strong></span> <span class='ocrx_word' id='word_1_134' title='bbox 3244 524 3381 575; x_wconf 83' lang='lat' dir='ltr'><strong>enim</strong></span> <span class='ocrx_word' id='word_1_135' title='bbox 3423 522 3734 575; x_wconf 72' lang='lat' dir='ltr'><strong>exhibuistis</strong></span> 
     </span>
    </p>
   </div>
   <div class='ocr_carea' id='block_1_20' title="bbox 2169 611 3739 681">
    <p class='ocr_par' dir='ltr' id='par_1_20' title="bbox 2169 611 3739 681">
     <span class='ocr_line' id='line_1_20' title="bbox 2169 611 3739 681; baseline -0.001 -13"><span class='ocrx_word' id='word_1_136' title='bbox 2169 616 2401 668; x_wconf 85' lang='lat' dir='ltr'><strong>membra</strong></span> <span class='ocrx_word' id='word_1_137' title='bbox 2430 625 2600 668; x_wconf 77' lang='lat' dir='ltr'><strong>uestra</strong></span> <span class='ocrx_word' id='word_1_138' title='bbox 2633 612 2827 666; x_wconf 80' lang='lat' dir='ltr'><strong>seruire</strong></span> <span class='ocrx_word' id='word_1_139' title='bbox 2854 611 3125 680; x_wconf 77' lang='lat' dir='ltr'><strong>iniquitati</strong></span> <span class='ocrx_word' id='word_1_140' title='bbox 3172 613 3237 662; x_wconf 78' lang='lat' dir='ltr'><strong>ad</strong></span> <span class='ocrx_word' id='word_1_141' title='bbox 3280 612 3627 681; x_wconf 70' lang='lat' dir='ltr'><strong>iniquitatem,</strong></span> <span class='ocrx_word' id='word_1_142' title='bbox 3654 614 3739 666; x_wconf 77' lang='lat' dir='ltr'><strong>ita</strong></span> 
     </span>
    </p>
   </div>
   <div class='ocr_carea' id='block_1_21' title="bbox 2171 700 3739 766">
    <p class='ocr_par' dir='ltr' id='par_1_21' title="bbox 2171 700 3739 766">
     <span class='ocr_line' id='line_1_21' title="bbox 2171 700 3739 766; baseline -0.001 -7"><span class='ocrx_word' id='word_1_143' title='bbox 2171 723 2307 760; x_wconf 86' lang='lat' dir='ltr'><strong>nunc</strong></span> <span class='ocrx_word' id='word_1_144' title='bbox 2336 707 2573 759; x_wconf 71' lang='lat' dir='ltr'><strong>exhibete</strong></span> <span class='ocrx_word' id='word_1_145' title='bbox 2604 706 2833 758; x_wconf 80' lang='lat' dir='ltr'><strong>membra</strong></span> <span class='ocrx_word' id='word_1_146' title='bbox 2874 711 3044 757; x_wconf 79' lang='lat' dir='ltr'><strong>uestra</strong></span> <span class='ocrx_word' id='word_1_147' title='bbox 3078 700 3265 753; x_wconf 74' lang='lat' dir='ltr'><strong>servire</strong></span> <span class='ocrx_word' id='word_1_148' title='bbox 3292 701 3581 766; x_wconf 71' lang='lat' dir='ltr'><strong>iustitiatiu</strong></span> <span class='ocrx_word' id='word_1_149' title='bbox 3607 718 3739 757; x_wconf 73' lang='lat' dir='ltr'><strong>sau-</strong></span> 
     </span>
    </p>
   </div>
   <div class='ocr_carea' id='block_1_22' title="bbox 2166 790 3735 863">
    <p class='ocr_par' dir='ltr' id='par_1_22' title="bbox 2166 790 3735 863">
     <span class='ocr_line' id='line_1_22' title="bbox 2166 790 3735 863; baseline -0.004 -13"><span class='ocrx_word' id='word_1_150' title='bbox 2166 796 2563 863; x_wconf 83' lang='lat' dir='ltr'><strong>cti/icationem.</strong></span> <span class='ocrx_word' id='word_1_151' title='bbox 2601 793 2734 848; x_wconf 86' lang='lat' dir='ltr'><strong>Cum</strong></span> <span class='ocrx_word' id='word_1_152' title='bbox 2770 795 2915 848; x_wconf 90' lang='lat' dir='ltr'><strong>enim</strong></span> <span class='ocrx_word' id='word_1_153' title='bbox 2951 790 3223 860; x_wconf 83' lang='lat' dir='ltr'><strong>iniquitati</strong></span> <span class='ocrx_word' id='word_1_154' title='bbox 3262 792 3529 844; x_wconf 87' lang='lat' dir='ltr'><strong>servirent</strong></span> <span class='ocrx_word' id='word_1_155' title='bbox 3562 810 3735 846; x_wconf 74' lang='lat' dir='ltr'><strong>mein-</strong></span> 
     </span>
    </p>
   </div>
   <div class='ocr_carea' id='block_1_23' title="bbox 2174 882 3749 948">
    <p class='ocr_par' dir='ltr' id='par_1_23' title="bbox 2174 882 3749 948">
     <span class='ocr_line' id='line_1_23' title="bbox 2174 882 3749 948; baseline -0.001 -9"><span class='ocrx_word' id='word_1_156' title='bbox 2174 888 2267 940; x_wconf 89' lang='lat' dir='ltr'><strong>bra</strong></span> <span class='ocrx_word' id='word_1_157' title='bbox 2316 896 2518 948; x_wconf 86' lang='lat' dir='ltr'><strong>vestra,</strong></span> <span class='ocrx_word' id='word_1_158' title='bbox 2547 900 2650 940; x_wconf 86' lang='lat' dir='ltr'><strong>non</strong></span> <span class='ocrx_word' id='word_1_159' title='bbox 2697 895 2856 938; x_wconf 84' lang='lat' dir='ltr'><strong>erant</strong></span> <span class='ocrx_word' id='word_1_160' title='bbox 2888 883 3231 947; x_wconf 85' lang='lat' dir='ltr'><strong>circumcisa,</strong></span> <span class='ocrx_word' id='word_1_161' title='bbox 3267 895 3367 935; x_wconf 88' lang='lat' dir='ltr'><strong>nec</strong></span> <span class='ocrx_word' id='word_1_162' title='bbox 3407 891 3524 933; x_wconf 81' lang='lat' dir='ltr'><strong>erat</strong></span> <span class='ocrx_word' id='word_1_163' title='bbox 3567 882 3615 934; x_wconf 91' lang='lat' dir='ltr'><strong>in</strong></span> <span class='ocrx_word' id='word_1_164' title='bbox 3654 884 3749 939; x_wconf 25' lang='lat' dir='ltr'><strong>eis.</strong></span> 
     </span>
    </p>
   </div>
   <div class='ocr_carea' id='block_1_24' title="bbox 2169 972 3738 1041">
    <p class='ocr_par' dir='ltr' id='par_1_24' title="bbox 2169 972 3738 1041">
     <span class='ocr_line' id='line_1_24' title="bbox 2169 972 3738 1041; baseline -0.003 -9"><span class='ocrx_word' id='word_1_165' title='bbox 2169 988 2555 1032; x_wconf 77' lang='lat' dir='ltr'><strong>testamentum</strong></span> <span class='ocrx_word' id='word_1_166' title='bbox 2586 976 2701 1032; x_wconf 87' lang='lat' dir='ltr'><strong>Dei.</strong></span> <span class='ocrx_word' id='word_1_167' title='bbox 2734 975 2867 1031; x_wconf 91' lang='lat' dir='ltr'><strong>Cum</strong></span> <span class='ocrx_word' id='word_1_168' title='bbox 2902 989 3029 1027; x_wconf 85' lang='lat' dir='ltr'><strong>vero</strong></span> <span class='ocrx_word' id='word_1_169' title='bbox 3054 972 3322 1041; x_wconf 61' lang='lat' dir='ltr'><strong>casperint</strong></span> <span class='ocrx_word' id='word_1_170' title='bbox 3352 974 3558 1026; x_wconf 84' lang='lat' dir='ltr'><strong>servire</strong></span> <span class='ocrx_word' id='word_1_171' title='bbox 3583 973 3738 1041; x_wconf 67' lang='lat' dir='ltr'><strong>justi-</strong></span> 
     </span>
    </p>
   </div>
   <div class='ocr_carea' id='block_1_25' title="bbox 2170 1062 3755 1134">
    <p class='ocr_par' dir='ltr' id='par_1_25' title="bbox 2170 1062 3755 1134">
     <span class='ocr_line' id='line_1_25' title="bbox 2170 1062 3755 1134; baseline -0.004 -13"><span class='ocrx_word' id='word_1_172' title='bbox 2170 1070 2257 1121; x_wconf 75' lang='lat' dir='ltr'><strong>tia:</strong></span> <span class='ocrx_word' id='word_1_173' title='bbox 2287 1069 2338 1120; x_wconf 91' lang='lat' dir='ltr'><strong>in</strong></span> <span class='ocrx_word' id='word_1_174' title='bbox 2367 1068 2874 1130; x_wconf 79' lang='lat' dir='ltr'><strong>sanctiiicationetn,</strong></span> <span class='ocrx_word' id='word_1_175' title='bbox 2904 1066 3193 1134; x_wconf 82' lang='lat' dir='ltr'><strong>promissio</strong></span> <span class='ocrx_word' id='word_1_176' title='bbox 3216 1078 3346 1133; x_wconf 64' lang='lat' dir='ltr'><strong>quie-</strong></span> <span class='ocrx_word' id='word_1_177' title='bbox 3366 1062 3433 1117; x_wconf 87' lang='lat' dir='ltr'><strong>ad</strong></span> <span class='ocrx_word' id='word_1_178' title='bbox 3456 1063 3755 1116; x_wconf 65' lang='lat' dir='ltr'><strong>Abraham.</strong></span> 
     </span>
    </p>
   </div>
   <div class='ocr_carea' id='block_1_26' title="bbox 2170 1156 3761 1229">
    <p class='ocr_par' dir='ltr' id='par_1_26' title="bbox 2170 1156 3761 1229">
     <span class='ocr_line' id='line_1_26' title="bbox 2170 1156 3761 1229; baseline -0.001 -18"><span class='ocrx_word' id='word_1_179' title='bbox 2170 1159 2315 1214; x_wconf 83' lang='lat' dir='ltr'><strong>facta</strong></span> <span class='ocrx_word' id='word_1_180' title='bbox 2368 1170 2473 1224; x_wconf 89' lang='lat' dir='ltr'><strong>est,</strong></span> <span class='ocrx_word' id='word_1_181' title='bbox 2524 1161 2777 1229; x_wconf 87' lang='lat' dir='ltr'><strong>impletur</strong></span> <span class='ocrx_word' id='word_1_182' title='bbox 2827 1159 2879 1211; x_wconf 93' lang='lat' dir='ltr'><strong>in</strong></span> <span class='ocrx_word' id='word_1_183' title='bbox 2926 1158 3026 1211; x_wconf 85' lang='lat' dir='ltr'><strong>eis.</strong></span> <span class='ocrx_word' id='word_1_184' title='bbox 3061 1156 3211 1211; x_wconf 85' lang='lat' dir='ltr'><strong>Tunc</strong></span> <span class='ocrx_word' id='word_1_185' title='bbox 3234 1158 3378 1210; x_wconf 84' lang='lat' dir='ltr'><strong>enim</strong></span> <span class='ocrx_word' id='word_1_186' title='bbox 3413 1156 3496 1210; x_wconf 81' lang='lat' dir='ltr'><strong>lex</strong></span> <span class='ocrx_word' id='word_1_187' title='bbox 3534 1156 3647 1220; x_wconf 90' lang='lat' dir='ltr'><strong>Dei,</strong></span> <span class='ocrx_word' id='word_1_188' title='bbox 3682 1164 3761 1210; x_wconf 60' lang='lat' dir='ltr'><strong>eti</strong></span> 
     </span>
    </p>
   </div>
   <div class='ocr_carea' id='block_1_27' title="bbox 2170 1246 3739 1317">
    <p class='ocr_par' dir='ltr' id='par_1_27' title="bbox 2170 1246 3739 1317">
     <span class='ocr_line' id='line_1_27' title="bbox 2170 1246 3739 1317; baseline -0.002 -13"><span class='ocrx_word' id='word_1_189' title='bbox 2170 1260 2560 1304; x_wconf 85' lang='lat' dir='ltr'><strong>testamentum</strong></span> <span class='ocrx_word' id='word_1_190' title='bbox 2605 1249 2725 1317; x_wconf 85' lang='lat' dir='ltr'><strong>ejus</strong></span> <span class='ocrx_word' id='word_1_191' title='bbox 2752 1250 3001 1317; x_wconf 85' lang='lat' dir='ltr'><strong>signatur</strong></span> <span class='ocrx_word' id='word_1_192' title='bbox 3034 1249 3087 1301; x_wconf 90' lang='lat' dir='ltr'><strong>in</strong></span> <span class='ocrx_word' id='word_1_193' title='bbox 3115 1248 3216 1301; x_wconf 82' lang='lat' dir='ltr'><strong>eis.</strong></span> <span class='ocrx_word' id='word_1_194' title='bbox 3240 1246 3307 1300; x_wconf 80' lang='lat' dir='ltr'><strong>Et</strong></span> <span class='ocrx_word' id='word_1_195' title='bbox 3335 1246 3437 1301; x_wconf 91' lang='lat' dir='ltr'><strong>hoc</strong></span> <span class='ocrx_word' id='word_1_196' title='bbox 3475 1258 3560 1301; x_wconf 87' lang='lat' dir='ltr'><strong>est</strong></span> <span class='ocrx_word' id='word_1_197' title='bbox 3609 1260 3739 1301; x_wconf 77' lang='lat' dir='ltr'><strong>vero</strong></span> 
     </span>
    </p>
   </div>
   <div class='ocr_carea' id='block_1_28' title="bbox 2168 1337 3737 1412">
    <p class='ocr_par' dir='ltr' id='par_1_28' title="bbox 2168 1337 3737 1412">
     <span class='ocr_line' id='line_1_28' title="bbox 2168 1337 3737 1412; baseline -0.003 -17"><span class='ocrx_word' id='word_1_198' title='bbox 2168 1341 2382 1412; x_wconf 87' lang='lat' dir='ltr'><strong>signum</strong></span> <span class='ocrx_word' id='word_1_199' title='bbox 2430 1341 2579 1405; x_wconf 89' lang='lat' dir='ltr'><strong>lidei,</strong></span> <span class='ocrx_word' id='word_1_200' title='bbox 2608 1341 2749 1410; x_wconf 91' lang='lat' dir='ltr'><strong>quod</strong></span> <span class='ocrx_word' id='word_1_201' title='bbox 2779 1340 2920 1393; x_wconf 88' lang='lat' dir='ltr'><strong>inter</strong></span> <span class='ocrx_word' id='word_1_202' title='bbox 2953 1338 3119 1391; x_wconf 84' lang='lat' dir='ltr'><strong>Deum</strong></span> <span class='ocrx_word' id='word_1_203' title='bbox 3151 1348 3204 1392; x_wconf 92' lang='lat' dir='ltr'><strong>et</strong></span> <span class='ocrx_word' id='word_1_204' title='bbox 3247 1337 3520 1392; x_wconf 81' lang='lat' dir='ltr'><strong>hominem</strong></span> <span class='ocrx_word' id='word_1_205' title='bbox 3545 1337 3737 1392; x_wconf 66' lang='lat' dir='ltr'><strong>aeterni</strong></span> 
     </span>
    </p>
   </div>
   <div class='ocr_carea' id='block_1_29' title="bbox 2170 1428 3753 1498">
    <p class='ocr_par' dir='ltr' id='par_1_29' title="bbox 2170 1428 3753 1498">
     <span class='ocr_line' id='line_1_29' title="bbox 2170 1428 3753 1498; baseline 0 -14"><span class='ocrx_word' id='word_1_206' title='bbox 2170 1430 2392 1485; x_wconf 60' lang='lat' dir='ltr'><strong>[uideris</strong></span> <span class='ocrx_word' id='word_1_207' title='bbox 2427 1431 2673 1485; x_wconf 88' lang='lat' dir='ltr'><strong>continet</strong></span> <span class='ocrx_word' id='word_1_208' title='bbox 2700 1439 2935 1498; x_wconf 85' lang='lat' dir='ltr'><strong>pactum.</strong></span> <span class='ocrx_word' id='word_1_209' title='bbox 2962 1428 3066 1482; x_wconf 88' lang='lat' dir='ltr'><strong>ista</strong></span> <span class='ocrx_word' id='word_1_210' title='bbox 3105 1440 3188 1483; x_wconf 88' lang='lat' dir='ltr'><strong>est</strong></span> <span class='ocrx_word' id='word_1_211' title='bbox 3236 1428 3585 1483; x_wconf 82' lang='lat' dir='ltr'><strong>circumcisio</strong></span> <span class='ocrx_word' id='word_1_212' title='bbox 3615 1444 3753 1498; x_wconf 56' lang='lat' dir='ltr'><strong>quia</strong></span> 
     </span>
    </p>
   </div>
   <div class='ocr_carea' id='block_1_30' title="bbox 2166 1519 3745 1590">
    <p class='ocr_par' dir='ltr' id='par_1_30' title="bbox 2166 1519 3745 1590">
     <span class='ocr_line' id='line_1_30' title="bbox 2166 1519 3745 1590; baseline 0.002 -17"><span class='ocrx_word' id='word_1_213' title='bbox 2166 1523 2397 1590; x_wconf 85' lang='lat' dir='ltr'><strong>petrinis</strong></span> <span class='ocrx_word' id='word_1_214' title='bbox 2421 1521 2709 1576; x_wconf 64' lang='lat' dir='ltr'><strong>machaeris</strong></span> <span class='ocrx_word' id='word_1_215' title='bbox 2743 1535 2837 1589; x_wconf 89' lang='lat' dir='ltr'><strong>per</strong></span> <span class='ocrx_word' id='word_1_216' title='bbox 2859 1519 3039 1574; x_wconf 86' lang='lat' dir='ltr'><strong>Jesum</strong></span> <span class='ocrx_word' id='word_1_217' title='bbox 3074 1519 3270 1589; x_wconf 90' lang='lat' dir='ltr'><strong>populo</strong></span> <span class='ocrx_word' id='word_1_218' title='bbox 3292 1521 3384 1575; x_wconf 87' lang='lat' dir='ltr'><strong>Dei</strong></span> <span class='ocrx_word' id='word_1_219' title='bbox 3410 1522 3531 1575; x_wconf 88' lang='lat' dir='ltr'><strong>data</strong></span> <span class='ocrx_word' id='word_1_220' title='bbox 3559 1532 3641 1576; x_wconf 89' lang='lat' dir='ltr'><strong>est</strong></span> <span class='ocrx_word' id='word_1_221' title='bbox 3668 1521 3745 1576; x_wconf 18' lang='lat'><strong>&quot;.1</strong></span> 
     </span>
    </p>
   </div>
   <div class='ocr_carea' id='block_1_31' title="bbox 2165 1611 3737 1682">
    <p class='ocr_par' dir='ltr' id='par_1_31' title="bbox 2165 1611 3737 1682">
     <span class='ocr_line' id='line_1_31' title="bbox 2165 1611 3737 1682; baseline -0.001 -15"><span class='ocrx_word' id='word_1_222' title='bbox 2165 1614 2296 1680; x_wconf 65' lang='lat' dir='ltr'><strong>Quae</strong></span> <span class='ocrx_word' id='word_1_223' title='bbox 2318 1624 2401 1668; x_wconf 89' lang='lat' dir='ltr'><strong>est</strong></span> <span class='ocrx_word' id='word_1_224' title='bbox 2423 1624 2603 1667; x_wconf 78' lang='lat' dir='ltr'><strong>autent</strong></span> <span class='ocrx_word' id='word_1_225' title='bbox 2640 1612 2904 1667; x_wconf 68' lang='lat' dir='ltr'><strong>machaera</strong></span> <span class='ocrx_word' id='word_1_226' title='bbox 2930 1611 3164 1680; x_wconf 75' lang='lat' dir='ltr'><strong>peti-ina,</strong></span> <span class='ocrx_word' id='word_1_227' title='bbox 3196 1622 3249 1666; x_wconf 88' lang='lat' dir='ltr'><strong>et</strong></span> <span class='ocrx_word' id='word_1_228' title='bbox 3275 1614 3365 1682; x_wconf 90' lang='lat' dir='ltr'><strong>qui</strong></span> <span class='ocrx_word' id='word_1_229' title='bbox 3400 1612 3607 1681; x_wconf 78' lang='lat' dir='ltr'><strong>gladius</strong></span> <span class='ocrx_word' id='word_1_230' title='bbox 3629 1627 3737 1680; x_wconf 90' lang='lat' dir='ltr'><strong>quo</strong></span> 
     </span>
    </p>
   </div>
   <div class='ocr_carea' id='block_1_32' title="bbox 2160 1702 3731 1773">
    <p class='ocr_par' dir='ltr' id='par_1_32' title="bbox 2160 1702 3731 1773">
     <span class='ocr_line' id='line_1_32' title="bbox 2160 1702 3731 1773; baseline -0.003 -16"><span class='ocrx_word' id='word_1_231' title='bbox 2160 1705 2520 1758; x_wconf 88' lang='lat' dir='ltr'><strong>circumcisus</strong></span> <span class='ocrx_word' id='word_1_232' title='bbox 2569 1712 2654 1757; x_wconf 73' lang='lat' dir='ltr'><strong>est</strong></span> <span class='ocrx_word' id='word_1_233' title='bbox 2704 1703 2937 1772; x_wconf 91' lang='lat' dir='ltr'><strong>populus</strong></span> <span class='ocrx_word' id='word_1_234' title='bbox 2969 1703 3268 1757; x_wconf 79' lang='lat' dir='ltr'><strong>Dei?Audi</strong></span> <span class='ocrx_word' id='word_1_235' title='bbox 3296 1702 3613 1773; x_wconf 79' lang='lat' dir='ltr'><strong>Apostolum</strong></span> <span class='ocrx_word' id='word_1_236' title='bbox 3649 1702 3731 1756; x_wconf 86' lang='lat' dir='ltr'><strong>di-</strong></span> 
     </span>
    </p>
   </div>
   <div class='ocr_carea' id='block_1_33' title="bbox 483 1792 3734 1864">
    <p class='ocr_par' dir='ltr' id='par_1_33' title="bbox 483 1792 3734 1864">
     <span class='ocr_line' id='line_1_33' title="bbox 483 1792 3734 1864; baseline -0.004 -6"><span class='ocrx_word' id='word_1_237' title='bbox 483 1804 796 1858; x_wconf 67' lang='lat' dir='ltr'><strong>mazchatur</strong></span> <span class='ocrx_word' id='word_1_238' title='bbox 841 1802 894 1855; x_wconf 93' lang='lat' dir='ltr'><strong>in</strong></span> <span class='ocrx_word' id='word_1_239' title='bbox 928 1802 1116 1864; x_wconf 90' lang='lat' dir='ltr'><strong>corde,</strong></span> <span class='ocrx_word' id='word_1_240' title='bbox 1162 1800 1247 1854; x_wconf 87' lang='lat' dir='ltr'><strong>hic</strong></span> <span class='ocrx_word' id='word_1_241' title='bbox 1303 1800 1712 1856; x_wconf 85' lang='lat' dir='ltr'><strong>incircumcisus</strong></span> <span class='ocrx_word' id='word_1_242' title='bbox 1741 1812 1820 1857; x_wconf 89' lang='lat' dir='ltr'><strong>est</strong></span> <span class='ocrx_word' id='word_1_243' title='bbox 1863 1805 2048 1859; x_wconf 89' lang='lat' dir='ltr'><strong>corde.</strong></span> <span class='ocrx_word' id='word_1_244' title='bbox 2086 1796 2127 1854; x_wconf 87' lang='grc' dir='ltr'>Β</span> <span class='ocrx_word' id='word_1_245' title='bbox 2157 1805 2372 1851; x_wconf 81' lang='lat' dir='ltr'><strong>centeni</strong></span> <span class='ocrx_word' id='word_1_246' title='bbox 2401 1795 2481 1850; x_wconf 77' lang='lat' dir='ltr'><strong>“z</strong></span> <span class='ocrx_word' id='word_1_247' title='bbox 2521 1792 2681 1848; x_wconf 83' lang='lat' dir='ltr'><strong>Vivus</strong></span> <span class='ocrx_word' id='word_1_248' title='bbox 2718 1795 2857 1847; x_wconf 86' lang='lat' dir='ltr'><strong>enim</strong></span> <span class='ocrx_word' id='word_1_249' title='bbox 2901 1805 2975 1848; x_wconf 83' lang='lat' dir='ltr'><strong>est</strong></span> <span class='ocrx_word' id='word_1_250' title='bbox 3031 1793 3133 1847; x_wconf 87' lang='lat' dir='ltr'><strong>Dei</strong></span> <span class='ocrx_word' id='word_1_251' title='bbox 3178 1809 3350 1847; x_wconf 88' lang='lat' dir='ltr'><strong>sermo</strong></span> <span class='ocrx_word' id='word_1_252' title='bbox 3375 1806 3418 1848; x_wconf 88' lang='lat' dir='ltr'><strong>et</strong></span> <span class='ocrx_word' id='word_1_253' title='bbox 3462 1794 3734 1862; x_wconf 72' lang='lat' dir='ltr'><strong>eﬁicax,et</strong></span> 
     </span>
    </p>
   </div>
   <div class='ocr_carea' id='block_1_34' title="bbox 482 1892 2053 1962">
    <p class='ocr_par' dir='ltr' id='par_1_34' title="bbox 482 1892 2053 1962">
     <span class='ocr_line' id='line_1_34' title="bbox 482 1892 2053 1962; baseline 0.001 -14"><span class='ocrx_word' id='word_1_254' title='bbox 482 1893 593 1948; x_wconf 83' lang='lat' dir='ltr'><strong>Sed</strong></span> <span class='ocrx_word' id='word_1_255' title='bbox 628 1900 686 1947; x_wconf 90' lang='lat' dir='ltr'><strong>et</strong></span> <span class='ocrx_word' id='word_1_256' title='bbox 734 1892 827 1961; x_wconf 90' lang='lat' dir='ltr'><strong>qui</strong></span> <span class='ocrx_word' id='word_1_257' title='bbox 888 1892 1169 1946; x_wconf 66' lang='lat' dir='ltr'><strong>haireticos</strong></span> <span class='ocrx_word' id='word_1_258' title='bbox 1210 1906 1403 1947; x_wconf 86' lang='lat' dir='ltr'><strong>sensus</strong></span> <span class='ocrx_word' id='word_1_259' title='bbox 1460 1901 1640 1948; x_wconf 90' lang='lat' dir='ltr'><strong>mente</strong></span> <span class='ocrx_word' id='word_1_260' title='bbox 1695 1895 1959 1962; x_wconf 81' lang='lat' dir='ltr'><strong>continet,</strong></span> <span class='ocrx_word' id='word_1_261' title='bbox 1996 1904 2053 1950; x_wconf 89' lang='lat' dir='ltr'><strong>et</strong></span> 
     </span>
    </p>
   </div>
   <div class='ocr_carea' id='block_1_35' title="bbox 485 1981 2054 2050">
    <p class='ocr_par' dir='ltr' id='par_1_35' title="bbox 485 1981 2054 2050">
     <span class='ocr_line' id='line_1_35' title="bbox 485 1981 2054 2050; baseline 0.004 -16"><span class='ocrx_word' id='word_1_262' title='bbox 485 1981 832 2050; x_wconf 84' lang='lat' dir='ltr'><strong>blasphemas</strong></span> <span class='ocrx_word' id='word_1_263' title='bbox 856 1982 1180 2035; x_wconf 86' lang='lat' dir='ltr'><strong>asser:iones</strong></span> <span class='ocrx_word' id='word_1_264' title='bbox 1200 1990 1385 2036; x_wconf 89' lang='lat' dir='ltr'><strong>contra</strong></span> <span class='ocrx_word' id='word_1_265' title='bbox 1402 1982 1687 2038; x_wconf 84' lang='lat' dir='ltr'><strong>scientiam</strong></span> <span class='ocrx_word' id='word_1_266' title='bbox 1714 1983 1917 2040; x_wconf 83' lang='lat' dir='ltr'><strong>Christi</strong></span> <span class='ocrx_word' id='word_1_267' title='bbox 1940 1985 2054 2040; x_wconf 77' lang='lat' dir='ltr'><strong>dis-</strong></span> 
     </span>
    </p>
   </div>
   <div class='ocr_carea' id='block_1_36' title="bbox 485 2072 2053 2141">
    <p class='ocr_par' dir='ltr' id='par_1_36' title="bbox 485 2072 2053 2141">
     <span class='ocr_line' id='line_1_36' title="bbox 485 2072 2053 2141; baseline 0.004 -17"><span class='ocrx_word' id='word_1_268' title='bbox 485 2073 634 2141; x_wconf 87' lang='lat' dir='ltr'><strong>ponit</strong></span> <span class='ocrx_word' id='word_1_269' title='bbox 683 2073 733 2125; x_wconf 90' lang='lat' dir='ltr'><strong>in</strong></span> <span class='ocrx_word' id='word_1_270' title='bbox 779 2072 963 2135; x_wconf 86' lang='lat' dir='ltr'><strong>corde,</strong></span> <span class='ocrx_word' id='word_1_271' title='bbox 996 2072 1084 2126; x_wconf 90' lang='lat' dir='ltr'><strong>hic</strong></span> <span class='ocrx_word' id='word_1_272' title='bbox 1134 2072 1546 2128; x_wconf 89' lang='lat' dir='ltr'><strong>iucircumcisus</strong></span> <span class='ocrx_word' id='word_1_273' title='bbox 1595 2082 1683 2128; x_wconf 92' lang='lat' dir='ltr'><strong>est</strong></span> <span class='ocrx_word' id='word_1_274' title='bbox 1729 2076 1910 2130; x_wconf 89' lang='lat' dir='ltr'><strong>corde.</strong></span> <span class='ocrx_word' id='word_1_275' title='bbox 1953 2076 2053 2141; x_wconf 85' lang='lat' dir='ltr'><strong>Qui</strong></span> 
     </span>
    </p>
   </div>
   <div class='ocr_carea' id='block_1_37' title="bbox 484 2165 2056 2233">
    <p class='ocr_par' dir='ltr' id='par_1_37' title="bbox 484 2165 2056 2233">
     <span class='ocr_line' id='line_1_37' title="bbox 484 2165 2056 2233; baseline 0.005 -18"><span class='ocrx_word' id='word_1_276' title='bbox 484 2180 612 2218; x_wconf 89' lang='lat' dir='ltr'><strong>vero</strong></span> <span class='ocrx_word' id='word_1_277' title='bbox 638 2180 825 2233; x_wconf 88' lang='lat' dir='ltr'><strong>puram</strong></span> <span class='ocrx_word' id='word_1_278' title='bbox 857 2165 1012 2219; x_wconf 83' lang='lat' dir='ltr'><strong>ﬁdem</strong></span> <span class='ocrx_word' id='word_1_279' title='bbox 1040 2166 1093 2218; x_wconf 92' lang='lat' dir='ltr'><strong>in</strong></span> <span class='ocrx_word' id='word_1_280' title='bbox 1138 2165 1493 2221; x_wconf 64' lang='lat' dir='ltr'><strong>conscientia!</strong></span> <span class='ocrx_word' id='word_1_281' title='bbox 1524 2167 1846 2224; x_wconf 83' lang='lat' dir='ltr'><strong>sinceritate</strong></span> <span class='ocrx_word' id='word_1_282' title='bbox 1867 2180 2056 2225; x_wconf 82' lang='lat' dir='ltr'><strong>custo-</strong></span> 
     </span>
    </p>
   </div>
   <div class='ocr_carea' id='block_1_38' title="bbox 477 2253 2049 2329">
    <p class='ocr_par' dir='ltr' id='par_1_38' title="bbox 477 2253 2049 2329">
     <span class='ocr_line' id='line_1_38' title="bbox 477 2253 2049 2329; baseline 0.004 -23"><span class='ocrx_word' id='word_1_283' title='bbox 477 2253 578 2317; x_wconf 78' lang='lat' dir='ltr'><strong>dit,</strong></span> <span class='ocrx_word' id='word_1_284' title='bbox 606 2254 704 2307; x_wconf 90' lang='lat' dir='ltr'><strong>iste</strong></span> <span class='ocrx_word' id='word_1_285' title='bbox 724 2254 1077 2310; x_wconf 87' lang='lat' dir='ltr'><strong>circumcisus</strong></span> <span class='ocrx_word' id='word_1_286' title='bbox 1103 2264 1185 2309; x_wconf 89' lang='lat' dir='ltr'><strong>est</strong></span> <span class='ocrx_word' id='word_1_287' title='bbox 1211 2256 1395 2312; x_wconf 84' lang='lat' dir='ltr'><strong>corde.</strong></span> <span class='ocrx_word' id='word_1_288' title='bbox 1428 2255 1505 2311; x_wconf 87' lang='lat' dir='ltr'><strong>De</strong></span> <span class='ocrx_word' id='word_1_289' title='bbox 1533 2272 1641 2327; x_wconf 90' lang='lat' dir='ltr'><strong>quo</strong></span> <span class='ocrx_word' id='word_1_290' title='bbox 1661 2258 1767 2313; x_wconf 90' lang='lat' dir='ltr'><strong>dici</strong></span> <span class='ocrx_word' id='word_1_291' title='bbox 1798 2261 2049 2329; x_wconf 69' lang='lat' dir='ltr'><strong>potest”:</strong></span> 
     </span>
    </p>
   </div>
   <div class='ocr_carea' id='block_1_39' title="bbox 478 2342 2053 2420">
    <p class='ocr_par' dir='ltr' id='par_1_39' title="bbox 478 2342 2053 2420">
     <span class='ocr_line' id='line_1_39' title="bbox 478 2342 2053 2420; baseline 0.006 -26"><span class='ocrx_word' id='word_1_292' title='bbox 478 2342 629 2395; x_wconf 79' lang='lat' dir='ltr'><strong>Beati</strong></span> <span class='ocrx_word' id='word_1_293' title='bbox 661 2344 858 2396; x_wconf 87' lang='lat' dir='ltr'><strong>nmndo</strong></span> <span class='ocrx_word' id='word_1_294' title='bbox 906 2345 1088 2409; x_wconf 87' lang='lat' dir='ltr'><strong>corde,</strong></span> <span class='ocrx_word' id='word_1_295' title='bbox 1140 2346 1263 2415; x_wconf 82' lang='lat' dir='ltr'><strong>quia</strong></span> <span class='ocrx_word' id='word_1_296' title='bbox 1314 2346 1415 2415; x_wconf 83' lang='lat' dir='ltr'><strong>ipsi</strong></span> <span class='ocrx_word' id='word_1_297' title='bbox 1451 2347 1617 2401; x_wconf 88' lang='lat' dir='ltr'><strong>Deum</strong></span> <span class='ocrx_word' id='word_1_298' title='bbox 1648 2349 1915 2403; x_wconf 82' lang='lat' dir='ltr'><strong>videbunt.</strong></span> <span class='ocrx_word' id='word_1_299' title='bbox 1940 2350 2053 2420; x_wconf 87' lang='lat' dir='ltr'><strong>Ego</strong></span> 
     </span>
    </p>
   </div>
   <div class='ocr_carea' id='block_1_40' title="bbox 475 2432 2054 2507">
    <p class='ocr_par' dir='ltr' id='par_1_40' title="bbox 475 2432 2054 2507">
     <span class='ocr_line' id='line_1_40' title="bbox 475 2432 2054 2507; baseline 0.005 -24"><span class='ocrx_word' id='word_1_300' title='bbox 475 2446 604 2484; x_wconf 88' lang='lat' dir='ltr'><strong>vero</strong></span> <span class='ocrx_word' id='word_1_301' title='bbox 639 2432 815 2485; x_wconf 84' lang='lat' dir='ltr'><strong>audeo</strong></span> <span class='ocrx_word' id='word_1_302' title='bbox 852 2448 919 2487; x_wconf 83' lang='lat' dir='ltr'><strong>ex</strong></span> <span class='ocrx_word' id='word_1_303' title='bbox 955 2434 1120 2487; x_wconf 90' lang='lat' dir='ltr'><strong>simili</strong></span> <span class='ocrx_word' id='word_1_304' title='bbox 1167 2435 1332 2489; x_wconf 87' lang='lat' dir='ltr'><strong>etiam</strong></span> <span class='ocrx_word' id='word_1_305' title='bbox 1382 2435 1498 2490; x_wconf 68' lang='lat' dir='ltr'><strong>hinc</strong></span> <span class='ocrx_word' id='word_1_306' title='bbox 1532 2438 1870 2507; x_wconf 86' lang='lat' dir='ltr'><strong>propheticis</strong></span> <span class='ocrx_word' id='word_1_307' title='bbox 1903 2439 2054 2494; x_wconf 63' lang='lat' dir='ltr'><strong>vosi-</strong></span> 
     </span>
    </p>
   </div>
   <div class='ocr_carea' id='block_1_41' title="bbox 476 2524 2053 2595">
    <p class='ocr_par' dir='ltr' id='par_1_41' title="bbox 476 2524 2053 2595">
     <span class='ocr_line' id='line_1_41' title="bbox 476 2524 2053 2595; baseline 0.006 -18"><span class='ocrx_word' id='word_1_308' title='bbox 476 2524 576 2577; x_wconf 89' lang='lat' dir='ltr'><strong>bus</strong></span> <span class='ocrx_word' id='word_1_309' title='bbox 603 2525 823 2589; x_wconf 83' lang='lat' dir='ltr'><strong>addere,</strong></span> <span class='ocrx_word' id='word_1_310' title='bbox 854 2528 978 2594; x_wconf 86' lang='lat' dir='ltr'><strong>quia</strong></span> <span class='ocrx_word' id='word_1_311' title='bbox 1011 2528 1154 2581; x_wconf 88' lang='lat' dir='ltr'><strong>sicut</strong></span> <span class='ocrx_word' id='word_1_312' title='bbox 1175 2536 1391 2595; x_wconf 88' lang='lat' dir='ltr'><strong>oportet</strong></span> <span class='ocrx_word' id='word_1_313' title='bbox 1439 2530 1686 2593; x_wconf 79' lang='lat' dir='ltr'><strong>auribus,</strong></span> <span class='ocrx_word' id='word_1_314' title='bbox 1722 2541 1777 2585; x_wconf 87' lang='lat' dir='ltr'><strong>et</strong></span> <span class='ocrx_word' id='word_1_315' title='bbox 1809 2530 1968 2586; x_wconf 85' lang='lat' dir='ltr'><strong>labiis</strong></span> <span class='ocrx_word' id='word_1_316' title='bbox 1993 2538 2053 2587; x_wconf 89' lang='lat' dir='ltr'><strong>et</strong></span> 
     </span>
    </p>
   </div>
   <div class='ocr_carea' id='block_1_42' title="bbox 475 2616 2050 2693">
    <p class='ocr_par' dir='ltr' id='par_1_42' title="bbox 475 2616 2050 2693">
     <span class='ocr_line' id='line_1_42' title="bbox 475 2616 2050 2693; baseline 0.008 -26"><span class='ocrx_word' id='word_1_317' title='bbox 475 2616 641 2669; x_wconf 83' lang='lat' dir='ltr'><strong>corde</strong></span> <span class='ocrx_word' id='word_1_318' title='bbox 667 2626 722 2669; x_wconf 76' lang='lat' dir='ltr'><strong>ct</strong></span> <span class='ocrx_word' id='word_1_319' title='bbox 749 2619 932 2672; x_wconf 80' lang='lat' dir='ltr'><strong>carnis</strong></span> <span class='ocrx_word' id='word_1_320' title='bbox 965 2620 1249 2686; x_wconf 66' lang='lat' dir='ltr'><strong>praeputio,</strong></span> <span class='ocrx_word' id='word_1_321' title='bbox 1286 2622 1580 2677; x_wconf 87' lang='lat' dir='ltr'><strong>secundum</strong></span> <span class='ocrx_word' id='word_1_322' title='bbox 1618 2639 1682 2677; x_wconf 89' lang='lat' dir='ltr'><strong>ea</strong></span> <span class='ocrx_word' id='word_1_323' title='bbox 1716 2640 1838 2693; x_wconf 78' lang='lat' dir='ltr'><strong>quae</strong></span> <span class='ocrx_word' id='word_1_324' title='bbox 1885 2638 2050 2692; x_wconf 81' lang='lat' dir='ltr'><strong>supra</strong></span> 
     </span>
    </p>
   </div>
   <div class='ocr_carea' id='block_1_43' title="bbox 478 2708 2052 2773">
    <p class='ocr_par' dir='ltr' id='par_1_43' title="bbox 478 2708 2052 2773">
     <span class='ocr_line' id='line_1_43' title="bbox 478 2708 2052 2773; baseline 0.009 -14"><span class='ocrx_word' id='word_1_325' title='bbox 478 2708 741 2772; x_wconf 73' lang='lat' dir='ltr'><strong>diximus,</strong></span> <span class='ocrx_word' id='word_1_326' title='bbox 777 2711 1095 2764; x_wconf 81' lang='lat' dir='ltr'><strong>circumcidi</strong></span> <span class='ocrx_word' id='word_1_327' title='bbox 1127 2729 1139 2762; x_wconf 89' lang='lat'><strong><em>:</em></strong></span> <span class='ocrx_word' id='word_1_328' title='bbox 1168 2713 1241 2765; x_wconf 88' lang='lat' dir='ltr'><strong>ita</strong></span> <span class='ocrx_word' id='word_1_329' title='bbox 1285 2712 1514 2768; x_wconf 82' lang='lat' dir='ltr'><strong>fortasse</strong></span> <span class='ocrx_word' id='word_1_330' title='bbox 1534 2724 1589 2769; x_wconf 91' lang='lat' dir='ltr'><strong>et</strong></span> <span class='ocrx_word' id='word_1_331' title='bbox 1627 2731 1818 2770; x_wconf 89' lang='lat' dir='ltr'><strong>manus</strong></span> <span class='ocrx_word' id='word_1_332' title='bbox 1852 2728 2052 2773; x_wconf 66' lang='lat' dir='ltr'><strong>nostra:</strong></span> 
     </span>
    </p>
   </div>
   <div class='ocr_carea' id='block_1_44' title="bbox 481 2799 2051 2873">
    <p class='ocr_par' dir='ltr' id='par_1_44' title="bbox 481 2799 2051 2873">
     <span class='ocr_line' id='line_1_44' title="bbox 481 2799 2051 2873; baseline 0.007 -20"><span class='ocrx_word' id='word_1_333' title='bbox 481 2799 724 2868; x_wconf 75' lang='lat' dir='ltr'><strong>indigent</strong></span> <span class='ocrx_word' id='word_1_334' title='bbox 770 2802 1211 2867; x_wconf 88' lang='lat' dir='ltr'><strong>circumcisione,</strong></span> <span class='ocrx_word' id='word_1_335' title='bbox 1249 2814 1302 2858; x_wconf 90' lang='lat' dir='ltr'><strong>et</strong></span> <span class='ocrx_word' id='word_1_336' title='bbox 1348 2805 1534 2873; x_wconf 86' lang='lat' dir='ltr'><strong>pedes,</strong></span> <span class='ocrx_word' id='word_1_337' title='bbox 1579 2808 1746 2873; x_wconf 91' lang='lat' dir='ltr'><strong>visus,</strong></span> <span class='ocrx_word' id='word_1_338' title='bbox 1775 2819 1830 2862; x_wconf 93' lang='lat' dir='ltr'><strong>et</strong></span> <span class='ocrx_word' id='word_1_339' title='bbox 1858 2811 2051 2865; x_wconf 83' lang='lat' dir='ltr'><strong>odora-</strong></span> 
     </span>
    </p>
   </div>
   <div class='ocr_carea' id='block_1_45' title="bbox 481 2893 2047 2965">
    <p class='ocr_par' dir='ltr' id='par_1_45' title="bbox 481 2893 2047 2965">
     <span class='ocr_line' id='line_1_45' title="bbox 481 2893 2047 2965; baseline 0.009 -21"><span class='ocrx_word' id='word_1_340' title='bbox 481 2901 589 2956; x_wconf 90' lang='lat' dir='ltr'><strong>tus,</strong></span> <span class='ocrx_word' id='word_1_341' title='bbox 630 2901 685 2945; x_wconf 90' lang='lat' dir='ltr'><strong>et</strong></span> <span class='ocrx_word' id='word_1_342' title='bbox 724 2902 923 2948; x_wconf 68' lang='lat' dir='ltr'><strong>tactus.</strong></span> <span class='ocrx_word' id='word_1_343' title='bbox 983 2893 1051 2951; x_wconf 89' lang='lat' dir='ltr'><strong>Ut</strong></span> <span class='ocrx_word' id='word_1_344' title='bbox 1084 2896 1228 2949; x_wconf 91' lang='lat' dir='ltr'><strong>enim</strong></span> <span class='ocrx_word' id='word_1_345' title='bbox 1264 2896 1541 2965; x_wconf 79' lang='lat' dir='ltr'><strong>perlectus</strong></span> <span class='ocrx_word' id='word_1_346' title='bbox 1578 2902 1648 2954; x_wconf 89' lang='lat' dir='ltr'><strong>sit</strong></span> <span class='ocrx_word' id='word_1_347' title='bbox 1680 2900 1845 2956; x_wconf 90' lang='lat' dir='ltr'><strong>homo</strong></span> <span class='ocrx_word' id='word_1_348' title='bbox 1874 2904 1964 2959; x_wconf 90' lang='lat' dir='ltr'><strong>Dei</strong></span> <span class='ocrx_word' id='word_1_349' title='bbox 1996 2905 2047 2958; x_wconf 92' lang='lat' dir='ltr'><strong>in</strong></span> 
     </span>
    </p>
   </div>
   <div class='ocr_carea' id='block_1_46' title="bbox 477 2985 2051 3061">
    <p class='ocr_par' dir='ltr' id='par_1_46' title="bbox 477 2985 2051 3061">
     <span class='ocr_line' id='line_1_46' title="bbox 477 2985 2051 3061; baseline 0.008 -25"><span class='ocrx_word' id='word_1_350' title='bbox 477 2985 749 3051; x_wconf 84' lang='lat' dir='ltr'><strong>Omnibus,</strong></span> <span class='ocrx_word' id='word_1_351' title='bbox 788 2997 981 3040; x_wconf 88' lang='lat' dir='ltr'><strong>cuncta</strong></span> <span class='ocrx_word' id='word_1_352' title='bbox 1010 2989 1447 3045; x_wconf 88' lang='lat' dir='ltr'><strong>circumcidenda</strong></span> <span class='ocrx_word' id='word_1_353' title='bbox 1480 3004 1608 3048; x_wconf 88' lang='lat' dir='ltr'><strong>sunt</strong></span> <span class='ocrx_word' id='word_1_354' title='bbox 1637 2996 1903 3061; x_wconf 89' lang='lat' dir='ltr'><strong>membra,</strong></span> <span class='ocrx_word' id='word_1_355' title='bbox 1934 3012 2051 3049; x_wconf 81' lang='lat' dir='ltr'><strong>ma-</strong></span> 
     </span>
    </p>
   </div>
   <div class='ocr_carea' id='block_1_47' title="bbox 481 3077 2047 3151">
    <p class='ocr_par' dir='ltr' id='par_1_47' title="bbox 481 3077 2047 3151">
     <span class='ocr_line' id='line_1_47' title="bbox 481 3077 2047 3151; baseline 0.011 -26"><span class='ocrx_word' id='word_1_356' title='bbox 481 3089 579 3126; x_wconf 91' lang='lat' dir='ltr'><strong>nus</strong></span> <span class='ocrx_word' id='word_1_357' title='bbox 616 3077 829 3142; x_wconf 84' lang='lat' dir='ltr'><strong>quidem</strong></span> <span class='ocrx_word' id='word_1_358' title='bbox 871 3092 899 3130; x_wconf 89' lang='lat' dir='ltr'><strong>a</strong></span> <span class='ocrx_word' id='word_1_359' title='bbox 957 3080 1181 3148; x_wconf 86' lang='lat' dir='ltr'><strong>rapinis,</strong></span> <span class='ocrx_word' id='word_1_360' title='bbox 1234 3098 1261 3136; x_wconf 89' lang='lat' dir='ltr'><strong>a</strong></span> <span class='ocrx_word' id='word_1_361' title='bbox 1298 3083 1473 3150; x_wconf 80' lang='lat' dir='ltr'><strong>furtis,</strong></span> <span class='ocrx_word' id='word_1_362' title='bbox 1510 3100 1538 3139; x_wconf 89' lang='lat' dir='ltr'><strong>a</strong></span> <span class='ocrx_word' id='word_1_363' title='bbox 1599 3088 1856 3151; x_wconf 73' lang='lat' dir='ltr'><strong>caedibus.</strong></span> <span class='ocrx_word' id='word_1_364' title='bbox 1888 3099 1941 3143; x_wconf 89' lang='lat' dir='ltr'><strong>et</strong></span> <span class='ocrx_word' id='word_1_365' title='bbox 1982 3091 2047 3142; x_wconf 87' lang='lat' dir='ltr'><strong>ad</strong></span> 
     </span>
    </p>
   </div>
   <div class='ocr_carea' id='block_1_48' title="bbox 2157 1887 3734 1956">
    <p class='ocr_par' dir='ltr' id='par_1_48' title="bbox 2157 1887 3734 1956">
     <span class='ocr_line' id='line_1_48' title="bbox 2157 1887 3734 1956; baseline 0.001 -17"><span class='ocrx_word' id='word_1_366' title='bbox 2157 1888 2366 1940; x_wconf 84' lang='lat' dir='ltr'><strong>acutior</strong></span> <span class='ocrx_word' id='word_1_367' title='bbox 2398 1888 2536 1941; x_wconf 89' lang='lat' dir='ltr'><strong>omni</strong></span> <span class='ocrx_word' id='word_1_368' title='bbox 2566 1887 2747 1954; x_wconf 85' lang='lat' dir='ltr'><strong>gladio</strong></span> <span class='ocrx_word' id='word_1_369' title='bbox 2778 1887 3023 1955; x_wconf 85' lang='lat' dir='ltr'><strong>utrinque</strong></span> <span class='ocrx_word' id='word_1_370' title='bbox 3049 1896 3224 1949; x_wconf 86' lang='lat' dir='ltr'><strong>acuto,</strong></span> <span class='ocrx_word' id='word_1_371' title='bbox 3248 1887 3544 1955; x_wconf 79' lang='lat' dir='ltr'><strong>pertingens</strong></span> <span class='ocrx_word' id='word_1_372' title='bbox 3571 1903 3734 1956; x_wconf 77' lang='lat' dir='ltr'><strong>usque</strong></span> 
     </span>
    </p>
   </div>
   <div class='ocr_carea' id='block_1_49' title="bbox 2159 1978 3736 2049">
    <p class='ocr_par' dir='ltr' id='par_1_49' title="bbox 2159 1978 3736 2049">
     <span class='ocr_line' id='line_1_49' title="bbox 2159 1978 3736 2049; baseline 0.001 -18"><span class='ocrx_word' id='word_1_373' title='bbox 2159 1980 2226 2031; x_wconf 91' lang='lat' dir='ltr'><strong>ad</strong></span> <span class='ocrx_word' id='word_1_374' title='bbox 2251 1979 2565 2031; x_wconf 79' lang='lat' dir='ltr'><strong>divisionem</strong></span> <span class='ocrx_word' id='word_1_375' title='bbox 2604 1978 2796 2030; x_wconf 68' lang='lat' dir='ltr'><strong>anima:</strong></span> <span class='ocrx_word' id='word_1_376' title='bbox 2830 1992 2891 2029; x_wconf 85' lang='lat' dir='ltr'><strong>ac</strong></span> <span class='ocrx_word' id='word_1_377' title='bbox 2925 1978 3166 2043; x_wconf 83' lang='lat' dir='ltr'><strong>spiritus,</strong></span> <span class='ocrx_word' id='word_1_378' title='bbox 3200 1994 3506 2047; x_wconf 81' lang='lat' dir='ltr'><strong>compagum</strong></span> <span class='ocrx_word' id='word_1_379' title='bbox 3531 1996 3736 2049; x_wconf 85' lang='lat' dir='ltr'><strong>quoque</strong></span> 
     </span>
    </p>
   </div>
   <div class='ocr_carea' id='block_1_50' title="bbox 2159 2067 3734 2138">
    <p class='ocr_par' dir='ltr' id='par_1_50' title="bbox 2159 2067 3734 2138">
     <span class='ocr_line' id='line_1_50' title="bbox 2159 2067 3734 2138; baseline 0.002 -19"><span class='ocrx_word' id='word_1_380' title='bbox 2159 2078 2208 2119; x_wconf 91' lang='lat' dir='ltr'><strong>et</strong></span> <span class='ocrx_word' id='word_1_381' title='bbox 2251 2067 2608 2120; x_wconf 82' lang='lat' dir='ltr'><strong>medullarum</strong></span> <span class='ocrx_word' id='word_1_382' title='bbox 2638 2081 2656 2118; x_wconf 93' lang='lat'><em>:</em></span> <span class='ocrx_word' id='word_1_383' title='bbox 2685 2080 2730 2119; x_wconf 85' lang='lat' dir='ltr'><strong>et</strong></span> <span class='ocrx_word' id='word_1_384' title='bbox 2765 2080 2841 2123; x_wconf 81' lang='lat' dir='ltr'><strong>est</strong></span> <span class='ocrx_word' id='word_1_385' title='bbox 2869 2069 3124 2122; x_wconf 85' lang='lat' dir='ltr'><strong>discretor</strong></span> <span class='ocrx_word' id='word_1_386' title='bbox 3165 2069 3538 2138; x_wconf 83' lang='lat' dir='ltr'><strong>cogitationum</strong></span> <span class='ocrx_word' id='word_1_387' title='bbox 3574 2081 3619 2122; x_wconf 81' lang='lat' dir='ltr'><strong>et</strong></span> <span class='ocrx_word' id='word_1_388' title='bbox 3652 2071 3734 2123; x_wconf 87' lang='lat' dir='ltr'><strong>in-</strong></span> 
     </span>
    </p>
   </div>
   <div class='ocr_carea' id='block_1_51' title="bbox 2161 2156 3735 2229">
    <p class='ocr_par' dir='ltr' id='par_1_51' title="bbox 2161 2156 3735 2229">
     <span class='ocr_line' id='line_1_51' title="bbox 2161 2156 3735 2229; baseline 0.002 -19"><span class='ocrx_word' id='word_1_389' title='bbox 2161 2158 2453 2211; x_wconf 82' lang='lat' dir='ltr'><strong>tentionum</strong></span> <span class='ocrx_word' id='word_1_390' title='bbox 2482 2157 2682 2211; x_wconf 81' lang='lat' dir='ltr'><strong>cordis.</strong></span> <span class='ocrx_word' id='word_1_391' title='bbox 2717 2156 2825 2212; x_wconf 87' lang='lat' dir='ltr'><strong>Istc</strong></span> <span class='ocrx_word' id='word_1_392' title='bbox 2854 2173 2984 2229; x_wconf 89' lang='lat' dir='ltr'><strong>ergo</strong></span> <span class='ocrx_word' id='word_1_393' title='bbox 3012 2168 3093 2213; x_wconf 87' lang='lat' dir='ltr'><strong>est</strong></span> <span class='ocrx_word' id='word_1_394' title='bbox 3129 2159 3341 2228; x_wconf 87' lang='lat' dir='ltr'><strong>gladius</strong></span> <span class='ocrx_word' id='word_1_395' title='bbox 3372 2174 3477 2227; x_wconf 89' lang='lat' dir='ltr'><strong>quo</strong></span> <span class='ocrx_word' id='word_1_396' title='bbox 3503 2161 3735 2214; x_wconf 88' lang='lat' dir='ltr'><strong>circum-</strong></span> 
     </span>
    </p>
   </div>
   <div class='ocr_carea' id='block_1_52' title="bbox 2161 2249 3732 2321">
    <p class='ocr_par' dir='ltr' id='par_1_52' title="bbox 2161 2249 3732 2321">
     <span class='ocr_line' id='line_1_52' title="bbox 2161 2249 3732 2321; baseline 0.001 -17"><span class='ocrx_word' id='word_1_397' title='bbox 2161 2251 2270 2304; x_wconf 89' lang='lat' dir='ltr'><strong>cidi</strong></span> <span class='ocrx_word' id='word_1_398' title='bbox 2299 2250 2562 2321; x_wconf 69' lang='lat' dir='ltr'><strong>iubemur</strong></span> <span class='ocrx_word' id='word_1_399' title='bbox 2599 2250 2744 2320; x_wconf 80' lang='lat' dir='ltr'><strong>(l0),</strong></span> <span class='ocrx_word' id='word_1_400' title='bbox 2774 2254 2843 2306; x_wconf 86' lang='lat' dir='ltr'><strong>de</strong></span> <span class='ocrx_word' id='word_1_401' title='bbox 2873 2268 2981 2321; x_wconf 91' lang='lat' dir='ltr'><strong>quo</strong></span> <span class='ocrx_word' id='word_1_402' title='bbox 3009 2251 3139 2305; x_wconf 87' lang='lat' dir='ltr'><strong>dicit</strong></span> <span class='ocrx_word' id='word_1_403' title='bbox 3177 2249 3337 2305; x_wconf 77' lang='lat' dir='ltr'><strong>Jesus</strong></span> <span class='ocrx_word' id='word_1_404' title='bbox 3386 2252 3642 2306; x_wconf 88' lang='lat' dir='ltr'><strong>Dominus</strong></span> <span class='ocrx_word' id='word_1_405' title='bbox 3669 2255 3732 2305; x_wconf 84' lang='lat'><strong>”:</strong></span> 
     </span>
    </p>
   </div>
   <div class='ocr_carea' id='block_1_53' title="bbox 2163 2340 3729 2411">
    <p class='ocr_par' dir='ltr' id='par_1_53' title="bbox 2163 2340 3729 2411">
     <span class='ocr_line' id='line_1_53' title="bbox 2163 2340 3729 2411; baseline 0.001 -16"><span class='ocrx_word' id='word_1_406' title='bbox 2163 2340 2287 2396; x_wconf 87' lang='lat' dir='ltr'><strong>Non</strong></span> <span class='ocrx_word' id='word_1_407' title='bbox 2314 2344 2425 2395; x_wconf 83' lang='lat' dir='ltr'><strong>veni</strong></span> <span class='ocrx_word' id='word_1_408' title='bbox 2453 2358 2634 2411; x_wconf 87' lang='lat' dir='ltr'><strong>pacem</strong></span> <span class='ocrx_word' id='word_1_409' title='bbox 2664 2343 2871 2396; x_wconf 76' lang='lat' dir='ltr'><strong>mittere</strong></span> <span class='ocrx_word' id='word_1_410' title='bbox 2889 2344 2940 2395; x_wconf 91' lang='lat' dir='ltr'><strong>in</strong></span> <span class='ocrx_word' id='word_1_411' title='bbox 2959 2351 3177 2408; x_wconf 87' lang='lat' dir='ltr'><strong>terram,</strong></span> <span class='ocrx_word' id='word_1_412' title='bbox 3209 2344 3298 2396; x_wconf 87' lang='lat' dir='ltr'><strong>sed</strong></span> <span class='ocrx_word' id='word_1_413' title='bbox 3323 2342 3586 2411; x_wconf 85' lang='lat' dir='ltr'><strong>gladium.</strong></span> <span class='ocrx_word' id='word_1_414' title='bbox 3611 2341 3729 2397; x_wconf 74' lang='lat' dir='ltr'><strong>Non</strong></span> 
     </span>
    </p>
   </div>
   <div class='ocr_carea' id='block_1_54' title="bbox 2161 2435 3729 2505">
    <p class='ocr_par' dir='ltr' id='par_1_54' title="bbox 2161 2435 3729 2505">
     <span class='ocr_line' id='line_1_54' title="bbox 2161 2435 3729 2505; baseline 0.001 -17"><span class='ocrx_word' id='word_1_415' title='bbox 2161 2436 2255 2489; x_wconf 90' lang='lat' dir='ltr'><strong>tibi</strong></span> <span class='ocrx_word' id='word_1_416' title='bbox 2286 2435 2503 2489; x_wconf 85' lang='lat' dir='ltr'><strong>videtur</strong></span> <span class='ocrx_word' id='word_1_417' title='bbox 2554 2436 2769 2505; x_wconf 78' lang='lat' dir='ltr'><strong>dignior</strong></span> <span class='ocrx_word' id='word_1_418' title='bbox 2816 2437 2929 2490; x_wconf 76' lang='lat' dir='ltr'><strong>lucc</strong></span> <span class='ocrx_word' id='word_1_419' title='bbox 2983 2450 3103 2489; x_wconf 88' lang='lat' dir='ltr'><strong>esse</strong></span> <span class='ocrx_word' id='word_1_420' title='bbox 3148 2436 3498 2490; x_wconf 86' lang='lat' dir='ltr'><strong>circumcisio</strong></span> <span class='ocrx_word' id='word_1_421' title='bbox 3539 2437 3594 2488; x_wconf 85' lang='lat' dir='ltr'><strong>in</strong></span> <span class='ocrx_word' id='word_1_422' title='bbox 3625 2450 3729 2504; x_wconf 81' lang='lat' dir='ltr'><strong>qua</strong></span> 
     </span>
    </p>
   </div>
   <div class='ocr_carea' id='block_1_55' title="bbox 2161 2525 3737 2597">
    <p class='ocr_par' dir='ltr' id='par_1_55' title="bbox 2161 2525 3737 2597">
     <span class='ocr_line' id='line_1_55' title="bbox 2161 2525 3737 2597; baseline -0.003 -14"><span class='ocrx_word' id='word_1_423' title='bbox 2161 2537 2545 2585; x_wconf 86' lang='lat' dir='ltr'><strong>testamentum</strong></span> <span class='ocrx_word' id='word_1_424' title='bbox 2597 2529 2691 2582; x_wconf 89' lang='lat' dir='ltr'><strong>Dei</strong></span> <span class='ocrx_word' id='word_1_425' title='bbox 2735 2530 2931 2583; x_wconf 80' lang='lat' dir='ltr'><strong>debeat</strong></span> <span class='ocrx_word' id='word_1_426' title='bbox 2959 2527 3254 2583; x_wconf 87' lang='lat' dir='ltr'><strong>collocari?</strong></span> <span class='ocrx_word' id='word_1_427' title='bbox 3276 2525 3498 2589; x_wconf 67' lang='lat' dir='ltr'><strong>Confer,</strong></span> <span class='ocrx_word' id='word_1_428' title='bbox 3535 2532 3580 2581; x_wconf 87' lang='lat' dir='ltr'><strong>si</strong></span> <span class='ocrx_word' id='word_1_429' title='bbox 3615 2526 3737 2597; x_wconf 58' lang='grc' dir='ltr'><strong>ρει-τ</strong></span> 
     </span>
    </p>
   </div>
   <div class='ocr_carea' id='block_1_56' title="bbox 2158 2619 3732 2685">
    <p class='ocr_par' dir='ltr' id='par_1_56' title="bbox 2158 2619 3732 2685">
     <span class='ocr_line' id='line_1_56' title="bbox 2158 2619 3732 2685; baseline 0 -8"><span class='ocrx_word' id='word_1_430' title='bbox 2158 2630 2266 2684; x_wconf 90' lang='lat' dir='ltr'><strong>cet,</strong></span> <span class='ocrx_word' id='word_1_431' title='bbox 2315 2622 2431 2676; x_wconf 77' lang='lat' dir='ltr'><strong>haec</strong></span> <span class='ocrx_word' id='word_1_432' title='bbox 2480 2630 2663 2675; x_wconf 87' lang='lat' dir='ltr'><strong>nostra</strong></span> <span class='ocrx_word' id='word_1_433' title='bbox 2712 2634 2837 2674; x_wconf 81' lang='lat' dir='ltr'><strong>cum</strong></span> <span class='ocrx_word' id='word_1_434' title='bbox 2889 2622 3086 2676; x_wconf 84' lang='lat' dir='ltr'><strong>vestris</strong></span> <span class='ocrx_word' id='word_1_435' title='bbox 3129 2621 3373 2677; x_wconf 75' lang='lat' dir='ltr'><strong>Judaicis</strong></span> <span class='ocrx_word' id='word_1_436' title='bbox 3422 2619 3653 2685; x_wconf 76' lang='lat' dir='ltr'><strong>fabulis,</strong></span> <span class='ocrx_word' id='word_1_437' title='bbox 3674 2630 3732 2677; x_wconf 80' lang='lat' dir='ltr'><strong>et</strong></span> 
     </span>
    </p>
   </div>
   <div class='ocr_carea' id='block_1_57' title="bbox 2160 2712 3725 2779">
    <p class='ocr_par' dir='ltr' id='par_1_57' title="bbox 2160 2712 3725 2779">
     <span class='ocr_line' id='line_1_57' title="bbox 2160 2712 3725 2779; baseline 0 -12"><span class='ocrx_word' id='word_1_438' title='bbox 2160 2714 2563 2767; x_wconf 87' lang='lat' dir='ltr'><strong>narrationibus</strong></span> <span class='ocrx_word' id='word_1_439' title='bbox 2599 2712 2823 2776; x_wconf 73' lang='lat' dir='ltr'><strong>loc1idis,</strong></span> <span class='ocrx_word' id='word_1_440' title='bbox 2852 2722 2905 2765; x_wconf 85' lang='lat' dir='ltr'><strong>et</strong></span> <span class='ocrx_word' id='word_1_441' title='bbox 2937 2712 3056 2766; x_wconf 83' lang='lat' dir='ltr'><strong>vide</strong></span> <span class='ocrx_word' id='word_1_442' title='bbox 3085 2712 3131 2766; x_wconf 88' lang='lat' dir='ltr'><strong>si</strong></span> <span class='ocrx_word' id='word_1_443' title='bbox 3166 2714 3216 2765; x_wconf 91' lang='lat' dir='ltr'><strong>in</strong></span> <span class='ocrx_word' id='word_1_444' title='bbox 3265 2713 3373 2767; x_wconf 88' lang='lat' dir='ltr'><strong>illis</strong></span> <span class='ocrx_word' id='word_1_445' title='bbox 3413 2713 3631 2779; x_wconf 77' lang='lat' dir='ltr'><strong>vestris,</strong></span> <span class='ocrx_word' id='word_1_446' title='bbox 3656 2728 3725 2767; x_wconf 86' lang='lat' dir='ltr'><strong>an</strong></span> 
     </span>
    </p>
   </div>
   <div class='ocr_carea' id='block_1_58' title="bbox 2159 2800 3734 2874">
    <p class='ocr_par' dir='ltr' id='par_1_58' title="bbox 2159 2800 3734 2874">
     <span class='ocr_line' id='line_1_58' title="bbox 2159 2800 3734 2874; baseline 0.001 -16"><span class='ocrx_word' id='word_1_447' title='bbox 2159 2805 2213 2858; x_wconf 91' lang='lat' dir='ltr'><strong>in</strong></span> <span class='ocrx_word' id='word_1_448' title='bbox 2245 2804 2330 2858; x_wconf 89' lang='lat' dir='ltr'><strong>his</strong></span> <span class='ocrx_word' id='word_1_449' title='bbox 2382 2818 2502 2874; x_wconf 69' lang='lat' dir='ltr'><strong>quae</strong></span> <span class='ocrx_word' id='word_1_450' title='bbox 2551 2804 2605 2857; x_wconf 93' lang='lat' dir='ltr'><strong>in</strong></span> <span class='ocrx_word' id='word_1_451' title='bbox 2656 2804 2861 2858; x_wconf 83' lang='lat' dir='ltr'><strong>Christi</strong></span> <span class='ocrx_word' id='word_1_452' title='bbox 2911 2800 3177 2858; x_wconf 77' lang='lat' dir='ltr'><strong>Ecclesia</strong></span> <span class='ocrx_word' id='word_1_453' title='bbox 3211 2806 3592 2874; x_wconf 67' lang='lat' dir='ltr'><strong>praedicantur,</strong></span> <span class='ocrx_word' id='word_1_454' title='bbox 3626 2807 3734 2859; x_wconf 86' lang='lat' dir='ltr'><strong>cir-</strong></span> 
     </span>
    </p>
   </div>
   <div class='ocr_carea' id='block_1_59' title="bbox 2158 2893 3731 2967">
    <p class='ocr_par' dir='ltr' id='par_1_59' title="bbox 2158 2893 3731 2967">
     <span class='ocr_line' id='line_1_59' title="bbox 2158 2893 3731 2967; baseline 0.003 -20"><span class='ocrx_word' id='word_1_455' title='bbox 2158 2895 2420 2948; x_wconf 88' lang='lat' dir='ltr'><strong>cumcisio</strong></span> <span class='ocrx_word' id='word_1_456' title='bbox 2459 2894 2719 2948; x_wconf 88' lang='lat' dir='ltr'><strong>divinitus</strong></span> <span class='ocrx_word' id='word_1_457' title='bbox 2770 2893 3138 2949; x_wconf 88' lang='lat' dir='ltr'><strong>observetur:</strong></span> <span class='ocrx_word' id='word_1_458' title='bbox 3172 2896 3215 2950; x_wconf 91' lang='lat' dir='ltr'><strong>si</strong></span> <span class='ocrx_word' id='word_1_459' title='bbox 3251 2912 3355 2950; x_wconf 88' lang='lat' dir='ltr'><strong>non</strong></span> <span class='ocrx_word' id='word_1_460' title='bbox 3406 2898 3569 2951; x_wconf 84' lang='lat' dir='ltr'><strong>etiam</strong></span> <span class='ocrx_word' id='word_1_461' title='bbox 3616 2898 3731 2967; x_wconf 87' lang='lat' dir='ltr'><strong>ipse</strong></span> 
     </span>
    </p>
   </div>
   <div class='ocr_carea' id='block_1_60' title="bbox 2162 2984 3724 3054">
    <p class='ocr_par' dir='ltr' id='par_1_60' title="bbox 2162 2984 3724 3054">
     <span class='ocr_line' id='line_1_60' title="bbox 2162 2984 3724 3054; baseline 0.001 -17"><span class='ocrx_word' id='word_1_462' title='bbox 2162 2985 2357 3046; x_wconf 87' lang='lat' dir='ltr'><strong>sentis,</strong></span> <span class='ocrx_word' id='word_1_463' title='bbox 2394 2995 2445 3037; x_wconf 89' lang='lat' dir='ltr'><strong>ct</strong></span> <span class='ocrx_word' id='word_1_464' title='bbox 2484 2984 2739 3054; x_wconf 78' lang='lat' dir='ltr'><strong>intelligis</strong></span> <span class='ocrx_word' id='word_1_465' title='bbox 2789 2984 2930 3040; x_wconf 85' lang='lat' dir='ltr'><strong>hanc</strong></span> <span class='ocrx_word' id='word_1_466' title='bbox 2959 2984 3214 3039; x_wconf 74' lang='lat' dir='ltr'><strong>Ecclesia:</strong></span> <span class='ocrx_word' id='word_1_467' title='bbox 3248 2987 3724 3041; x_wconf 87' lang='lat' dir='ltr'><strong>circumcisionein</strong></span> 
     </span>
    </p>
   </div>
   <div class='ocr_carea' id='block_1_61' title="bbox 2160 3074 3725 3147">
    <p class='ocr_par' dir='ltr' id='par_1_61' title="bbox 2160 3074 3725 3147">
     <span class='ocr_line' id='line_1_61' title="bbox 2160 3074 3725 3147; baseline 0.001 -19"><span class='ocrx_word' id='word_1_468' title='bbox 2160 3074 2464 3137; x_wconf 86' lang='lat' dir='ltr'><strong>honestam,</strong></span> <span class='ocrx_word' id='word_1_469' title='bbox 2516 3087 2789 3141; x_wconf 85' lang='lat' dir='ltr'><strong>sanctam,</strong></span> <span class='ocrx_word' id='word_1_470' title='bbox 2837 3077 2945 3131; x_wconf 92' lang='lat' dir='ltr'><strong>Deo</strong></span> <span class='ocrx_word' id='word_1_471' title='bbox 3002 3077 3253 3147; x_wconf 84' lang='lat' dir='ltr'><strong>dignam;</strong></span> <span class='ocrx_word' id='word_1_472' title='bbox 3307 3077 3449 3131; x_wconf 88' lang='lat' dir='ltr'><strong>illam</strong></span> <span class='ocrx_word' id='word_1_473' title='bbox 3491 3090 3725 3133; x_wconf 81' lang='lat' dir='ltr'><strong>vestram</strong></span> 
     </span>
    </p>
   </div>
   <div class='ocr_carea' id='block_1_62' title="bbox 477 3147 2048 3250">
    <p class='ocr_par' dir='ltr' id='par_1_62' title="bbox 477 3163 2048 3250">
     <span class='ocr_line' id='line_1_62' title="bbox 477 3163 2048 3250; baseline 0.012 -33"><span class='ocrx_word' id='word_1_474' title='bbox 477 3164 591 3217; x_wconf 87' lang='lat' dir='ltr'><strong>sola</strong></span> <span class='ocrx_word' id='word_1_475' title='bbox 625 3163 715 3218; x_wconf 88' lang='lat' dir='ltr'><strong>Dei</strong></span> <span class='ocrx_word' id='word_1_476' title='bbox 750 3181 914 3235; x_wconf 87' lang='lat' dir='ltr'><strong>opera</strong></span> <span class='ocrx_word' id='word_1_477' title='bbox 959 3172 1273 3237; x_wconf 66' lang='lat' dir='ltr'><strong>pandenda}.</strong></span> <span class='ocrx_word' id='word_1_478' title='bbox 1308 3174 1744 3233; x_wconf 88' lang='lat' dir='ltr'><strong>Circumcidendi</strong></span> <span class='ocrx_word' id='word_1_479' title='bbox 1792 3191 1913 3235; x_wconf 90' lang='lat' dir='ltr'><strong>sunt</strong></span> <span class='ocrx_word' id='word_1_480' title='bbox 1951 3193 2048 3250; x_wconf 85' lang='lat' dir='ltr'><strong>pe-</strong></span> 
     </span>
    </p>
   </div>
   <div class='ocr_carea' id='block_1_63' title="bbox 2156 3147 3727 3250">
    <p class='ocr_par' dir='ltr' id='par_1_63' title="bbox 2156 3167 3727 3238">
     <span class='ocr_line' id='line_1_63' title="bbox 2156 3167 3727 3238; baseline 0.003 -19"><span class='ocrx_word' id='word_1_481' title='bbox 2156 3176 2384 3235; x_wconf 88' lang='lat' dir='ltr'><strong>turpem,</strong></span> <span class='ocrx_word' id='word_1_482' title='bbox 2444 3167 2664 3234; x_wconf 65' lang='lat' dir='ltr'><strong>laedam,</strong></span> <span class='ocrx_word' id='word_1_483' title='bbox 2719 3168 3044 3231; x_wconf 79' lang='lat' dir='ltr'><strong>deformem,</strong></span> <span class='ocrx_word' id='word_1_484' title='bbox 3090 3169 3207 3238; x_wconf 89' lang='lat' dir='ltr'><strong>ipso</strong></span> <span class='ocrx_word' id='word_1_485' title='bbox 3240 3169 3403 3223; x_wconf 88' lang='lat' dir='ltr'><strong>etiam</strong></span> <span class='ocrx_word' id='word_1_486' title='bbox 3456 3169 3644 3223; x_wconf 87' lang='lat' dir='ltr'><strong>habitu</strong></span> <span class='ocrx_word' id='word_1_487' title='bbox 3671 3179 3727 3223; x_wconf 93' lang='lat' dir='ltr'><strong>et</strong></span> 
     </span>
    </p>
   </div>
   <div class='ocr_carea' id='block_1_64' title="bbox 475 3252 2045 3338">
    <p class='ocr_par' dir='ltr' id='par_1_64' title="bbox 475 3252 2045 3338">
     <span class='ocr_line' id='line_1_64' title="bbox 475 3252 2045 3338; baseline 0.011 -32"><span class='ocrx_word' id='word_1_488' title='bbox 475 3252 654 3319; x_wconf 70' lang='lat' dir='ltr'><strong>des“,</strong></span> <span class='ocrx_word' id='word_1_489' title='bbox 688 3269 753 3311; x_wconf 89' lang='lat' dir='ltr'><strong>ne</strong></span> <span class='ocrx_word' id='word_1_490' title='bbox 794 3259 1007 3314; x_wconf 84' lang='lat' dir='ltr'><strong>veloces</strong></span> <span class='ocrx_word' id='word_1_491' title='bbox 1034 3263 1147 3317; x_wconf 88' lang='lat' dir='ltr'><strong>sint</strong></span> <span class='ocrx_word' id='word_1_492' title='bbox 1175 3267 1242 3318; x_wconf 87' lang='lat' dir='ltr'><strong>ad</strong></span> <span class='ocrx_word' id='word_1_493' title='bbox 1290 3264 1675 3324; x_wconf 73' lang='lat' dir='ltr'><strong>effundendum</strong></span> <span class='ocrx_word' id='word_1_494' title='bbox 1706 3273 2045 3338; x_wconf 72' lang='lat' dir='ltr'><strong>saiiguinem,</strong></span> 
     </span>
    </p>
   </div>
   <div class='ocr_carea' id='block_1_65' title="bbox 474 3348 2049 3427">
    <p class='ocr_par' dir='ltr' id='par_1_65' title="bbox 474 3348 2049 3427">
     <span class='ocr_line' id='line_1_65' title="bbox 474 3348 2049 3427; baseline 0.013 -31"><span class='ocrx_word' id='word_1_495' title='bbox 474 3354 529 3397; x_wconf 90' lang='lat' dir='ltr'><strong>et</strong></span> <span class='ocrx_word' id='word_1_496' title='bbox 568 3361 634 3399; x_wconf 90' lang='lat' dir='ltr'><strong>ne</strong></span> <span class='ocrx_word' id='word_1_497' title='bbox 663 3348 865 3403; x_wconf 88' lang='lat' dir='ltr'><strong>intrent</strong></span> <span class='ocrx_word' id='word_1_498' title='bbox 901 3350 952 3404; x_wconf 90' lang='lat' dir='ltr'><strong>in</strong></span> <span class='ocrx_word' id='word_1_499' title='bbox 988 3354 1278 3409; x_wconf 87' lang='lat' dir='ltr'><strong>consilium</strong></span> <span class='ocrx_word' id='word_1_500' title='bbox 1329 3358 1739 3427; x_wconf 83' lang='lat' dir='ltr'><strong>malignantium</strong></span> <span class='ocrx_word' id='word_1_501' title='bbox 1768 3362 1833 3425; x_wconf 61' lang='lat'><strong>‘1,</strong></span> <span class='ocrx_word' id='word_1_502' title='bbox 1865 3364 1959 3416; x_wconf 89' lang='lat' dir='ltr'><strong>sed</strong></span> <span class='ocrx_word' id='word_1_503' title='bbox 1992 3368 2049 3416; x_wconf 87' lang='lat' dir='ltr'><strong>ut</strong></span> 
     </span>
    </p>
   </div>
   <div class='ocr_carea' id='block_1_66' title="bbox 478 3445 2049 3509">
    <p class='ocr_par' dir='ltr' id='par_1_66' title="bbox 478 3445 2049 3509">
     <span class='ocr_line' id='line_1_66' title="bbox 478 3445 2049 3509; baseline 0.015 -24"><span class='ocrx_word' id='word_1_504' title='bbox 478 3445 686 3490; x_wconf 87' lang='lat' dir='ltr'><strong>tantum</strong></span> <span class='ocrx_word' id='word_1_505' title='bbox 732 3455 831 3507; x_wconf 85' lang='lat' dir='ltr'><strong>pro</strong></span> <span class='ocrx_word' id='word_1_506' title='bbox 868 3445 1142 3498; x_wconf 83' lang='lat' dir='ltr'><strong>mandatis</strong></span> <span class='ocrx_word' id='word_1_507' title='bbox 1192 3446 1283 3500; x_wconf 86' lang='lat' dir='ltr'><strong>Dei</strong></span> <span class='ocrx_word' id='word_1_508' title='bbox 1337 3449 1699 3503; x_wconf 84' lang='lat' dir='ltr'><strong>circumeant.</strong></span> <span class='ocrx_word' id='word_1_509' title='bbox 1748 3452 2049 3509; x_wconf 84' lang='lat' dir='ltr'><strong>Circumci-</strong></span> 
     </span>
    </p>
   </div>
   <div class='ocr_carea' id='block_1_67' title="bbox 478 3524 2049 3612">
    <p class='ocr_par' dir='ltr' id='par_1_67' title="bbox 478 3524 2049 3612">
     <span class='ocr_line' id='line_1_67' title="bbox 478 3524 2049 3612; baseline 0.015 -38"><span class='ocrx_word' id='word_1_510' title='bbox 478 3524 676 3579; x_wconf 86' lang='lat' dir='ltr'><strong>dantur</strong></span> <span class='ocrx_word' id='word_1_511' title='bbox 706 3537 762 3581; x_wconf 88' lang='lat' dir='ltr'><strong>et</strong></span> <span class='ocrx_word' id='word_1_512' title='bbox 785 3530 929 3583; x_wconf 87' lang='lat' dir='ltr'><strong>oculi</strong></span> <span class='ocrx_word' id='word_1_513' title='bbox 954 3531 1050 3600; x_wconf 81' lang='lat'><strong>(9),</strong></span> <span class='ocrx_word' id='word_1_514' title='bbox 1091 3548 1159 3588; x_wconf 90' lang='lat' dir='ltr'><strong>ne</strong></span> <span class='ocrx_word' id='word_1_515' title='bbox 1180 3538 1569 3605; x_wconf 88' lang='lat' dir='ltr'><strong>concupiscant</strong></span> <span class='ocrx_word' id='word_1_516' title='bbox 1616 3539 1813 3605; x_wconf 87' lang='lat' dir='ltr'><strong>aliena,</strong></span> <span class='ocrx_word' id='word_1_517' title='bbox 1846 3543 1953 3612; x_wconf 79' lang='lat'><strong>70</strong></span> <span class='ocrx_word' id='word_1_518' title='bbox 1983 3557 2049 3597; x_wconf 87' lang='lat' dir='ltr'><strong>ne</strong></span> 
     </span>
    </p>
   </div>
   <div class='ocr_carea' id='block_1_68' title="bbox 478 3614 2046 3697">
    <p class='ocr_par' dir='ltr' id='par_1_68' title="bbox 478 3614 2046 3697">
     <span class='ocr_line' id='line_1_68' title="bbox 478 3614 2046 3697; baseline 0.013 -32"><span class='ocrx_word' id='word_1_519' title='bbox 478 3614 698 3668; x_wconf 85' lang='lat' dir='ltr'><strong>videant</strong></span> <span class='ocrx_word' id='word_1_520' title='bbox 751 3615 817 3669; x_wconf 89' lang='lat' dir='ltr'><strong>ad</strong></span> <span class='ocrx_word' id='word_1_521' title='bbox 860 3620 1355 3689; x_wconf 88' lang='lat' dir='ltr'><strong>concupiscendam</strong></span> <span class='ocrx_word' id='word_1_522' title='bbox 1396 3627 1702 3682; x_wconf 87' lang='lat' dir='ltr'><strong>mulierem.</strong></span> <span class='ocrx_word' id='word_1_523' title='bbox 1749 3631 1852 3697; x_wconf 86' lang='lat' dir='ltr'><strong>Qui</strong></span> <span class='ocrx_word' id='word_1_524' title='bbox 1900 3633 2046 3686; x_wconf 87' lang='lat' dir='ltr'><strong>enim</strong></span> 
     </span>
    </p>
   </div>
   <div class='ocr_carea' id='block_1_69' title="bbox 473 3704 2047 3775">
    <p class='ocr_par' dir='ltr' id='par_1_69' title="bbox 473 3704 2047 3775">
     <span class='ocr_line' id='line_1_69' title="bbox 473 3704 2047 3775; baseline 0.011 -19"><span class='ocrx_word' id='word_1_525' title='bbox 473 3717 608 3772; x_wconf 78' lang='lat' dir='ltr'><strong>erga</strong></span> <span class='ocrx_word' id='word_1_526' title='bbox 637 3704 964 3761; x_wconf 77' lang='lat' dir='ltr'><strong>feminarum</strong></span> <span class='ocrx_word' id='word_1_527' title='bbox 1005 3708 1210 3767; x_wconf 73' lang='lat' dir='ltr'><strong>formas</strong></span> <span class='ocrx_word' id='word_1_528' title='bbox 1233 3712 1443 3769; x_wconf 86' lang='lat' dir='ltr'><strong>lascivo</strong></span> <span class='ocrx_word' id='word_1_529' title='bbox 1466 3722 1521 3771; x_wconf 90' lang='lat' dir='ltr'><strong>et</strong></span> <span class='ocrx_word' id='word_1_530' title='bbox 1555 3716 1775 3775; x_wconf 86' lang='lat' dir='ltr'><strong>curioso</strong></span> <span class='ocrx_word' id='word_1_531' title='bbox 1821 3722 2047 3775; x_wconf 86' lang='lat' dir='ltr'><strong>oberrat</strong></span> 
     </span>
    </p>
   </div>
   <div class='ocr_carea' id='block_1_70' title="bbox 476 3800 2045 3866">
    <p class='ocr_par' dir='ltr' id='par_1_70' title="bbox 476 3800 2045 3866">
     <span class='ocr_line' id='line_1_70' title="bbox 476 3800 2045 3866; baseline 0.012 -19"><span class='ocrx_word' id='word_1_532' title='bbox 476 3807 719 3865; x_wconf 86' lang='lat' dir='ltr'><strong>aspectu,</strong></span> <span class='ocrx_word' id='word_1_533' title='bbox 752 3801 857 3853; x_wconf 89' lang='lat' dir='ltr'><strong>iste</strong></span> <span class='ocrx_word' id='word_1_534' title='bbox 904 3800 1327 3859; x_wconf 87' lang='lat' dir='ltr'><strong>incircumcisus</strong></span> <span class='ocrx_word' id='word_1_535' title='bbox 1360 3814 1446 3861; x_wconf 87' lang='lat' dir='ltr'><strong>est</strong></span> <span class='ocrx_word' id='word_1_536' title='bbox 1492 3807 1689 3861; x_wconf 87' lang='lat' dir='ltr'><strong>oculis.</strong></span> <span class='ocrx_word' id='word_1_537' title='bbox 1736 3808 1842 3863; x_wconf 88' lang='lat' dir='ltr'><strong>Sed</strong></span> <span class='ocrx_word' id='word_1_538' title='bbox 1891 3821 1945 3864; x_wconf 89' lang='lat' dir='ltr'><strong>et</strong></span> <span class='ocrx_word' id='word_1_539' title='bbox 2000 3812 2045 3866; x_wconf 87' lang='lat' dir='ltr'><strong>si</strong></span> 
     </span>
    </p>
   </div>
   <div class='ocr_carea' id='block_1_71' title="bbox 472 3887 2049 3970">
    <p class='ocr_par' dir='ltr' id='par_1_71' title="bbox 472 3887 2049 3970">
     <span class='ocr_line' id='line_1_71' title="bbox 472 3887 2049 3970; baseline 0.01 -32"><span class='ocrx_word' id='word_1_540' title='bbox 472 3887 601 3955; x_wconf 84' lang='lat' dir='ltr'><strong>quis</strong></span> <span class='ocrx_word' id='word_1_541' title='bbox 625 3898 731 3953; x_wconf 88' lang='lat' dir='ltr'><strong>est,</strong></span> <span class='ocrx_word' id='word_1_542' title='bbox 762 3891 852 3958; x_wconf 88' lang='lat' dir='ltr'><strong>qui</strong></span> <span class='ocrx_word' id='word_1_543' title='bbox 883 3890 999 3947; x_wconf 89' lang='lat' dir='ltr'><strong>sive</strong></span> <span class='ocrx_word' id='word_1_544' title='bbox 1031 3893 1201 3960; x_wconf 82' lang='lat' dir='ltr'><strong>bibat,</strong></span> <span class='ocrx_word' id='word_1_545' title='bbox 1245 3896 1363 3950; x_wconf 86' lang='lat' dir='ltr'><strong>sive</strong></span> <span class='ocrx_word' id='word_1_546' title='bbox 1397 3898 1710 3962; x_wconf 88' lang='lat' dir='ltr'><strong>manducet,</strong></span> <span class='ocrx_word' id='word_1_547' title='bbox 1739 3900 1879 3955; x_wconf 82' lang='lat' dir='ltr'><strong>sicut</strong></span> <span class='ocrx_word' id='word_1_548' title='bbox 1904 3901 2049 3970; x_wconf 80' lang='lat' dir='ltr'><strong>Apo-</strong></span> 
     </span>
    </p>
   </div>
   <div class='ocr_carea' id='block_1_72' title="bbox 476 3978 2046 4055">
    <p class='ocr_par' dir='ltr' id='par_1_72' title="bbox 476 3978 2046 4055">
     <span class='ocr_line' id='line_1_72' title="bbox 476 3978 2046 4055; baseline 0.01 -25"><span class='ocrx_word' id='word_1_549' title='bbox 476 3978 646 4033; x_wconf 85' lang='lat' dir='ltr'><strong>stolus</strong></span> <span class='ocrx_word' id='word_1_550' title='bbox 677 3985 933 4052; x_wconf 69' lang='lat' dir='ltr'><strong>praecepit</strong></span> <span class='ocrx_word' id='word_1_551' title='bbox 958 3986 1024 4048; x_wconf 85' lang='lat'><strong>&quot;,</strong></span> <span class='ocrx_word' id='word_1_552' title='bbox 1053 3984 1119 4036; x_wconf 91' lang='lat' dir='ltr'><strong>ad</strong></span> <span class='ocrx_word' id='word_1_553' title='bbox 1147 3984 1376 4055; x_wconf 87' lang='lat' dir='ltr'><strong>gloriam</strong></span> <span class='ocrx_word' id='word_1_554' title='bbox 1405 3987 1499 4042; x_wconf 90' lang='lat' dir='ltr'><strong>Dei</strong></span> <span class='ocrx_word' id='word_1_555' title='bbox 1534 3991 1826 4045; x_wconf 87' lang='lat' dir='ltr'><strong>manducat</strong></span> <span class='ocrx_word' id='word_1_556' title='bbox 1866 4003 1921 4046; x_wconf 90' lang='lat' dir='ltr'><strong>et</strong></span> <span class='ocrx_word' id='word_1_557' title='bbox 1965 3992 2046 4046; x_wconf 80' lang='lat' dir='ltr'><strong>bi-</strong></span> 
     </span>
    </p>
   </div>
   <div class='ocr_carea' id='block_1_73' title="bbox 475 4070 2046 4150">
    <p class='ocr_par' dir='ltr' id='par_1_73' title="bbox 475 4070 2046 4150">
     <span class='ocr_line' id='line_1_73' title="bbox 475 4070 2046 4150; baseline 0.008 -25"><span class='ocrx_word' id='word_1_558' title='bbox 475 4070 574 4136; x_wconf 88' lang='lat' dir='ltr'><strong>hit,</strong></span> <span class='ocrx_word' id='word_1_559' title='bbox 609 4071 712 4129; x_wconf 80' lang='lat' dir='ltr'><strong>iste</strong></span> <span class='ocrx_word' id='word_1_560' title='bbox 744 4072 1102 4132; x_wconf 87' lang='lat' dir='ltr'><strong>circumcisus</strong></span> <span class='ocrx_word' id='word_1_561' title='bbox 1138 4089 1221 4134; x_wconf 86' lang='lat' dir='ltr'><strong>est</strong></span> <span class='ocrx_word' id='word_1_562' title='bbox 1250 4091 1431 4150; x_wconf 90' lang='lat' dir='ltr'><strong>gustu.</strong></span> <span class='ocrx_word' id='word_1_563' title='bbox 1467 4080 1633 4149; x_wconf 77' lang='lat' dir='ltr'><strong>Cujus</strong></span> <span class='ocrx_word' id='word_1_564' title='bbox 1682 4093 1861 4138; x_wconf 87' lang='lat' dir='ltr'><strong>autem</strong></span> <span class='ocrx_word' id='word_1_565' title='bbox 1906 4088 2046 4139; x_wconf 85' lang='lat' dir='ltr'><strong>Deus</strong></span> 
     </span>
    </p>
   </div>
   <div class='ocr_carea' id='block_1_74' title="bbox 476 4164 2043 4244">
    <p class='ocr_par' dir='ltr' id='par_1_74' title="bbox 476 4164 2043 4244">
     <span class='ocr_line' id='line_1_74' title="bbox 476 4164 2043 4244; baseline 0.01 -30"><span class='ocrx_word' id='word_1_566' title='bbox 476 4173 667 4216; x_wconf 78' lang='lat' dir='ltr'><strong>venter</strong></span> <span class='ocrx_word' id='word_1_567' title='bbox 688 4164 860 4229; x_wconf 79' lang='lat' dir='ltr'><strong>est“,</strong></span> <span class='ocrx_word' id='word_1_568' title='bbox 887 4174 945 4220; x_wconf 91' lang='lat' dir='ltr'><strong>et</strong></span> <span class='ocrx_word' id='word_1_569' title='bbox 994 4169 1355 4226; x_wconf 76' lang='lat' dir='ltr'><strong>suavitatibus</strong></span> <span class='ocrx_word' id='word_1_570' title='bbox 1398 4172 1539 4241; x_wconf 74' lang='lat' dir='ltr'><strong>gula:</strong></span> <span class='ocrx_word' id='word_1_571' title='bbox 1588 4173 1852 4236; x_wconf 80' lang='lat' dir='ltr'><strong>deservit,</strong></span> <span class='ocrx_word' id='word_1_572' title='bbox 1884 4175 2043 4244; x_wconf 82' lang='lat' dir='ltr'><strong>hujus</strong></span> 
     </span>
    </p>
   </div>
   <div class='ocr_carea' id='block_1_75' title="bbox 477 4251 2041 4335">
    <p class='ocr_par' dir='ltr' id='par_1_75' title="bbox 477 4251 2041 4335">
     <span class='ocr_line' id='line_1_75' title="bbox 477 4251 2041 4335; baseline 0.012 -32"><span class='ocrx_word' id='word_1_573' title='bbox 477 4251 919 4312; x_wconf 86' lang='lat' dir='ltr'><strong>incircumcisum</strong></span> <span class='ocrx_word' id='word_1_574' title='bbox 983 4258 1214 4316; x_wconf 80' lang='lat' dir='ltr'><strong>dixerim</strong></span> <span class='ocrx_word' id='word_1_575' title='bbox 1262 4273 1505 4333; x_wconf 88' lang='lat' dir='ltr'><strong>gustum.</strong></span> <span class='ocrx_word' id='word_1_576' title='bbox 1546 4263 1604 4319; x_wconf 86' lang='lat' dir='ltr'><strong>Si</strong></span> <span class='ocrx_word' id='word_1_577' title='bbox 1657 4266 1783 4335; x_wconf 85' lang='lat' dir='ltr'><strong>quis</strong></span> <span class='ocrx_word' id='word_1_578' title='bbox 1838 4266 2041 4322; x_wconf 85' lang='lat' dir='ltr'><strong>Christi</strong></span> 
     </span>
    </p>
   </div>
   <div class='ocr_carea' id='block_1_76' title="bbox 474 4344 2043 4423">
    <p class='ocr_par' dir='ltr' id='par_1_76' title="bbox 474 4344 2043 4423">
     <span class='ocr_line' id='line_1_76' title="bbox 474 4344 2043 4423; baseline 0.013 -26"><span class='ocrx_word' id='word_1_579' title='bbox 474 4344 695 4399; x_wconf 87' lang='lat' dir='ltr'><strong>odorem</strong></span> <span class='ocrx_word' id='word_1_580' title='bbox 738 4347 937 4402; x_wconf 88' lang='lat' dir='ltr'><strong>bonum</strong></span> <span class='ocrx_word' id='word_1_581' title='bbox 980 4352 1149 4420; x_wconf 90' lang='lat' dir='ltr'><strong>capit,</strong></span> <span class='ocrx_word' id='word_1_582' title='bbox 1172 4361 1228 4407; x_wconf 87' lang='lat' dir='ltr'><strong>et</strong></span> <span class='ocrx_word' id='word_1_583' title='bbox 1258 4354 1310 4407; x_wconf 91' lang='lat' dir='ltr'><strong>in</strong></span> <span class='ocrx_word' id='word_1_584' title='bbox 1353 4356 1614 4423; x_wconf 88' lang='lat' dir='ltr'><strong>operibus</strong></span> <span class='ocrx_word' id='word_1_585' title='bbox 1646 4359 2043 4417; x_wconf 64' lang='lat' dir='ltr'><strong>misericordiae</strong></span> 
     </span>
    </p>
   </div>
   <div class='ocr_carea' id='block_1_77' title="bbox 2150 3256 3727 3327">
    <p class='ocr_par' dir='ltr' id='par_1_77' title="bbox 2150 3256 3727 3327">
     <span class='ocr_line' id='line_1_77' title="bbox 2150 3256 3727 3327; baseline 0.002 -18"><span class='ocrx_word' id='word_1_586' title='bbox 2150 3268 2370 3324; x_wconf 86' lang='lat' dir='ltr'><strong>aspectu</strong></span> <span class='ocrx_word' id='word_1_587' title='bbox 2420 3256 2773 3326; x_wconf 82' lang='grc' dir='ltr'><strong>κακέμφατον</strong></span> <span class='ocrx_word' id='word_1_588' title='bbox 2823 3256 3226 3326; x_wconf 73' lang='lat' dir='ltr'><strong>prteferentem.</strong></span> <span class='ocrx_word' id='word_1_589' title='bbox 3269 3259 3337 3312; x_wconf 87' lang='lat' dir='ltr'><strong>Et</strong></span> <span class='ocrx_word' id='word_1_590' title='bbox 3398 3261 3519 3326; x_wconf 85' lang='lat' dir='ltr'><strong>erit,</strong></span> <span class='ocrx_word' id='word_1_591' title='bbox 3551 3261 3727 3327; x_wconf 78' lang='lat' dir='ltr'><strong>inquit</strong></span> 
     </span>
    </p>
   </div>
   <div class='ocr_carea' id='block_1_78' title="bbox 2152 3346 3724 3413">
    <p class='ocr_par' dir='ltr' id='par_1_78' title="bbox 2152 3346 3724 3413">
     <span class='ocr_line' id='line_1_78' title="bbox 2152 3346 3724 3413; baseline 0.003 -15"><span class='ocrx_word' id='word_1_592' title='bbox 2152 3346 2291 3401; x_wconf 81' lang='lat' dir='ltr'><strong>Deus</strong></span> <span class='ocrx_word' id='word_1_593' title='bbox 2351 3348 2418 3399; x_wconf 89' lang='lat' dir='ltr'><strong>ad</strong></span> <span class='ocrx_word' id='word_1_594' title='bbox 2473 3349 2826 3413; x_wconf 71' lang='lat' dir='ltr'><strong>Abraham”,</strong></span> <span class='ocrx_word' id='word_1_595' title='bbox 2869 3351 3203 3403; x_wconf 78' lang='lat' dir='ltr'><strong>circmncisio</strong></span> <span class='ocrx_word' id='word_1_596' title='bbox 3253 3358 3305 3403; x_wconf 83' lang='lat' dir='ltr'><strong>et</strong></span> <span class='ocrx_word' id='word_1_597' title='bbox 3358 3358 3724 3404; x_wconf 77' lang='lat' dir='ltr'><strong>testamentum</strong></span> 
     </span>
    </p>
   </div>
   <div class='ocr_carea' id='block_1_79' title="bbox 2149 3439 3725 3509">
    <p class='ocr_par' dir='ltr' id='par_1_79' title="bbox 2149 3439 3725 3509">
     <span class='ocr_line' id='line_1_79' title="bbox 2149 3439 3725 3509; baseline 0.005 -21"><span class='ocrx_word' id='word_1_598' title='bbox 2149 3453 2321 3490; x_wconf 78' lang='lat' dir='ltr'><strong>meum</strong></span> <span class='ocrx_word' id='word_1_599' title='bbox 2354 3454 2509 3505; x_wconf 76' lang='lat' dir='ltr'><strong>super</strong></span> <span class='ocrx_word' id='word_1_600' title='bbox 2544 3456 2755 3492; x_wconf 83' lang='lat' dir='ltr'><strong>carnem</strong></span> <span class='ocrx_word' id='word_1_601' title='bbox 2787 3450 2957 3493; x_wconf 87' lang='lat' dir='ltr'><strong>tuam.</strong></span> <span class='ocrx_word' id='word_1_602' title='bbox 2992 3439 3048 3493; x_wconf 86' lang='lat' dir='ltr'><strong>Si</strong></span> <span class='ocrx_word' id='word_1_603' title='bbox 3080 3456 3214 3509; x_wconf 85' lang='lat' dir='ltr'><strong>ergo</strong></span> <span class='ocrx_word' id='word_1_604' title='bbox 3246 3440 3369 3493; x_wconf 80' lang='lat' dir='ltr'><strong>talis</strong></span> <span class='ocrx_word' id='word_1_605' title='bbox 3410 3440 3570 3495; x_wconf 76' lang='lat' dir='ltr'><strong>fuerit</strong></span> <span class='ocrx_word' id='word_1_606' title='bbox 3615 3443 3725 3496; x_wconf 86' lang='lat' dir='ltr'><strong>vita</strong></span> 
     </span>
    </p>
   </div>
   <div class='ocr_carea' id='block_1_80' title="bbox 2150 3529 3728 3602">
    <p class='ocr_par' dir='ltr' id='par_1_80' title="bbox 2150 3529 3728 3602">
     <span class='ocr_line' id='line_1_80' title="bbox 2150 3529 3728 3602; baseline 0.003 -20"><span class='ocrx_word' id='word_1_607' title='bbox 2150 3539 2360 3590; x_wconf 84' lang='lat' dir='ltr'><strong>nostra,</strong></span> <span class='ocrx_word' id='word_1_608' title='bbox 2396 3529 2467 3581; x_wconf 86' lang='lat' dir='ltr'><strong>ita</strong></span> <span class='ocrx_word' id='word_1_609' title='bbox 2500 3531 2753 3583; x_wconf 85' lang='lat' dir='ltr'><strong>omnibus</strong></span> <span class='ocrx_word' id='word_1_610' title='bbox 2800 3530 3064 3584; x_wconf 85' lang='lat' dir='ltr'><strong>membris</strong></span> <span class='ocrx_word' id='word_1_611' title='bbox 3110 3532 3377 3599; x_wconf 86' lang='lat' dir='ltr'><strong>quadrata</strong></span> <span class='ocrx_word' id='word_1_612' title='bbox 3427 3540 3480 3585; x_wconf 89' lang='lat' dir='ltr'><strong>et</strong></span> <span class='ocrx_word' id='word_1_613' title='bbox 3507 3546 3728 3602; x_wconf 80' lang='lat' dir='ltr'><strong>compo-</strong></span> 
     </span>
    </p>
   </div>
   <div class='ocr_carea' id='block_1_81' title="bbox 2147 3619 3724 3690">
    <p class='ocr_par' dir='ltr' id='par_1_81' title="bbox 2147 3619 3724 3690">
     <span class='ocr_line' id='line_1_81' title="bbox 2147 3619 3724 3690; baseline 0.001 -17"><span class='ocrx_word' id='word_1_614' title='bbox 2147 3620 2277 3681; x_wconf 89' lang='lat' dir='ltr'><strong>sita,</strong></span> <span class='ocrx_word' id='word_1_615' title='bbox 2309 3628 2366 3671; x_wconf 86' lang='lat' dir='ltr'><strong>ut</strong></span> <span class='ocrx_word' id='word_1_616' title='bbox 2404 3619 2638 3674; x_wconf 89' lang='lat' dir='ltr'><strong>universi</strong></span> <span class='ocrx_word' id='word_1_617' title='bbox 2677 3627 2858 3673; x_wconf 87' lang='lat' dir='ltr'><strong>motus</strong></span> <span class='ocrx_word' id='word_1_618' title='bbox 2908 3619 3079 3673; x_wconf 87' lang='lat' dir='ltr'><strong>nostri</strong></span> <span class='ocrx_word' id='word_1_619' title='bbox 3127 3619 3427 3674; x_wconf 85' lang='lat' dir='ltr'><strong>secundum</strong></span> <span class='ocrx_word' id='word_1_620' title='bbox 3453 3620 3546 3675; x_wconf 88' lang='lat' dir='ltr'><strong>Dei</strong></span> <span class='ocrx_word' id='word_1_621' title='bbox 3579 3623 3724 3690; x_wconf 84' lang='lat' dir='ltr'><strong>leges</strong></span> 
     </span>
    </p>
   </div>
   <div class='ocr_carea' id='block_1_82' title="bbox 2151 3712 3719 3797">
    <p class='ocr_par' dir='ltr' id='par_1_82' title="bbox 2151 3712 3719 3797">
     <span class='ocr_line' id='line_1_82' title="bbox 2151 3712 3719 3797; baseline 0.002 -34"><span class='ocrx_word' id='word_1_622' title='bbox 2151 3720 2409 3778; x_wconf 87' lang='lat' dir='ltr'><strong>agantur,</strong></span> <span class='ocrx_word' id='word_1_623' title='bbox 2446 3723 2574 3765; x_wconf 86' lang='lat' dir='ltr'><strong>vere</strong></span> <span class='ocrx_word' id='word_1_624' title='bbox 2617 3712 3131 3797; x_wconf 42' lang='lat' dir='ltr'><strong>testamentum‘Dei</strong></span> <span class='ocrx_word' id='word_1_625' title='bbox 3169 3713 3276 3765; x_wconf 90' lang='lat' dir='ltr'><strong>erit</strong></span> <span class='ocrx_word' id='word_1_626' title='bbox 3308 3727 3472 3779; x_wconf 88' lang='lat' dir='ltr'><strong>super</strong></span> <span class='ocrx_word' id='word_1_627' title='bbox 3497 3728 3719 3767; x_wconf 85' lang='lat' dir='ltr'><strong>carnem</strong></span> 
     </span>
    </p>
   </div>
   <div class='ocr_carea' id='block_1_83' title="bbox 2151 3800 3719 3871">
    <p class='ocr_par' dir='ltr' id='par_1_83' title="bbox 2151 3800 3719 3871">
     <span class='ocr_line' id='line_1_83' title="bbox 2151 3800 3719 3871; baseline 0.002 -16"><span class='ocrx_word' id='word_1_628' title='bbox 2151 3811 2419 3867; x_wconf 68' lang='lat' dir='ltr'><strong>nostram.</strong></span> <span class='ocrx_word' id='word_1_629' title='bbox 2469 3800 2594 3856; x_wconf 63' lang='lat' dir='ltr'><strong>Haec</strong></span> <span class='ocrx_word' id='word_1_630' title='bbox 2647 3803 2865 3871; x_wconf 82' lang='lat' dir='ltr'><strong>quidem</strong></span> <span class='ocrx_word' id='word_1_631' title='bbox 2916 3804 3154 3858; x_wconf 87' lang='lat' dir='ltr'><strong>breviter</strong></span> <span class='ocrx_word' id='word_1_632' title='bbox 3182 3818 3212 3857; x_wconf 85' lang='lat' dir='ltr'><strong>a</strong></span> <span class='ocrx_word' id='word_1_633' title='bbox 3258 3805 3415 3858; x_wconf 89' lang='lat' dir='ltr'><strong>nobis</strong></span> <span class='ocrx_word' id='word_1_634' title='bbox 3444 3805 3509 3858; x_wconf 88' lang='lat' dir='ltr'><strong>de</strong></span> <span class='ocrx_word' id='word_1_635' title='bbox 3556 3806 3719 3859; x_wconf 83' lang='lat' dir='ltr'><strong>veteri</strong></span> 
     </span>
    </p>
   </div>
   <div class='ocr_carea' id='block_1_84' title="bbox 2151 3895 3721 3964">
    <p class='ocr_par' dir='ltr' id='par_1_84' title="bbox 2151 3895 3721 3964">
     <span class='ocr_line' id='line_1_84' title="bbox 2151 3895 3721 3964; baseline 0 -15"><span class='ocrx_word' id='word_1_636' title='bbox 2151 3905 2473 3949; x_wconf 86' lang='lat' dir='ltr'><strong>testamento</strong></span> <span class='ocrx_word' id='word_1_637' title='bbox 2507 3905 2822 3949; x_wconf 85' lang='lat' dir='ltr'><strong>transcursa</strong></span> <span class='ocrx_word' id='word_1_638' title='bbox 2854 3896 2985 3963; x_wconf 85' lang='lat' dir='ltr'><strong>sint,</strong></span> <span class='ocrx_word' id='word_1_639' title='bbox 3029 3895 3095 3950; x_wconf 85' lang='lat' dir='ltr'><strong>ad</strong></span> <span class='ocrx_word' id='word_1_640' title='bbox 3120 3895 3487 3951; x_wconf 83' lang='lat' dir='ltr'><strong>confutantlos</strong></span> <span class='ocrx_word' id='word_1_641' title='bbox 3509 3911 3602 3950; x_wconf 86' lang='lat' dir='ltr'><strong>eos</strong></span> <span class='ocrx_word' id='word_1_642' title='bbox 3630 3899 3721 3964; x_wconf 90' lang='lat' dir='ltr'><strong>qui</strong></span> 
     </span>
    </p>
   </div>
   <div class='ocr_carea' id='block_1_85' title="bbox 2149 3984 3722 4064">
    <p class='ocr_par' dir='ltr' id='par_1_85' title="bbox 2149 3984 3722 4064">
     <span class='ocr_line' id='line_1_85' title="bbox 2149 3984 3722 4064; baseline 0.003 -26"><span class='ocrx_word' id='word_1_643' title='bbox 2149 3988 2201 4039; x_wconf 92' lang='lat' dir='ltr'><strong>in</strong></span> <span class='ocrx_word' id='word_1_644' title='bbox 2231 3985 2409 4037; x_wconf 84' lang='lat' dir='ltr'><strong>carnis</strong></span> <span class='ocrx_word' id='word_1_645' title='bbox 2439 3984 2861 4064; x_wconf 75' lang='lat' dir='ltr'><strong>circumcisione</strong></span> <span class='ocrx_word' id='word_1_646' title='bbox 2883 3985 3188 4051; x_wconf 79' lang='lat' dir='ltr'><strong>conﬁdunt,</strong></span> <span class='ocrx_word' id='word_1_647' title='bbox 3228 3986 3391 4042; x_wconf 89' lang='lat' dir='ltr'><strong>simul</strong></span> <span class='ocrx_word' id='word_1_648' title='bbox 3414 3996 3470 4042; x_wconf 90' lang='lat' dir='ltr'><strong>et</strong></span> <span class='ocrx_word' id='word_1_649' title='bbox 3509 3986 3577 4042; x_wconf 87' lang='lat' dir='ltr'><strong>ad</strong></span> <span class='ocrx_word' id='word_1_650' title='bbox 3618 3987 3722 4042; x_wconf 83' lang='lat' dir='ltr'><strong>Ec-</strong></span> 
     </span>
    </p>
   </div>
   <div class='ocr_carea' id='block_1_86' title="bbox 2145 4077 3012 4135">
    <p class='ocr_par' dir='ltr' id='par_1_86' title="bbox 2145 4077 3012 4135">
     <span class='ocr_line' id='line_1_86' title="bbox 2145 4077 3012 4135; baseline 0.002 -2"><span class='ocrx_word' id='word_1_651' title='bbox 2145 4082 2359 4134; x_wconf 85' lang='lat' dir='ltr'><strong>clesiatn</strong></span> <span class='ocrx_word' id='word_1_652' title='bbox 2381 4079 2591 4134; x_wconf 89' lang='lat' dir='ltr'><strong>Domini</strong></span> <span class='ocrx_word' id='word_1_653' title='bbox 2619 4077 3012 4135; x_wconf 77' lang='lat' dir='ltr'><strong>:edilicandam.</strong></span> 
     </span>
    </p>
   </div>
   <div class='ocr_carea' id='block_1_87' title="bbox 2174 4169 3721 4239">
    <p class='ocr_par' dir='ltr' id='par_1_87' title="bbox 2174 4169 3721 4239">
     <span class='ocr_line' id='line_1_87' title="bbox 2174 4169 3721 4239; baseline 0 -15"><span class='ocrx_word' id='word_1_654' title='bbox 2174 4226 2183 4237; x_wconf 65' lang='grc'><strong>,</strong></span> <span class='ocrx_word' id='word_1_655' title='bbox 2221 4172 2273 4225; x_wconf 85' lang='grc'><strong>7.</strong></span> <span class='ocrx_word' id='word_1_656' title='bbox 2308 4173 2414 4227; x_wconf 87' lang='lat' dir='ltr'><strong>Sed</strong></span> <span class='ocrx_word' id='word_1_657' title='bbox 2447 4174 2603 4226; x_wconf 89' lang='lat' dir='ltr'><strong>venio</strong></span> <span class='ocrx_word' id='word_1_658' title='bbox 2627 4172 2789 4224; x_wconf 86' lang='lat' dir='ltr'><strong>etiam</strong></span> <span class='ocrx_word' id='word_1_659' title='bbox 2814 4170 2881 4223; x_wconf 88' lang='lat' dir='ltr'><strong>ad</strong></span> <span class='ocrx_word' id='word_1_660' title='bbox 2910 4183 3106 4223; x_wconf 86' lang='lat' dir='ltr'><strong>novum</strong></span> <span class='ocrx_word' id='word_1_661' title='bbox 3134 4177 3513 4224; x_wconf 88' lang='lat' dir='ltr'><strong>testamentum</strong></span> <span class='ocrx_word' id='word_1_662' title='bbox 3534 4169 3585 4223; x_wconf 87' lang='lat' dir='ltr'><strong>in</strong></span> <span class='ocrx_word' id='word_1_663' title='bbox 3613 4185 3721 4239; x_wconf 87' lang='lat' dir='ltr'><strong>quo</strong></span> 
     </span>
    </p>
   </div>
   <div class='ocr_carea' id='block_1_88' title="bbox 2145 4261 3723 4335">
    <p class='ocr_par' dir='ltr' id='par_1_88' title="bbox 2145 4261 3723 4335">
     <span class='ocr_line' id='line_1_88' title="bbox 2145 4261 3723 4335; baseline -0.001 -16"><span class='ocrx_word' id='word_1_664' title='bbox 2145 4275 2230 4319; x_wconf 91' lang='lat' dir='ltr'><strong>est</strong></span> <span class='ocrx_word' id='word_1_665' title='bbox 2261 4264 2538 4335; x_wconf 86' lang='lat' dir='ltr'><strong>plenitudo</strong></span> <span class='ocrx_word' id='word_1_666' title='bbox 2567 4263 2834 4325; x_wconf 89' lang='lat' dir='ltr'><strong>omnium,</strong></span> <span class='ocrx_word' id='word_1_667' title='bbox 2860 4272 2917 4316; x_wconf 87' lang='lat' dir='ltr'><strong>et</strong></span> <span class='ocrx_word' id='word_1_668' title='bbox 2944 4261 3069 4316; x_wconf 90' lang='lat' dir='ltr'><strong>inde</strong></span> <span class='ocrx_word' id='word_1_669' title='bbox 3116 4263 3238 4317; x_wconf 89' lang='lat' dir='ltr'><strong>volo</strong></span> <span class='ocrx_word' id='word_1_670' title='bbox 3268 4266 3560 4318; x_wconf 86' lang='lat' dir='ltr'><strong>ostendere</strong></span> <span class='ocrx_word' id='word_1_671' title='bbox 3584 4278 3723 4331; x_wconf 84' lang='lat' dir='ltr'><strong>quo-</strong></span> 
     </span>
    </p>
   </div>
   <div class='ocr_carea' id='block_1_89' title="bbox 2146 4354 3720 4420">
    <p class='ocr_par' dir='ltr' id='par_1_89' title="bbox 2146 4354 3720 4420">
     <span class='ocr_line' id='line_1_89' title="bbox 2146 4354 3720 4420; baseline -0.002 -9"><span class='ocrx_word' id='word_1_672' title='bbox 2146 4358 2306 4411; x_wconf 87' lang='lat' dir='ltr'><strong>modo</strong></span> <span class='ocrx_word' id='word_1_673' title='bbox 2328 4367 2384 4411; x_wconf 91' lang='lat' dir='ltr'><strong>et</strong></span> <span class='ocrx_word' id='word_1_674' title='bbox 2422 4371 2517 4409; x_wconf 88' lang='lat' dir='ltr'><strong>nos</strong></span> <span class='ocrx_word' id='word_1_675' title='bbox 2547 4354 2818 4420; x_wconf 85' lang='lat' dir='ltr'><strong>possimus</strong></span> <span class='ocrx_word' id='word_1_676' title='bbox 2848 4364 3048 4406; x_wconf 88' lang='lat' dir='ltr'><strong>novum</strong></span> <span class='ocrx_word' id='word_1_677' title='bbox 3099 4361 3481 4408; x_wconf 86' lang='lat' dir='ltr'><strong>testamentum</strong></span> <span class='ocrx_word' id='word_1_678' title='bbox 3508 4354 3720 4408; x_wconf 89' lang='lat' dir='ltr'><strong>Domini</strong></span> 
     </span>
    </p>
   </div>
   <div class='ocr_carea' id='block_1_90' title="bbox 474 4436 3716 4532">
    <p class='ocr_par' dir='ltr' id='par_1_90' title="bbox 474 4436 3716 4532">
     <span class='ocr_line' id='line_1_90' title="bbox 474 4436 3716 4532; baseline 0.004 -43"><span class='ocrx_word' id='word_1_679' title='bbox 474 4436 697 4491; x_wconf 88' lang='lat' dir='ltr'><strong>odorem</strong></span> <span class='ocrx_word' id='word_1_680' title='bbox 732 4441 1019 4495; x_wconf 87' lang='lat' dir='ltr'><strong>suavitatis</strong></span> <span class='ocrx_word' id='word_1_681' title='bbox 1076 4445 1328 4513; x_wconf 87' lang='lat' dir='ltr'><strong>requirit,</strong></span> <span class='ocrx_word' id='word_1_682' title='bbox 1375 4446 1534 4516; x_wconf 79' lang='lat' dir='ltr'><strong>hujus</strong></span> <span class='ocrx_word' id='word_1_683' title='bbox 1576 4451 1903 4506; x_wconf 86' lang='lat' dir='ltr'><strong>circumcisa</strong></span> <span class='ocrx_word' id='word_1_684' title='bbox 1955 4463 2041 4507; x_wconf 87' lang='lat' dir='ltr'><strong>est</strong></span> <span class='ocrx_word' id='word_1_685' title='bbox 2073 4475 2117 4532; x_wconf 71' lang='grc' dir='ltr'><strong>ι)</strong></span> <span class='ocrx_word' id='word_1_686' title='bbox 2148 4452 2318 4509; x_wconf 89' lang='lat' dir='ltr'><strong>nostri</strong></span> <span class='ocrx_word' id='word_1_687' title='bbox 2352 4448 2479 4503; x_wconf 87' lang='lat' dir='ltr'><strong>.Iesu</strong></span> <span class='ocrx_word' id='word_1_688' title='bbox 2513 4446 2717 4501; x_wconf 89' lang='lat' dir='ltr'><strong>Christi</strong></span> <span class='ocrx_word' id='word_1_689' title='bbox 2752 4446 2955 4498; x_wconf 89' lang='lat' dir='ltr'><strong>habere</strong></span> <span class='ocrx_word' id='word_1_690' title='bbox 2982 4458 3147 4511; x_wconf 90' lang='lat' dir='ltr'><strong>super</strong></span> <span class='ocrx_word' id='word_1_691' title='bbox 3184 4461 3405 4501; x_wconf 82' lang='lat' dir='ltr'><strong>carnem</strong></span> <span class='ocrx_word' id='word_1_692' title='bbox 3448 4458 3716 4505; x_wconf 84' lang='lat' dir='ltr'><strong>nostrain.</strong></span> 
     </span>
    </p>
   </div>
   <div class='ocr_carea' id='block_1_91' title="bbox 473 4524 2043 4605">
    <p class='ocr_par' dir='ltr' id='par_1_91' title="bbox 473 4524 2043 4605">
     <span class='ocr_line' id='line_1_91' title="bbox 473 4524 2043 4605; baseline 0.012 -28"><span class='ocrx_word' id='word_1_693' title='bbox 473 4524 743 4579; x_wconf 86' lang='lat' dir='ltr'><strong>odoratio.</strong></span> <span class='ocrx_word' id='word_1_694' title='bbox 775 4526 875 4592; x_wconf 87' lang='lat' dir='ltr'><strong>Qui</strong></span> <span class='ocrx_word' id='word_1_695' title='bbox 918 4543 1046 4585; x_wconf 89' lang='lat' dir='ltr'><strong>vero</strong></span> <span class='ocrx_word' id='word_1_696' title='bbox 1087 4533 1279 4601; x_wconf 89' lang='lat' dir='ltr'><strong>primis</strong></span> <span class='ocrx_word' id='word_1_697' title='bbox 1318 4530 1611 4605; x_wconf 87' lang='lat' dir='ltr'><strong>unguentis</strong></span> <span class='ocrx_word' id='word_1_698' title='bbox 1652 4539 1923 4597; x_wconf 86' lang='lat' dir='ltr'><strong>delibutus</strong></span> <span class='ocrx_word' id='word_1_699' title='bbox 1966 4543 2043 4596; x_wconf 82' lang='lat' dir='ltr'><strong>in-</strong></span> 
     </span>
    </p>
   </div>
   <div class='ocr_carea' id='block_1_92' title="bbox 476 4616 2041 4690">
    <p class='ocr_par' dir='ltr' id='par_1_92' title="bbox 476 4616 2041 4690">
     <span class='ocr_line' id='line_1_92' title="bbox 476 4616 2041 4690; baseline 0.015 -23"><span class='ocrx_word' id='word_1_700' title='bbox 476 4616 641 4681; x_wconf 86' lang='lat' dir='ltr'><strong>cedit,</strong></span> <span class='ocrx_word' id='word_1_701' title='bbox 674 4618 774 4673; x_wconf 90' lang='lat' dir='ltr'><strong>iste</strong></span> <span class='ocrx_word' id='word_1_702' title='bbox 814 4622 1235 4681; x_wconf 87' lang='lat' dir='ltr'><strong>incircumcisus</strong></span> <span class='ocrx_word' id='word_1_703' title='bbox 1264 4627 1488 4681; x_wconf 89' lang='lat' dir='ltr'><strong>odoratu</strong></span> <span class='ocrx_word' id='word_1_704' title='bbox 1515 4629 1774 4686; x_wconf 88' lang='lat' dir='ltr'><strong>dicendus</strong></span> <span class='ocrx_word' id='word_1_705' title='bbox 1799 4643 1900 4688; x_wconf 89' lang='lat' dir='ltr'><strong>est.</strong></span> <span class='ocrx_word' id='word_1_706' title='bbox 1932 4635 2041 4690; x_wconf 88' lang='lat' dir='ltr'><strong>Sed</strong></span> 
     </span>
    </p>
   </div>
   <div class='ocr_carea' id='block_1_93' title="bbox 479 4708 2042 4783">
    <p class='ocr_par' dir='ltr' id='par_1_93' title="bbox 479 4708 2042 4783">
     <span class='ocr_line' id='line_1_93' title="bbox 479 4708 2042 4783; baseline 0.012 -23"><span class='ocrx_word' id='word_1_707' title='bbox 479 4716 535 4760; x_wconf 88' lang='lat' dir='ltr'><strong>et</strong></span> <span class='ocrx_word' id='word_1_708' title='bbox 572 4708 777 4775; x_wconf 82' lang='lat' dir='ltr'><strong>singula</strong></span> <span class='ocrx_word' id='word_1_709' title='bbox 826 4729 1059 4783; x_wconf 57' lang='lat' dir='ltr'><strong>quasque</strong></span> <span class='ocrx_word' id='word_1_710' title='bbox 1113 4720 1477 4775; x_wconf 81' lang='lat' dir='ltr'><strong>membrorum</strong></span> <span class='ocrx_word' id='word_1_711' title='bbox 1507 4722 1551 4776; x_wconf 92' lang='lat' dir='ltr'><strong>si</strong></span> <span class='ocrx_word' id='word_1_712' title='bbox 1586 4724 1639 4776; x_wconf 91' lang='lat' dir='ltr'><strong>in</strong></span> <span class='ocrx_word' id='word_1_713' title='bbox 1673 4722 1865 4781; x_wconf 85' lang='lat' dir='ltr'><strong>olliciis</strong></span> <span class='ocrx_word' id='word_1_714' title='bbox 1891 4742 2042 4780; x_wconf 85' lang='lat' dir='ltr'><strong>man-</strong></span> 
     </span>
    </p>
   </div>
   <div class='ocr_carea' id='block_1_94' title="bbox 478 4799 2041 4876">
    <p class='ocr_par' dir='ltr' id='par_1_94' title="bbox 478 4799 2041 4876">
     <span class='ocr_line' id='line_1_94' title="bbox 478 4799 2041 4876; baseline 0.015 -25"><span class='ocrx_word' id='word_1_715' title='bbox 478 4799 733 4855; x_wconf 87' lang='lat' dir='ltr'><strong>datorum</strong></span> <span class='ocrx_word' id='word_1_716' title='bbox 774 4805 863 4859; x_wconf 85' lang='lat' dir='ltr'><strong>Dei</strong></span> <span class='ocrx_word' id='word_1_717' title='bbox 897 4808 1227 4876; x_wconf 86' lang='lat' dir='ltr'><strong>deserviant,</strong></span> <span class='ocrx_word' id='word_1_718' title='bbox 1258 4813 1587 4868; x_wconf 83' lang='lat' dir='ltr'><strong>circumcisa</strong></span> <span class='ocrx_word' id='word_1_719' title='bbox 1622 4815 1850 4872; x_wconf 88' lang='lat' dir='ltr'><strong>dicenda</strong></span> <span class='ocrx_word' id='word_1_720' title='bbox 1892 4828 2041 4874; x_wconf 86' lang='lat' dir='ltr'><strong>sunt.</strong></span> 
     </span>
    </p>
   </div>
   <div class='ocr_carea' id='block_1_95' title="bbox 476 4891 2043 4973">
    <p class='ocr_par' dir='ltr' id='par_1_95' title="bbox 476 4891 2043 4973">
     <span class='ocr_line' id='line_1_95' title="bbox 476 4891 2043 4973; baseline 0.013 -28"><span class='ocrx_word' id='word_1_721' title='bbox 476 4891 533 4945; x_wconf 91' lang='lat' dir='ltr'><strong>Si</strong></span> <span class='ocrx_word' id='word_1_722' title='bbox 579 4906 706 4949; x_wconf 91' lang='lat' dir='ltr'><strong>vero</strong></span> <span class='ocrx_word' id='word_1_723' title='bbox 749 4897 887 4951; x_wconf 86' lang='lat' dir='ltr'><strong>ultra</strong></span> <span class='ocrx_word' id='word_1_724' title='bbox 922 4904 1271 4973; x_wconf 61' lang='lat' dir='ltr'><strong>praescriptas</strong></span> <span class='ocrx_word' id='word_1_725' title='bbox 1317 4906 1423 4961; x_wconf 79' lang='lat' dir='ltr'><strong>sibi</strong></span> <span class='ocrx_word' id='word_1_726' title='bbox 1454 4909 1715 4965; x_wconf 82' lang='lat' dir='ltr'><strong>divinitus</strong></span> <span class='ocrx_word' id='word_1_727' title='bbox 1763 4912 2043 4966; x_wconf 69' lang='lat' dir='ltr'><strong>luxuriant</strong></span> 
     </span>
    </p>
   </div>
   <div class='ocr_carea' id='block_1_96' title="bbox 545 4988 1925 5067">
    <p class='ocr_par' dir='ltr' id='par_1_96' title="bbox 545 4988 1925 5067">
     <span class='ocr_line' id='line_1_96' title="bbox 545 4988 1925 5067; baseline 0.015 -27"><span class='ocrx_word' id='word_1_728' title='bbox 545 4991 566 5021; x_wconf 79' lang='grc'><strong>⁸</strong></span> <span class='ocrx_word' id='word_1_729' title='bbox 592 4988 873 5067; x_wconf 37' lang='lat' dir='ltr'><strong>Matth},</strong></span> <span class='ocrx_word' id='word_1_730' title='bbox 905 4997 957 5050; x_wconf 89' lang='lat'><strong>8.</strong></span> <span class='ocrx_word' id='word_1_731' title='bbox 1030 4998 1078 5029; x_wconf 72' lang='grc' dir='ltr'><strong>⁸ο</strong></span> <span class='ocrx_word' id='word_1_732' title='bbox 1112 4999 1253 5053; x_wconf 86' lang='lat' dir='ltr'><strong>Psal.</strong></span> <span class='ocrx_word' id='word_1_733' title='bbox 1288 5017 1405 5067; x_wconf 80' lang='lat' dir='ltr'><strong>xm,</strong></span> <span class='ocrx_word' id='word_1_734' title='bbox 1433 5003 1485 5056; x_wconf 80' lang='grc'><strong>5.</strong></span> <span class='ocrx_word' id='word_1_735' title='bbox 1566 5005 1605 5035; x_wconf 80' lang='grc'>¹¹</span> <span class='ocrx_word' id='word_1_736' title='bbox 1634 5003 1774 5059; x_wconf 85' lang='lat' dir='ltr'><strong>Psal.</strong></span> <span class='ocrx_word' id='word_1_737' title='bbox 1813 5021 1850 5065; x_wconf 84' lang='grc' dir='ltr'><strong>ι,</strong></span> <span class='ocrx_word' id='word_1_738' title='bbox 1878 5009 1925 5062; x_wconf 80' lang='lat' dir='ltr'><strong>i.</strong></span> 
     </span>
    </p>
   </div>
   <div class='ocr_carea' id='block_1_97' title="bbox 2008 5003 2450 5067">
    <p class='ocr_par' dir='ltr' id='par_1_97' title="bbox 2008 5003 2450 5067">
     <span class='ocr_line' id='line_1_97' title="bbox 2008 5003 2450 5067; baseline -0.018 -4"><span class='ocrx_word' id='word_1_739' title='bbox 2008 5008 2090 5061; x_wconf 82' lang='lat' dir='ltr'><strong>“l</strong></span> <span class='ocrx_word' id='word_1_740' title='bbox 2123 5006 2249 5062; x_wconf 90' lang='lat' dir='ltr'><strong>Cor.</strong></span> <span class='ocrx_word' id='word_1_741' title='bbox 2279 5022 2334 5067; x_wconf 67' lang='grc' dir='ltr'><strong>κ,</strong></span> <span class='ocrx_word' id='word_1_742' title='bbox 2362 5003 2450 5057; x_wconf 75' lang='grc'><strong>51.</strong></span> 
     </span>
    </p>
   </div>
   <div class='ocr_carea' id='block_1_98' title="bbox 2147 4536 3716 4606">
    <p class='ocr_par' dir='ltr' id='par_1_98' title="bbox 2147 4536 3716 4606">
     <span class='ocr_line' id='line_1_98' title="bbox 2147 4536 3716 4606; baseline -0.002 -11"><span class='ocrx_word' id='word_1_743' title='bbox 2147 4540 2263 4595; x_wconf 82' lang='lat' dir='ltr'><strong>Non</strong></span> <span class='ocrx_word' id='word_1_744' title='bbox 2313 4541 2455 4594; x_wconf 88' lang='lat' dir='ltr'><strong>enim</strong></span> <span class='ocrx_word' id='word_1_745' title='bbox 2490 4536 2697 4591; x_wconf 86' lang='lat' dir='ltr'><strong>sul&#39;licit</strong></span> <span class='ocrx_word' id='word_1_746' title='bbox 2728 4536 2844 4591; x_wconf 87' lang='lat' dir='ltr'><strong>solo</strong></span> <span class='ocrx_word' id='word_1_747' title='bbox 2878 4537 3101 4593; x_wconf 87' lang='lat' dir='ltr'><strong>nomine</strong></span> <span class='ocrx_word' id='word_1_748' title='bbox 3146 4550 3200 4593; x_wconf 91' lang='lat' dir='ltr'><strong>et</strong></span> <span class='ocrx_word' id='word_1_749' title='bbox 3244 4540 3411 4593; x_wconf 87' lang='lat' dir='ltr'><strong>verbo</strong></span> <span class='ocrx_word' id='word_1_750' title='bbox 3439 4540 3553 4594; x_wconf 62' lang='lat' dir='ltr'><strong>haec</strong></span> <span class='ocrx_word' id='word_1_751' title='bbox 3589 4542 3716 4606; x_wconf 88' lang='lat' dir='ltr'><strong>dici,</strong></span> 
     </span>
    </p>
   </div>
   <div class='ocr_carea' id='block_1_99' title="bbox 2147 4631 3727 4704">
    <p class='ocr_par' dir='ltr' id='par_1_99' title="bbox 2147 4631 3727 4704">
     <span class='ocr_line' id='line_1_99' title="bbox 2147 4631 3727 4704; baseline -0.001 -16"><span class='ocrx_word' id='word_1_752' title='bbox 2147 4634 2239 4688; x_wconf 88' lang='lat' dir='ltr'><strong>sed</strong></span> <span class='ocrx_word' id='word_1_753' title='bbox 2281 4633 2441 4686; x_wconf 81' lang='lat' dir='ltr'><strong>rebus</strong></span> <span class='ocrx_word' id='word_1_754' title='bbox 2494 4637 2712 4698; x_wconf 90' lang='lat' dir='ltr'><strong>oportet</strong></span> <span class='ocrx_word' id='word_1_755' title='bbox 2750 4631 2987 4699; x_wconf 85' lang='lat' dir='ltr'><strong>impleri.</strong></span> <span class='ocrx_word' id='word_1_756' title='bbox 3042 4632 3282 4689; x_wconf 83' lang='lat' dir='ltr'><strong>Joannes</strong></span> <span class='ocrx_word' id='word_1_757' title='bbox 3332 4633 3532 4704; x_wconf 85' lang='lat' dir='ltr'><strong>quippe</strong></span> <span class='ocrx_word' id='word_1_758' title='bbox 3597 4647 3727 4702; x_wconf 85' lang='lat' dir='ltr'><strong>apo-</strong></span> 
     </span>
    </p>
   </div>
   <div class='ocr_carea' id='block_1_100' title="bbox 2144 4720 3717 4793">
    <p class='ocr_par' dir='ltr' id='par_1_100' title="bbox 2144 4720 3717 4793">
     <span class='ocr_line' id='line_1_100' title="bbox 2144 4720 3717 4793; baseline -0.002 -15"><span class='ocrx_word' id='word_1_759' title='bbox 2144 4725 2315 4778; x_wconf 88' lang='lat' dir='ltr'><strong>stolus</strong></span> <span class='ocrx_word' id='word_1_760' title='bbox 2340 4723 2469 4777; x_wconf 89' lang='lat' dir='ltr'><strong>dicit</strong></span> <span class='ocrx_word' id='word_1_761' title='bbox 2490 4721 2531 4752; x_wconf 82' lang='grc'><strong>¹⁹</strong></span> <span class='ocrx_word' id='word_1_762' title='bbox 2558 4737 2572 4775; x_wconf 93' lang='lat'><strong>:</strong></span> <span class='ocrx_word' id='word_1_763' title='bbox 2601 4720 2786 4777; x_wconf 82' lang='lat' dir='ltr'><strong>Omnis</strong></span> <span class='ocrx_word' id='word_1_764' title='bbox 2812 4723 3027 4790; x_wconf 83' lang='lat' dir='ltr'><strong>spiritus</strong></span> <span class='ocrx_word' id='word_1_765' title='bbox 3068 4726 3157 4793; x_wconf 84' lang='lat' dir='ltr'><strong>qui</strong></span> <span class='ocrx_word' id='word_1_766' title='bbox 3206 4726 3488 4793; x_wconf 79' lang='lat' dir='ltr'><strong>conﬁtetur</strong></span> <span class='ocrx_word' id='word_1_767' title='bbox 3531 4724 3717 4777; x_wconf 78' lang='lat' dir='ltr'><strong>Jesum</strong></span> 
     </span>
    </p>
   </div>
   <div class='ocr_carea' id='block_1_101' title="bbox 2145 4815 3715 4885">
    <p class='ocr_par' dir='ltr' id='par_1_101' title="bbox 2145 4815 3715 4885">
     <span class='ocr_line' id='line_1_101' title="bbox 2145 4815 3715 4885; baseline -0.001 -14"><span class='ocrx_word' id='word_1_768' title='bbox 2145 4820 2200 4871; x_wconf 90' lang='lat' dir='ltr'><strong>in</strong></span> <span class='ocrx_word' id='word_1_769' title='bbox 2233 4831 2387 4872; x_wconf 73' lang='lat' dir='ltr'><strong>carne</strong></span> <span class='ocrx_word' id='word_1_770' title='bbox 2426 4815 2644 4883; x_wconf 79' lang='lat' dir='ltr'><strong>venisse,</strong></span> <span class='ocrx_word' id='word_1_771' title='bbox 2673 4832 2705 4868; x_wconf 77' lang='grc' dir='ltr'><em>α</em></span> <span class='ocrx_word' id='word_1_772' title='bbox 2732 4816 2841 4870; x_wconf 86' lang='lat' dir='ltr'><strong>Deo</strong></span> <span class='ocrx_word' id='word_1_773' title='bbox 2880 4829 2981 4871; x_wconf 82' lang='lat' dir='ltr'><strong>est.</strong></span> <span class='ocrx_word' id='word_1_774' title='bbox 3014 4818 3155 4884; x_wconf 76' lang='lat' dir='ltr'><strong>Quid</strong></span> <span class='ocrx_word' id='word_1_775' title='bbox 3211 4818 3375 4885; x_wconf 85' lang='lat' dir='ltr'><strong>ergo?</strong></span> <span class='ocrx_word' id='word_1_776' title='bbox 3397 4816 3452 4868; x_wconf 88' lang='lat' dir='ltr'><strong>Si</strong></span> <span class='ocrx_word' id='word_1_777' title='bbox 3482 4830 3715 4884; x_wconf 81' lang='lat' dir='ltr'><strong>peccans</strong></span> 
     </span>
    </p>
   </div>
   <div class='ocr_carea' id='block_1_102' title="bbox 2147 4905 3712 4980">
    <p class='ocr_par' dir='ltr' id='par_1_102' title="bbox 2147 4905 3712 4980">
     <span class='ocr_line' id='line_1_102' title="bbox 2147 4905 3712 4980; baseline -0.003 -17"><span class='ocrx_word' id='word_1_778' title='bbox 2147 4911 2288 4980; x_wconf 88' lang='lat' dir='ltr'><strong>quis,</strong></span> <span class='ocrx_word' id='word_1_779' title='bbox 2329 4917 2502 4963; x_wconf 86' lang='lat' dir='ltr'><strong>etnon</strong></span> <span class='ocrx_word' id='word_1_780' title='bbox 2535 4917 2682 4961; x_wconf 91' lang='lat' dir='ltr'><strong>recte</strong></span> <span class='ocrx_word' id='word_1_781' title='bbox 2704 4922 2869 4977; x_wconf 89' lang='lat' dir='ltr'><strong>agens</strong></span> <span class='ocrx_word' id='word_1_782' title='bbox 2895 4908 3226 4961; x_wconf 82' lang='lat' dir='ltr'><strong>conﬁteatur</strong></span> <span class='ocrx_word' id='word_1_783' title='bbox 3255 4905 3436 4960; x_wconf 78' lang='lat' dir='ltr'><strong>Jesmn</strong></span> <span class='ocrx_word' id='word_1_784' title='bbox 3469 4906 3521 4960; x_wconf 91' lang='lat' dir='ltr'><strong>in</strong></span> <span class='ocrx_word' id='word_1_785' title='bbox 3553 4921 3712 4959; x_wconf 87' lang='lat' dir='ltr'><strong>carne</strong></span> 
     </span>
    </p>
   </div>
   <div class='ocr_carea' id='block_1_103' title="bbox 2532 4997 3716 5066">
    <p class='ocr_par' dir='ltr' id='par_1_103' title="bbox 2532 4997 3716 5066">
     <span class='ocr_line' id='line_1_103' title="bbox 2532 4997 3716 5066; baseline -0.002 -11"><span class='ocrx_word' id='word_1_786' title='bbox 2532 5002 2572 5033; x_wconf 79' lang='grc'><strong>’³</strong></span> <span class='ocrx_word' id='word_1_787' title='bbox 2608 5001 2746 5059; x_wconf 84' lang='lat' dir='ltr'><strong>Phil.</strong></span> <span class='ocrx_word' id='word_1_788' title='bbox 2777 5017 2853 5064; x_wconf 85' lang='lat' dir='ltr'><strong>in,</strong></span> <span class='ocrx_word' id='word_1_789' title='bbox 2886 5002 2973 5057; x_wconf 75' lang='grc'><strong>19.</strong></span> <span class='ocrx_word' id='word_1_790' title='bbox 3049 5002 3091 5033; x_wconf 62' lang='grc' dir='ltr'><strong>ιδ</strong></span> <span class='ocrx_word' id='word_1_791' title='bbox 3113 5000 3269 5056; x_wconf 77' lang='lat' dir='ltr'><strong>Rom.</strong></span> <span class='ocrx_word' id='word_1_792' title='bbox 3294 5012 3371 5066; x_wconf 79' lang='lat' dir='ltr'><strong>vr,</strong></span> <span class='ocrx_word' id='word_1_793' title='bbox 3392 5000 3481 5055; x_wconf 79' lang='lat' dir='ltr'><strong>l9.</strong></span> <span class='ocrx_word' id='word_1_794' title='bbox 3560 5000 3600 5032; x_wconf 80' lang='grc'><strong>¹⁵</strong></span> <span class='ocrx_word' id='word_1_795' title='bbox 3626 4997 3716 5053; x_wconf 70' lang='grc' dir='ltr'><strong>ιυ-</strong></span> 
     </span>
    </p>
   </div>
   <div class='ocr_carea' id='block_1_104' title="bbox 473 5048 2048 5140">
    <p class='ocr_par' dir='ltr' id='par_1_104' title="bbox 473 5048 2048 5138">
     <span class='ocr_line' id='line_1_104' title="bbox 473 5048 2048 5138; baseline 0.013 -24"><span class='ocrx_word' id='word_1_796' title='bbox 473 5074 567 5115; x_wconf 89' lang='lat' dir='ltr'><strong>sue</strong></span> <span class='ocrx_word' id='word_1_797' title='bbox 593 5072 645 5115; x_wconf 66' lang='grc' dir='ltr'><strong>ν.</strong></span> <span class='ocrx_word' id='word_1_798' title='bbox 726 5048 781 5093; x_wconf 32' lang='lat'><strong>“5&#39;</strong></span> <span class='ocrx_word' id='word_1_799' title='bbox 796 5048 960 5123; x_wconf 57' lang='lat' dir='ltr'><strong>nini-1</strong></span> <span class='ocrx_word' id='word_1_800' title='bbox 986 5082 1059 5131; x_wconf 75' lang='lat' dir='ltr'><strong>iv,</strong></span> <span class='ocrx_word' id='word_1_801' title='bbox 1091 5048 1515 5127; x_wconf 34' lang='lat' dir='ltr'><strong>{ir—&quot;uiil&#39;dtili.</strong></span> <span class='ocrx_word' id='word_1_802' title='bbox 1544 5091 1601 5138; x_wconf 84' lang='lat' dir='ltr'><strong>x,</strong></span> <span class='ocrx_word' id='word_1_803' title='bbox 1628 5048 1774 5130; x_wconf 54' lang='grc' dir='ltr'><em>Π</em></span> <span class='ocrx_word' id='word_1_804' title='bbox 1794 5048 2048 5136; x_wconf 53' lang='grc' dir='ltr'><strong>’δ’ἀὲιιθε.</strong></span> 
     </span>
    </p>
   </div>
   <div class='ocr_carea' id='block_1_105' title="bbox 2156 5048 2862 5140">
    <p class='ocr_par' dir='ltr' id='par_1_105' title="bbox 2156 5048 2862 5140">
     <span class='ocr_line' id='line_1_105' title="bbox 2156 5048 2862 5140; baseline -0.008 -9"><span class='ocrx_word' id='word_1_805' title='bbox 2396 5075 2436 5105; x_wconf 83' lang='grc'><strong>¹⁹</strong></span> <span class='ocrx_word' id='word_1_806' title='bbox 2464 5070 2483 5124; x_wconf 90' lang='lat' dir='ltr'><strong>l</strong></span> <span class='ocrx_word' id='word_1_807' title='bbox 2511 5070 2669 5126; x_wconf 84' lang='lat' dir='ltr'><strong>Joan.</strong></span> <span class='ocrx_word' id='word_1_808' title='bbox 2700 5088 2775 5135; x_wconf 88' lang='lat' dir='ltr'><strong>tv,</strong></span> <span class='ocrx_word' id='word_1_809' title='bbox 2808 5048 2862 5125; x_wconf 63' lang='grc' dir='ltr'><strong>ε’.</strong></span> 
     </span>
    </p>
   </div>
   <div class='ocr_carea' id='block_1_106' title="bbox 477 5152 2036 5237">
    <p class='ocr_par' dir='ltr' id='par_1_106' title="bbox 477 5152 2036 5237">
     <span class='ocr_line' id='line_1_106' title="bbox 477 5152 2036 5237; baseline 0.013 -34"><span class='ocrx_word' id='word_1_810' title='bbox 581 5155 734 5206; x_wconf 88' lang='lat' dir='ltr'><strong>docet</strong></span> <span class='ocrx_word' id='word_1_811' title='bbox 771 5155 1018 5237; x_wconf 69' lang='lat' dir='ltr'><strong>pluribus</strong></span> <span class='ocrx_word' id='word_1_812' title='bbox 1040 5160 1091 5212; x_wconf 91' lang='lat' dir='ltr'><strong>in</strong></span> <span class='ocrx_word' id='word_1_813' title='bbox 1127 5160 1265 5237; x_wconf 76' lang='lat' dir='ltr'><strong>locis</strong></span> <span class='ocrx_word' id='word_1_814' title='bbox 1287 5164 1653 5237; x_wconf 62' lang='lat' dir='ltr'><strong>Augustinus.</strong></span> <span class='ocrx_word' id='word_1_815' title='bbox 1674 5168 1769 5221; x_wconf 88' lang='lat' dir='ltr'><strong>sed</strong></span> <span class='ocrx_word' id='word_1_816' title='bbox 1807 5184 2036 5237; x_wconf 71' lang='lat' dir='ltr'><strong>praiser-</strong></span> 
     </span>
    </p>
   </div>
   <div class='ocr_carea' id='block_1_107' title="bbox 479 5225 2032 5301">
    <p class='ocr_par' dir='ltr' id='par_1_107' title="bbox 479 5225 2032 5301">
     <span class='ocr_line' id='line_1_107' title="bbox 479 5225 2032 5301; baseline 0.01 -28"><span class='ocrx_word' id='word_1_817' title='bbox 479 5225 569 5274; x_wconf 89' lang='lat' dir='ltr'><strong>tim</strong></span> <span class='ocrx_word' id='word_1_818' title='bbox 596 5238 761 5301; x_wconf 61' lang='lat' dir='ltr'><strong>serui.</strong></span> <span class='ocrx_word' id='word_1_819' title='bbox 802 5225 862 5301; x_wconf 56' lang='grc' dir='ltr'>ξι</span> <span class='ocrx_word' id='word_1_820' title='bbox 905 5227 971 5281; x_wconf 88' lang='lat' dir='ltr'><strong>de</strong></span> <span class='ocrx_word' id='word_1_821' title='bbox 1001 5233 1305 5301; x_wconf 78' lang='lat' dir='ltr'><strong>concordia</strong></span> <span class='ocrx_word' id='word_1_822' title='bbox 1336 5225 1524 5289; x_wconf 54' lang='lat' dir='ltr'><strong>M-ntth.</strong></span> <span class='ocrx_word' id='word_1_823' title='bbox 1555 5245 1607 5288; x_wconf 86' lang='lat' dir='ltr'><strong>et</strong></span> <span class='ocrx_word' id='word_1_824' title='bbox 1637 5236 1769 5291; x_wconf 82' lang='lat' dir='ltr'><strong>Luc.</strong></span> <span class='ocrx_word' id='word_1_825' title='bbox 1807 5225 1941 5294; x_wconf 71' lang='lat' dir='ltr'><strong>iom.</strong></span> <span class='ocrx_word' id='word_1_826' title='bbox 1972 5236 2032 5301; x_wconf 81' lang='grc' dir='ltr'><strong>ν,</strong></span> 
     </span>
    </p>
   </div>
   <div class='ocr_carea' id='block_1_108' title="bbox 477 5292 2036 5375">
    <p class='ocr_par' dir='ltr' id='par_1_108' title="bbox 477 5292 2036 5375">
     <span class='ocr_line' id='line_1_108' title="bbox 477 5292 2036 5375; baseline 0.012 -33"><span class='ocrx_word' id='word_1_827' title='bbox 477 5292 745 5375; x_wconf 76' lang='lat' dir='ltr'><strong>pag.</strong></span> <span class='ocrx_word' id='word_1_828' title='bbox 793 5294 1045 5364; x_wconf 82' lang='lat' dir='ltr'><strong>Nunquid</strong></span> <span class='ocrx_word' id='word_1_829' title='bbox 1076 5303 1174 5353; x_wconf 76' lang='lat' dir='ltr'><strong>liae</strong></span> <span class='ocrx_word' id='word_1_830' title='bbox 1222 5318 1324 5375; x_wconf 84' lang='lat' dir='ltr'><strong>non</strong></span> <span class='ocrx_word' id='word_1_831' title='bbox 1373 5316 1445 5355; x_wconf 80' lang='lat' dir='ltr'><strong>est</strong></span> <span class='ocrx_word' id='word_1_832' title='bbox 1496 5322 1786 5371; x_wconf 82' lang='lat' dir='ltr'><strong>peccatum,</strong></span> <span class='ocrx_word' id='word_1_833' title='bbox 1814 5292 2036 5375; x_wconf 73' lang='lat' dir='ltr'><strong>amplius</strong></span> 
     </span>
    </p>
   </div>
   <div class='ocr_carea' id='block_1_109' title="bbox 473 5363 2031 5444">
    <p class='ocr_par' dir='ltr' id='par_1_109' title="bbox 473 5363 2031 5444">
     <span class='ocr_line' id='line_1_109' title="bbox 473 5363 2031 5444; baseline 0.011 -31"><span class='ocrx_word' id='word_1_834' title='bbox 473 5376 630 5426; x_wconf 78' lang='lat' dir='ltr'><strong>quam</strong></span> <span class='ocrx_word' id='word_1_835' title='bbox 664 5363 941 5443; x_wconf 72' lang='lat' dir='ltr'><strong>liberorum</strong></span> <span class='ocrx_word' id='word_1_836' title='bbox 965 5374 1403 5444; x_wconf 63' lang='lat' dir='ltr'><strong>procreandorum</strong></span> <span class='ocrx_word' id='word_1_837' title='bbox 1434 5363 1715 5427; x_wconf 71' lang='lat' dir='ltr'><strong>necessitas</strong></span> <span class='ocrx_word' id='word_1_838' title='bbox 1734 5363 2031 5444; x_wconf 48' lang='lat' dir='ltr'><strong>cogit,&#39;e.1:i~</strong></span> 
     </span>
    </p>
   </div>
   <div class='ocr_carea' id='block_1_110' title="bbox 473 5438 2037 5511">
    <p class='ocr_par' dir='ltr' id='par_1_110' title="bbox 473 5438 2037 5511">
     <span class='ocr_line' id='line_1_110' title="bbox 473 5438 2037 5511; baseline 0.012 -31"><span class='ocrx_word' id='word_1_839' title='bbox 473 5446 591 5511; x_wconf 76' lang='lat' dir='ltr'><strong>gere</strong></span> <span class='ocrx_word' id='word_1_840' title='bbox 620 5448 653 5511; x_wconf 56' lang='grc' dir='ltr'><strong>ις</strong></span> <span class='ocrx_word' id='word_1_841' title='bbox 686 5438 908 5511; x_wconf 59' lang='grc' dir='ltr'><strong>ερςςρςιᾳε</strong></span> <span class='ocrx_word' id='word_1_842' title='bbox 961 5438 1236 5494; x_wconf 83' lang='lat' dir='ltr'><strong>debitum?</strong></span> <span class='ocrx_word' id='word_1_843' title='bbox 1271 5443 1363 5493; x_wconf 68' lang='grc' dir='ltr'><strong>Εδι</strong></span> <span class='ocrx_word' id='word_1_844' title='bbox 1388 5444 1598 5509; x_wconf 80' lang='lat' dir='ltr'><strong>quidem</strong></span> <span class='ocrx_word' id='word_1_845' title='bbox 1627 5438 1918 5511; x_wconf 63' lang='lat' dir='ltr'><strong>peccatum,</strong></span> <span class='ocrx_word' id='word_1_846' title='bbox 1948 5447 2037 5499; x_wconf 78' lang='lat' dir='ltr'><strong>sed</strong></span> 
     </span>
    </p>
   </div>
   <div class='ocr_carea' id='block_1_111' title="bbox 475 5499 2034 5583">
    <p class='ocr_par' dir='ltr' id='par_1_111' title="bbox 475 5499 2034 5583">
     <span class='ocr_line' id='line_1_111' title="bbox 475 5499 2034 5583; baseline 0.015 -34"><span class='ocrx_word' id='word_1_847' title='bbox 475 5500 692 5583; x_wconf 49' lang='lat' dir='ltr'><strong>pergula.</strong></span> <span class='ocrx_word' id='word_1_848' title='bbox 728 5499 857 5583; x_wconf 69' lang='lat' dir='ltr'><strong>Vide</strong></span> <span class='ocrx_word' id='word_1_849' title='bbox 887 5512 1146 5583; x_wconf 71' lang='lat' dir='ltr'><strong>eumdem</strong></span> <span class='ocrx_word' id='word_1_850' title='bbox 1182 5499 1432 5583; x_wconf 69' lang='lat' dir='ltr'><strong>sermone</strong></span> <span class='ocrx_word' id='word_1_851' title='bbox 1476 5513 1603 5573; x_wconf 72' lang='lat'><strong>278,</strong></span> <span class='ocrx_word' id='word_1_852' title='bbox 1627 5499 1781 5568; x_wconf 57' lang='lat' dir='ltr'><strong>&#39;tom.</strong></span> <span class='ocrx_word' id='word_1_853' title='bbox 1817 5516 1880 5577; x_wconf 75' lang='grc' dir='ltr'>γ,</span> <span class='ocrx_word' id='word_1_854' title='bbox 1906 5499 2034 5583; x_wconf 73' lang='lat' dir='ltr'><strong>pag.</strong></span> 
     </span>
    </p>
   </div>
   <div class='ocr_carea' id='block_1_112' title="bbox 476 5566 2031 5651">
    <p class='ocr_par' dir='ltr' id='par_1_112' title="bbox 476 5566 2031 5651">
     <span class='ocr_line' id='line_1_112' title="bbox 476 5566 2031 5651; baseline 0.01 -28"><span class='ocrx_word' id='word_1_855' title='bbox 476 5566 731 5651; x_wconf 27' lang='grc' dir='ltr'><strong>κῆδε-ῃ),</strong></span> <span class='ocrx_word' id='word_1_856' title='bbox 762 5568 912 5651; x_wconf 52' lang='grc' dir='ltr'><strong>ξηρή</strong></span> <span class='ocrx_word' id='word_1_857' title='bbox 935 5577 1072 5651; x_wconf 67' lang='lat' dir='ltr'><strong>ridio</strong></span> <span class='ocrx_word' id='word_1_858' title='bbox 1106 5577 1175 5651; x_wconf 75' lang='lat' dir='ltr'><strong>de</strong></span> <span class='ocrx_word' id='word_1_859' title='bbox 1205 5578 1329 5640; x_wconf 77' lang='lat' dir='ltr'><strong>ﬁde,</strong></span> <span class='ocrx_word' id='word_1_860' title='bbox 1360 5596 1448 5646; x_wconf 83' lang='lat' dir='ltr'><strong>spe</strong></span> <span class='ocrx_word' id='word_1_861' title='bbox 1488 5592 1536 5634; x_wconf 87' lang='lat' dir='ltr'><strong>et</strong></span> <span class='ocrx_word' id='word_1_862' title='bbox 1573 5566 1928 5647; x_wconf 49' lang='grc' dir='ltr'><strong>έιωτετάωζιῖ</strong></span> 
     </span>
    </p>
   </div>
   <div class='ocr_carea' id='block_1_113' title="bbox 477 5639 2028 5723">
    <p class='ocr_par' dir='ltr' id='par_1_113' title="bbox 477 5639 2028 5723">
     <span class='ocr_line' id='line_1_113' title="bbox 477 5639 2028 5723; baseline 0.015 -37"><span class='ocrx_word' id='word_1_863' title='bbox 477 5652 595 5723; x_wconf 65' lang='lat' dir='ltr'><strong>pag.</strong></span> <span class='ocrx_word' id='word_1_864' title='bbox 628 5639 752 5719; x_wconf 60' lang='lat'><strong>226,</strong></span> <span class='ocrx_word' id='word_1_865' title='bbox 794 5641 931 5723; x_wconf 72' lang='lat' dir='ltr'><strong>libro</strong></span> <span class='ocrx_word' id='word_1_866' title='bbox 977 5645 1055 5698; x_wconf 89' lang='lat' dir='ltr'><strong>De</strong></span> <span class='ocrx_word' id='word_1_867' title='bbox 1098 5648 1230 5699; x_wconf 86' lang='lat' dir='ltr'><strong>bono</strong></span> <span class='ocrx_word' id='word_1_868' title='bbox 1258 5639 1583 5723; x_wconf 37' lang='lat' dir='ltr'><strong>runt-iuguli,</strong></span> <span class='ocrx_word' id='word_1_869' title='bbox 1600 5668 1754 5720; x_wconf 84' lang='lat' dir='ltr'><strong>capp.</strong></span> <span class='ocrx_word' id='word_1_870' title='bbox 1787 5639 1900 5708; x_wconf 70' lang='lat' dir='ltr'><strong>(iet</strong></span> <span class='ocrx_word' id='word_1_871' title='bbox 1934 5639 2028 5717; x_wconf 77' lang='grc' dir='ltr'><strong>1οξ</strong></span> 
     </span>
    </p>
   </div>
   <div class='ocr_carea' id='block_1_114' title="bbox 477 5708 2032 5785">
    <p class='ocr_par' dir='ltr' id='par_1_114' title="bbox 477 5708 2032 5785">
     <span class='ocr_line' id='line_1_114' title="bbox 477 5708 2032 5785; baseline 0.011 -24"><span class='ocrx_word' id='word_1_872' title='bbox 477 5708 795 5779; x_wconf 75' lang='lat' dir='ltr'><strong>Gregorium</strong></span> <span class='ocrx_word' id='word_1_873' title='bbox 848 5712 1097 5783; x_wconf 78' lang='lat' dir='ltr'><strong>Magnum</strong></span> <span class='ocrx_word' id='word_1_874' title='bbox 1162 5715 1343 5772; x_wconf 88' lang='lat' dir='ltr'><strong>multis</strong></span> <span class='ocrx_word' id='word_1_875' title='bbox 1380 5708 1640 5785; x_wconf 37' lang='lat' dir='ltr'><strong>iitvloc&#39;is,</strong></span> <span class='ocrx_word' id='word_1_876' title='bbox 1668 5708 1761 5775; x_wconf 70' lang='lat' dir='ltr'><strong>&#39;séo</strong></span> <span class='ocrx_word' id='word_1_877' title='bbox 1797 5708 2032 5778; x_wconf 74' lang='lat' dir='ltr'><strong>maxime</strong></span> 
     </span>
    </p>
   </div>
   <div class='ocr_carea' id='block_1_115' title="bbox 2142 5157 3708 5232">
    <p class='ocr_par' dir='ltr' id='par_1_115' title="bbox 2142 5157 3708 5232">
     <span class='ocr_line' id='line_1_115' title="bbox 2142 5157 3708 5232; baseline -0.005 -11"><span class='ocrx_word' id='word_1_878' title='bbox 2142 5167 2302 5222; x_wconf 88' lang='lat' dir='ltr'><strong>tertia</strong></span> <span class='ocrx_word' id='word_1_879' title='bbox 2337 5173 2491 5232; x_wconf 85' lang='lat' dir='ltr'><strong>parte</strong></span> <span class='ocrx_word' id='word_1_880' title='bbox 2544 5163 2838 5217; x_wconf 78' lang='lat' dir='ltr'><strong>Pastoralis</strong></span> <span class='ocrx_word' id='word_1_881' title='bbox 2886 5179 3047 5225; x_wconf 69' lang='lat' dir='ltr'><strong>cure,</strong></span> <span class='ocrx_word' id='word_1_882' title='bbox 3081 5160 3453 5232; x_wconf 80' lang='lat' dir='ltr'><strong>admonitione</strong></span> <span class='ocrx_word' id='word_1_883' title='bbox 3476 5159 3545 5215; x_wconf 75' lang='lat'><strong>28</strong></span> <span class='ocrx_word' id='word_1_884' title='bbox 3580 5157 3708 5215; x_wconf 81' lang='lat' dir='ltr'><strong>:Jo-</strong></span> 
     </span>
    </p>
   </div>
   <div class='ocr_carea' id='block_1_116' title="bbox 2141 5228 3709 5300">
    <p class='ocr_par' dir='ltr' id='par_1_116' title="bbox 2141 5228 3709 5300">
     <span class='ocr_line' id='line_1_116' title="bbox 2141 5228 3709 5300; baseline -0.004 -11"><span class='ocrx_word' id='word_1_885' title='bbox 2141 5254 2263 5290; x_wconf 85' lang='lat' dir='ltr'><strong>nam</strong></span> <span class='ocrx_word' id='word_1_886' title='bbox 2301 5228 2745 5288; x_wconf 35' lang='lat' dir='ltr'><strong>A—ureliaiicnsein</strong></span> <span class='ocrx_word' id='word_1_887' title='bbox 2794 5234 3104 5300; x_wconf 85' lang='lat' dir='ltr'><strong>episcopum</strong></span> <span class='ocrx_word' id='word_1_888' title='bbox 3146 5228 3238 5283; x_wconf 86' lang='lat' dir='ltr'><strong>lib.</strong></span> <span class='ocrx_word' id='word_1_889' title='bbox 3282 5247 3315 5283; x_wconf 91' lang='lat' dir='ltr'><strong>ll</strong></span> <span class='ocrx_word' id='word_1_890' title='bbox 3370 5232 3444 5285; x_wconf 80' lang='lat' dir='ltr'><strong>[Ie</strong></span> <span class='ocrx_word' id='word_1_891' title='bbox 3499 5233 3709 5284; x_wconf 85' lang='lat' dir='ltr'><strong>institu-</strong></span> 
     </span>
    </p>
   </div>
   <div class='ocr_carea' id='block_1_117' title="bbox 2140 5301 3708 5369">
    <p class='ocr_par' dir='ltr' id='par_1_117' title="bbox 2140 5301 3708 5369">
     <span class='ocr_line' id='line_1_117' title="bbox 2140 5301 3708 5369; baseline -0.003 -10"><span class='ocrx_word' id='word_1_892' title='bbox 2140 5308 2282 5359; x_wconf 83' lang='lat' dir='ltr'><strong>tione</strong></span> <span class='ocrx_word' id='word_1_893' title='bbox 2333 5303 2533 5366; x_wconf 85' lang='lat' dir='ltr'><strong>laicali,</strong></span> <span class='ocrx_word' id='word_1_894' title='bbox 2597 5317 2715 5369; x_wconf 83' lang='lat' dir='ltr'><strong>cap.</strong></span> <span class='ocrx_word' id='word_1_895' title='bbox 2758 5302 2811 5365; x_wconf 88' lang='grc'><strong>6,</strong></span> <span class='ocrx_word' id='word_1_896' title='bbox 2851 5311 2904 5354; x_wconf 89' lang='lat' dir='ltr'><strong>et</strong></span> <span class='ocrx_word' id='word_1_897' title='bbox 2950 5311 3196 5354; x_wconf 76' lang='lat' dir='ltr'><strong>Sanctum</strong></span> <span class='ocrx_word' id='word_1_898' title='bbox 3238 5301 3492 5355; x_wconf 80' lang='lat' dir='ltr'><strong>&#39;l&#39;homnui</strong></span> <span class='ocrx_word' id='word_1_899' title='bbox 3549 5303 3601 5355; x_wconf 87' lang='lat' dir='ltr'><strong>iit</strong></span> <span class='ocrx_word' id='word_1_900' title='bbox 3653 5316 3708 5356; x_wconf 83' lang='lat' dir='ltr'><strong>iv</strong></span> 
     </span>
    </p>
   </div>
   <div class='ocr_carea' id='block_1_118' title="bbox 2143 5369 3472 5437">
    <p class='ocr_par' dir='ltr' id='par_1_118' title="bbox 2143 5369 3472 5437">
     <span class='ocr_line' id='line_1_118' title="bbox 2143 5369 3472 5437; baseline -0.005 -8"><span class='ocrx_word' id='word_1_901' title='bbox 2143 5375 2560 5435; x_wconf 78' lang='lat' dir='ltr'><strong>Sententiarum,</strong></span> <span class='ocrx_word' id='word_1_902' title='bbox 2598 5371 2727 5422; x_wconf 87' lang='lat' dir='ltr'><strong>dist.</strong></span> <span class='ocrx_word' id='word_1_903' title='bbox 2771 5384 2923 5435; x_wconf 71' lang='lat' dir='ltr'><strong>xui,</strong></span> <span class='ocrx_word' id='word_1_904' title='bbox 2965 5381 3158 5437; x_wconf 56' lang='grc' dir='ltr'><strong>(μείρει.</strong></span> <span class='ocrx_word' id='word_1_905' title='bbox 3194 5369 3251 5435; x_wconf 70' lang='grc'><strong>9,</strong></span> <span class='ocrx_word' id='word_1_906' title='bbox 3283 5383 3385 5425; x_wconf 86' lang='lat' dir='ltr'><strong>art.</strong></span> <span class='ocrx_word' id='word_1_907' title='bbox 3420 5372 3472 5424; x_wconf 77' lang='lat'><strong>2.</strong></span> 
     </span>
    </p>
   </div>
   <div class='ocr_carea' id='block_1_119' title="bbox 2211 5437 3707 5513">
    <p class='ocr_par' dir='ltr' id='par_1_119' title="bbox 2211 5437 3707 5513">
     <span class='ocr_line' id='line_1_119' title="bbox 2211 5437 3707 5513; baseline -0.001 -16"><span class='ocrx_word' id='word_1_908' title='bbox 2211 5443 2286 5513; x_wconf 87' lang='lat'><strong>(9)</strong></span> <span class='ocrx_word' id='word_1_909' title='bbox 2327 5440 2489 5494; x_wconf 88' lang='lat' dir='ltr'><strong>Iidem</strong></span> <span class='ocrx_word' id='word_1_910' title='bbox 2520 5437 2674 5513; x_wconf 79' lang='lat' dir='ltr'><strong>codd.</strong></span> <span class='ocrx_word' id='word_1_911' title='bbox 2712 5454 2862 5503; x_wconf 85' lang='lat' dir='ltr'><strong>mss.,</strong></span> <span class='ocrx_word' id='word_1_912' title='bbox 2920 5442 3329 5513; x_wconf 75' lang='lat' dir='ltr'><strong>circumcidutur</strong></span> <span class='ocrx_word' id='word_1_913' title='bbox 3356 5452 3401 5494; x_wconf 87' lang='lat' dir='ltr'><strong>et</strong></span> <span class='ocrx_word' id='word_1_914' title='bbox 3428 5439 3609 5513; x_wconf 76' lang='lat' dir='ltr'><strong>oculus</strong></span> <span class='ocrx_word' id='word_1_915' title='bbox 3644 5454 3707 5495; x_wconf 82' lang='lat' dir='ltr'><strong>rte</strong></span> 
     </span>
    </p>
   </div>
   <div class='ocr_carea' id='block_1_120' title="bbox 2139 5510 3705 5579">
    <p class='ocr_par' dir='ltr' id='par_1_120' title="bbox 2139 5510 3705 5579">
     <span class='ocr_line' id='line_1_120' title="bbox 2139 5510 3705 5579; baseline -0.002 -13"><span class='ocrx_word' id='word_1_916' title='bbox 2139 5510 2759 5579; x_wconf 19' lang='lat' dir='ltr'><strong>concitpiscatinlienum,</strong></span> <span class='ocrx_word' id='word_1_917' title='bbox 2797 5526 2859 5564; x_wconf 87' lang='lat' dir='ltr'><strong>ne</strong></span> <span class='ocrx_word' id='word_1_918' title='bbox 2902 5512 3067 5564; x_wconf 74' lang='lat' dir='ltr'><strong>videat</strong></span> <span class='ocrx_word' id='word_1_919' title='bbox 3118 5513 3187 5563; x_wconf 86' lang='lat' dir='ltr'><strong>ad</strong></span> <span class='ocrx_word' id='word_1_920' title='bbox 3238 5511 3705 5576; x_wconf 75' lang='lat' dir='ltr'><strong>concupiscendum</strong></span> 
     </span>
    </p>
   </div>
   <div class='ocr_carea' id='block_1_121' title="bbox 2142 5578 3705 5650">
    <p class='ocr_par' dir='ltr' id='par_1_121' title="bbox 2142 5578 3705 5650">
     <span class='ocr_line' id='line_1_121' title="bbox 2142 5578 3705 5650; baseline -0.001 -16"><span class='ocrx_word' id='word_1_921' title='bbox 2142 5586 2431 5635; x_wconf 78' lang='lat' dir='ltr'><strong>mulierem.</strong></span> <span class='ocrx_word' id='word_1_922' title='bbox 2472 5578 2570 5633; x_wconf 88' lang='lat' dir='ltr'><strong>Cui</strong></span> <span class='ocrx_word' id='word_1_923' title='bbox 2597 5581 2735 5631; x_wconf 76' lang='lat' dir='ltr'><strong>enim</strong></span> <span class='ocrx_word' id='word_1_924' title='bbox 2756 5594 2879 5648; x_wconf 83' lang='lat' dir='ltr'><strong>erga</strong></span> <span class='ocrx_word' id='word_1_925' title='bbox 2911 5581 3229 5649; x_wconf 76' lang='lat' dir='ltr'><strong>feminarum</strong></span> <span class='ocrx_word' id='word_1_926' title='bbox 3257 5581 3455 5650; x_wconf 76' lang='lat' dir='ltr'><strong>{orntus</strong></span> <span class='ocrx_word' id='word_1_927' title='bbox 3480 5582 3705 5637; x_wconf 70' lang='lat' dir='ltr'><strong>lasciuus</strong></span> 
     </span>
    </p>
   </div>
   <div class='ocr_carea' id='block_1_122' title="bbox 2139 5650 2983 5716">
    <p class='ocr_par' dir='ltr' id='par_1_122' title="bbox 2139 5650 2983 5716">
     <span class='ocr_line' id='line_1_122' title="bbox 2139 5650 2983 5716; baseline -0.002 -10"><span class='ocrx_word' id='word_1_928' title='bbox 2139 5664 2187 5706; x_wconf 88' lang='lat' dir='ltr'><strong>et</strong></span> <span class='ocrx_word' id='word_1_929' title='bbox 2215 5655 2455 5705; x_wconf 75' lang='lat' dir='ltr'><strong>curiosus</strong></span> <span class='ocrx_word' id='word_1_930' title='bbox 2485 5650 2691 5704; x_wconf 79' lang='lat' dir='ltr'><strong>oberrat</strong></span> <span class='ocrx_word' id='word_1_931' title='bbox 2725 5663 2983 5716; x_wconf 78' lang='lat' dir='ltr'><strong>aspectus.</strong></span> 
     </span>
    </p>
   </div>
   <div class='ocr_carea' id='block_1_123' title="bbox 2210 5718 3420 5793">
    <p class='ocr_par' dir='ltr' id='par_1_123' title="bbox 2210 5718 3420 5793">
     <span class='ocr_line' id='line_1_123' title="bbox 2210 5718 3420 5793; baseline 0.002 -18"><span class='ocrx_word' id='word_1_932' title='bbox 2210 5722 2322 5793; x_wconf 82' lang='lat' dir='ltr'><strong>(l0)</strong></span> <span class='ocrx_word' id='word_1_933' title='bbox 2350 5721 2501 5788; x_wconf 80' lang='lat' dir='ltr'><strong>Mss.,</strong></span> <span class='ocrx_word' id='word_1_934' title='bbox 2523 5718 2793 5790; x_wconf 84' lang='lat' dir='ltr'><strong>jubeutur;</strong></span> <span class='ocrx_word' id='word_1_935' title='bbox 2818 5720 2946 5778; x_wconf 85' lang='lat' dir='ltr'><strong>libb.</strong></span> <span class='ocrx_word' id='word_1_936' title='bbox 2976 5720 3124 5787; x_wconf 89' lang='lat' dir='ltr'><strong>editi,</strong></span> <span class='ocrx_word' id='word_1_937' title='bbox 3153 5722 3420 5778; x_wconf 77' lang='lat' dir='ltr'><strong>debemus.</strong></span> 
     </span>
    </p>
   </div>
  </div>
