  <div class='ocr_page' id='page_1' title='image "/cluster/home/n/w/nwhite01/storage/ocr_20150623/12/hvd.32044052796216/097.png"; bbox 0 0 4122 6248; ppageno 0'>
   <div class='ocr_carea' id='block_1_1' title="bbox 457 286 560 342">
    <p class='ocr_par' dir='ltr' id='par_1_1' title="bbox 457 286 560 342">
     <span class='ocr_line' id='line_1_1' title="bbox 457 286 560 342; baseline 0 -1"><span class='ocrx_word' id='word_1_1' title='bbox 457 286 560 342; x_wconf 75' lang='lat'><strong>183</strong></span> 
     </span>
    </p>
   </div>
   <div class='ocr_carea' id='block_1_2' title="bbox 1926 281 2244 340">
    <p class='ocr_par' dir='ltr' id='par_1_2' title="bbox 1926 281 2244 340">
     <span class='ocr_line' id='line_1_2' title="bbox 1926 281 2244 340; baseline -0.013 0"><span class='ocrx_word' id='word_1_2' title='bbox 1926 283 2083 340; x_wconf 79' lang='lat' dir='ltr'><strong>01th</strong></span> <span class='ocrx_word' id='word_1_3' title='bbox 2092 281 2178 336; x_wconf 75' lang='lat' dir='ltr'><strong>EN</strong></span> <span class='ocrx_word' id='word_1_4' title='bbox 2184 282 2244 336; x_wconf 87' lang='lat' dir='ltr'><strong>lS</strong></span> 
     </span>
    </p>
   </div>
   <div class='ocr_carea' id='block_1_3' title="bbox 3611 270 3705 324">
    <p class='ocr_par' dir='ltr' id='par_1_3' title="bbox 3611 270 3705 324">
     <span class='ocr_line' id='line_1_3' title="bbox 3611 270 3705 324; baseline 0.021 -2"><span class='ocrx_word' id='word_1_5' title='bbox 3611 270 3705 324; x_wconf 57' lang='grc' dir='ltr'><strong>ιιι</strong></span> 
     </span>
    </p>
   </div>
   <div class='ocr_carea' id='block_1_4' title="bbox 454 383 3707 472">
    <p class='ocr_par' dir='ltr' id='par_1_4' title="bbox 454 383 3707 472">
     <span class='ocr_line' id='line_1_4' title="bbox 454 383 3707 472; baseline -0.005 -21"><span class='ocrx_word' id='word_1_6' title='bbox 454 402 694 466; x_wconf 79' lang='lat' dir='ltr'><strong>venisse,</strong></span> <span class='ocrx_word' id='word_1_7' title='bbox 730 401 783 455; x_wconf 92' lang='lat' dir='ltr'><strong>in</strong></span> <span class='ocrx_word' id='word_1_8' title='bbox 820 404 1023 472; x_wconf 75' lang='lat' dir='ltr'><strong>Spiritu</strong></span> <span class='ocrx_word' id='word_1_9' title='bbox 1062 404 1155 457; x_wconf 86' lang='lat' dir='ltr'><strong>Dei</strong></span> <span class='ocrx_word' id='word_1_10' title='bbox 1190 403 1466 457; x_wconf 73' lang='lat' dir='ltr'><strong>videbitur</strong></span> <span class='ocrx_word' id='word_1_11' title='bbox 1496 402 1744 456; x_wconf 82' lang='lat' dir='ltr'><strong>confiteri</strong></span> <span class='ocrx_word' id='word_1_12' title='bbox 1766 403 1787 454; x_wconf 71' lang='grc' dir='ltr'><em>Ἰ</em></span> <span class='ocrx_word' id='word_1_13' title='bbox 1811 402 1927 455; x_wconf 81' lang='lat' dir='ltr'><strong>Non</strong></span> <span class='ocrx_word' id='word_1_14' title='bbox 1948 411 2029 454; x_wconf 89' lang='lat' dir='ltr'><strong>est</strong></span> <span class='ocrx_word' id='word_1_15' title='bbox 2057 404 2102 458; x_wconf 79' lang='grc' dir='ltr'><strong>Α</strong></span> <span class='ocrx_word' id='word_1_16' title='bbox 2132 415 2229 469; x_wconf 78' lang='lat' dir='ltr'><strong>pro</strong></span> <span class='ocrx_word' id='word_1_17' title='bbox 2259 397 2465 452; x_wconf 90' lang='lat' dir='ltr'><strong>meritis</strong></span> <span class='ocrx_word' id='word_1_18' title='bbox 2506 409 2590 449; x_wconf 89' lang='lat' dir='ltr'><strong>res</strong></span> <span class='ocrx_word' id='word_1_19' title='bbox 2624 400 2905 463; x_wconf 87' lang='lat' dir='ltr'><strong>geruntur.</strong></span> <span class='ocrx_word' id='word_1_20' title='bbox 2928 388 3136 444; x_wconf 83' lang='lat' dir='ltr'><strong>Etenim</strong></span> <span class='ocrx_word' id='word_1_21' title='bbox 3169 385 3269 441; x_wconf 87' lang='lat' dir='ltr'><strong>Lot</strong></span> <span class='ocrx_word' id='word_1_22' title='bbox 3302 384 3523 441; x_wconf 86' lang='lat' dir='ltr'><strong>inferior</strong></span> <span class='ocrx_word' id='word_1_23' title='bbox 3548 383 3707 454; x_wconf 79' lang='lat' dir='ltr'><strong>longe</strong></span> 
     </span>
    </p>
   </div>
   <div class='ocr_carea' id='block_1_5' title="bbox 454 491 2025 558">
    <p class='ocr_par' dir='ltr' id='par_1_5' title="bbox 454 491 2025 558">
     <span class='ocr_line' id='line_1_5' title="bbox 454 491 2025 558; baseline -0.003 -11"><span class='ocrx_word' id='word_1_24' title='bbox 454 491 560 547; x_wconf 79' lang='lat' dir='ltr'><strong>hoc</strong></span> <span class='ocrx_word' id='word_1_25' title='bbox 605 502 990 547; x_wconf 90' lang='lat' dir='ltr'><strong>testamentmn</strong></span> <span class='ocrx_word' id='word_1_26' title='bbox 1022 494 1111 547; x_wconf 91' lang='lat' dir='ltr'><strong>Dei</strong></span> <span class='ocrx_word' id='word_1_27' title='bbox 1141 494 1344 548; x_wconf 89' lang='lat' dir='ltr'><strong>habere</strong></span> <span class='ocrx_word' id='word_1_28' title='bbox 1370 496 1422 547; x_wconf 90' lang='lat' dir='ltr'><strong>in</strong></span> <span class='ocrx_word' id='word_1_29' title='bbox 1454 495 1753 558; x_wconf 85' lang='lat' dir='ltr'><strong>carne,sed</strong></span> <span class='ocrx_word' id='word_1_30' title='bbox 1791 494 1842 547; x_wconf 92' lang='lat' dir='ltr'><strong>in</strong></span> <span class='ocrx_word' id='word_1_31' title='bbox 1875 507 2025 546; x_wconf 85' lang='lat' dir='ltr'><strong>voce.</strong></span> 
     </span>
    </p>
   </div>
   <div class='ocr_carea' id='block_1_6' title="bbox 456 586 2026 653">
    <p class='ocr_par' dir='ltr' id='par_1_6' title="bbox 456 586 2026 653">
     <span class='ocr_line' id='line_1_6' title="bbox 456 586 2026 653; baseline -0.001 -16"><span class='ocrx_word' id='word_1_32' title='bbox 456 586 669 638; x_wconf 79' lang='lat' dir='ltr'><strong>Dicitur</strong></span> <span class='ocrx_word' id='word_1_33' title='bbox 717 600 847 653; x_wconf 88' lang='lat' dir='ltr'><strong>ergo</strong></span> <span class='ocrx_word' id='word_1_34' title='bbox 876 586 941 635; x_wconf 87' lang='lat' dir='ltr'><strong>ad</strong></span> <span class='ocrx_word' id='word_1_35' title='bbox 976 598 1099 637; x_wconf 90' lang='lat' dir='ltr'><strong>eum</strong></span> <span class='ocrx_word' id='word_1_36' title='bbox 1132 587 1343 638; x_wconf 80' lang='lat' dir='ltr'><strong>statim:</strong></span> <span class='ocrx_word' id='word_1_37' title='bbox 1381 586 1779 652; x_wconf 84' lang='lat' dir='ltr'><strong>Erras,homo,</strong></span> <span class='ocrx_word' id='word_1_38' title='bbox 1812 602 2026 653; x_wconf 82' lang='lat' dir='ltr'><strong>regnum</strong></span> 
     </span>
    </p>
   </div>
   <div class='ocr_carea' id='block_1_7' title="bbox 458 674 2028 742">
    <p class='ocr_par' dir='ltr' id='par_1_7' title="bbox 458 674 2028 742">
     <span class='ocr_line' id='line_1_7' title="bbox 458 674 2028 742; baseline 0 -15"><span class='ocrx_word' id='word_1_39' title='bbox 458 674 553 727; x_wconf 89' lang='lat' dir='ltr'><strong>Dei</strong></span> <span class='ocrx_word' id='word_1_40' title='bbox 586 692 694 727; x_wconf 83' lang='lat' dir='ltr'><strong>non</strong></span> <span class='ocrx_word' id='word_1_41' title='bbox 734 676 785 727; x_wconf 86' lang='lat' dir='ltr'><strong>in</strong></span> <span class='ocrx_word' id='word_1_42' title='bbox 826 690 1059 727; x_wconf 88' lang='lat' dir='ltr'><strong>sermone</strong></span> <span class='ocrx_word' id='word_1_43' title='bbox 1088 686 1185 739; x_wconf 86' lang='lat' dir='ltr'><strong>est,</strong></span> <span class='ocrx_word' id='word_1_44' title='bbox 1218 676 1309 729; x_wconf 79' lang='lat' dir='ltr'><strong>sed</strong></span> <span class='ocrx_word' id='word_1_45' title='bbox 1352 676 1405 729; x_wconf 87' lang='lat' dir='ltr'><strong>in</strong></span> <span class='ocrx_word' id='word_1_46' title='bbox 1442 677 1633 729; x_wconf 83' lang='lat' dir='ltr'><strong>virtute</strong></span> <span class='ocrx_word' id='word_1_47' title='bbox 1656 678 1722 730; x_wconf 74' lang='grc' dir='ltr'><strong>³ο.</strong></span> <span class='ocrx_word' id='word_1_48' title='bbox 1751 675 2028 742; x_wconf 82' lang='lat' dir='ltr'><strong>Quomodo</strong></span> 
     </span>
    </p>
   </div>
   <div class='ocr_carea' id='block_1_8' title="bbox 458 764 2025 835">
    <p class='ocr_par' dir='ltr' id='par_1_8' title="bbox 458 764 2025 835">
     <span class='ocr_line' id='line_1_8' title="bbox 458 764 2025 835; baseline -0.003 -18"><span class='ocrx_word' id='word_1_49' title='bbox 458 780 588 835; x_wconf 84' lang='lat' dir='ltr'><strong>ergo</strong></span> <span class='ocrx_word' id='word_1_50' title='bbox 610 765 714 817; x_wconf 90' lang='lat' dir='ltr'><strong>erit</strong></span> <span class='ocrx_word' id='word_1_51' title='bbox 741 772 1125 817; x_wconf 76' lang='lat' dir='ltr'><strong>testamentum</strong></span> <span class='ocrx_word' id='word_1_52' title='bbox 1153 764 1356 819; x_wconf 76' lang='lat' dir='ltr'><strong>Christi</strong></span> <span class='ocrx_word' id='word_1_53' title='bbox 1395 780 1559 831; x_wconf 85' lang='lat' dir='ltr'><strong>super</strong></span> <span class='ocrx_word' id='word_1_54' title='bbox 1582 778 1801 817; x_wconf 88' lang='lat' dir='ltr'><strong>carnem</strong></span> <span class='ocrx_word' id='word_1_55' title='bbox 1833 778 2025 826; x_wconf 88' lang='lat' dir='ltr'><strong>meam,</strong></span> 
     </span>
    </p>
   </div>
   <div class='ocr_carea' id='block_1_9' title="bbox 462 855 2030 925">
    <p class='ocr_par' dir='ltr' id='par_1_9' title="bbox 462 855 2030 925">
     <span class='ocr_line' id='line_1_9' title="bbox 462 855 2030 925; baseline 0.001 -19"><span class='ocrx_word' id='word_1_56' title='bbox 462 858 695 924; x_wconf 88' lang='lat' dir='ltr'><strong>requiro.</strong></span> <span class='ocrx_word' id='word_1_57' title='bbox 725 855 779 907; x_wconf 88' lang='lat' dir='ltr'><strong>Si</strong></span> <span class='ocrx_word' id='word_1_58' title='bbox 819 856 1226 910; x_wconf 82' lang='lat' dir='ltr'><strong>mortiiicavero</strong></span> <span class='ocrx_word' id='word_1_59' title='bbox 1254 858 1490 910; x_wconf 90' lang='lat' dir='ltr'><strong>membra</strong></span> <span class='ocrx_word' id='word_1_60' title='bbox 1522 858 1719 918; x_wconf 82' lang='lat' dir='ltr'><strong>mea“,</strong></span> <span class='ocrx_word' id='word_1_61' title='bbox 1758 872 1875 925; x_wconf 72' lang='lat' dir='ltr'><strong>quae</strong></span> <span class='ocrx_word' id='word_1_62' title='bbox 1905 865 2030 910; x_wconf 92' lang='lat' dir='ltr'><strong>sunt</strong></span> 
     </span>
    </p>
   </div>
   <div class='ocr_carea' id='block_1_10' title="bbox 457 948 2029 1016">
    <p class='ocr_par' dir='ltr' id='par_1_10' title="bbox 457 948 2029 1016">
     <span class='ocr_line' id='line_1_10' title="bbox 457 948 2029 1016; baseline 0.002 -18"><span class='ocrx_word' id='word_1_63' title='bbox 457 960 617 1011; x_wconf 83' lang='lat' dir='ltr'><strong>super</strong></span> <span class='ocrx_word' id='word_1_64' title='bbox 667 956 891 1010; x_wconf 88' lang='lat' dir='ltr'><strong>terram,</strong></span> <span class='ocrx_word' id='word_1_65' title='bbox 951 957 1340 1001; x_wconf 80' lang='lat' dir='ltr'><strong>testamentum</strong></span> <span class='ocrx_word' id='word_1_66' title='bbox 1388 948 1592 1002; x_wconf 81' lang='lat' dir='ltr'><strong>Christi</strong></span> <span class='ocrx_word' id='word_1_67' title='bbox 1644 948 1816 1002; x_wconf 88' lang='lat' dir='ltr'><strong>habeo</strong></span> <span class='ocrx_word' id='word_1_68' title='bbox 1864 963 2029 1016; x_wconf 84' lang='lat' dir='ltr'><strong>super</strong></span> 
     </span>
    </p>
   </div>
   <div class='ocr_carea' id='block_1_11' title="bbox 457 1038 2033 1107">
    <p class='ocr_par' dir='ltr' id='par_1_11' title="bbox 457 1038 2033 1107">
     <span class='ocr_line' id='line_1_11' title="bbox 457 1038 2033 1107; baseline 0.002 -19"><span class='ocrx_word' id='word_1_69' title='bbox 457 1052 677 1091; x_wconf 84' lang='lat' dir='ltr'><strong>carnem</strong></span> <span class='ocrx_word' id='word_1_70' title='bbox 708 1052 907 1092; x_wconf 83' lang='lat' dir='ltr'><strong>meam.</strong></span> <span class='ocrx_word' id='word_1_71' title='bbox 944 1038 999 1091; x_wconf 89' lang='lat' dir='ltr'><strong>Si</strong></span> <span class='ocrx_word' id='word_1_72' title='bbox 1034 1053 1250 1107; x_wconf 82' lang='lat' dir='ltr'><strong>semper</strong></span> <span class='ocrx_word' id='word_1_73' title='bbox 1299 1049 1527 1093; x_wconf 90' lang='lat' dir='ltr'><strong>mortem</strong></span> <span class='ocrx_word' id='word_1_74' title='bbox 1586 1040 1784 1094; x_wconf 85' lang='lat' dir='ltr'><strong>Christi</strong></span> <span class='ocrx_word' id='word_1_75' title='bbox 1837 1040 1888 1091; x_wconf 89' lang='lat' dir='ltr'><strong>iu</strong></span> <span class='ocrx_word' id='word_1_76' title='bbox 1920 1053 2033 1091; x_wconf 79' lang='lat' dir='ltr'><strong>cor-</strong></span> 
     </span>
    </p>
   </div>
   <div class='ocr_carea' id='block_1_12' title="bbox 455 1128 2030 1197">
    <p class='ocr_par' dir='ltr' id='par_1_12' title="bbox 455 1128 2030 1197">
     <span class='ocr_line' id='line_1_12' title="bbox 455 1128 2030 1197; baseline 0.004 -20"><span class='ocrx_word' id='word_1_77' title='bbox 455 1141 587 1197; x_wconf 93' lang='lat' dir='ltr'><strong>pore</strong></span> <span class='ocrx_word' id='word_1_78' title='bbox 616 1143 735 1180; x_wconf 90' lang='lat' dir='ltr'><strong>meo</strong></span> <span class='ocrx_word' id='word_1_79' title='bbox 765 1128 1238 1191; x_wconf 72' lang='lat' dir='ltr'><strong>circumferant”,</strong></span> <span class='ocrx_word' id='word_1_80' title='bbox 1279 1137 1663 1182; x_wconf 90' lang='lat' dir='ltr'><strong>testamentum</strong></span> <span class='ocrx_word' id='word_1_81' title='bbox 1695 1129 1892 1183; x_wconf 82' lang='lat' dir='ltr'><strong>Christi</strong></span> <span class='ocrx_word' id='word_1_82' title='bbox 1947 1139 2030 1183; x_wconf 88' lang='lat' dir='ltr'><strong>est</strong></span> 
     </span>
    </p>
   </div>
   <div class='ocr_carea' id='block_1_13' title="bbox 458 1220 2026 1289">
    <p class='ocr_par' dir='ltr' id='par_1_13' title="bbox 458 1220 2026 1289">
     <span class='ocr_line' id='line_1_13' title="bbox 458 1220 2026 1289; baseline 0.001 -18"><span class='ocrx_word' id='word_1_83' title='bbox 458 1221 508 1271; x_wconf 81' lang='lat' dir='ltr'><strong>iu</strong></span> <span class='ocrx_word' id='word_1_84' title='bbox 543 1233 776 1284; x_wconf 87' lang='lat' dir='ltr'><strong>corpore</strong></span> <span class='ocrx_word' id='word_1_85' title='bbox 828 1235 969 1281; x_wconf 89' lang='lat' dir='ltr'><strong>meo,</strong></span> <span class='ocrx_word' id='word_1_86' title='bbox 1012 1220 1136 1288; x_wconf 84' lang='lat' dir='ltr'><strong>quia</strong></span> <span class='ocrx_word' id='word_1_87' title='bbox 1189 1220 1232 1272; x_wconf 97' lang='lat' dir='ltr'><strong>si</strong></span> <span class='ocrx_word' id='word_1_88' title='bbox 1262 1221 1629 1287; x_wconf 86' lang='lat' dir='ltr'><strong>compatimnr,</strong></span> <span class='ocrx_word' id='word_1_89' title='bbox 1660 1230 1705 1273; x_wconf 84' lang='lat' dir='ltr'><strong>et</strong></span> <span class='ocrx_word' id='word_1_90' title='bbox 1738 1237 2026 1289; x_wconf 84' lang='lat' dir='ltr'><strong>conregna-</strong></span> 
     </span>
    </p>
   </div>
   <div class='ocr_carea' id='block_1_14' title="bbox 456 1309 2028 1377">
    <p class='ocr_par' dir='ltr' id='par_1_14' title="bbox 456 1309 2028 1377">
     <span class='ocr_line' id='line_1_14' title="bbox 456 1309 2028 1377; baseline 0.002 -17"><span class='ocrx_word' id='word_1_91' title='bbox 456 1311 626 1362; x_wconf 80' lang='lat' dir='ltr'><strong>in‘mus</strong></span> <span class='ocrx_word' id='word_1_92' title='bbox 647 1310 712 1361; x_wconf 78' lang='grc'><strong>³³.</strong></span> <span class='ocrx_word' id='word_1_93' title='bbox 742 1310 797 1361; x_wconf 91' lang='lat' dir='ltr'><strong>Si</strong></span> <span class='ocrx_word' id='word_1_94' title='bbox 827 1309 1229 1377; x_wconf 85' lang='lat' dir='ltr'><strong>complantatus</strong></span> <span class='ocrx_word' id='word_1_95' title='bbox 1268 1310 1419 1363; x_wconf 88' lang='lat' dir='ltr'><strong>fuero</strong></span> <span class='ocrx_word' id='word_1_96' title='bbox 1465 1310 1809 1363; x_wconf 83' lang='lat' dir='ltr'><strong>similitudini</strong></span> <span class='ocrx_word' id='word_1_97' title='bbox 1837 1311 2028 1364; x_wconf 90' lang='lat' dir='ltr'><strong>mortis</strong></span> 
     </span>
    </p>
   </div>
   <div class='ocr_carea' id='block_1_15' title="bbox 458 1401 2026 1469">
    <p class='ocr_par' dir='ltr' id='par_1_15' title="bbox 458 1401 2026 1469">
     <span class='ocr_line' id='line_1_15' title="bbox 458 1401 2026 1469; baseline 0.003 -19"><span class='ocrx_word' id='word_1_98' title='bbox 458 1402 591 1465; x_wconf 71' lang='lat' dir='ltr'><strong>eius,</strong></span> <span class='ocrx_word' id='word_1_99' title='bbox 640 1411 1023 1453; x_wconf 86' lang='lat' dir='ltr'><strong>testamentum</strong></span> <span class='ocrx_word' id='word_1_100' title='bbox 1064 1401 1184 1469; x_wconf 85' lang='lat' dir='ltr'><strong>ejus</strong></span> <span class='ocrx_word' id='word_1_101' title='bbox 1209 1402 1435 1453; x_wconf 89' lang='lat' dir='ltr'><strong>ostendo</strong></span> <span class='ocrx_word' id='word_1_102' title='bbox 1468 1416 1587 1454; x_wconf 85' lang='lat' dir='ltr'><strong>csse</strong></span> <span class='ocrx_word' id='word_1_103' title='bbox 1619 1417 1781 1468; x_wconf 91' lang='lat' dir='ltr'><strong>super</strong></span> <span class='ocrx_word' id='word_1_104' title='bbox 1811 1418 2026 1455; x_wconf 76' lang='lat' dir='ltr'><strong>carnem</strong></span> 
     </span>
    </p>
   </div>
   <div class='ocr_carea' id='block_1_16' title="bbox 456 1491 2025 1561">
    <p class='ocr_par' dir='ltr' id='par_1_16' title="bbox 456 1491 2025 1561">
     <span class='ocr_line' id='line_1_16' title="bbox 456 1491 2025 1561; baseline 0.001 -17"><span class='ocrx_word' id='word_1_105' title='bbox 456 1507 659 1545; x_wconf 87' lang='lat' dir='ltr'><strong>meam.</strong></span> <span class='ocrx_word' id='word_1_106' title='bbox 694 1492 830 1557; x_wconf 77' lang='lat' dir='ltr'><strong>Quid</strong></span> <span class='ocrx_word' id='word_1_107' title='bbox 873 1491 1017 1544; x_wconf 90' lang='lat' dir='ltr'><strong>enim</strong></span> <span class='ocrx_word' id='word_1_108' title='bbox 1046 1492 1265 1561; x_wconf 89' lang='lat' dir='ltr'><strong>prodest</strong></span> <span class='ocrx_word' id='word_1_109' title='bbox 1305 1493 1349 1545; x_wconf 90' lang='lat' dir='ltr'><strong>si</strong></span> <span class='ocrx_word' id='word_1_110' title='bbox 1391 1493 1439 1545; x_wconf 90' lang='lat' dir='ltr'><strong>in</strong></span> <span class='ocrx_word' id='word_1_111' title='bbox 1467 1493 1553 1545; x_wconf 89' lang='lat' dir='ltr'><strong>illa</strong></span> <span class='ocrx_word' id='word_1_112' title='bbox 1600 1503 1805 1545; x_wconf 88' lang='lat' dir='ltr'><strong>tantum</strong></span> <span class='ocrx_word' id='word_1_113' title='bbox 1840 1508 2025 1556; x_wconf 83' lang='lat' dir='ltr'><strong>carne,</strong></span> 
     </span>
    </p>
   </div>
   <div class='ocr_carea' id='block_1_17' title="bbox 457 1581 2024 1650">
    <p class='ocr_par' dir='ltr' id='par_1_17' title="bbox 457 1581 2024 1650">
     <span class='ocr_line' id='line_1_17' title="bbox 457 1581 2024 1650; baseline 0.002 -19"><span class='ocrx_word' id='word_1_114' title='bbox 457 1597 617 1650; x_wconf 76' lang='lat' dir='ltr'><strong>quam</strong></span> <span class='ocrx_word' id='word_1_115' title='bbox 657 1583 723 1635; x_wconf 86' lang='lat' dir='ltr'><strong>de</strong></span> <span class='ocrx_word' id='word_1_116' title='bbox 761 1581 927 1635; x_wconf 81' lang='lat' dir='ltr'><strong>Maria</strong></span> <span class='ocrx_word' id='word_1_117' title='bbox 969 1582 1232 1650; x_wconf 83' lang='lat' dir='ltr'><strong>suscepit,</strong></span> <span class='ocrx_word' id='word_1_118' title='bbox 1263 1583 1441 1636; x_wconf 90' lang='lat' dir='ltr'><strong>dicam</strong></span> <span class='ocrx_word' id='word_1_119' title='bbox 1477 1584 1687 1637; x_wconf 87' lang='lat' dir='ltr'><strong>venisse</strong></span> <span class='ocrx_word' id='word_1_120' title='bbox 1732 1582 2024 1649; x_wconf 82' lang='lat' dir='ltr'><strong>Christum,</strong></span> 
     </span>
    </p>
   </div>
   <div class='ocr_carea' id='block_1_18' title="bbox 455 1674 2027 1743">
    <p class='ocr_par' dir='ltr' id='par_1_18' title="bbox 455 1674 2027 1743">
     <span class='ocr_line' id='line_1_18' title="bbox 455 1674 2027 1743; baseline 0.002 -17"><span class='ocrx_word' id='word_1_121' title='bbox 455 1686 509 1728; x_wconf 79' lang='lat' dir='ltr'><strong>et</strong></span> <span class='ocrx_word' id='word_1_122' title='bbox 536 1691 642 1729; x_wconf 86' lang='lat' dir='ltr'><strong>nun</strong></span> <span class='ocrx_word' id='word_1_123' title='bbox 672 1675 958 1728; x_wconf 72' lang='lat' dir='ltr'><strong>ostendam</strong></span> <span class='ocrx_word' id='word_1_124' title='bbox 982 1675 1145 1728; x_wconf 88' lang='lat' dir='ltr'><strong>etiam</strong></span> <span class='ocrx_word' id='word_1_125' title='bbox 1183 1677 1233 1727; x_wconf 88' lang='lat' dir='ltr'><strong>in</strong></span> <span class='ocrx_word' id='word_1_126' title='bbox 1264 1674 1367 1729; x_wconf 90' lang='lat' dir='ltr'><strong>hac</strong></span> <span class='ocrx_word' id='word_1_127' title='bbox 1406 1689 1521 1728; x_wconf 89' lang='lat' dir='ltr'><strong>mea</strong></span> <span class='ocrx_word' id='word_1_128' title='bbox 1551 1690 1734 1739; x_wconf 90' lang='lat' dir='ltr'><strong>carne,</strong></span> <span class='ocrx_word' id='word_1_129' title='bbox 1768 1677 1907 1743; x_wconf 89' lang='lat' dir='ltr'><strong>quod</strong></span> <span class='ocrx_word' id='word_1_130' title='bbox 1936 1691 2027 1729; x_wconf 82' lang='lat' dir='ltr'><strong>ve-</strong></span> 
     </span>
    </p>
   </div>
   <div class='ocr_carea' id='block_1_19' title="bbox 2129 477 3706 541">
    <p class='ocr_par' dir='ltr' id='par_1_19' title="bbox 2129 477 3706 541">
     <span class='ocr_line' id='line_1_19' title="bbox 2129 477 3706 541; baseline -0.008 -1"><span class='ocrx_word' id='word_1_131' title='bbox 2129 497 2248 541; x_wconf 88' lang='lat' dir='ltr'><strong>erat</strong></span> <span class='ocrx_word' id='word_1_132' title='bbox 2279 487 2574 539; x_wconf 86' lang='lat' dir='ltr'><strong>Abraham.</strong></span> <span class='ocrx_word' id='word_1_133' title='bbox 2611 483 2719 535; x_wconf 83' lang='lat' dir='ltr'><strong>Nisi</strong></span> <span class='ocrx_word' id='word_1_134' title='bbox 2750 481 2894 535; x_wconf 91' lang='lat' dir='ltr'><strong>enim</strong></span> <span class='ocrx_word' id='word_1_135' title='bbox 2919 480 3110 534; x_wconf 86' lang='lat' dir='ltr'><strong>fuisset</strong></span> <span class='ocrx_word' id='word_1_136' title='bbox 3148 477 3397 538; x_wconf 88' lang='lat' dir='ltr'><strong>inferior,</strong></span> <span class='ocrx_word' id='word_1_137' title='bbox 3426 491 3529 529; x_wconf 90' lang='lat' dir='ltr'><strong>non</strong></span> <span class='ocrx_word' id='word_1_138' title='bbox 3561 486 3706 529; x_wconf 68' lang='lat' dir='ltr'><strong>esstt</strong></span> 
     </span>
    </p>
   </div>
   <div class='ocr_carea' id='block_1_20' title="bbox 2130 566 3705 647">
    <p class='ocr_par' dir='ltr' id='par_1_20' title="bbox 2130 566 3705 647">
     <span class='ocr_line' id='line_1_20' title="bbox 2130 566 3705 647; baseline -0.008 -16"><span class='ocrx_word' id='word_1_139' title='bbox 2130 587 2412 647; x_wconf 81' lang='lat' dir='ltr'><strong>separatus</strong></span> <span class='ocrx_word' id='word_1_140' title='bbox 2444 575 2510 628; x_wconf 90' lang='lat' dir='ltr'><strong>ab</strong></span> <span class='ocrx_word' id='word_1_141' title='bbox 2540 576 2852 636; x_wconf 88' lang='lat' dir='ltr'><strong>Abraham,</strong></span> <span class='ocrx_word' id='word_1_142' title='bbox 2890 586 2989 625; x_wconf 88' lang='lat' dir='ltr'><strong>nec</strong></span> <span class='ocrx_word' id='word_1_143' title='bbox 3020 570 3242 623; x_wconf 78' lang='lat' dir='ltr'><strong>dixisset</strong></span> <span class='ocrx_word' id='word_1_144' title='bbox 3272 569 3318 623; x_wconf 88' lang='lat' dir='ltr'><strong>ei</strong></span> <span class='ocrx_word' id='word_1_145' title='bbox 3352 568 3430 621; x_wconf 83' lang='lat'><strong>&quot;:</strong></span> <span class='ocrx_word' id='word_1_146' title='bbox 3467 566 3523 620; x_wconf 89' lang='lat' dir='ltr'><strong>Si</strong></span> <span class='ocrx_word' id='word_1_147' title='bbox 3556 579 3609 619; x_wconf 87' lang='lat' dir='ltr'><strong>tu</strong></span> <span class='ocrx_word' id='word_1_148' title='bbox 3635 568 3705 619; x_wconf 79' lang='lat' dir='ltr'><strong>ad</strong></span> 
     </span>
    </p>
   </div>
   <div class='ocr_carea' id='block_1_21' title="bbox 2130 661 3707 737">
    <p class='ocr_par' dir='ltr' id='par_1_21' title="bbox 2130 661 3707 737">
     <span class='ocr_line' id='line_1_21' title="bbox 2130 661 3707 737; baseline -0.006 -14"><span class='ocrx_word' id='word_1_149' title='bbox 2130 672 2388 731; x_wconf 74' lang='lat' dir='ltr'><strong>dextram,</strong></span> <span class='ocrx_word' id='word_1_150' title='bbox 2414 685 2505 737; x_wconf 85' lang='lat' dir='ltr'><strong>ego</strong></span> <span class='ocrx_word' id='word_1_151' title='bbox 2541 668 2608 718; x_wconf 83' lang='lat' dir='ltr'><strong>ad</strong></span> <span class='ocrx_word' id='word_1_152' title='bbox 2663 667 2933 719; x_wconf 73' lang='lat' dir='ltr'><strong>sinistram</strong></span> <span class='ocrx_word' id='word_1_153' title='bbox 2966 664 3050 727; x_wconf 59' lang='grc' dir='ltr'><strong>μί</strong></span> <span class='ocrx_word' id='word_1_154' title='bbox 3095 672 3147 714; x_wconf 90' lang='lat' dir='ltr'><strong>tu</strong></span> <span class='ocrx_word' id='word_1_155' title='bbox 3193 661 3260 713; x_wconf 85' lang='lat' dir='ltr'><strong>ad</strong></span> <span class='ocrx_word' id='word_1_156' title='bbox 3285 661 3578 723; x_wconf 80' lang='lat' dir='ltr'><strong>sinistram,</strong></span> <span class='ocrx_word' id='word_1_157' title='bbox 3614 675 3707 728; x_wconf 82' lang='lat' dir='ltr'><strong>ego</strong></span> 
     </span>
    </p>
   </div>
   <div class='ocr_carea' id='block_1_22' title="bbox 2130 750 3707 815">
    <p class='ocr_par' dir='ltr' id='par_1_22' title="bbox 2130 750 3707 815">
     <span class='ocr_line' id='line_1_22' title="bbox 2130 750 3707 815; baseline -0.005 -3"><span class='ocrx_word' id='word_1_158' title='bbox 2130 763 2198 812; x_wconf 80' lang='lat' dir='ltr'><strong>atl</strong></span> <span class='ocrx_word' id='word_1_159' title='bbox 2229 761 2495 812; x_wconf 73' lang='lat' dir='ltr'><strong>dextram.</strong></span> <span class='ocrx_word' id='word_1_160' title='bbox 2543 758 2607 809; x_wconf 77' lang='lat' dir='ltr'><strong>Et</strong></span> <span class='ocrx_word' id='word_1_161' title='bbox 2643 758 2740 810; x_wconf 86' lang='lat' dir='ltr'><strong>nisi</strong></span> <span class='ocrx_word' id='word_1_162' title='bbox 2792 758 2984 809; x_wconf 86' lang='lat' dir='ltr'><strong>fuisset</strong></span> <span class='ocrx_word' id='word_1_163' title='bbox 3038 752 3282 815; x_wconf 88' lang='lat' dir='ltr'><strong>inferior,</strong></span> <span class='ocrx_word' id='word_1_164' title='bbox 3318 768 3421 803; x_wconf 88' lang='lat' dir='ltr'><strong>non</strong></span> <span class='ocrx_word' id='word_1_165' title='bbox 3456 753 3502 803; x_wconf 89' lang='lat' dir='ltr'><strong>ei</strong></span> <span class='ocrx_word' id='word_1_166' title='bbox 3536 750 3707 805; x_wconf 72' lang='lat' dir='ltr'><strong>SOtiO-</strong></span> 
     </span>
    </p>
   </div>
   <div class='ocr_carea' id='block_1_23' title="bbox 2132 842 3707 914">
    <p class='ocr_par' dir='ltr' id='par_1_23' title="bbox 2132 842 3707 914">
     <span class='ocr_line' id='line_1_23' title="bbox 2132 842 3707 914; baseline -0.006 -7"><span class='ocrx_word' id='word_1_167' title='bbox 2132 869 2342 907; x_wconf 88' lang='lat' dir='ltr'><strong>morum</strong></span> <span class='ocrx_word' id='word_1_168' title='bbox 2378 864 2517 905; x_wconf 85' lang='lat' dir='ltr'><strong>terra</strong></span> <span class='ocrx_word' id='word_1_169' title='bbox 2556 861 2609 904; x_wconf 91' lang='lat' dir='ltr'><strong>et</strong></span> <span class='ocrx_word' id='word_1_170' title='bbox 2639 848 2900 902; x_wconf 77' lang='lat' dir='ltr'><strong>habitatio</strong></span> <span class='ocrx_word' id='word_1_171' title='bbox 2955 846 3265 914; x_wconf 85' lang='lat' dir='ltr'><strong>placuisset.</strong></span> <span class='ocrx_word' id='word_1_172' title='bbox 3308 842 3541 895; x_wconf 77' lang='lat' dir='ltr'><strong>Veniunt</strong></span> <span class='ocrx_word' id='word_1_173' title='bbox 3575 859 3707 911; x_wconf 84' lang='lat' dir='ltr'><strong>ergo</strong></span> 
     </span>
    </p>
   </div>
   <div class='ocr_carea' id='block_1_24' title="bbox 2131 937 3705 1005">
    <p class='ocr_par' dir='ltr' id='par_1_24' title="bbox 2131 937 3705 1005">
     <span class='ocr_line' id='line_1_24' title="bbox 2131 937 3705 1005; baseline -0.004 -8"><span class='ocrx_word' id='word_1_174' title='bbox 2131 946 2194 997; x_wconf 93' lang='lat' dir='ltr'><strong>ad</strong></span> <span class='ocrx_word' id='word_1_175' title='bbox 2224 946 2493 997; x_wconf 83' lang='lat' dir='ltr'><strong>Abraham</strong></span> <span class='ocrx_word' id='word_1_176' title='bbox 2532 958 2640 996; x_wconf 90' lang='lat' dir='ltr'><strong>tres</strong></span> <span class='ocrx_word' id='word_1_177' title='bbox 2672 942 2770 993; x_wconf 87' lang='lat' dir='ltr'><strong>viri</strong></span> <span class='ocrx_word' id='word_1_178' title='bbox 2826 939 3069 997; x_wconf 79' lang='lat' dir='ltr'><strong>incridie.</strong></span> <span class='ocrx_word' id='word_1_179' title='bbox 3102 938 3166 989; x_wconf 90' lang='lat' dir='ltr'><strong>ad</strong></span> <span class='ocrx_word' id='word_1_180' title='bbox 3198 937 3296 990; x_wconf 87' lang='lat' dir='ltr'><strong>Lot</strong></span> <span class='ocrx_word' id='word_1_181' title='bbox 3326 937 3432 989; x_wconf 88' lang='lat' dir='ltr'><strong>duo</strong></span> <span class='ocrx_word' id='word_1_182' title='bbox 3473 951 3705 1005; x_wconf 80' lang='lat' dir='ltr'><strong>vespere</strong></span> 
     </span>
    </p>
   </div>
   <div class='ocr_carea' id='block_1_25' title="bbox 2130 1028 3704 1099">
    <p class='ocr_par' dir='ltr' id='par_1_25' title="bbox 2130 1028 3704 1099">
     <span class='ocr_line' id='line_1_25' title="bbox 2130 1028 3704 1099; baseline -0.006 -11"><span class='ocrx_word' id='word_1_183' title='bbox 2130 1038 2366 1089; x_wconf 87' lang='lat' dir='ltr'><strong>veniunt.</strong></span> <span class='ocrx_word' id='word_1_184' title='bbox 2426 1034 2539 1087; x_wconf 85' lang='lat' dir='ltr'><strong>Non</strong></span> <span class='ocrx_word' id='word_1_185' title='bbox 2600 1034 2743 1087; x_wconf 91' lang='lat' dir='ltr'><strong>enim</strong></span> <span class='ocrx_word' id='word_1_186' title='bbox 2784 1032 3035 1099; x_wconf 88' lang='lat' dir='ltr'><strong>capiebat</strong></span> <span class='ocrx_word' id='word_1_187' title='bbox 3082 1028 3181 1083; x_wconf 90' lang='lat' dir='ltr'><strong>Lot</strong></span> <span class='ocrx_word' id='word_1_188' title='bbox 3220 1028 3535 1082; x_wconf 80' lang='lat' dir='ltr'><strong>meridiana:</strong></span> <span class='ocrx_word' id='word_1_189' title='bbox 3571 1028 3704 1081; x_wconf 75' lang='lat' dir='ltr'><strong>lucis</strong></span> 
     </span>
    </p>
   </div>
   <div class='ocr_carea' id='block_1_26' title="bbox 2131 1119 3698 1197">
    <p class='ocr_par' dir='ltr' id='par_1_26' title="bbox 2131 1119 3698 1197">
     <span class='ocr_line' id='line_1_26' title="bbox 2131 1119 3698 1197; baseline -0.005 -17"><span class='ocrx_word' id='word_1_190' title='bbox 2131 1127 2579 1197; x_wconf 83' lang='lat' dir='ltr'><strong>magnitudinem.</strong></span> <span class='ocrx_word' id='word_1_191' title='bbox 2638 1124 2913 1177; x_wconf 88' lang='lat' dir='ltr'><strong>Abraham</strong></span> <span class='ocrx_word' id='word_1_192' title='bbox 2947 1137 3081 1175; x_wconf 90' lang='lat' dir='ltr'><strong>vero</strong></span> <span class='ocrx_word' id='word_1_193' title='bbox 3127 1135 3295 1190; x_wconf 82' lang='lat' dir='ltr'><strong>capax</strong></span> <span class='ocrx_word' id='word_1_194' title='bbox 3344 1119 3443 1173; x_wconf 88' lang='lat' dir='ltr'><strong>fuit</strong></span> <span class='ocrx_word' id='word_1_195' title='bbox 3481 1120 3698 1188; x_wconf 84' lang='lat' dir='ltr'><strong>plenum</strong></span> 
     </span>
    </p>
   </div>
   <div class='ocr_carea' id='block_1_27' title="bbox 2131 1214 3701 1291">
    <p class='ocr_par' dir='ltr' id='par_1_27' title="bbox 2131 1214 3701 1291">
     <span class='ocr_line' id='line_1_27' title="bbox 2131 1214 3701 1291; baseline -0.006 -16"><span class='ocrx_word' id='word_1_196' title='bbox 2131 1223 2389 1291; x_wconf 73' lang='lat' dir='ltr'><strong>fulgorem</strong></span> <span class='ocrx_word' id='word_1_197' title='bbox 2430 1221 2566 1275; x_wconf 90' lang='lat' dir='ltr'><strong>lucis</strong></span> <span class='ocrx_word' id='word_1_198' title='bbox 2613 1220 2889 1287; x_wconf 79' lang='lat' dir='ltr'><strong>excipere.</strong></span> <span class='ocrx_word' id='word_1_199' title='bbox 2930 1216 3221 1270; x_wconf 78' lang='lat' dir='ltr'><strong>Videamus</strong></span> <span class='ocrx_word' id='word_1_200' title='bbox 3251 1226 3393 1266; x_wconf 90' lang='lat' dir='ltr'><strong>nunc</strong></span> <span class='ocrx_word' id='word_1_201' title='bbox 3432 1214 3701 1280; x_wconf 88' lang='lat' dir='ltr'><strong>quomodo</strong></span> 
     </span>
    </p>
   </div>
   <div class='ocr_carea' id='block_1_28' title="bbox 2129 1302 3707 1379">
    <p class='ocr_par' dir='ltr' id='par_1_28' title="bbox 2129 1302 3707 1379">
     <span class='ocr_line' id='line_1_28' title="bbox 2129 1302 3707 1379; baseline -0.006 -13"><span class='ocrx_word' id='word_1_202' title='bbox 2129 1313 2404 1366; x_wconf 84' lang='lat' dir='ltr'><strong>Abraham</strong></span> <span class='ocrx_word' id='word_1_203' title='bbox 2437 1310 2738 1379; x_wconf 86' lang='lat' dir='ltr'><strong>susceperit</strong></span> <span class='ocrx_word' id='word_1_204' title='bbox 2780 1308 3080 1371; x_wconf 87' lang='lat' dir='ltr'><strong>venientes,</strong></span> <span class='ocrx_word' id='word_1_205' title='bbox 3114 1315 3171 1358; x_wconf 87' lang='lat' dir='ltr'><strong>et</strong></span> <span class='ocrx_word' id='word_1_206' title='bbox 3198 1304 3472 1374; x_wconf 87' lang='lat' dir='ltr'><strong>quomodo</strong></span> <span class='ocrx_word' id='word_1_207' title='bbox 3502 1302 3621 1365; x_wconf 86' lang='lat' dir='ltr'><strong>Lot,</strong></span> <span class='ocrx_word' id='word_1_208' title='bbox 3649 1315 3707 1357; x_wconf 88' lang='lat' dir='ltr'><strong>et</strong></span> 
     </span>
    </p>
   </div>
   <div class='ocr_carea' id='block_1_29' title="bbox 2128 1396 3703 1474">
    <p class='ocr_par' dir='ltr' id='par_1_29' title="bbox 2128 1396 3703 1474">
     <span class='ocr_line' id='line_1_29' title="bbox 2128 1396 3703 1474; baseline -0.006 -20"><span class='ocrx_word' id='word_1_209' title='bbox 2128 1405 2218 1474; x_wconf 89' lang='lat' dir='ltr'><strong>qui</strong></span> <span class='ocrx_word' id='word_1_210' title='bbox 2250 1411 2544 1473; x_wconf 67' lang='lat' dir='ltr'><strong>apparatus</strong></span> <span class='ocrx_word' id='word_1_211' title='bbox 2591 1400 2972 1468; x_wconf 79' lang='lat' dir='ltr'><strong>hospitalitatis</strong></span> <span class='ocrx_word' id='word_1_212' title='bbox 3026 1398 3307 1463; x_wconf 89' lang='lat' dir='ltr'><strong>utriusque</strong></span> <span class='ocrx_word' id='word_1_213' title='bbox 3366 1396 3437 1448; x_wconf 90' lang='lat' dir='ltr'><strong>sit</strong></span> <span class='ocrx_word' id='word_1_214' title='bbox 3480 1410 3703 1462; x_wconf 87' lang='lat' dir='ltr'><strong>compa-</strong></span> 
     </span>
    </p>
   </div>
   <div class='ocr_carea' id='block_1_30' title="bbox 2130 1487 3702 1555">
    <p class='ocr_par' dir='ltr' id='par_1_30' title="bbox 2130 1487 3702 1555">
     <span class='ocr_line' id='line_1_30' title="bbox 2130 1487 3702 1555; baseline -0.009 -6"><span class='ocrx_word' id='word_1_215' title='bbox 2130 1509 2333 1550; x_wconf 76' lang='lat' dir='ltr'><strong>remus.</strong></span> <span class='ocrx_word' id='word_1_216' title='bbox 2377 1493 2559 1547; x_wconf 79' lang='lat' dir='ltr'><strong>Primo</strong></span> <span class='ocrx_word' id='word_1_217' title='bbox 2590 1503 2767 1545; x_wconf 88' lang='lat' dir='ltr'><strong>tamen</strong></span> <span class='ocrx_word' id='word_1_218' title='bbox 2830 1493 3061 1543; x_wconf 87' lang='lat' dir='ltr'><strong>observa</strong></span> <span class='ocrx_word' id='word_1_219' title='bbox 3117 1488 3259 1555; x_wconf 85' lang='lat' dir='ltr'><strong>quod</strong></span> <span class='ocrx_word' id='word_1_220' title='bbox 3298 1487 3531 1539; x_wconf 76' lang='lat' dir='ltr'><strong>Abrahae</strong></span> <span class='ocrx_word' id='word_1_221' title='bbox 3579 1502 3702 1539; x_wconf 91' lang='lat' dir='ltr'><strong>cum</strong></span> 
     </span>
    </p>
   </div>
   <div class='ocr_carea' id='block_1_31' title="bbox 2127 1580 3708 1655">
    <p class='ocr_par' dir='ltr' id='par_1_31' title="bbox 2127 1580 3708 1655">
     <span class='ocr_line' id='line_1_31' title="bbox 2127 1580 3708 1655; baseline -0.008 -12"><span class='ocrx_word' id='word_1_222' title='bbox 2127 1590 2336 1643; x_wconf 88' lang='lat' dir='ltr'><strong>duobus</strong></span> <span class='ocrx_word' id='word_1_223' title='bbox 2363 1587 2570 1655; x_wconf 84' lang='lat' dir='ltr'><strong>angelis</strong></span> <span class='ocrx_word' id='word_1_224' title='bbox 2614 1586 2775 1639; x_wconf 89' lang='lat' dir='ltr'><strong>etiam</strong></span> <span class='ocrx_word' id='word_1_225' title='bbox 2807 1583 3065 1637; x_wconf 79' lang='lat' dir='ltr'><strong>Dominus</strong></span> <span class='ocrx_word' id='word_1_226' title='bbox 3112 1580 3305 1643; x_wconf 82' lang='lat' dir='ltr'><strong>adfuit,</strong></span> <span class='ocrx_word' id='word_1_227' title='bbox 3332 1582 3399 1634; x_wconf 87' lang='lat' dir='ltr'><strong>ad</strong></span> <span class='ocrx_word' id='word_1_228' title='bbox 3442 1580 3540 1636; x_wconf 86' lang='lat' dir='ltr'><strong>Lot</strong></span> <span class='ocrx_word' id='word_1_229' title='bbox 3579 1594 3708 1632; x_wconf 79' lang='lat' dir='ltr'><strong>vero</strong></span> 
     </span>
    </p>
   </div>
   <div class='ocr_carea' id='block_1_32' title="bbox 2128 1672 3709 1746">
    <p class='ocr_par' dir='ltr' id='par_1_32' title="bbox 2128 1672 3709 1746">
     <span class='ocr_line' id='line_1_32' title="bbox 2128 1672 3709 1746; baseline -0.009 -9"><span class='ocrx_word' id='word_1_230' title='bbox 2128 1684 2234 1737; x_wconf 85' lang='lat' dir='ltr'><strong>duo</strong></span> <span class='ocrx_word' id='word_1_231' title='bbox 2280 1681 2656 1735; x_wconf 88' lang='lat' dir='ltr'><strong>tantummodo</strong></span> <span class='ocrx_word' id='word_1_232' title='bbox 2688 1677 2865 1746; x_wconf 84' lang='lat' dir='ltr'><strong>angeli</strong></span> <span class='ocrx_word' id='word_1_233' title='bbox 2905 1685 3156 1744; x_wconf 84' lang='lat' dir='ltr'><strong>pergunt.</strong></span> <span class='ocrx_word' id='word_1_234' title='bbox 3195 1675 3258 1727; x_wconf 81' lang='lat' dir='ltr'><strong>Et</strong></span> <span class='ocrx_word' id='word_1_235' title='bbox 3311 1674 3439 1742; x_wconf 86' lang='lat' dir='ltr'><strong>quid</strong></span> <span class='ocrx_word' id='word_1_236' title='bbox 3469 1672 3709 1726; x_wconf 82' lang='lat' dir='ltr'><strong>dicunt?</strong></span> 
     </span>
    </p>
   </div>
   <div class='ocr_carea' id='block_1_33' title="bbox 454 1756 3709 1834">
    <p class='ocr_par' dir='ltr' id='par_1_33' title="bbox 454 1756 3709 1834">
     <span class='ocr_line' id='line_1_33' title="bbox 454 1756 3709 1834; baseline -0.001 -14"><span class='ocrx_word' id='word_1_237' title='bbox 454 1766 629 1820; x_wconf 78' lang='lat' dir='ltr'><strong>uelit?</strong></span> <span class='ocrx_word' id='word_1_238' title='bbox 673 1765 915 1821; x_wconf 78' lang='lat' dir='ltr'><strong>Ostende</strong></span> <span class='ocrx_word' id='word_1_239' title='bbox 959 1776 1138 1818; x_wconf 89' lang='lat' dir='ltr'><strong>autem</strong></span> <span class='ocrx_word' id='word_1_240' title='bbox 1189 1770 1261 1819; x_wconf 89' lang='lat' dir='ltr'><strong>ita</strong></span> <span class='ocrx_word' id='word_1_241' title='bbox 1310 1766 1548 1831; x_wconf 89' lang='lat' dir='ltr'><strong>demum,</strong></span> <span class='ocrx_word' id='word_1_242' title='bbox 1581 1768 1623 1819; x_wconf 91' lang='lat' dir='ltr'><strong>si</strong></span> <span class='ocrx_word' id='word_1_243' title='bbox 1666 1767 2020 1834; x_wconf 85' lang='lat' dir='ltr'><strong>quemadmo-</strong></span> <span class='ocrx_word' id='word_1_244' title='bbox 2056 1756 2097 1810; x_wconf 83' lang='grc' dir='ltr'><strong>Β</strong></span> <span class='ocrx_word' id='word_1_245' title='bbox 2131 1774 2273 1827; x_wconf 67' lang='lat' dir='ltr'><strong>Misi;</strong></span> <span class='ocrx_word' id='word_1_246' title='bbox 2320 1788 2413 1824; x_wconf 74' lang='grc' dir='ltr'><strong>ηοε</strong></span> <span class='ocrx_word' id='word_1_247' title='bbox 2464 1771 2717 1823; x_wconf 80' lang='lat' dir='ltr'><strong>Dominus</strong></span> <span class='ocrx_word' id='word_1_248' title='bbox 2753 1776 3021 1821; x_wconf 78' lang='lat' dir='ltr'><strong>conterere</strong></span> <span class='ocrx_word' id='word_1_249' title='bbox 3064 1766 3346 1828; x_wconf 77' lang='lat' dir='ltr'><strong>civitatem,</strong></span> <span class='ocrx_word' id='word_1_250' title='bbox 3388 1774 3437 1818; x_wconf 87' lang='lat' dir='ltr'><strong>et</strong></span> <span class='ocrx_word' id='word_1_251' title='bbox 3494 1767 3709 1832; x_wconf 75' lang='lat' dir='ltr'><strong>perdere</strong></span> 
     </span>
    </p>
   </div>
   <div class='ocr_carea' id='block_1_34' title="bbox 454 1856 2023 1926">
    <p class='ocr_par' dir='ltr' id='par_1_34' title="bbox 454 1856 2023 1926">
     <span class='ocr_line' id='line_1_34' title="bbox 454 1856 2023 1926; baseline 0.002 -18"><span class='ocrx_word' id='word_1_252' title='bbox 454 1860 580 1909; x_wconf 82' lang='lat' dir='ltr'><strong>dum</strong></span> <span class='ocrx_word' id='word_1_253' title='bbox 612 1856 762 1926; x_wconf 90' lang='lat' dir='ltr'><strong>prius</strong></span> <span class='ocrx_word' id='word_1_254' title='bbox 800 1856 1020 1911; x_wconf 81' lang='lat' dir='ltr'><strong>exhibui</strong></span> <span class='ocrx_word' id='word_1_255' title='bbox 1065 1856 1303 1909; x_wconf 87' lang='lat' dir='ltr'><strong>membra</strong></span> <span class='ocrx_word' id='word_1_256' title='bbox 1340 1871 1456 1909; x_wconf 85' lang='lat' dir='ltr'><strong>mea</strong></span> <span class='ocrx_word' id='word_1_257' title='bbox 1488 1858 1697 1910; x_wconf 79' lang='lat' dir='ltr'><strong>servire</strong></span> <span class='ocrx_word' id='word_1_258' title='bbox 1749 1857 2023 1925; x_wconf 78' lang='lat' dir='ltr'><strong>iniquitati</strong></span> 
     </span>
    </p>
   </div>
   <div class='ocr_carea' id='block_1_35' title="bbox 454 1950 2025 2017">
    <p class='ocr_par' dir='ltr' id='par_1_35' title="bbox 454 1950 2025 2017">
     <span class='ocr_line' id='line_1_35' title="bbox 454 1950 2025 2017; baseline 0.003 -18"><span class='ocrx_word' id='word_1_259' title='bbox 454 1950 522 2001; x_wconf 90' lang='lat' dir='ltr'><strong>ad</strong></span> <span class='ocrx_word' id='word_1_260' title='bbox 574 1950 938 2017; x_wconf 85' lang='lat' dir='ltr'><strong>iniquitatem,</strong></span> <span class='ocrx_word' id='word_1_261' title='bbox 985 1962 1130 2001; x_wconf 90' lang='lat' dir='ltr'><strong>nune</strong></span> <span class='ocrx_word' id='word_1_262' title='bbox 1177 1964 1238 2002; x_wconf 89' lang='lat' dir='ltr'><strong>ea</strong></span> <span class='ocrx_word' id='word_1_263' title='bbox 1282 1959 1598 2002; x_wconf 81' lang='lat' dir='ltr'><strong>convertam</strong></span> <span class='ocrx_word' id='word_1_264' title='bbox 1649 1960 1701 2002; x_wconf 81' lang='lat' dir='ltr'><strong>et</strong></span> <span class='ocrx_word' id='word_1_265' title='bbox 1745 1950 2025 2004; x_wconf 75' lang='lat' dir='ltr'><strong>exhibeam</strong></span> 
     </span>
    </p>
   </div>
   <div class='ocr_carea' id='block_1_36' title="bbox 453 2039 2025 2110">
    <p class='ocr_par' dir='ltr' id='par_1_36' title="bbox 453 2039 2025 2110">
     <span class='ocr_line' id='line_1_36' title="bbox 453 2039 2025 2110; baseline 0.003 -17"><span class='ocrx_word' id='word_1_266' title='bbox 453 2039 665 2094; x_wconf 71' lang='lat' dir='ltr'><strong>servire</strong></span> <span class='ocrx_word' id='word_1_267' title='bbox 690 2041 919 2110; x_wconf 70' lang='lat' dir='ltr'><strong>justitia:</strong></span> <span class='ocrx_word' id='word_1_268' title='bbox 962 2040 1029 2093; x_wconf 87' lang='lat' dir='ltr'><strong>ad</strong></span> <span class='ocrx_word' id='word_1_269' title='bbox 1066 2040 1575 2095; x_wconf 80' lang='lat' dir='ltr'><strong>Sanctificatiouem.</strong></span> <span class='ocrx_word' id='word_1_270' title='bbox 1611 2041 2025 2097; x_wconf 80' lang='lat' dir='ltr'><strong>Testamentum</strong></span> 
     </span>
    </p>
   </div>
   <div class='ocr_carea' id='block_1_37' title="bbox 456 2131 2028 2201">
    <p class='ocr_par' dir='ltr' id='par_1_37' title="bbox 456 2131 2028 2201">
     <span class='ocr_line' id='line_1_37' title="bbox 456 2131 2028 2201; baseline 0.003 -18"><span class='ocrx_word' id='word_1_271' title='bbox 456 2131 548 2184; x_wconf 83' lang='lat' dir='ltr'><strong>Dei</strong></span> <span class='ocrx_word' id='word_1_272' title='bbox 594 2132 820 2187; x_wconf 87' lang='lat' dir='ltr'><strong>ostendo</strong></span> <span class='ocrx_word' id='word_1_273' title='bbox 863 2147 986 2186; x_wconf 89' lang='lat' dir='ltr'><strong>esse</strong></span> <span class='ocrx_word' id='word_1_274' title='bbox 1033 2133 1084 2185; x_wconf 92' lang='lat' dir='ltr'><strong>in</strong></span> <span class='ocrx_word' id='word_1_275' title='bbox 1120 2146 1284 2186; x_wconf 81' lang='lat' dir='ltr'><strong>carne</strong></span> <span class='ocrx_word' id='word_1_276' title='bbox 1316 2149 1455 2195; x_wconf 90' lang='lat' dir='ltr'><strong>mea,</strong></span> <span class='ocrx_word' id='word_1_277' title='bbox 1498 2134 1542 2186; x_wconf 89' lang='lat' dir='ltr'><strong>si</strong></span> <span class='ocrx_word' id='word_1_278' title='bbox 1573 2144 1803 2201; x_wconf 84' lang='lat' dir='ltr'><strong>potuero</strong></span> <span class='ocrx_word' id='word_1_279' title='bbox 1847 2136 2028 2188; x_wconf 84' lang='lat' dir='ltr'><strong>dicere</strong></span> 
     </span>
    </p>
   </div>
   <div class='ocr_carea' id='block_1_38' title="bbox 452 2221 2026 2292">
    <p class='ocr_par' dir='ltr' id='par_1_38' title="bbox 452 2221 2026 2292">
     <span class='ocr_line' id='line_1_38' title="bbox 452 2221 2026 2292; baseline 0.003 -18"><span class='ocrx_word' id='word_1_280' title='bbox 452 2221 1063 2288; x_wconf 69' lang='lat' dir='ltr'><strong>secunlumPaulum“,</strong></span> <span class='ocrx_word' id='word_1_281' title='bbox 1095 2223 1220 2292; x_wconf 85' lang='lat' dir='ltr'><strong>quia</strong></span> <span class='ocrx_word' id='word_1_282' title='bbox 1250 2222 1459 2276; x_wconf 76' lang='lat' dir='ltr'><strong>Christo</strong></span> <span class='ocrx_word' id='word_1_283' title='bbox 1484 2226 1864 2291; x_wconf 73' lang='lat' dir='ltr'><strong>concruciﬁxus</strong></span> <span class='ocrx_word' id='word_1_284' title='bbox 1890 2243 2026 2290; x_wconf 82' lang='lat' dir='ltr'><strong>sunt,</strong></span> 
     </span>
    </p>
   </div>
   <div class='ocr_carea' id='block_1_39' title="bbox 453 2314 2027 2382">
    <p class='ocr_par' dir='ltr' id='par_1_39' title="bbox 453 2314 2027 2382">
     <span class='ocr_line' id='line_1_39' title="bbox 453 2314 2027 2382; baseline 0.003 -17"><span class='ocrx_word' id='word_1_285' title='bbox 453 2317 567 2365; x_wconf 56' lang='lat' dir='ltr'><strong>vivo</strong></span> <span class='ocrx_word' id='word_1_286' title='bbox 600 2328 771 2367; x_wconf 84' lang='lat' dir='ltr'><strong>au:em</strong></span> <span class='ocrx_word' id='word_1_287' title='bbox 798 2314 912 2382; x_wconf 88' lang='lat' dir='ltr'><strong>jam</strong></span> <span class='ocrx_word' id='word_1_288' title='bbox 945 2332 1046 2366; x_wconf 86' lang='lat' dir='ltr'><strong>non</strong></span> <span class='ocrx_word' id='word_1_289' title='bbox 1089 2332 1201 2382; x_wconf 84' lang='lat' dir='ltr'><strong>ego,</strong></span> <span class='ocrx_word' id='word_1_290' title='bbox 1250 2318 1372 2368; x_wconf 83' lang='lat' dir='ltr'><strong>vivit</strong></span> <span class='ocrx_word' id='word_1_291' title='bbox 1419 2331 1536 2368; x_wconf 84' lang='lat' dir='ltr'><strong>vero</strong></span> <span class='ocrx_word' id='word_1_292' title='bbox 1563 2316 1803 2370; x_wconf 68' lang='lat' dir='ltr'><strong>Christus</strong></span> <span class='ocrx_word' id='word_1_293' title='bbox 1836 2319 1888 2370; x_wconf 86' lang='lat' dir='ltr'><strong>in</strong></span> <span class='ocrx_word' id='word_1_294' title='bbox 1913 2335 2027 2382; x_wconf 89' lang='lat' dir='ltr'><strong>me;</strong></span> 
     </span>
    </p>
   </div>
   <div class='ocr_carea' id='block_1_40' title="bbox 456 2405 2027 2477">
    <p class='ocr_par' dir='ltr' id='par_1_40' title="bbox 456 2405 2027 2477">
     <span class='ocr_line' id='line_1_40' title="bbox 456 2405 2027 2477; baseline 0.002 -21"><span class='ocrx_word' id='word_1_295' title='bbox 456 2414 507 2456; x_wconf 91' lang='lat' dir='ltr'><strong>et</strong></span> <span class='ocrx_word' id='word_1_296' title='bbox 540 2405 581 2456; x_wconf 87' lang='lat' dir='ltr'><strong>si</strong></span> <span class='ocrx_word' id='word_1_297' title='bbox 617 2418 842 2471; x_wconf 76' lang='lat' dir='ltr'><strong>potuezo</strong></span> <span class='ocrx_word' id='word_1_298' title='bbox 882 2406 1063 2459; x_wconf 85' lang='lat' dir='ltr'><strong>dicere</strong></span> <span class='ocrx_word' id='word_1_299' title='bbox 1107 2415 1164 2457; x_wconf 95' lang='lat' dir='ltr'><strong>ut</strong></span> <span class='ocrx_word' id='word_1_300' title='bbox 1210 2406 1321 2475; x_wconf 90' lang='lat' dir='ltr'><strong>ipse</strong></span> <span class='ocrx_word' id='word_1_301' title='bbox 1361 2407 1638 2460; x_wconf 76' lang='lat' dir='ltr'><strong>dicebat&quot;</strong></span> <span class='ocrx_word' id='word_1_302' title='bbox 1667 2426 1679 2461; x_wconf 92' lang='lat'><strong>:</strong></span> <span class='ocrx_word' id='word_1_303' title='bbox 1711 2406 1819 2477; x_wconf 80' lang='lat' dir='ltr'><strong>Ego</strong></span> <span class='ocrx_word' id='word_1_304' title='bbox 1854 2420 2027 2462; x_wconf 86' lang='lat' dir='ltr'><strong>autem</strong></span> 
     </span>
    </p>
   </div>
   <div class='ocr_carea' id='block_1_41' title="bbox 455 2494 2027 2568">
    <p class='ocr_par' dir='ltr' id='par_1_41' title="bbox 455 2494 2027 2568">
     <span class='ocr_line' id='line_1_41' title="bbox 455 2494 2027 2568; baseline 0.006 -21"><span class='ocrx_word' id='word_1_305' title='bbox 455 2496 705 2562; x_wconf 77' lang='lat' dir='ltr'><strong>stigmata</strong></span> <span class='ocrx_word' id='word_1_306' title='bbox 739 2494 953 2547; x_wconf 87' lang='lat' dir='ltr'><strong>Domini</strong></span> <span class='ocrx_word' id='word_1_307' title='bbox 1000 2497 1098 2549; x_wconf 85' lang='lat' dir='ltr'><strong>mei</strong></span> <span class='ocrx_word' id='word_1_308' title='bbox 1125 2496 1255 2550; x_wconf 74' lang='lat' dir='ltr'><strong>Iesu</strong></span> <span class='ocrx_word' id='word_1_309' title='bbox 1303 2498 1498 2551; x_wconf 79' lang='lat' dir='ltr'><strong>Christi</strong></span> <span class='ocrx_word' id='word_1_310' title='bbox 1550 2498 1603 2552; x_wconf 87' lang='lat' dir='ltr'><strong>in</strong></span> <span class='ocrx_word' id='word_1_311' title='bbox 1649 2516 1863 2568; x_wconf 86' lang='lat' dir='ltr'><strong>corpore</strong></span> <span class='ocrx_word' id='word_1_312' title='bbox 1916 2518 2027 2555; x_wconf 87' lang='lat' dir='ltr'><strong>meo</strong></span> 
     </span>
    </p>
   </div>
   <div class='ocr_carea' id='block_1_42' title="bbox 453 2585 2027 2655">
    <p class='ocr_par' dir='ltr' id='par_1_42' title="bbox 453 2585 2027 2655">
     <span class='ocr_line' id='line_1_42' title="bbox 453 2585 2027 2655; baseline 0.006 -17"><span class='ocrx_word' id='word_1_313' title='bbox 453 2595 632 2655; x_wconf 79' lang='lat' dir='ltr'><strong>porto.</strong></span> <span class='ocrx_word' id='word_1_314' title='bbox 676 2585 813 2641; x_wconf 76' lang='lat' dir='ltr'><strong>Vere</strong></span> <span class='ocrx_word' id='word_1_315' title='bbox 870 2597 1049 2641; x_wconf 80' lang='lat' dir='ltr'><strong>autem</strong></span> <span class='ocrx_word' id='word_1_316' title='bbox 1106 2588 1194 2643; x_wconf 88' lang='lat' dir='ltr'><strong>ille</strong></span> <span class='ocrx_word' id='word_1_317' title='bbox 1258 2592 1579 2644; x_wconf 69' lang='lat' dir='ltr'><strong>ostendebat</strong></span> <span class='ocrx_word' id='word_1_318' title='bbox 1646 2602 2027 2648; x_wconf 86' lang='lat' dir='ltr'><strong>testamentum</strong></span> 
     </span>
    </p>
   </div>
   <div class='ocr_carea' id='block_1_43' title="bbox 455 2676 2029 2749">
    <p class='ocr_par' dir='ltr' id='par_1_43' title="bbox 455 2676 2029 2749">
     <span class='ocr_line' id='line_1_43' title="bbox 455 2676 2029 2749; baseline 0.005 -20"><span class='ocrx_word' id='word_1_319' title='bbox 455 2676 547 2730; x_wconf 79' lang='lat' dir='ltr'><strong>Dei</strong></span> <span class='ocrx_word' id='word_1_320' title='bbox 577 2693 698 2733; x_wconf 78' lang='lat' dir='ltr'><strong>eSse</strong></span> <span class='ocrx_word' id='word_1_321' title='bbox 731 2693 895 2746; x_wconf 86' lang='lat' dir='ltr'><strong>super</strong></span> <span class='ocrx_word' id='word_1_322' title='bbox 928 2694 1147 2731; x_wconf 88' lang='lat' dir='ltr'><strong>carnem</strong></span> <span class='ocrx_word' id='word_1_323' title='bbox 1202 2695 1377 2741; x_wconf 85' lang='lat' dir='ltr'><strong>suam,</strong></span> <span class='ocrx_word' id='word_1_324' title='bbox 1413 2682 1501 2749; x_wconf 88' lang='lat' dir='ltr'><strong>qui</strong></span> <span class='ocrx_word' id='word_1_325' title='bbox 1553 2682 1829 2735; x_wconf 73' lang='lat' dir='ltr'><strong>dicebat“</strong></span> <span class='ocrx_word' id='word_1_326' title='bbox 1857 2700 1871 2738; x_wconf 86' lang='lat'>:</span> <span class='ocrx_word' id='word_1_327' title='bbox 1900 2683 2029 2748; x_wconf 82' lang='lat' dir='ltr'><strong>Quis</strong></span> 
     </span>
    </p>
   </div>
   <div class='ocr_carea' id='block_1_44' title="bbox 454 2768 2032 2837">
    <p class='ocr_par' dir='ltr' id='par_1_44' title="bbox 454 2768 2032 2837">
     <span class='ocr_line' id='line_1_44' title="bbox 454 2768 2032 2837; baseline 0.004 -20"><span class='ocrx_word' id='word_1_328' title='bbox 454 2784 549 2820; x_wconf 81' lang='lat' dir='ltr'><strong>nos</strong></span> <span class='ocrx_word' id='word_1_329' title='bbox 592 2768 850 2836; x_wconf 77' lang='lat' dir='ltr'><strong>separabit</strong></span> <span class='ocrx_word' id='word_1_330' title='bbox 900 2786 929 2820; x_wconf 92' lang='lat' dir='ltr'><strong>a</strong></span> <span class='ocrx_word' id='word_1_331' title='bbox 974 2768 1230 2822; x_wconf 86' lang='lat' dir='ltr'><strong>charitale</strong></span> <span class='ocrx_word' id='word_1_332' title='bbox 1286 2768 1402 2834; x_wconf 84' lang='lat' dir='ltr'><strong>Dei,</strong></span> <span class='ocrx_word' id='word_1_333' title='bbox 1450 2786 1568 2837; x_wconf 78' lang='lat' dir='ltr'><strong>qua:</strong></span> <span class='ocrx_word' id='word_1_334' title='bbox 1620 2771 1776 2822; x_wconf 79' lang='lat' dir='ltr'><strong>estin</strong></span> <span class='ocrx_word' id='word_1_335' title='bbox 1825 2770 2032 2824; x_wconf 78' lang='lat' dir='ltr'><strong>Christo</strong></span> 
     </span>
    </p>
   </div>
   <div class='ocr_carea' id='block_1_45' title="bbox 453 2858 2030 2929">
    <p class='ocr_par' dir='ltr' id='par_1_45' title="bbox 453 2858 2030 2929">
     <span class='ocr_line' id='line_1_45' title="bbox 453 2858 2030 2929; baseline 0.001 -18"><span class='ocrx_word' id='word_1_336' title='bbox 453 2858 990 2916; x_wconf 79' lang='lat' dir='ltr'><strong>Jesu.&quot;l&#39;ribulutio?</strong></span> <span class='ocrx_word' id='word_1_337' title='bbox 1036 2878 1103 2913; x_wconf 88' lang='lat' dir='ltr'><strong>an</strong></span> <span class='ocrx_word' id='word_1_338' title='bbox 1152 2862 1441 2929; x_wconf 80' lang='lat' dir='ltr'><strong>angustia?</strong></span> <span class='ocrx_word' id='word_1_339' title='bbox 1489 2878 1555 2913; x_wconf 88' lang='lat' dir='ltr'><strong>an</strong></span> <span class='ocrx_word' id='word_1_340' title='bbox 1605 2861 2030 2928; x_wconf 56' lang='lat' dir='ltr'><strong>periculumhm</strong></span> 
     </span>
    </p>
   </div>
   <div class='ocr_carea' id='block_1_46' title="bbox 454 2950 2032 3020">
    <p class='ocr_par' dir='ltr' id='par_1_46' title="bbox 454 2950 2032 3020">
     <span class='ocr_line' id='line_1_46' title="bbox 454 2950 2032 3020; baseline 0.002 -20"><span class='ocrx_word' id='word_1_341' title='bbox 454 2951 707 3020; x_wconf 78' lang='lat' dir='ltr'><strong>gladius?</strong></span> <span class='ocrx_word' id='word_1_342' title='bbox 754 2950 809 3003; x_wconf 88' lang='lat' dir='ltr'><strong>Si</strong></span> <span class='ocrx_word' id='word_1_343' title='bbox 847 2952 992 3004; x_wconf 90' lang='lat' dir='ltr'><strong>enim</strong></span> <span class='ocrx_word' id='word_1_344' title='bbox 1056 2966 1185 3006; x_wconf 82' lang='lat' dir='ltr'><strong>voce</strong></span> <span class='ocrx_word' id='word_1_345' title='bbox 1242 2953 1617 3004; x_wconf 88' lang='lat' dir='ltr'><strong>tantummodo</strong></span> <span class='ocrx_word' id='word_1_346' title='bbox 1676 2954 2032 3006; x_wconf 86' lang='lat' dir='ltr'><strong>c0atiteamur</strong></span> 
     </span>
    </p>
   </div>
   <div class='ocr_carea' id='block_1_47' title="bbox 2128 1857 3699 1929">
    <p class='ocr_par' dir='ltr' id='par_1_47' title="bbox 2128 1857 3699 1929">
     <span class='ocr_line' id='line_1_47' title="bbox 2128 1857 3699 1929; baseline -0.008 -12"><span class='ocrx_word' id='word_1_347' title='bbox 2128 1881 2243 1917; x_wconf 87' lang='lat' dir='ltr'><strong>eam</strong></span> <span class='ocrx_word' id='word_1_348' title='bbox 2264 1864 2327 1915; x_wconf 79' lang='grc' dir='ltr'><strong>³ο.</strong></span> <span class='ocrx_word' id='word_1_349' title='bbox 2366 1862 2454 1915; x_wconf 89' lang='lat' dir='ltr'><strong>ille</strong></span> <span class='ocrx_word' id='word_1_350' title='bbox 2481 1877 2611 1929; x_wconf 87' lang='lat' dir='ltr'><strong>ergo</strong></span> <span class='ocrx_word' id='word_1_351' title='bbox 2648 1860 2886 1927; x_wconf 88' lang='lat' dir='ltr'><strong>suscepit</strong></span> <span class='ocrx_word' id='word_1_352' title='bbox 2916 1872 3032 1921; x_wconf 90' lang='lat' dir='ltr'><strong>eos,</strong></span> <span class='ocrx_word' id='word_1_353' title='bbox 3062 1858 3152 1925; x_wconf 91' lang='lat' dir='ltr'><strong>qui</strong></span> <span class='ocrx_word' id='word_1_354' title='bbox 3192 1859 3459 1926; x_wconf 83' lang='lat' dir='ltr'><strong>perditum</strong></span> <span class='ocrx_word' id='word_1_355' title='bbox 3492 1857 3699 1914; x_wconf 84' lang='lat' dir='ltr'><strong>darent,</strong></span> 
     </span>
    </p>
   </div>
   <div class='ocr_carea' id='block_1_48' title="bbox 2130 1950 3705 2021">
    <p class='ocr_par' dir='ltr' id='par_1_48' title="bbox 2130 1950 3705 2021">
     <span class='ocr_line' id='line_1_48' title="bbox 2130 1950 3705 2021; baseline -0.006 -12"><span class='ocrx_word' id='word_1_356' title='bbox 2130 1971 2235 2011; x_wconf 90' lang='lat' dir='ltr'><strong>non</strong></span> <span class='ocrx_word' id='word_1_357' title='bbox 2265 1954 2503 2021; x_wconf 86' lang='lat' dir='ltr'><strong>suscepit</strong></span> <span class='ocrx_word' id='word_1_358' title='bbox 2551 1968 2673 2005; x_wconf 89' lang='lat' dir='ltr'><strong>eutn</strong></span> <span class='ocrx_word' id='word_1_359' title='bbox 2708 1952 2799 2020; x_wconf 88' lang='lat' dir='ltr'><strong>qni</strong></span> <span class='ocrx_word' id='word_1_360' title='bbox 2848 1950 3104 2003; x_wconf 89' lang='lat' dir='ltr'><strong>saivaret.</strong></span> <span class='ocrx_word' id='word_1_361' title='bbox 3135 1950 3409 2003; x_wconf 78' lang='lat' dir='ltr'><strong>Abraham</strong></span> <span class='ocrx_word' id='word_1_362' title='bbox 3436 1962 3561 2000; x_wconf 90' lang='lat' dir='ltr'><strong>vero</strong></span> <span class='ocrx_word' id='word_1_363' title='bbox 3590 1960 3705 1999; x_wconf 80' lang='lat' dir='ltr'><strong>sus-</strong></span> 
     </span>
    </p>
   </div>
   <div class='ocr_carea' id='block_1_49' title="bbox 2130 2036 3705 2114">
    <p class='ocr_par' dir='ltr' id='par_1_49' title="bbox 2130 2036 3705 2114">
     <span class='ocr_line' id='line_1_49' title="bbox 2130 2036 3705 2114; baseline -0.01 -12"><span class='ocrx_word' id='word_1_364' title='bbox 2130 2046 2276 2114; x_wconf 87' lang='lat' dir='ltr'><strong>cepit</strong></span> <span class='ocrx_word' id='word_1_365' title='bbox 2304 2055 2358 2099; x_wconf 90' lang='lat' dir='ltr'><strong>ct</strong></span> <span class='ocrx_word' id='word_1_366' title='bbox 2385 2060 2511 2100; x_wconf 90' lang='lat' dir='ltr'><strong>eum</strong></span> <span class='ocrx_word' id='word_1_367' title='bbox 2541 2045 2631 2112; x_wconf 89' lang='lat' dir='ltr'><strong>qui</strong></span> <span class='ocrx_word' id='word_1_368' title='bbox 2665 2042 2854 2106; x_wconf 88' lang='lat' dir='ltr'><strong>salvat,</strong></span> <span class='ocrx_word' id='word_1_369' title='bbox 2890 2053 2943 2096; x_wconf 92' lang='lat' dir='ltr'><strong>ct</strong></span> <span class='ocrx_word' id='word_1_370' title='bbox 2990 2058 3088 2097; x_wconf 90' lang='lat' dir='ltr'><strong>eos</strong></span> <span class='ocrx_word' id='word_1_371' title='bbox 3138 2042 3225 2110; x_wconf 88' lang='lat' dir='ltr'><strong>qui</strong></span> <span class='ocrx_word' id='word_1_372' title='bbox 3265 2040 3520 2109; x_wconf 90' lang='lat' dir='ltr'><strong>perdunt.</strong></span> <span class='ocrx_word' id='word_1_373' title='bbox 3554 2036 3705 2090; x_wconf 85' lang='lat' dir='ltr'><strong>Nune</strong></span> 
     </span>
    </p>
   </div>
   <div class='ocr_carea' id='block_1_50' title="bbox 2132 2126 3701 2203">
    <p class='ocr_par' dir='ltr' id='par_1_50' title="bbox 2132 2126 3701 2203">
     <span class='ocr_line' id='line_1_50' title="bbox 2132 2126 3701 2203; baseline -0.006 -15"><span class='ocrx_word' id='word_1_374' title='bbox 2132 2136 2412 2189; x_wconf 81' lang='lat' dir='ltr'><strong>videamus</strong></span> <span class='ocrx_word' id='word_1_375' title='bbox 2462 2134 2734 2203; x_wconf 87' lang='lat' dir='ltr'><strong>quomodo</strong></span> <span class='ocrx_word' id='word_1_376' title='bbox 2772 2134 3147 2202; x_wconf 87' lang='lat' dir='ltr'><strong>unusquisque</strong></span> <span class='ocrx_word' id='word_1_377' title='bbox 3191 2130 3473 2198; x_wconf 87' lang='lat' dir='ltr'><strong>suscipiat.</strong></span> <span class='ocrx_word' id='word_1_378' title='bbox 3540 2126 3701 2187; x_wconf 81' lang='lat' dir='ltr'><strong>Vidit,</strong></span> 
     </span>
    </p>
   </div>
   <div class='ocr_carea' id='block_1_51' title="bbox 2132 2219 3704 2296">
    <p class='ocr_par' dir='ltr' id='par_1_51' title="bbox 2132 2219 3704 2296">
     <span class='ocr_line' id='line_1_51' title="bbox 2132 2219 3704 2296; baseline -0.007 -15"><span class='ocrx_word' id='word_1_379' title='bbox 2132 2229 2304 2296; x_wconf 89' lang='lat' dir='ltr'><strong>inquit</strong></span> <span class='ocrx_word' id='word_1_380' title='bbox 2329 2228 2394 2291; x_wconf 82' lang='grc'><strong>³¹,</strong></span> <span class='ocrx_word' id='word_1_381' title='bbox 2418 2228 2704 2290; x_wconf 79' lang='lat' dir='ltr'><strong>Abraham,</strong></span> <span class='ocrx_word' id='word_1_382' title='bbox 2727 2236 2773 2280; x_wconf 85' lang='lat' dir='ltr'><strong>et</strong></span> <span class='ocrx_word' id='word_1_383' title='bbox 2802 2227 3032 2279; x_wconf 87' lang='lat' dir='ltr'><strong>occurrit</strong></span> <span class='ocrx_word' id='word_1_384' title='bbox 3058 2227 3132 2277; x_wconf 85' lang='lat' dir='ltr'><strong>eis</strong></span> <span class='ocrx_word' id='word_1_385' title='bbox 3160 2224 3382 2276; x_wconf 83' lang='lat' dir='ltr'><strong>obviam.</strong></span> <span class='ocrx_word' id='word_1_386' title='bbox 3408 2219 3704 2275; x_wconf 84' lang='lat' dir='ltr'><strong>Considera</strong></span> 
     </span>
    </p>
   </div>
   <div class='ocr_carea' id='block_1_52' title="bbox 2131 2312 3701 2389">
    <p class='ocr_par' dir='ltr' id='par_1_52' title="bbox 2131 2312 3701 2389">
     <span class='ocr_line' id='line_1_52' title="bbox 2131 2312 3701 2389; baseline -0.007 -16"><span class='ocrx_word' id='word_1_387' title='bbox 2131 2323 2380 2389; x_wconf 86' lang='lat' dir='ltr'><strong>protinus</strong></span> <span class='ocrx_word' id='word_1_388' title='bbox 2416 2320 2703 2389; x_wconf 88' lang='lat' dir='ltr'><strong>impigrum</strong></span> <span class='ocrx_word' id='word_1_389' title='bbox 2740 2328 2791 2372; x_wconf 90' lang='lat' dir='ltr'><strong>et</strong></span> <span class='ocrx_word' id='word_1_390' title='bbox 2836 2319 3071 2370; x_wconf 89' lang='lat' dir='ltr'><strong>alacrem</strong></span> <span class='ocrx_word' id='word_1_391' title='bbox 3105 2316 3157 2369; x_wconf 88' lang='lat' dir='ltr'><strong>in</strong></span> <span class='ocrx_word' id='word_1_392' title='bbox 3188 2314 3376 2368; x_wconf 76' lang='lat' dir='ltr'><strong>ciliciis</strong></span> <span class='ocrx_word' id='word_1_393' title='bbox 3405 2312 3701 2365; x_wconf 80' lang='lat' dir='ltr'><strong>Abraham.</strong></span> 
     </span>
    </p>
   </div>
   <div class='ocr_carea' id='block_1_53' title="bbox 2130 2401 3709 2479">
    <p class='ocr_par' dir='ltr' id='par_1_53' title="bbox 2130 2401 3709 2479">
     <span class='ocr_line' id='line_1_53' title="bbox 2130 2401 3709 2479; baseline -0.007 -15"><span class='ocrx_word' id='word_1_394' title='bbox 2130 2410 2245 2479; x_wconf 87' lang='lat' dir='ltr'><strong>Ipse</strong></span> <span class='ocrx_word' id='word_1_395' title='bbox 2272 2411 2516 2464; x_wconf 88' lang='lat' dir='ltr'><strong>occurrit</strong></span> <span class='ocrx_word' id='word_1_396' title='bbox 2547 2409 2860 2471; x_wconf 88' lang='lat' dir='ltr'><strong>obviam,et</strong></span> <span class='ocrx_word' id='word_1_397' title='bbox 2903 2422 3024 2461; x_wconf 89' lang='lat' dir='ltr'><strong>cum</strong></span> <span class='ocrx_word' id='word_1_398' title='bbox 3058 2405 3383 2460; x_wconf 89' lang='lat' dir='ltr'><strong>occurrisset</strong></span> <span class='ocrx_word' id='word_1_399' title='bbox 3408 2421 3419 2455; x_wconf 93' lang='lat'>:</span> <span class='ocrx_word' id='word_1_400' title='bbox 3442 2401 3709 2464; x_wconf 81' lang='lat' dir='ltr'><strong>Festinat,</strong></span> 
     </span>
    </p>
   </div>
   <div class='ocr_carea' id='block_1_54' title="bbox 2133 2493 3703 2568">
    <p class='ocr_par' dir='ltr' id='par_1_54' title="bbox 2133 2493 3703 2568">
     <span class='ocr_line' id='line_1_54' title="bbox 2133 2493 3703 2568; baseline -0.01 -15"><span class='ocrx_word' id='word_1_401' title='bbox 2133 2500 2305 2568; x_wconf 88' lang='lat' dir='ltr'><strong>inquit</strong></span> <span class='ocrx_word' id='word_1_402' title='bbox 2329 2499 2400 2561; x_wconf 81' lang='grc'><strong>³¹,</strong></span> <span class='ocrx_word' id='word_1_403' title='bbox 2421 2499 2488 2551; x_wconf 89' lang='lat' dir='ltr'><strong>ad</strong></span> <span class='ocrx_word' id='word_1_404' title='bbox 2507 2497 2928 2559; x_wconf 79' lang='lat' dir='ltr'><strong>tabernaculum,</strong></span> <span class='ocrx_word' id='word_1_405' title='bbox 2966 2504 3011 2547; x_wconf 87' lang='lat' dir='ltr'><strong>et</strong></span> <span class='ocrx_word' id='word_1_406' title='bbox 3038 2495 3161 2546; x_wconf 71' lang='lat' dir='ltr'><strong>Ilicit</strong></span> <span class='ocrx_word' id='word_1_407' title='bbox 3188 2493 3255 2546; x_wconf 80' lang='lat' dir='ltr'><strong>ad</strong></span> <span class='ocrx_word' id='word_1_408' title='bbox 3280 2504 3491 2543; x_wconf 76' lang='lat' dir='ltr'><strong>uxorem</strong></span> <span class='ocrx_word' id='word_1_409' title='bbox 3511 2503 3659 2540; x_wconf 79' lang='lat' dir='ltr'><strong>suam</strong></span> <span class='ocrx_word' id='word_1_410' title='bbox 3685 2502 3703 2538; x_wconf 91' lang='lat'><strong><em>:</em></strong></span> 
     </span>
    </p>
   </div>
   <div class='ocr_carea' id='block_1_55' title="bbox 2132 2583 3704 2653">
    <p class='ocr_par' dir='ltr' id='par_1_55' title="bbox 2132 2583 3704 2653">
     <span class='ocr_line' id='line_1_55' title="bbox 2132 2583 3704 2653; baseline -0.009 -9"><span class='ocrx_word' id='word_1_411' title='bbox 2132 2592 2349 2646; x_wconf 72' lang='lat' dir='ltr'><strong>Festina</strong></span> <span class='ocrx_word' id='word_1_412' title='bbox 2397 2591 2465 2643; x_wconf 83' lang='lat' dir='ltr'><strong>ad</strong></span> <span class='ocrx_word' id='word_1_413' title='bbox 2514 2590 2932 2643; x_wconf 80' lang='lat' dir='ltr'><strong>tttbertmculum.</strong></span> <span class='ocrx_word' id='word_1_414' title='bbox 2963 2585 3094 2641; x_wconf 82' lang='lat' dir='ltr'><strong>Vide</strong></span> <span class='ocrx_word' id='word_1_415' title='bbox 3149 2587 3199 2638; x_wconf 92' lang='lat' dir='ltr'><strong>in</strong></span> <span class='ocrx_word' id='word_1_416' title='bbox 3238 2583 3464 2653; x_wconf 82' lang='lat' dir='ltr'><strong>singulis</strong></span> <span class='ocrx_word' id='word_1_417' title='bbox 3504 2590 3704 2649; x_wconf 88' lang='lat' dir='ltr'><strong>quanta</strong></span> 
     </span>
    </p>
   </div>
   <div class='ocr_carea' id='block_1_56' title="bbox 2132 2670 3701 2753">
    <p class='ocr_par' dir='ltr' id='par_1_56' title="bbox 2132 2670 3701 2753">
     <span class='ocr_line' id='line_1_56' title="bbox 2132 2670 3701 2753; baseline -0.012 -14"><span class='ocrx_word' id='word_1_418' title='bbox 2132 2686 2202 2739; x_wconf 91' lang='lat' dir='ltr'><strong>sit</strong></span> <span class='ocrx_word' id='word_1_419' title='bbox 2230 2683 2577 2753; x_wconf 90' lang='lat' dir='ltr'><strong>suscipientis</strong></span> <span class='ocrx_word' id='word_1_420' title='bbox 2635 2682 2913 2735; x_wconf 86' lang='lat' dir='ltr'><strong>alacritas.</strong></span> <span class='ocrx_word' id='word_1_421' title='bbox 2954 2679 3270 2733; x_wconf 84' lang='lat' dir='ltr'><strong>Festinatur</strong></span> <span class='ocrx_word' id='word_1_422' title='bbox 3331 2676 3380 2726; x_wconf 93' lang='lat' dir='ltr'><strong>in</strong></span> <span class='ocrx_word' id='word_1_423' title='bbox 3437 2670 3701 2731; x_wconf 79' lang='lat' dir='ltr'><strong>omnibus,</strong></span> 
     </span>
    </p>
   </div>
   <div class='ocr_carea' id='block_1_57' title="bbox 2130 2761 3711 2844">
    <p class='ocr_par' dir='ltr' id='par_1_57' title="bbox 2130 2761 3711 2844">
     <span class='ocr_line' id='line_1_57' title="bbox 2130 2761 3711 2844; baseline -0.009 -15"><span class='ocrx_word' id='word_1_424' title='bbox 2130 2778 2311 2829; x_wconf 81' lang='lat' dir='ltr'><strong>omnia</strong></span> <span class='ocrx_word' id='word_1_425' title='bbox 2363 2784 2750 2844; x_wconf 87' lang='lat' dir='ltr'><strong>perurgentur,</strong></span> <span class='ocrx_word' id='word_1_426' title='bbox 2788 2772 2923 2825; x_wconf 90' lang='lat' dir='ltr'><strong>nihil</strong></span> <span class='ocrx_word' id='word_1_427' title='bbox 2966 2787 3062 2840; x_wconf 86' lang='lat' dir='ltr'><strong>per</strong></span> <span class='ocrx_word' id='word_1_428' title='bbox 3088 2770 3260 2822; x_wconf 90' lang='lat' dir='ltr'><strong>otium</strong></span> <span class='ocrx_word' id='word_1_429' title='bbox 3294 2765 3521 2835; x_wconf 80' lang='lat' dir='ltr'><strong>geritur.</strong></span> <span class='ocrx_word' id='word_1_430' title='bbox 3565 2761 3711 2815; x_wconf 72' lang='lat' dir='ltr'><strong>Dixit</strong></span> 
     </span>
    </p>
   </div>
   <div class='ocr_carea' id='block_1_58' title="bbox 2131 2857 3707 2935">
    <p class='ocr_par' dir='ltr' id='par_1_58' title="bbox 2131 2857 3707 2935">
     <span class='ocr_line' id='line_1_58' title="bbox 2131 2857 3707 2935; baseline -0.01 -15"><span class='ocrx_word' id='word_1_431' title='bbox 2131 2880 2257 2935; x_wconf 85' lang='lat' dir='ltr'><strong>ergo</strong></span> <span class='ocrx_word' id='word_1_432' title='bbox 2289 2866 2355 2919; x_wconf 86' lang='lat' dir='ltr'><strong>ad</strong></span> <span class='ocrx_word' id='word_1_433' title='bbox 2386 2880 2612 2919; x_wconf 77' lang='lat' dir='ltr'><strong>uxorem</strong></span> <span class='ocrx_word' id='word_1_434' title='bbox 2646 2879 2797 2918; x_wconf 87' lang='lat' dir='ltr'><strong>suam</strong></span> <span class='ocrx_word' id='word_1_435' title='bbox 2848 2860 3098 2916; x_wconf 75' lang='lat' dir='ltr'><strong>Saram”</strong></span> <span class='ocrx_word' id='word_1_436' title='bbox 3133 2878 3146 2912; x_wconf 91' lang='lat'><strong>:</strong></span> <span class='ocrx_word' id='word_1_437' title='bbox 3177 2857 3397 2911; x_wconf 84' lang='lat' dir='ltr'><strong>Festina</strong></span> <span class='ocrx_word' id='word_1_438' title='bbox 3439 2857 3506 2908; x_wconf 84' lang='lat' dir='ltr'><strong>ad</strong></span> <span class='ocrx_word' id='word_1_439' title='bbox 3538 2859 3707 2907; x_wconf 86' lang='lat' dir='ltr'><strong>taber-</strong></span> 
     </span>
    </p>
   </div>
   <div class='ocr_carea' id='block_1_59' title="bbox 2134 2951 3707 3023">
    <p class='ocr_par' dir='ltr' id='par_1_59' title="bbox 2134 2951 3707 3023">
     <span class='ocr_line' id='line_1_59' title="bbox 2134 2951 3707 3023; baseline -0.006 -14"><span class='ocrx_word' id='word_1_440' title='bbox 2134 2956 2404 3020; x_wconf 78' lang='lat' dir='ltr'><strong>naculum,</strong></span> <span class='ocrx_word' id='word_1_441' title='bbox 2438 2967 2483 3008; x_wconf 87' lang='lat' dir='ltr'><strong>et</strong></span> <span class='ocrx_word' id='word_1_442' title='bbox 2522 2971 2805 3023; x_wconf 73' lang='lat' dir='ltr'><strong>consperge</strong></span> <span class='ocrx_word' id='word_1_443' title='bbox 2848 2967 2951 3007; x_wconf 87' lang='lat' dir='ltr'><strong>tres</strong></span> <span class='ocrx_word' id='word_1_444' title='bbox 2993 2968 3264 3005; x_wconf 83' lang='lat' dir='ltr'><strong>mensuras</strong></span> <span class='ocrx_word' id='word_1_445' title='bbox 3290 2951 3625 3020; x_wconf 79' lang='lat' dir='ltr'><strong>similaginis,</strong></span> <span class='ocrx_word' id='word_1_446' title='bbox 3659 2959 3707 2999; x_wconf 80' lang='lat' dir='ltr'><strong>et</strong></span> 
     </span>
    </p>
   </div>
   <div class='ocr_carea' id='block_1_60' title="bbox 461 3040 3707 3143">
    <p class='ocr_par' dir='ltr' id='par_1_60' title="bbox 461 3040 3707 3143">
     <span class='ocr_line' id='line_1_60' title="bbox 461 3040 3707 3143; baseline -0.003 -48"><span class='ocrx_word' id='word_1_447' title='bbox 461 3042 746 3095; x_wconf 84' lang='lat' dir='ltr'><strong>Dominum</strong></span> <span class='ocrx_word' id='word_1_448' title='bbox 784 3040 991 3107; x_wconf 85' lang='lat' dir='ltr'><strong>Jcsum,</strong></span> <span class='ocrx_word' id='word_1_449' title='bbox 1026 3052 1079 3097; x_wconf 83' lang='lat' dir='ltr'><strong>et</strong></span> <span class='ocrx_word' id='word_1_450' title='bbox 1113 3058 1218 3096; x_wconf 89' lang='lat' dir='ltr'><strong>non</strong></span> <span class='ocrx_word' id='word_1_451' title='bbox 1251 3044 1608 3095; x_wconf 84' lang='lat' dir='ltr'><strong>ostendamus</strong></span> <span class='ocrx_word' id='word_1_452' title='bbox 1641 3051 2025 3095; x_wconf 82' lang='lat' dir='ltr'><strong>testamentum</strong></span> <span class='ocrx_word' id='word_1_453' title='bbox 2056 3088 2096 3143; x_wconf 61' lang='grc' dir='ltr'>Ο</span> <span class='ocrx_word' id='word_1_454' title='bbox 2133 3049 2218 3118; x_wconf 71' lang='lat' dir='ltr'><strong>[ac</strong></span> <span class='ocrx_word' id='word_1_455' title='bbox 2274 3047 2670 3101; x_wconf 73' lang='grc' dir='ltr'><strong>εαῡεεηειοῑτὶαδ,</strong></span> <span class='ocrx_word' id='word_1_456' title='bbox 2730 3045 2841 3099; x_wconf 76' lang='lat' dir='ltr'><strong>Hoc</strong></span> <span class='ocrx_word' id='word_1_457' title='bbox 2898 3045 3087 3099; x_wconf 53' lang='lat' dir='ltr'><strong>Cum;</strong></span> <span class='ocrx_word' id='word_1_458' title='bbox 3140 3042 3441 3113; x_wconf 70' lang='grc' dir='ltr'><strong>ἐγκρυφίας</strong></span> <span class='ocrx_word' id='word_1_459' title='bbox 3486 3041 3707 3099; x_wconf 81' lang='lat' dir='ltr'><strong>dicitur,</strong></span> 
     </span>
    </p>
   </div>
   <div class='ocr_carea' id='block_1_61' title="bbox 452 3133 2026 3202">
    <p class='ocr_par' dir='ltr' id='par_1_61' title="bbox 452 3133 2026 3202">
     <span class='ocr_line' id='line_1_61' title="bbox 452 3133 2026 3202; baseline 0.003 -20"><span class='ocrx_word' id='word_1_460' title='bbox 452 3133 574 3200; x_wconf 74' lang='lat' dir='ltr'><strong>ejus</strong></span> <span class='ocrx_word' id='word_1_461' title='bbox 620 3146 739 3185; x_wconf 87' lang='lat' dir='ltr'><strong>esse</strong></span> <span class='ocrx_word' id='word_1_462' title='bbox 794 3148 960 3202; x_wconf 89' lang='lat' dir='ltr'><strong>super</strong></span> <span class='ocrx_word' id='word_1_463' title='bbox 1002 3148 1224 3188; x_wconf 80' lang='lat' dir='ltr'><strong>c.n&#39;nem</strong></span> <span class='ocrx_word' id='word_1_464' title='bbox 1270 3142 1541 3197; x_wconf 89' lang='lat' dir='ltr'><strong>nostram,</strong></span> <span class='ocrx_word' id='word_1_465' title='bbox 1572 3134 1869 3185; x_wconf 86' lang='lat' dir='ltr'><strong>secundum</strong></span> <span class='ocrx_word' id='word_1_466' title='bbox 1913 3133 2026 3187; x_wconf 67' lang='lat' dir='ltr'><strong>haec</strong></span> 
     </span>
    </p>
   </div>
   <div class='ocr_carea' id='block_1_62' title="bbox 454 3225 2027 3294">
    <p class='ocr_par' dir='ltr' id='par_1_62' title="bbox 454 3225 2027 3294">
     <span class='ocr_line' id='line_1_62' title="bbox 454 3225 2027 3294; baseline 0.003 -20"><span class='ocrx_word' id='word_1_467' title='bbox 454 3240 575 3291; x_wconf 74' lang='lat' dir='ltr'><strong>qua:</strong></span> <span class='ocrx_word' id='word_1_468' title='bbox 598 3239 760 3294; x_wconf 82' lang='lat' dir='ltr'><strong>Supra</strong></span> <span class='ocrx_word' id='word_1_469' title='bbox 792 3228 1165 3294; x_wconf 77' lang='lat' dir='ltr'><strong>exposuimus,</strong></span> <span class='ocrx_word' id='word_1_470' title='bbox 1202 3225 1504 3279; x_wconf 84' lang='lat' dir='ltr'><strong>videbimur</strong></span> <span class='ocrx_word' id='word_1_471' title='bbox 1538 3225 1701 3278; x_wconf 89' lang='lat' dir='ltr'><strong>etiam</strong></span> <span class='ocrx_word' id='word_1_472' title='bbox 1733 3240 1832 3277; x_wconf 86' lang='lat' dir='ltr'><strong>nos</strong></span> <span class='ocrx_word' id='word_1_473' title='bbox 1855 3226 2027 3279; x_wconf 87' lang='lat' dir='ltr'><strong>simile</strong></span> 
     </span>
    </p>
   </div>
   <div class='ocr_carea' id='block_1_63' title="bbox 456 3317 2027 3387">
    <p class='ocr_par' dir='ltr' id='par_1_63' title="bbox 456 3317 2027 3387">
     <span class='ocr_line' id='line_1_63' title="bbox 456 3317 2027 3387; baseline 0.003 -21"><span class='ocrx_word' id='word_1_474' title='bbox 456 3318 659 3385; x_wconf 89' lang='lat' dir='ltr'><strong>aliquid</strong></span> <span class='ocrx_word' id='word_1_475' title='bbox 689 3320 868 3372; x_wconf 85' lang='lat' dir='ltr'><strong>facere</strong></span> <span class='ocrx_word' id='word_1_476' title='bbox 896 3318 1120 3382; x_wconf 70' lang='lat' dir='ltr'><strong>Jutlaeis,</strong></span> <span class='ocrx_word' id='word_1_477' title='bbox 1151 3319 1243 3387; x_wconf 88' lang='lat' dir='ltr'><strong>qui</strong></span> <span class='ocrx_word' id='word_1_478' title='bbox 1272 3317 1389 3372; x_wconf 89' lang='lat' dir='ltr'><strong>solo</strong></span> <span class='ocrx_word' id='word_1_479' title='bbox 1412 3318 1843 3372; x_wconf 86' lang='lat' dir='ltr'><strong>circumcisionis</strong></span> <span class='ocrx_word' id='word_1_480' title='bbox 1872 3319 2027 3386; x_wconf 85' lang='lat' dir='ltr'><strong>signo</strong></span> 
     </span>
    </p>
   </div>
   <div class='ocr_carea' id='block_1_64' title="bbox 455 3407 2029 3479">
    <p class='ocr_par' dir='ltr' id='par_1_64' title="bbox 455 3407 2029 3479">
     <span class='ocr_line' id='line_1_64' title="bbox 455 3407 2029 3479; baseline 0 -19"><span class='ocrx_word' id='word_1_481' title='bbox 455 3408 621 3461; x_wconf 85' lang='lat' dir='ltr'><strong>Deum</strong></span> <span class='ocrx_word' id='word_1_482' title='bbox 654 3424 713 3463; x_wconf 86' lang='lat' dir='ltr'><strong>se</strong></span> <span class='ocrx_word' id='word_1_483' title='bbox 735 3408 982 3464; x_wconf 75' lang='lat' dir='ltr'><strong>confiteri</strong></span> <span class='ocrx_word' id='word_1_484' title='bbox 1016 3419 1230 3477; x_wconf 83' lang='lat' dir='ltr'><strong>putant,</strong></span> <span class='ocrx_word' id='word_1_485' title='bbox 1267 3410 1427 3465; x_wconf 80' lang='lat' dir='ltr'><strong>factis</strong></span> <span class='ocrx_word' id='word_1_486' title='bbox 1453 3419 1632 3462; x_wconf 90' lang='lat' dir='ltr'><strong>autem</strong></span> <span class='ocrx_word' id='word_1_487' title='bbox 1667 3418 1880 3479; x_wconf 85' lang='lat' dir='ltr'><strong>negant.</strong></span> <span class='ocrx_word' id='word_1_488' title='bbox 1920 3407 2029 3461; x_wconf 85' lang='lat' dir='ltr'><strong>No-</strong></span> 
     </span>
    </p>
   </div>
   <div class='ocr_carea' id='block_1_65' title="bbox 457 3499 2026 3568">
    <p class='ocr_par' dir='ltr' id='par_1_65' title="bbox 457 3499 2026 3568">
     <span class='ocr_line' id='line_1_65' title="bbox 457 3499 2026 3568; baseline 0.004 -21"><span class='ocrx_word' id='word_1_489' title='bbox 457 3499 542 3550; x_wconf 84' lang='lat' dir='ltr'><strong>bis</strong></span> <span class='ocrx_word' id='word_1_490' title='bbox 568 3509 747 3553; x_wconf 89' lang='lat' dir='ltr'><strong>autem</strong></span> <span class='ocrx_word' id='word_1_491' title='bbox 775 3508 992 3568; x_wconf 70' lang='lat' dir='ltr'><strong>praestet</strong></span> <span class='ocrx_word' id='word_1_492' title='bbox 1026 3499 1285 3553; x_wconf 80' lang='lat' dir='ltr'><strong>Dominus</strong></span> <span class='ocrx_word' id='word_1_493' title='bbox 1314 3500 1477 3554; x_wconf 90' lang='lat' dir='ltr'><strong>corde</strong></span> <span class='ocrx_word' id='word_1_494' title='bbox 1504 3502 1748 3565; x_wconf 88' lang='lat' dir='ltr'><strong>credere,</strong></span> <span class='ocrx_word' id='word_1_495' title='bbox 1777 3516 1869 3552; x_wconf 88' lang='lat' dir='ltr'><strong>ore</strong></span> <span class='ocrx_word' id='word_1_496' title='bbox 1896 3515 2026 3553; x_wconf 90' lang='lat' dir='ltr'><strong>con-</strong></span> 
     </span>
    </p>
   </div>
   <div class='ocr_carea' id='block_1_66' title="bbox 457 3590 2030 3659">
    <p class='ocr_par' dir='ltr' id='par_1_66' title="bbox 457 3590 2030 3659">
     <span class='ocr_line' id='line_1_66' title="bbox 457 3590 2030 3659; baseline 0.003 -18"><span class='ocrx_word' id='word_1_497' title='bbox 457 3590 619 3650; x_wconf 89' lang='lat' dir='ltr'><strong>titeri,</strong></span> <span class='ocrx_word' id='word_1_498' title='bbox 650 3591 905 3659; x_wconf 88' lang='lat' dir='ltr'><strong>operibus</strong></span> <span class='ocrx_word' id='word_1_499' title='bbox 934 3590 1290 3659; x_wconf 89' lang='lat' dir='ltr'><strong>comprobare</strong></span> <span class='ocrx_word' id='word_1_500' title='bbox 1342 3602 1723 3646; x_wconf 85' lang='lat' dir='ltr'><strong>testamentum</strong></span> <span class='ocrx_word' id='word_1_501' title='bbox 1774 3592 1863 3644; x_wconf 89' lang='lat' dir='ltr'><strong>Dei</strong></span> <span class='ocrx_word' id='word_1_502' title='bbox 1911 3608 2030 3646; x_wconf 87' lang='lat' dir='ltr'><strong>esse</strong></span> 
     </span>
    </p>
   </div>
   <div class='ocr_carea' id='block_1_67' title="bbox 456 3684 2031 3751">
    <p class='ocr_par' dir='ltr' id='par_1_67' title="bbox 456 3684 2031 3751">
     <span class='ocr_line' id='line_1_67' title="bbox 456 3684 2031 3751; baseline 0.001 -17"><span class='ocrx_word' id='word_1_503' title='bbox 456 3696 622 3749; x_wconf 73' lang='lat' dir='ltr'><strong>super</strong></span> <span class='ocrx_word' id='word_1_504' title='bbox 652 3697 874 3737; x_wconf 86' lang='lat' dir='ltr'><strong>carnem</strong></span> <span class='ocrx_word' id='word_1_505' title='bbox 928 3694 1189 3750; x_wconf 90' lang='lat' dir='ltr'><strong>nostram,</strong></span> <span class='ocrx_word' id='word_1_506' title='bbox 1223 3695 1275 3737; x_wconf 89' lang='lat' dir='ltr'><strong>ut</strong></span> <span class='ocrx_word' id='word_1_507' title='bbox 1308 3685 1535 3738; x_wconf 71' lang='lat' dir='ltr'><strong>ridentes</strong></span> <span class='ocrx_word' id='word_1_508' title='bbox 1590 3684 1823 3737; x_wconf 80' lang='lat' dir='ltr'><strong>homines</strong></span> <span class='ocrx_word' id='word_1_509' title='bbox 1873 3700 2031 3751; x_wconf 84' lang='lat' dir='ltr'><strong>opera</strong></span> 
     </span>
    </p>
   </div>
   <div class='ocr_carea' id='block_1_68' title="bbox 457 3772 2020 3842">
    <p class='ocr_par' dir='ltr' id='par_1_68' title="bbox 457 3772 2020 3842">
     <span class='ocr_line' id='line_1_68' title="bbox 457 3772 2020 3842; baseline 0.001 -18"><span class='ocrx_word' id='word_1_510' title='bbox 457 3780 639 3827; x_wconf 87' lang='lat' dir='ltr'><strong>nostra</strong></span> <span class='ocrx_word' id='word_1_511' title='bbox 690 3772 848 3837; x_wconf 87' lang='lat' dir='ltr'><strong>bona,</strong></span> <span class='ocrx_word' id='word_1_512' title='bbox 898 3774 1234 3842; x_wconf 80' lang='lat' dir='ltr'><strong>magniﬁccut</strong></span> <span class='ocrx_word' id='word_1_513' title='bbox 1282 3772 1499 3826; x_wconf 82' lang='lat' dir='ltr'><strong>Patrem</strong></span> <span class='ocrx_word' id='word_1_514' title='bbox 1547 3784 1793 3826; x_wconf 89' lang='lat' dir='ltr'><strong>nostrum</strong></span> <span class='ocrx_word' id='word_1_515' title='bbox 1846 3774 1932 3841; x_wconf 72' lang='lat' dir='ltr'><strong>qui</strong></span> <span class='ocrx_word' id='word_1_516' title='bbox 1965 3774 2020 3826; x_wconf 83' lang='lat' dir='ltr'><strong>in</strong></span> 
     </span>
    </p>
   </div>
   <div class='ocr_carea' id='block_1_69' title="bbox 452 3861 2026 3929">
    <p class='ocr_par' dir='ltr' id='par_1_69' title="bbox 452 3861 2026 3929">
     <span class='ocr_line' id='line_1_69' title="bbox 452 3861 2026 3929; baseline 0.001 -15"><span class='ocrx_word' id='word_1_517' title='bbox 452 3862 595 3915; x_wconf 71' lang='lat' dir='ltr'><strong>uelis</strong></span> <span class='ocrx_word' id='word_1_518' title='bbox 620 3871 696 3915; x_wconf 84' lang='lat' dir='ltr'><strong>est</strong></span> <span class='ocrx_word' id='word_1_519' title='bbox 715 3863 785 3925; x_wconf 85' lang='lat'><strong>&quot;,</strong></span> <span class='ocrx_word' id='word_1_520' title='bbox 810 3877 903 3929; x_wconf 87' lang='lat' dir='ltr'><strong>per</strong></span> <span class='ocrx_word' id='word_1_521' title='bbox 928 3861 1110 3916; x_wconf 87' lang='lat' dir='ltr'><strong>Jesum</strong></span> <span class='ocrx_word' id='word_1_522' title='bbox 1136 3863 1413 3916; x_wconf 89' lang='lat' dir='ltr'><strong>Christum</strong></span> <span class='ocrx_word' id='word_1_523' title='bbox 1445 3863 1731 3915; x_wconf 90' lang='lat' dir='ltr'><strong>Dominum</strong></span> <span class='ocrx_word' id='word_1_524' title='bbox 1760 3872 2026 3927; x_wconf 89' lang='lat' dir='ltr'><strong>nostrum,</strong></span> 
     </span>
    </p>
   </div>
   <div class='ocr_carea' id='block_1_70' title="bbox 454 3952 1779 4021">
    <p class='ocr_par' dir='ltr' id='par_1_70' title="bbox 454 3952 1779 4021">
     <span class='ocr_line' id='line_1_70' title="bbox 454 3952 1779 4021; baseline -0.002 -16"><span class='ocrx_word' id='word_1_525' title='bbox 454 3954 544 4006; x_wconf 74' lang='lat' dir='ltr'><strong>tui</strong></span> <span class='ocrx_word' id='word_1_526' title='bbox 572 3964 655 4007; x_wconf 88' lang='lat' dir='ltr'><strong>est</strong></span> <span class='ocrx_word' id='word_1_527' title='bbox 687 3953 858 4021; x_wconf 88' lang='lat' dir='ltr'><strong>gloria</strong></span> <span class='ocrx_word' id='word_1_528' title='bbox 897 3953 949 4005; x_wconf 91' lang='lat' dir='ltr'><strong>in</strong></span> <span class='ocrx_word' id='word_1_529' title='bbox 984 3952 1178 4006; x_wconf 78' lang='lat' dir='ltr'><strong>saecula</strong></span> <span class='ocrx_word' id='word_1_530' title='bbox 1213 3952 1559 4008; x_wconf 71' lang='lat' dir='ltr'><strong>surculorum.</strong></span> <span class='ocrx_word' id='word_1_531' title='bbox 1586 3954 1779 4006; x_wconf 83' lang='lat' dir='ltr'><strong>Amen.</strong></span> 
     </span>
    </p>
   </div>
   <div class='ocr_carea' id='block_1_71' title="bbox 964 4066 1525 4137">
    <p class='ocr_par' dir='ltr' id='par_1_71' title="bbox 964 4066 1525 4137">
     <span class='ocr_line' id='line_1_71' title="bbox 964 4066 1525 4137; baseline -0.002 -15"><span class='ocrx_word' id='word_1_532' title='bbox 964 4070 1064 4137; x_wconf 84' lang='lat'><strong>71</strong></span> <span class='ocrx_word' id='word_1_533' title='bbox 1107 4066 1391 4121; x_wconf 68' lang='lat' dir='ltr'><strong>diOMlLiA</strong></span> <span class='ocrx_word' id='word_1_534' title='bbox 1440 4067 1525 4121; x_wconf 85' lang='lat' dir='ltr'><strong>tv.</strong></span> 
     </span>
    </p>
   </div>
   <div class='ocr_carea' id='block_1_72' title="bbox 454 4159 2031 4231">
    <p class='ocr_par' dir='ltr' id='par_1_72' title="bbox 454 4159 2031 4231">
     <span class='ocr_line' id='line_1_72' title="bbox 454 4159 2031 4231; baseline 0.001 -16"><span class='ocrx_word' id='word_1_535' title='bbox 454 4162 531 4215; x_wconf 84' lang='lat' dir='ltr'><strong>De</strong></span> <span class='ocrx_word' id='word_1_536' title='bbox 557 4178 615 4215; x_wconf 91' lang='lat' dir='ltr'><strong>eo</strong></span> <span class='ocrx_word' id='word_1_537' title='bbox 651 4162 787 4231; x_wconf 82' lang='lat' dir='ltr'><strong>quod</strong></span> <span class='ocrx_word' id='word_1_538' title='bbox 818 4162 1065 4229; x_wconf 84' lang='lat' dir='ltr'><strong>scriptum</strong></span> <span class='ocrx_word' id='word_1_539' title='bbox 1097 4169 1171 4212; x_wconf 82' lang='lat' dir='ltr'><strong>est</strong></span> <span class='ocrx_word' id='word_1_540' title='bbox 1210 4159 1320 4229; x_wconf 88' lang='lat' dir='ltr'><strong>(il)</strong></span> <span class='ocrx_word' id='word_1_541' title='bbox 1350 4177 1362 4211; x_wconf 90' lang='lat'><strong>:</strong></span> <span class='ocrx_word' id='word_1_542' title='bbox 1410 4178 1428 4212; x_wconf 73' lang='grc' dir='ltr'><strong>ι</strong></span> <span class='ocrx_word' id='word_1_543' title='bbox 1482 4159 1636 4214; x_wconf 75' lang='lat' dir='ltr'><strong>Visus</strong></span> <span class='ocrx_word' id='word_1_544' title='bbox 1672 4171 1745 4215; x_wconf 78' lang='lat' dir='ltr'><strong>est</strong></span> <span class='ocrx_word' id='word_1_545' title='bbox 1780 4161 2031 4216; x_wconf 78' lang='lat' dir='ltr'><strong>Dominus</strong></span> 
     </span>
    </p>
   </div>
   <div class='ocr_carea' id='block_1_73' title="bbox 1048 4232 1467 4296">
    <p class='ocr_par' dir='ltr' id='par_1_73' title="bbox 1048 4232 1467 4296">
     <span class='ocr_line' id='line_1_73' title="bbox 1048 4232 1467 4296; baseline 0 -12"><span class='ocrx_word' id='word_1_546' title='bbox 1048 4232 1291 4296; x_wconf 74' lang='lat' dir='ltr'><strong>Abraha’,</strong></span> <span class='ocrx_word' id='word_1_547' title='bbox 1320 4250 1337 4281; x_wconf 74' lang='grc' dir='ltr'><strong>ι</strong></span> <span class='ocrx_word' id='word_1_548' title='bbox 1371 4241 1467 4284; x_wconf 89' lang='lat' dir='ltr'><strong>etc.</strong></span> 
     </span>
    </p>
   </div>
   <div class='ocr_carea' id='block_1_74' title="bbox 529 4324 2027 4391">
    <p class='ocr_par' dir='ltr' id='par_1_74' title="bbox 529 4324 2027 4391">
     <span class='ocr_line' id='line_1_74' title="bbox 529 4324 2027 4391; baseline 0.001 -12"><span class='ocrx_word' id='word_1_549' title='bbox 529 4329 577 4379; x_wconf 85' lang='lat'><strong>1.</strong></span> <span class='ocrx_word' id='word_1_550' title='bbox 610 4326 852 4381; x_wconf 76' lang='lat' dir='ltr'><strong>Recitata</strong></span> <span class='ocrx_word' id='word_1_551' title='bbox 891 4337 975 4381; x_wconf 88' lang='lat' dir='ltr'><strong>est</strong></span> <span class='ocrx_word' id='word_1_552' title='bbox 1007 4326 1162 4381; x_wconf 91' lang='lat' dir='ltr'><strong>nobis</strong></span> <span class='ocrx_word' id='word_1_553' title='bbox 1190 4324 1293 4378; x_wconf 90' lang='lat' dir='ltr'><strong>alia</strong></span> <span class='ocrx_word' id='word_1_554' title='bbox 1331 4326 1467 4379; x_wconf 86' lang='lat' dir='ltr'><strong>visio</strong></span> <span class='ocrx_word' id='word_1_555' title='bbox 1498 4326 1588 4380; x_wconf 89' lang='lat' dir='ltr'><strong>Dei</strong></span> <span class='ocrx_word' id='word_1_556' title='bbox 1620 4327 1685 4379; x_wconf 90' lang='lat' dir='ltr'><strong>ad</strong></span> <span class='ocrx_word' id='word_1_557' title='bbox 1728 4326 2027 4391; x_wconf 83' lang='lat' dir='ltr'><strong>Abraham,</strong></span> 
     </span>
    </p>
   </div>
   <div class='ocr_carea' id='block_1_75' title="bbox 2130 3129 3708 3206">
    <p class='ocr_par' dir='ltr' id='par_1_75' title="bbox 2130 3129 3708 3206">
     <span class='ocr_line' id='line_1_75' title="bbox 2130 3129 3708 3206; baseline -0.004 -17"><span class='ocrx_word' id='word_1_558' title='bbox 2130 3137 2270 3206; x_wconf 83' lang='lat' dir='ltr'><strong>quod</strong></span> <span class='ocrx_word' id='word_1_559' title='bbox 2298 3138 2561 3199; x_wconf 83' lang='lat' dir='ltr'><strong>occultos,</strong></span> <span class='ocrx_word' id='word_1_560' title='bbox 2599 3135 2678 3187; x_wconf 85' lang='lat' dir='ltr'><strong>vel</strong></span> <span class='ocrx_word' id='word_1_561' title='bbox 2713 3136 3066 3189; x_wconf 86' lang='lat' dir='ltr'><strong>absconditos</strong></span> <span class='ocrx_word' id='word_1_562' title='bbox 3109 3135 3315 3188; x_wconf 87' lang='lat' dir='ltr'><strong>imiicat</strong></span> <span class='ocrx_word' id='word_1_563' title='bbox 3359 3146 3551 3201; x_wconf 86' lang='lat' dir='ltr'><strong>panes.</strong></span> <span class='ocrx_word' id='word_1_564' title='bbox 3584 3129 3708 3198; x_wconf 69' lang='lat' dir='ltr'><strong>Ipse</strong></span> 
     </span>
    </p>
   </div>
   <div class='ocr_carea' id='block_1_76' title="bbox 2129 3222 3705 3296">
    <p class='ocr_par' dir='ltr' id='par_1_76' title="bbox 2129 3222 3705 3296">
     <span class='ocr_line' id='line_1_76' title="bbox 2129 3222 3705 3296; baseline -0.005 -15"><span class='ocrx_word' id='word_1_565' title='bbox 2129 3239 2302 3281; x_wconf 88' lang='lat' dir='ltr'><strong>autem</strong></span> <span class='ocrx_word' id='word_1_566' title='bbox 2332 3230 2587 3292; x_wconf 83' lang='lat' dir='ltr'><strong>cucurrit,</strong></span> <span class='ocrx_word' id='word_1_567' title='bbox 2617 3226 2789 3296; x_wconf 87' lang='lat' dir='ltr'><strong>inquit</strong></span> <span class='ocrx_word' id='word_1_568' title='bbox 2808 3225 2873 3288; x_wconf 71' lang='lat'><strong>“,</strong></span> <span class='ocrx_word' id='word_1_569' title='bbox 2901 3228 2967 3278; x_wconf 90' lang='lat' dir='ltr'><strong>ad</strong></span> <span class='ocrx_word' id='word_1_570' title='bbox 2986 3229 3133 3278; x_wconf 80' lang='lat' dir='ltr'><strong>bores</strong></span> <span class='ocrx_word' id='word_1_571' title='bbox 3158 3235 3205 3277; x_wconf 88' lang='lat' dir='ltr'><strong>et</strong></span> <span class='ocrx_word' id='word_1_572' title='bbox 3240 3224 3440 3290; x_wconf 79' lang='lat' dir='ltr'><strong>accepit</strong></span> <span class='ocrx_word' id='word_1_573' title='bbox 3464 3222 3705 3275; x_wconf 85' lang='lat' dir='ltr'><strong>vitulum.</strong></span> 
     </span>
    </p>
   </div>
   <div class='ocr_carea' id='block_1_77' title="bbox 2132 3314 3710 3389">
    <p class='ocr_par' dir='ltr' id='par_1_77' title="bbox 2132 3314 3710 3389">
     <span class='ocr_line' id='line_1_77' title="bbox 2132 3314 3710 3389; baseline -0.005 -16"><span class='ocrx_word' id='word_1_574' title='bbox 2132 3320 2235 3375; x_wconf 88' lang='lat' dir='ltr'><strong>Sed</strong></span> <span class='ocrx_word' id='word_1_575' title='bbox 2269 3320 2485 3389; x_wconf 89' lang='lat' dir='ltr'><strong>qualem</strong></span> <span class='ocrx_word' id='word_1_576' title='bbox 2539 3320 2766 3373; x_wconf 90' lang='lat' dir='ltr'><strong>vituimn</strong></span> <span class='ocrx_word' id='word_1_577' title='bbox 2796 3320 2817 3373; x_wconf 90' lang='lat'><strong>?</strong></span> <span class='ocrx_word' id='word_1_578' title='bbox 2847 3317 3011 3372; x_wconf 89' lang='lat' dir='ltr'><strong>Forte</strong></span> <span class='ocrx_word' id='word_1_579' title='bbox 3046 3316 3139 3386; x_wconf 87' lang='lat' dir='ltr'><strong>qui</strong></span> <span class='ocrx_word' id='word_1_580' title='bbox 3175 3317 3351 3384; x_wconf 87' lang='lat' dir='ltr'><strong>potuit</strong></span> <span class='ocrx_word' id='word_1_581' title='bbox 3386 3314 3590 3381; x_wconf 90' lang='lat' dir='ltr'><strong>primus</strong></span> <span class='ocrx_word' id='word_1_582' title='bbox 3618 3328 3710 3365; x_wconf 83' lang='lat' dir='ltr'><strong>oe-</strong></span> 
     </span>
    </p>
   </div>
   <div class='ocr_carea' id='block_1_78' title="bbox 2130 3406 3710 3476">
    <p class='ocr_par' dir='ltr' id='par_1_78' title="bbox 2130 3406 3710 3476">
     <span class='ocr_line' id='line_1_78' title="bbox 2130 3406 3710 3476; baseline -0.006 -8"><span class='ocrx_word' id='word_1_583' title='bbox 2130 3414 2389 3468; x_wconf 88' lang='lat' dir='ltr'><strong>currere?</strong></span> <span class='ocrx_word' id='word_1_584' title='bbox 2412 3412 2524 3466; x_wconf 83' lang='lat' dir='ltr'><strong>Non</strong></span> <span class='ocrx_word' id='word_1_585' title='bbox 2566 3415 2659 3476; x_wconf 91' lang='lat' dir='ltr'><strong>ita,</strong></span> <span class='ocrx_word' id='word_1_586' title='bbox 2696 3414 2791 3466; x_wconf 89' lang='lat' dir='ltr'><strong>sed</strong></span> <span class='ocrx_word' id='word_1_587' title='bbox 2816 3411 3041 3464; x_wconf 83' lang='lat' dir='ltr'><strong>vitulum</strong></span> <span class='ocrx_word' id='word_1_588' title='bbox 3072 3415 3261 3463; x_wconf 84' lang='lat' dir='ltr'><strong>bonum</strong></span> <span class='ocrx_word' id='word_1_589' title='bbox 3292 3420 3338 3462; x_wconf 86' lang='lat' dir='ltr'><strong>et</strong></span> <span class='ocrx_word' id='word_1_590' title='bbox 3365 3420 3617 3461; x_wconf 85' lang='lat' dir='ltr'><strong>tenerum.</strong></span> <span class='ocrx_word' id='word_1_591' title='bbox 3645 3406 3710 3459; x_wconf 83' lang='lat' dir='ltr'><strong>Et</strong></span> 
     </span>
    </p>
   </div>
   <div class='ocr_carea' id='block_1_79' title="bbox 2131 3500 3710 3575">
    <p class='ocr_par' dir='ltr' id='par_1_79' title="bbox 2131 3500 3710 3575">
     <span class='ocr_line' id='line_1_79' title="bbox 2131 3500 3710 3575; baseline -0.008 -15"><span class='ocrx_word' id='word_1_592' title='bbox 2131 3509 2258 3561; x_wconf 89' lang='lat' dir='ltr'><strong>licet</strong></span> <span class='ocrx_word' id='word_1_593' title='bbox 2285 3522 2381 3575; x_wconf 88' lang='lat' dir='ltr'><strong>per</strong></span> <span class='ocrx_word' id='word_1_594' title='bbox 2410 3515 2603 3560; x_wconf 91' lang='lat' dir='ltr'><strong>cuncta</strong></span> <span class='ocrx_word' id='word_1_595' title='bbox 2638 3503 2988 3568; x_wconf 84' lang='lat' dir='ltr'><strong>festiuet,seit</strong></span> <span class='ocrx_word' id='word_1_596' title='bbox 3018 3510 3196 3554; x_wconf 90' lang='lat' dir='ltr'><strong>tamen</strong></span> <span class='ocrx_word' id='word_1_597' title='bbox 3216 3516 3334 3567; x_wconf 79' lang='lat' dir='ltr'><strong>quae</strong></span> <span class='ocrx_word' id='word_1_598' title='bbox 3366 3500 3632 3567; x_wconf 70' lang='lat' dir='ltr'><strong>praecipua</strong></span> <span class='ocrx_word' id='word_1_599' title='bbox 3657 3505 3710 3548; x_wconf 80' lang='lat' dir='ltr'><strong>et</strong></span> 
     </span>
    </p>
   </div>
   <div class='ocr_carea' id='block_1_80' title="bbox 2133 3590 3709 3669">
    <p class='ocr_par' dir='ltr' id='par_1_80' title="bbox 2133 3590 3709 3669">
     <span class='ocr_line' id='line_1_80' title="bbox 2133 3590 3709 3669; baseline -0.01 -15"><span class='ocrx_word' id='word_1_600' title='bbox 2133 3616 2321 3669; x_wconf 82' lang='lat' dir='ltr'><strong>magna</strong></span> <span class='ocrx_word' id='word_1_601' title='bbox 2350 3610 2479 3653; x_wconf 90' lang='lat' dir='ltr'><strong>sunt</strong></span> <span class='ocrx_word' id='word_1_602' title='bbox 2528 3598 2752 3652; x_wconf 90' lang='lat' dir='ltr'><strong>Domino</strong></span> <span class='ocrx_word' id='word_1_603' title='bbox 2774 3596 2856 3650; x_wconf 87' lang='lat' dir='ltr'><strong>vel</strong></span> <span class='ocrx_word' id='word_1_604' title='bbox 2896 3594 3106 3663; x_wconf 89' lang='lat' dir='ltr'><strong>angelis</strong></span> <span class='ocrx_word' id='word_1_605' title='bbox 3149 3592 3448 3644; x_wconf 83' lang='lat' dir='ltr'><strong>oli&#39;erenda.</strong></span> <span class='ocrx_word' id='word_1_606' title='bbox 3486 3590 3709 3655; x_wconf 82' lang='lat' dir='ltr'><strong>Accepit</strong></span> 
     </span>
    </p>
   </div>
   <div class='ocr_carea' id='block_1_81' title="bbox 2130 3685 3707 3760">
    <p class='ocr_par' dir='ltr' id='par_1_81' title="bbox 2130 3685 3707 3760">
     <span class='ocr_line' id='line_1_81' title="bbox 2130 3685 3707 3760; baseline -0.008 -17"><span class='ocrx_word' id='word_1_607' title='bbox 2130 3706 2261 3760; x_wconf 86' lang='lat' dir='ltr'><strong>ergo</strong></span> <span class='ocrx_word' id='word_1_608' title='bbox 2310 3690 2392 3743; x_wconf 84' lang='lat' dir='ltr'><strong>vel</strong></span> <span class='ocrx_word' id='word_1_609' title='bbox 2446 3689 2608 3758; x_wconf 84' lang='lat' dir='ltr'><strong>elegit</strong></span> <span class='ocrx_word' id='word_1_610' title='bbox 2640 3689 2703 3742; x_wconf 89' lang='lat' dir='ltr'><strong>de</strong></span> <span class='ocrx_word' id='word_1_611' title='bbox 2732 3702 2896 3756; x_wconf 81' lang='lat' dir='ltr'><strong>grege</strong></span> <span class='ocrx_word' id='word_1_612' title='bbox 2936 3685 3165 3739; x_wconf 89' lang='lat' dir='ltr'><strong>vitulum</strong></span> <span class='ocrx_word' id='word_1_613' title='bbox 3213 3685 3414 3736; x_wconf 88' lang='lat' dir='ltr'><strong>bonum</strong></span> <span class='ocrx_word' id='word_1_614' title='bbox 3445 3690 3500 3734; x_wconf 91' lang='lat' dir='ltr'><strong>ct</strong></span> <span class='ocrx_word' id='word_1_615' title='bbox 3555 3690 3707 3732; x_wconf 67' lang='lat' dir='ltr'><strong>teneo</strong></span> 
     </span>
    </p>
   </div>
   <div class='ocr_carea' id='block_1_82' title="bbox 2135 3773 3707 3849">
    <p class='ocr_par' dir='ltr' id='par_1_82' title="bbox 2135 3773 3707 3849">
     <span class='ocr_line' id='line_1_82' title="bbox 2135 3773 3707 3849; baseline -0.011 -10"><span class='ocrx_word' id='word_1_616' title='bbox 2135 3800 2276 3849; x_wconf 86' lang='lat' dir='ltr'><strong>rum,</strong></span> <span class='ocrx_word' id='word_1_617' title='bbox 2309 3794 2362 3837; x_wconf 92' lang='lat' dir='ltr'><strong>et</strong></span> <span class='ocrx_word' id='word_1_618' title='bbox 2413 3782 2637 3836; x_wconf 86' lang='lat' dir='ltr'><strong>tradidit</strong></span> <span class='ocrx_word' id='word_1_619' title='bbox 2680 3795 2870 3849; x_wconf 88' lang='lat' dir='ltr'><strong>puero.</strong></span> <span class='ocrx_word' id='word_1_620' title='bbox 2923 3778 3083 3843; x_wconf 82' lang='lat' dir='ltr'><strong>Puer,</strong></span> <span class='ocrx_word' id='word_1_621' title='bbox 3140 3775 3389 3845; x_wconf 78' lang='lat' dir='ltr'><strong>inquit“,</strong></span> <span class='ocrx_word' id='word_1_622' title='bbox 3437 3773 3707 3841; x_wconf 77' lang='lat' dir='ltr'><strong>festinavit</strong></span> 
     </span>
    </p>
   </div>
   <div class='ocr_carea' id='block_1_83' title="bbox 2134 3864 3709 3946">
    <p class='ocr_par' dir='ltr' id='par_1_83' title="bbox 2134 3864 3709 3946">
     <span class='ocr_line' id='line_1_83' title="bbox 2134 3864 3709 3946; baseline -0.01 -18"><span class='ocrx_word' id='word_1_623' title='bbox 2134 3880 2306 3946; x_wconf 78' lang='lat' dir='ltr'><strong>facere</strong></span> <span class='ocrx_word' id='word_1_624' title='bbox 2326 3890 2463 3928; x_wconf 85' lang='lat' dir='ltr'><strong>eum.</strong></span> <span class='ocrx_word' id='word_1_625' title='bbox 2494 3872 2616 3942; x_wconf 88' lang='lat' dir='ltr'><strong>Ipse</strong></span> <span class='ocrx_word' id='word_1_626' title='bbox 2641 3873 2835 3935; x_wconf 89' lang='lat' dir='ltr'><strong>currit,</strong></span> <span class='ocrx_word' id='word_1_627' title='bbox 2866 3886 3002 3923; x_wconf 80' lang='lat' dir='ltr'><strong>uxor</strong></span> <span class='ocrx_word' id='word_1_628' title='bbox 3050 3870 3301 3934; x_wconf 78' lang='lat' dir='ltr'><strong>festinat,</strong></span> <span class='ocrx_word' id='word_1_629' title='bbox 3334 3881 3464 3937; x_wconf 84' lang='lat' dir='ltr'><strong>puer</strong></span> <span class='ocrx_word' id='word_1_630' title='bbox 3496 3864 3709 3917; x_wconf 81' lang='lat' dir='ltr'><strong>accele-</strong></span> 
     </span>
    </p>
   </div>
   <div class='ocr_carea' id='block_1_84' title="bbox 2135 3957 3707 4032">
    <p class='ocr_par' dir='ltr' id='par_1_84' title="bbox 2135 3957 3707 4032">
     <span class='ocr_line' id='line_1_84' title="bbox 2135 3957 3707 4032; baseline -0.01 -10"><span class='ocrx_word' id='word_1_631' title='bbox 2135 3977 2240 4023; x_wconf 78' lang='lat' dir='ltr'><strong>rat.</strong></span> <span class='ocrx_word' id='word_1_632' title='bbox 2280 3966 2469 4019; x_wconf 84' lang='lat' dir='ltr'><strong>Nullus</strong></span> <span class='ocrx_word' id='word_1_633' title='bbox 2520 3966 2671 4032; x_wconf 85' lang='lat' dir='ltr'><strong>piger</strong></span> <span class='ocrx_word' id='word_1_634' title='bbox 2719 3973 2806 4017; x_wconf 90' lang='lat' dir='ltr'><strong>est</strong></span> <span class='ocrx_word' id='word_1_635' title='bbox 2839 3963 2891 4016; x_wconf 89' lang='lat' dir='ltr'><strong>in</strong></span> <span class='ocrx_word' id='word_1_636' title='bbox 2946 3965 3106 4017; x_wconf 89' lang='lat' dir='ltr'><strong>domo</strong></span> <span class='ocrx_word' id='word_1_637' title='bbox 3148 3962 3431 4031; x_wconf 88' lang='lat' dir='ltr'><strong>sapientis.</strong></span> <span class='ocrx_word' id='word_1_638' title='bbox 3467 3957 3707 4026; x_wconf 88' lang='lat' dir='ltr'><strong>Appouit</strong></span> 
     </span>
    </p>
   </div>
   <div class='ocr_carea' id='block_1_85' title="bbox 2134 4049 3705 4129">
    <p class='ocr_par' dir='ltr' id='par_1_85' title="bbox 2134 4049 3705 4129">
     <span class='ocr_line' id='line_1_85' title="bbox 2134 4049 3705 4129; baseline -0.011 -15"><span class='ocrx_word' id='word_1_639' title='bbox 2134 4074 2265 4129; x_wconf 83' lang='lat' dir='ltr'><strong>ergo</strong></span> <span class='ocrx_word' id='word_1_640' title='bbox 2315 4056 2567 4115; x_wconf 82' lang='lat' dir='ltr'><strong>vitulum.</strong></span> <span class='ocrx_word' id='word_1_641' title='bbox 2600 4066 2656 4109; x_wconf 93' lang='lat' dir='ltr'><strong>ct</strong></span> <span class='ocrx_word' id='word_1_642' title='bbox 2705 4055 2864 4107; x_wconf 83' lang='lat' dir='ltr'><strong>simul</strong></span> <span class='ocrx_word' id='word_1_643' title='bbox 2901 4069 3021 4107; x_wconf 85' lang='lat' dir='ltr'><strong>cum</strong></span> <span class='ocrx_word' id='word_1_644' title='bbox 3050 4070 3114 4107; x_wconf 87' lang='lat' dir='ltr'><strong>eo</strong></span> <span class='ocrx_word' id='word_1_645' title='bbox 3143 4068 3326 4117; x_wconf 87' lang='lat' dir='ltr'><strong>panes,</strong></span> <span class='ocrx_word' id='word_1_646' title='bbox 3354 4061 3408 4103; x_wconf 93' lang='lat' dir='ltr'><strong>et</strong></span> <span class='ocrx_word' id='word_1_647' title='bbox 3442 4049 3705 4108; x_wconf 89' lang='lat' dir='ltr'><strong>similam,</strong></span> 
     </span>
    </p>
   </div>
   <div class='ocr_carea' id='block_1_86' title="bbox 2136 4139 3710 4213">
    <p class='ocr_par' dir='ltr' id='par_1_86' title="bbox 2136 4139 3710 4213">
     <span class='ocr_line' id='line_1_86' title="bbox 2136 4139 3710 4213; baseline -0.009 -10"><span class='ocrx_word' id='word_1_648' title='bbox 2136 4150 2230 4203; x_wconf 88' lang='lat' dir='ltr'><strong>sed</strong></span> <span class='ocrx_word' id='word_1_649' title='bbox 2259 4157 2313 4201; x_wconf 93' lang='lat' dir='ltr'><strong>et</strong></span> <span class='ocrx_word' id='word_1_650' title='bbox 2356 4145 2438 4200; x_wconf 90' lang='lat' dir='ltr'><strong>lac</strong></span> <span class='ocrx_word' id='word_1_651' title='bbox 2491 4156 2544 4199; x_wconf 90' lang='lat' dir='ltr'><strong>et</strong></span> <span class='ocrx_word' id='word_1_652' title='bbox 2575 4145 2853 4213; x_wconf 85' lang='lat' dir='ltr'><strong>butyrum.</strong></span> <span class='ocrx_word' id='word_1_653' title='bbox 2890 4142 3015 4197; x_wconf 69' lang='lat' dir='ltr'><strong>liceo</strong></span> <span class='ocrx_word' id='word_1_654' title='bbox 3054 4152 3178 4196; x_wconf 84' lang='lat' dir='ltr'><strong>sant</strong></span> <span class='ocrx_word' id='word_1_655' title='bbox 3225 4141 3455 4195; x_wconf 80' lang='lat' dir='ltr'><strong>Abraha:</strong></span> <span class='ocrx_word' id='word_1_656' title='bbox 3481 4150 3535 4192; x_wconf 90' lang='lat' dir='ltr'><strong>et</strong></span> <span class='ocrx_word' id='word_1_657' title='bbox 3560 4139 3710 4191; x_wconf 68' lang='lat' dir='ltr'><strong>Sara:</strong></span> 
     </span>
    </p>
   </div>
   <div class='ocr_carea' id='block_1_87' title="bbox 2137 4229 3707 4307">
    <p class='ocr_par' dir='ltr' id='par_1_87' title="bbox 2137 4229 3707 4307">
     <span class='ocr_line' id='line_1_87' title="bbox 2137 4229 3707 4307; baseline -0.008 -13"><span class='ocrx_word' id='word_1_658' title='bbox 2137 4237 2523 4307; x_wconf 86' lang='lat' dir='ltr'><strong>hOSpitalitatis</strong></span> <span class='ocrx_word' id='word_1_659' title='bbox 2544 4237 2741 4291; x_wconf 85' lang='lat' dir='ltr'><strong>oiiicia.</strong></span> <span class='ocrx_word' id='word_1_660' title='bbox 2760 4235 2914 4288; x_wconf 82' lang='lat' dir='ltr'><strong>Nunc</strong></span> <span class='ocrx_word' id='word_1_661' title='bbox 2943 4236 3223 4288; x_wconf 88' lang='lat' dir='ltr'><strong>videamus</strong></span> <span class='ocrx_word' id='word_1_662' title='bbox 3248 4234 3375 4303; x_wconf 86' lang='lat' dir='ltr'><strong>quid</strong></span> <span class='ocrx_word' id='word_1_663' title='bbox 3399 4234 3564 4287; x_wconf 86' lang='lat' dir='ltr'><strong>etiam</strong></span> <span class='ocrx_word' id='word_1_664' title='bbox 3588 4229 3707 4284; x_wconf 85' lang='lat' dir='ltr'><strong>Lot.</strong></span> 
     </span>
    </p>
   </div>
   <div class='ocr_carea' id='block_1_88' title="bbox 2140 4327 3706 4399">
    <p class='ocr_par' dir='ltr' id='par_1_88' title="bbox 2140 4327 3706 4399">
     <span class='ocr_line' id='line_1_88' title="bbox 2140 4327 3706 4399; baseline -0.006 -15"><span class='ocrx_word' id='word_1_665' title='bbox 2140 4332 2236 4385; x_wconf 88' lang='lat' dir='ltr'><strong>llic</strong></span> <span class='ocrx_word' id='word_1_666' title='bbox 2273 4347 2446 4399; x_wconf 88' lang='lat' dir='ltr'><strong>neque</strong></span> <span class='ocrx_word' id='word_1_667' title='bbox 2490 4330 2722 4384; x_wconf 88' lang='lat' dir='ltr'><strong>similam</strong></span> <span class='ocrx_word' id='word_1_668' title='bbox 2758 4329 2939 4395; x_wconf 90' lang='lat' dir='ltr'><strong>habet,</strong></span> <span class='ocrx_word' id='word_1_669' title='bbox 2988 4344 3160 4396; x_wconf 87' lang='lat' dir='ltr'><strong>neque</strong></span> <span class='ocrx_word' id='word_1_670' title='bbox 3189 4343 3379 4397; x_wconf 87' lang='lat' dir='ltr'><strong>panem</strong></span> <span class='ocrx_word' id='word_1_671' title='bbox 3428 4327 3706 4387; x_wconf 87' lang='lat' dir='ltr'><strong>mundum,</strong></span> 
     </span>
    </p>
   </div>
   <div class='ocr_carea' id='block_1_89' title="bbox 457 4417 2027 4489">
    <p class='ocr_par' dir='ltr' id='par_1_89' title="bbox 457 4417 2025 4487">
     <span class='ocr_line' id='line_1_89' title="bbox 457 4417 2025 4487; baseline 0.001 -18"><span class='ocrx_word' id='word_1_672' title='bbox 457 4420 559 4471; x_wconf 86' lang='lat' dir='ltr'><strong>hoc</strong></span> <span class='ocrx_word' id='word_1_673' title='bbox 590 4420 748 4472; x_wconf 91' lang='lat' dir='ltr'><strong>modo</strong></span> <span class='ocrx_word' id='word_1_674' title='bbox 784 4437 796 4472; x_wconf 91' lang='lat'>:</span> <span class='ocrx_word' id='word_1_675' title='bbox 838 4419 988 4473; x_wconf 71' lang='lat' dir='ltr'><strong>Visus</strong></span> <span class='ocrx_word' id='word_1_676' title='bbox 1030 4429 1126 4479; x_wconf 86' lang='lat' dir='ltr'><strong>est.</strong></span> <span class='ocrx_word' id='word_1_677' title='bbox 1162 4419 1423 4487; x_wconf 73' lang='lat' dir='ltr'><strong>inquit&quot;,</strong></span> <span class='ocrx_word' id='word_1_678' title='bbox 1466 4417 1609 4471; x_wconf 85' lang='lat' dir='ltr'><strong>Deus</strong></span> <span class='ocrx_word' id='word_1_679' title='bbox 1652 4419 1716 4471; x_wconf 85' lang='lat' dir='ltr'><strong>ab</strong></span> <span class='ocrx_word' id='word_1_680' title='bbox 1763 4419 2025 4471; x_wconf 85' lang='lat' dir='ltr'><strong>Abraham</strong></span> 
     </span>
    </p>
   </div>
   <div class='ocr_carea' id='block_1_90' title="bbox 2132 4417 3711 4489">
    <p class='ocr_par' dir='ltr' id='par_1_90' title="bbox 2132 4419 3711 4489">
     <span class='ocr_line' id='line_1_90' title="bbox 2132 4419 3711 4489; baseline -0.006 -12"><span class='ocrx_word' id='word_1_681' title='bbox 2132 4423 2224 4477; x_wconf 89' lang='lat' dir='ltr'><strong>sed</strong></span> <span class='ocrx_word' id='word_1_682' title='bbox 2253 4422 2502 4474; x_wconf 86' lang='lat' dir='ltr'><strong>farinam.</strong></span> <span class='ocrx_word' id='word_1_683' title='bbox 2536 4419 2717 4489; x_wconf 82' lang='lat' dir='ltr'><strong>Neque</strong></span> <span class='ocrx_word' id='word_1_684' title='bbox 2749 4430 2857 4473; x_wconf 91' lang='lat' dir='ltr'><strong>tres</strong></span> <span class='ocrx_word' id='word_1_685' title='bbox 2891 4435 3173 4474; x_wconf 85' lang='lat' dir='ltr'><strong>mensuras</strong></span> <span class='ocrx_word' id='word_1_686' title='bbox 3196 4419 3389 4472; x_wconf 78' lang='lat' dir='ltr'><strong>simila:</strong></span> <span class='ocrx_word' id='word_1_687' title='bbox 3421 4420 3587 4479; x_wconf 85' lang='lat' dir='ltr'><strong>novit,</strong></span> <span class='ocrx_word' id='word_1_688' title='bbox 3616 4433 3711 4468; x_wconf 78' lang='lat' dir='ltr'><strong>ne-</strong></span> 
     </span>
    </p>
   </div>
   <div class='ocr_carea' id='block_1_91' title="bbox 454 4510 2025 4580">
    <p class='ocr_par' dir='ltr' id='par_1_91' title="bbox 454 4510 2025 4580">
     <span class='ocr_line' id='line_1_91' title="bbox 454 4510 2025 4580; baseline 0.001 -18"><span class='ocrx_word' id='word_1_689' title='bbox 454 4527 569 4562; x_wconf 83' lang='lat' dir='ltr'><strong>cum</strong></span> <span class='ocrx_word' id='word_1_690' title='bbox 621 4511 816 4563; x_wconf 80' lang='lat' dir='ltr'><strong>sederet</strong></span> <span class='ocrx_word' id='word_1_691' title='bbox 861 4513 929 4564; x_wconf 76' lang='lat' dir='ltr'><strong>atl</strong></span> <span class='ocrx_word' id='word_1_692' title='bbox 981 4514 1171 4564; x_wconf 79' lang='lat' dir='ltr'><strong>ostium</strong></span> <span class='ocrx_word' id='word_1_693' title='bbox 1238 4510 1563 4563; x_wconf 85' lang='lat' dir='ltr'><strong>tabernaculi</strong></span> <span class='ocrx_word' id='word_1_694' title='bbox 1620 4512 1699 4562; x_wconf 82' lang='lat' dir='ltr'><strong>sui</strong></span> <span class='ocrx_word' id='word_1_695' title='bbox 1768 4512 1836 4563; x_wconf 88' lang='lat' dir='ltr'><strong>atl</strong></span> <span class='ocrx_word' id='word_1_696' title='bbox 1872 4528 2025 4580; x_wconf 86' lang='lat' dir='ltr'><strong>quer-</strong></span> 
     </span>
    </p>
   </div>
   <div class='ocr_carea' id='block_1_92' title="bbox 455 4602 2032 4669">
    <p class='ocr_par' dir='ltr' id='par_1_92' title="bbox 455 4602 2032 4669">
     <span class='ocr_line' id='line_1_92' title="bbox 455 4602 2032 4669; baseline 0 -14"><span class='ocrx_word' id='word_1_697' title='bbox 455 4619 575 4655; x_wconf 83' lang='lat' dir='ltr'><strong>cum</strong></span> <span class='ocrx_word' id='word_1_698' title='bbox 630 4602 887 4656; x_wconf 75' lang='lat' dir='ltr'><strong>Mamhre.</strong></span> <span class='ocrx_word' id='word_1_699' title='bbox 931 4602 996 4656; x_wconf 81' lang='lat' dir='ltr'><strong>Et</strong></span> <span class='ocrx_word' id='word_1_700' title='bbox 1041 4621 1154 4658; x_wconf 86' lang='lat' dir='ltr'><strong>ecce</strong></span> <span class='ocrx_word' id='word_1_701' title='bbox 1227 4606 1324 4658; x_wconf 73' lang='lat' dir='ltr'><strong>viri</strong></span> <span class='ocrx_word' id='word_1_702' title='bbox 1367 4616 1469 4656; x_wconf 81' lang='lat' dir='ltr'><strong>tres</strong></span> <span class='ocrx_word' id='word_1_703' title='bbox 1552 4604 1826 4655; x_wconf 83' lang='lat' dir='ltr'><strong>astiterunt</strong></span> <span class='ocrx_word' id='word_1_704' title='bbox 1875 4620 2032 4669; x_wconf 74' lang='lat' dir='ltr'><strong>super</strong></span> 
     </span>
    </p>
   </div>
   <div class='ocr_carea' id='block_1_93' title="bbox 451 4693 2027 4761">
    <p class='ocr_par' dir='ltr' id='par_1_93' title="bbox 451 4693 2027 4761">
     <span class='ocr_line' id='line_1_93' title="bbox 451 4693 2027 4761; baseline 0.001 -15"><span class='ocrx_word' id='word_1_705' title='bbox 451 4709 609 4753; x_wconf 68' lang='lat' dir='ltr'><strong>sunt,</strong></span> <span class='ocrx_word' id='word_1_706' title='bbox 677 4702 727 4746; x_wconf 85' lang='lat' dir='ltr'><strong>et</strong></span> <span class='ocrx_word' id='word_1_707' title='bbox 788 4695 1064 4761; x_wconf 80' lang='lat' dir='ltr'><strong>respiciens</strong></span> <span class='ocrx_word' id='word_1_708' title='bbox 1120 4694 1285 4747; x_wconf 88' lang='lat' dir='ltr'><strong>oculis</strong></span> <span class='ocrx_word' id='word_1_709' title='bbox 1338 4694 1446 4747; x_wconf 82' lang='lat' dir='ltr'><strong>suis</strong></span> <span class='ocrx_word' id='word_1_710' title='bbox 1519 4693 1783 4746; x_wconf 82' lang='lat' dir='ltr'><strong>Abraham</strong></span> <span class='ocrx_word' id='word_1_711' title='bbox 1856 4697 2027 4758; x_wconf 77' lang='lat' dir='ltr'><strong>ritlit,</strong></span> 
     </span>
    </p>
   </div>
   <div class='ocr_carea' id='block_1_94' title="bbox 454 4786 2032 4855">
    <p class='ocr_par' dir='ltr' id='par_1_94' title="bbox 454 4786 2032 4855">
     <span class='ocr_line' id='line_1_94' title="bbox 454 4786 2032 4855; baseline 0.001 -15"><span class='ocrx_word' id='word_1_712' title='bbox 454 4798 502 4840; x_wconf 81' lang='lat' dir='ltr'><strong>et</strong></span> <span class='ocrx_word' id='word_1_713' title='bbox 552 4790 681 4842; x_wconf 70' lang='lat' dir='ltr'><strong>exiit</strong></span> <span class='ocrx_word' id='word_1_714' title='bbox 725 4788 779 4841; x_wconf 90' lang='lat' dir='ltr'><strong>in</strong></span> <span class='ocrx_word' id='word_1_715' title='bbox 831 4804 1105 4841; x_wconf 81' lang='lat' dir='ltr'><strong>occursum</strong></span> <span class='ocrx_word' id='word_1_716' title='bbox 1154 4789 1252 4851; x_wconf 87' lang='lat' dir='ltr'><strong>eis,</strong></span> <span class='ocrx_word' id='word_1_717' title='bbox 1323 4795 1429 4841; x_wconf 87' lang='lat' dir='ltr'><strong>etc.</strong></span> <span class='ocrx_word' id='word_1_718' title='bbox 1501 4786 1861 4841; x_wconf 84' lang='lat' dir='ltr'><strong>Cuuferamus</strong></span> <span class='ocrx_word' id='word_1_719' title='bbox 1920 4789 2032 4855; x_wconf 87' lang='lat' dir='ltr'><strong>pri-</strong></span> 
     </span>
    </p>
   </div>
   <div class='ocr_carea' id='block_1_95' title="bbox 457 4879 2031 4948">
    <p class='ocr_par' dir='ltr' id='par_1_95' title="bbox 457 4879 2031 4948">
     <span class='ocr_line' id='line_1_95' title="bbox 457 4879 2031 4948; baseline 0 -13"><span class='ocrx_word' id='word_1_720' title='bbox 457 4896 588 4944; x_wconf 87' lang='lat' dir='ltr'><strong>mo,</strong></span> <span class='ocrx_word' id='word_1_721' title='bbox 636 4881 678 4935; x_wconf 83' lang='lat' dir='ltr'><strong>si</strong></span> <span class='ocrx_word' id='word_1_722' title='bbox 736 4881 988 4945; x_wconf 77' lang='lat' dir='ltr'><strong>videtur,</strong></span> <span class='ocrx_word' id='word_1_723' title='bbox 1050 4881 1189 4934; x_wconf 89' lang='lat' dir='ltr'><strong>hanc</strong></span> <span class='ocrx_word' id='word_1_724' title='bbox 1248 4880 1510 4933; x_wconf 89' lang='lat' dir='ltr'><strong>visionem</strong></span> <span class='ocrx_word' id='word_1_725' title='bbox 1572 4895 1693 4932; x_wconf 89' lang='lat' dir='ltr'><strong>cmn</strong></span> <span class='ocrx_word' id='word_1_726' title='bbox 1773 4879 1861 4931; x_wconf 91' lang='lat' dir='ltr'><strong>illa</strong></span> <span class='ocrx_word' id='word_1_727' title='bbox 1914 4897 2031 4948; x_wconf 82' lang='lat' dir='ltr'><strong>quae</strong></span> 
     </span>
    </p>
   </div>
   <div class='ocr_carea' id='block_1_96' title="bbox 457 4969 2026 5035">
    <p class='ocr_par' dir='ltr' id='par_1_96' title="bbox 457 4969 2026 5035">
     <span class='ocr_line' id='line_1_96' title="bbox 457 4969 2026 5035; baseline -0.001 -10"><span class='ocrx_word' id='word_1_728' title='bbox 457 4974 597 5027; x_wconf 82' lang='lat' dir='ltr'><strong>facta</strong></span> <span class='ocrx_word' id='word_1_729' title='bbox 635 4983 717 5027; x_wconf 86' lang='lat' dir='ltr'><strong>est</strong></span> <span class='ocrx_word' id='word_1_730' title='bbox 746 4973 812 5025; x_wconf 85' lang='lat' dir='ltr'><strong>ad</strong></span> <span class='ocrx_word' id='word_1_731' title='bbox 862 4971 980 5025; x_wconf 89' lang='lat' dir='ltr'><strong>Lot.</strong></span> <span class='ocrx_word' id='word_1_732' title='bbox 1022 4970 1155 5025; x_wconf 85' lang='lat' dir='ltr'><strong>Tres</strong></span> <span class='ocrx_word' id='word_1_733' title='bbox 1189 4972 1290 5025; x_wconf 87' lang='lat' dir='ltr'><strong>viri</strong></span> <span class='ocrx_word' id='word_1_734' title='bbox 1324 4973 1549 5025; x_wconf 81' lang='lat' dir='ltr'><strong>veniunt</strong></span> <span class='ocrx_word' id='word_1_735' title='bbox 1609 4972 1673 5022; x_wconf 87' lang='lat' dir='ltr'><strong>ad</strong></span> <span class='ocrx_word' id='word_1_736' title='bbox 1729 4969 2026 5035; x_wconf 84' lang='lat' dir='ltr'><strong>Abraham,</strong></span> 
     </span>
    </p>
   </div>
   <div class='ocr_carea' id='block_1_97' title="bbox 458 5063 2033 5131">
    <p class='ocr_par' dir='ltr' id='par_1_97' title="bbox 458 5063 2033 5131">
     <span class='ocr_line' id='line_1_97' title="bbox 458 5063 2033 5131; baseline 0.001 -15"><span class='ocrx_word' id='word_1_737' title='bbox 458 5072 511 5118; x_wconf 89' lang='lat' dir='ltr'><strong>et</strong></span> <span class='ocrx_word' id='word_1_738' title='bbox 530 5073 675 5119; x_wconf 90' lang='lat' dir='ltr'><strong>stant</strong></span> <span class='ocrx_word' id='word_1_739' title='bbox 702 5078 864 5131; x_wconf 84' lang='lat' dir='ltr'><strong>super</strong></span> <span class='ocrx_word' id='word_1_740' title='bbox 885 5077 1012 5118; x_wconf 91' lang='lat' dir='ltr'><strong>eum</strong></span> <span class='ocrx_word' id='word_1_741' title='bbox 1050 5080 1065 5130; x_wconf 86' lang='lat'><strong>;</strong></span> <span class='ocrx_word' id='word_1_742' title='bbox 1105 5064 1170 5118; x_wconf 87' lang='lat' dir='ltr'><strong>ad</strong></span> <span class='ocrx_word' id='word_1_743' title='bbox 1202 5063 1305 5118; x_wconf 89' lang='lat' dir='ltr'><strong>Lot</strong></span> <span class='ocrx_word' id='word_1_744' title='bbox 1339 5064 1445 5117; x_wconf 89' lang='lat' dir='ltr'><strong>duo</strong></span> <span class='ocrx_word' id='word_1_745' title='bbox 1475 5064 1718 5126; x_wconf 89' lang='lat' dir='ltr'><strong>veniunt,</strong></span> <span class='ocrx_word' id='word_1_746' title='bbox 1758 5072 1811 5117; x_wconf 92' lang='lat' dir='ltr'><strong>et</strong></span> <span class='ocrx_word' id='word_1_747' title='bbox 1843 5065 2033 5118; x_wconf 89' lang='lat' dir='ltr'><strong>sedent</strong></span> 
     </span>
    </p>
   </div>
   <div class='ocr_carea' id='block_1_98' title="bbox 457 5152 2030 5225">
    <p class='ocr_par' dir='ltr' id='par_1_98' title="bbox 457 5152 2030 5225">
     <span class='ocr_line' id='line_1_98' title="bbox 457 5152 2030 5225; baseline 0.001 -18"><span class='ocrx_word' id='word_1_748' title='bbox 457 5154 510 5207; x_wconf 91' lang='lat' dir='ltr'><strong>in</strong></span> <span class='ocrx_word' id='word_1_749' title='bbox 542 5152 741 5222; x_wconf 87' lang='lat' dir='ltr'><strong>platea.</strong></span> <span class='ocrx_word' id='word_1_750' title='bbox 772 5152 902 5209; x_wconf 76' lang='lat' dir='ltr'><strong>Vide</strong></span> <span class='ocrx_word' id='word_1_751' title='bbox 937 5154 980 5210; x_wconf 89' lang='lat' dir='ltr'><strong>si</strong></span> <span class='ocrx_word' id='word_1_752' title='bbox 1018 5168 1123 5209; x_wconf 91' lang='lat' dir='ltr'><strong>non</strong></span> <span class='ocrx_word' id='word_1_753' title='bbox 1151 5154 1553 5225; x_wconf 82' lang='lat' dir='ltr'><strong>dispensatione</strong></span> <span class='ocrx_word' id='word_1_754' title='bbox 1589 5154 1827 5223; x_wconf 86' lang='lat' dir='ltr'><strong>Spiritus</strong></span> <span class='ocrx_word' id='word_1_755' title='bbox 1858 5155 2030 5209; x_wconf 89' lang='lat' dir='ltr'><strong>sancti</strong></span> 
     </span>
    </p>
   </div>
   <div class='ocr_carea' id='block_1_99' title="bbox 529 5332 999 5397">
    <p class='ocr_par' dir='ltr' id='par_1_99' title="bbox 529 5332 999 5397">
     <span class='ocr_line' id='line_1_99' title="bbox 529 5332 999 5397; baseline 0.011 -9"><span class='ocrx_word' id='word_1_756' title='bbox 529 5335 574 5366; x_wconf 81' lang='lat'>“</span> <span class='ocrx_word' id='word_1_757' title='bbox 608 5332 774 5390; x_wconf 88' lang='lat' dir='ltr'><strong>iCor.</strong></span> <span class='ocrx_word' id='word_1_758' title='bbox 809 5352 881 5397; x_wconf 83' lang='lat' dir='ltr'><strong>tv,</strong></span> <span class='ocrx_word' id='word_1_759' title='bbox 909 5336 999 5393; x_wconf 74' lang='lat'><strong>90.</strong></span> 
     </span>
    </p>
   </div>
   <div class='ocr_carea' id='block_1_100' title="bbox 458 5402 1471 5469">
    <p class='ocr_par' dir='ltr' id='par_1_100' title="bbox 458 5402 1471 5469">
     <span class='ocr_line' id='line_1_100' title="bbox 458 5402 1471 5469; baseline 0 -10"><span class='ocrx_word' id='word_1_760' title='bbox 458 5402 503 5435; x_wconf 79' lang='lat'>&quot;</span> <span class='ocrx_word' id='word_1_761' title='bbox 528 5404 686 5459; x_wconf 79' lang='lat' dir='ltr'><strong>Rom.</strong></span> <span class='ocrx_word' id='word_1_762' title='bbox 713 5422 826 5467; x_wconf 85' lang='lat' dir='ltr'><strong>vtu.</strong></span> <span class='ocrx_word' id='word_1_763' title='bbox 859 5405 948 5461; x_wconf 77' lang='lat'><strong>55.</strong></span> <span class='ocrx_word' id='word_1_764' title='bbox 1024 5408 1066 5439; x_wconf 77' lang='grc'><strong>³⁷</strong></span> <span class='ocrx_word' id='word_1_765' title='bbox 1093 5406 1278 5462; x_wconf 79' lang='lat' dir='ltr'><strong>Matth.</strong></span> <span class='ocrx_word' id='word_1_766' title='bbox 1309 5422 1359 5469; x_wconf 78' lang='grc' dir='ltr'><strong>ν,</strong></span> <span class='ocrx_word' id='word_1_767' title='bbox 1388 5406 1471 5460; x_wconf 90' lang='lat'><strong>16.</strong></span> 
     </span>
    </p>
   </div>
   <div class='ocr_carea' id='block_1_101' title="bbox 458 5473 1752 5541">
    <p class='ocr_par' dir='ltr' id='par_1_101' title="bbox 458 5473 1752 5541">
     <span class='ocr_line' id='line_1_101' title="bbox 458 5473 1752 5541; baseline 0.004 -16"><span class='ocrx_word' id='word_1_768' title='bbox 458 5489 611 5539; x_wconf 65' lang='lat' dir='ltr'><strong>svm,</strong></span> <span class='ocrx_word' id='word_1_769' title='bbox 638 5477 694 5527; x_wconf 66' lang='lat'><strong>‘2.</strong></span> <span class='ocrx_word' id='word_1_770' title='bbox 773 5476 815 5507; x_wconf 79' lang='lat'>“</span> <span class='ocrx_word' id='word_1_771' title='bbox 844 5478 999 5541; x_wconf 88' lang='lat' dir='ltr'><strong>ibid.,</strong></span> <span class='ocrx_word' id='word_1_772' title='bbox 1024 5475 1076 5530; x_wconf 83' lang='lat'><strong>6.</strong></span> <span class='ocrx_word' id='word_1_773' title='bbox 1156 5475 1199 5505; x_wconf 86' lang='grc'><strong><em>⁸³</em></strong></span> <span class='ocrx_word' id='word_1_774' title='bbox 1230 5478 1359 5529; x_wconf 85' lang='lat' dir='ltr'><strong>ibid.</strong></span> <span class='ocrx_word' id='word_1_775' title='bbox 1432 5473 1481 5507; x_wconf 70' lang='lat'><strong>&quot;</strong></span> <span class='ocrx_word' id='word_1_776' title='bbox 1503 5476 1664 5539; x_wconf 89' lang='lat' dir='ltr'><strong>ibid.,</strong></span> <span class='ocrx_word' id='word_1_777' title='bbox 1701 5474 1752 5525; x_wconf 78' lang='lat'><strong>7.</strong></span> 
     </span>
    </p>
   </div>
   <div class='ocr_carea' id='block_1_102' title="bbox 531 5564 2033 5643">
    <p class='ocr_par' dir='ltr' id='par_1_102' title="bbox 531 5564 2033 5643">
     <span class='ocr_line' id='line_1_102' title="bbox 531 5564 2033 5643; baseline -0.003 -21"><span class='ocrx_word' id='word_1_778' title='bbox 531 5570 577 5637; x_wconf 14' lang='lat' dir='ltr'><strong>(ei</strong></span> <span class='ocrx_word' id='word_1_779' title='bbox 596 5568 641 5643; x_wconf 84' lang='grc' dir='ltr'>ι)</span> <span class='ocrx_word' id='word_1_780' title='bbox 665 5569 841 5624; x_wconf 79' lang='lat' dir='ltr'><strong>Codex</strong></span> <span class='ocrx_word' id='word_1_781' title='bbox 881 5568 1066 5643; x_wconf 82' lang='lat' dir='ltr'><strong>sancti</strong></span> <span class='ocrx_word' id='word_1_782' title='bbox 1098 5568 1416 5643; x_wconf 82' lang='lat' dir='ltr'><strong>Theoderici</strong></span> <span class='ocrx_word' id='word_1_783' title='bbox 1460 5568 1670 5643; x_wconf 82' lang='lat' dir='ltr'><strong>titulum</strong></span> <span class='ocrx_word' id='word_1_784' title='bbox 1727 5565 1918 5643; x_wconf 61' lang='lat' dir='ltr'><strong>habet,</strong></span> <span class='ocrx_word' id='word_1_785' title='bbox 1960 5564 2033 5618; x_wconf 86' lang='lat' dir='ltr'><strong>De</strong></span> 
     </span>
    </p>
   </div>
   <div class='ocr_carea' id='block_1_103' title="bbox 460 5639 2031 5707">
    <p class='ocr_par' dir='ltr' id='par_1_103' title="bbox 460 5639 2031 5707">
     <span class='ocr_line' id='line_1_103' title="bbox 460 5639 2031 5707; baseline -0.001 -18"><span class='ocrx_word' id='word_1_786' title='bbox 460 5640 725 5690; x_wconf 73' lang='lat' dir='ltr'><strong>Abraham</strong></span> <span class='ocrx_word' id='word_1_787' title='bbox 778 5650 822 5691; x_wconf 87' lang='lat' dir='ltr'><strong>ct</strong></span> <span class='ocrx_word' id='word_1_788' title='bbox 862 5642 1029 5692; x_wconf 85' lang='lat' dir='ltr'><strong>tribus</strong></span> <span class='ocrx_word' id='word_1_789' title='bbox 1071 5640 1191 5693; x_wconf 86' lang='lat' dir='ltr'><strong>riris</strong></span> <span class='ocrx_word' id='word_1_790' title='bbox 1250 5655 1377 5707; x_wconf 81' lang='lat' dir='ltr'><strong>quos</strong></span> <span class='ocrx_word' id='word_1_791' title='bbox 1436 5640 1563 5693; x_wconf 75' lang='lat' dir='ltr'><strong>vidit</strong></span> <span class='ocrx_word' id='word_1_792' title='bbox 1619 5639 1832 5692; x_wconf 82' lang='lat' dir='ltr'><strong>meridie</strong></span> <span class='ocrx_word' id='word_1_793' title='bbox 1874 5639 2031 5703; x_wconf 75' lang='lat' dir='ltr'><strong>juxta</strong></span> 
     </span>
    </p>
   </div>
   <div class='ocr_carea' id='block_1_104' title="bbox 459 5707 987 5777">
    <p class='ocr_par' dir='ltr' id='par_1_104' title="bbox 459 5707 987 5777">
     <span class='ocr_line' id='line_1_104' title="bbox 459 5707 987 5777; baseline 0.013 -19"><span class='ocrx_word' id='word_1_794' title='bbox 459 5725 705 5777; x_wconf 67' lang='lat' dir='ltr'><strong>quercum</strong></span> <span class='ocrx_word' id='word_1_795' title='bbox 732 5707 987 5765; x_wconf 71' lang='lat' dir='ltr'><strong>Humbre.</strong></span> 
     </span>
    </p>
   </div>
   <div class='ocr_carea' id='block_1_105' title="bbox 1077 5332 2022 5402">
    <p class='ocr_par' dir='ltr' id='par_1_105' title="bbox 1077 5332 2022 5402">
     <span class='ocr_line' id='line_1_105' title="bbox 1077 5332 2022 5402; baseline -0.002 -13"><span class='ocrx_word' id='word_1_796' title='bbox 1077 5337 1120 5369; x_wconf 79' lang='lat'>“</span> <span class='ocrx_word' id='word_1_797' title='bbox 1146 5335 1260 5391; x_wconf 90' lang='lat' dir='ltr'><strong>Coi.</strong></span> <span class='ocrx_word' id='word_1_798' title='bbox 1294 5350 1375 5402; x_wconf 87' lang='grc' dir='ltr'>ιιι,</span> <span class='ocrx_word' id='word_1_799' title='bbox 1411 5336 1461 5389; x_wconf 82' lang='grc'><strong>5.</strong></span> <span class='ocrx_word' id='word_1_800' title='bbox 1542 5334 1585 5365; x_wconf 82' lang='grc'><strong>⁹¹</strong></span> <span class='ocrx_word' id='word_1_801' title='bbox 1622 5332 1637 5386; x_wconf 90' lang='grc' dir='ltr'><strong>Ι</strong></span> <span class='ocrx_word' id='word_1_802' title='bbox 1673 5332 1797 5387; x_wconf 90' lang='lat' dir='ltr'><strong>Cor.</strong></span> <span class='ocrx_word' id='word_1_803' title='bbox 1830 5348 1901 5394; x_wconf 87' lang='lat' dir='ltr'><strong>tv,</strong></span> <span class='ocrx_word' id='word_1_804' title='bbox 1938 5333 2022 5387; x_wconf 83' lang='lat'><strong>10.</strong></span> 
     </span>
    </p>
   </div>
   <div class='ocr_carea' id='block_1_106' title="bbox 1548 5403 2175 5526">
    <p class='ocr_par' dir='ltr' id='par_1_106' title="bbox 1548 5403 2175 5526">
     <span class='ocr_line' id='line_1_106' title="bbox 1548 5403 2175 5465; baseline -0.006 -7"><span class='ocrx_word' id='word_1_805' title='bbox 1548 5404 1593 5437; x_wconf 75' lang='grc'><strong>’⁵</strong></span> <span class='ocrx_word' id='word_1_806' title='bbox 1621 5404 1815 5457; x_wconf 84' lang='lat' dir='ltr'><strong>Genes.</strong></span> <span class='ocrx_word' id='word_1_807' title='bbox 1853 5418 2006 5464; x_wconf 74' lang='lat' dir='ltr'><strong>xviii,</strong></span> <span class='ocrx_word' id='word_1_808' title='bbox 2045 5404 2089 5465; x_wconf 90' lang='lat' dir='ltr'><strong>l,</strong></span> <span class='ocrx_word' id='word_1_809' title='bbox 2120 5403 2175 5455; x_wconf 71' lang='grc'><strong>2.</strong></span> 
     </span>
     <span class='ocr_line' id='line_1_107' title="bbox 1548 5472 2143 5526; baseline -0.002 0"><span class='ocrx_word' id='word_1_810' title='bbox 1548 5476 1664 5526; x_wconf 63' lang='grc' dir='ltr'><strong>μία..</strong></span> <span class='ocrx_word' id='word_1_811' title='bbox 1701 5474 1752 5525; x_wconf 82' lang='lat'><strong>7.</strong></span> <span class='ocrx_word' id='word_1_812' title='bbox 1829 5473 2054 5526; x_wconf 78' lang='lat' dir='ltr'><strong>&quot;ibid..</strong></span> <span class='ocrx_word' id='word_1_813' title='bbox 2090 5472 2143 5525; x_wconf 89' lang='lat'><strong>8.</strong></span> 
     </span>
    </p>
   </div>
   <div class='ocr_carea' id='block_1_107' title="bbox 2131 4511 3713 4585">
    <p class='ocr_par' dir='ltr' id='par_1_107' title="bbox 2131 4511 3713 4585">
     <span class='ocr_line' id='line_1_108' title="bbox 2131 4511 3713 4585; baseline -0.003 -18"><span class='ocrx_word' id='word_1_814' title='bbox 2131 4528 2235 4585; x_wconf 86' lang='lat' dir='ltr'><strong>que</strong></span> <span class='ocrx_word' id='word_1_815' title='bbox 2266 4511 2589 4583; x_wconf 74' lang='grc' dir='ltr'><strong>ἐγκρυφίας,</strong></span> <span class='ocrx_word' id='word_1_816' title='bbox 2617 4514 2767 4564; x_wconf 86' lang='lat' dir='ltr'><strong>idest</strong></span> <span class='ocrx_word' id='word_1_817' title='bbox 2798 4511 3147 4565; x_wconf 84' lang='lat' dir='ltr'><strong>absconditos</strong></span> <span class='ocrx_word' id='word_1_818' title='bbox 3172 4526 3235 4565; x_wconf 86' lang='lat' dir='ltr'><strong>ac</strong></span> <span class='ocrx_word' id='word_1_819' title='bbox 3266 4511 3521 4581; x_wconf 76' lang='lat' dir='ltr'><strong>mysticos</strong></span> <span class='ocrx_word' id='word_1_820' title='bbox 3545 4522 3713 4578; x_wconf 78' lang='lat' dir='ltr'><strong>panes</strong></span> 
     </span>
    </p>
   </div>
   <div class='ocr_carea' id='block_1_108' title="bbox 2133 4603 3023 4677">
    <p class='ocr_par' dir='ltr' id='par_1_108' title="bbox 2133 4603 3023 4677">
     <span class='ocr_line' id='line_1_109' title="bbox 2133 4603 3023 4677; baseline -0.004 -16"><span class='ocrx_word' id='word_1_821' title='bbox 2133 4622 2406 4677; x_wconf 82' lang='lat' dir='ltr'><strong>apponere</strong></span> <span class='ocrx_word' id='word_1_822' title='bbox 2449 4603 2789 4657; x_wconf 90' lang='lat' dir='ltr'><strong>venientibus</strong></span> <span class='ocrx_word' id='word_1_823' title='bbox 2822 4612 3023 4670; x_wconf 88' lang='lat' dir='ltr'><strong>potest.</strong></span> 
     </span>
    </p>
   </div>
   <div class='ocr_carea' id='block_1_109' title="bbox 2204 4692 3712 4769">
    <p class='ocr_par' dir='ltr' id='par_1_109' title="bbox 2204 4692 3712 4769">
     <span class='ocr_line' id='line_1_110' title="bbox 2204 4692 3712 4769; baseline -0.008 -15"><span class='ocrx_word' id='word_1_824' title='bbox 2204 4702 2258 4754; x_wconf 72' lang='grc'><strong>2.</strong></span> <span class='ocrx_word' id='word_1_825' title='bbox 2319 4700 2422 4753; x_wconf 89' lang='lat' dir='ltr'><strong>Sed</strong></span> <span class='ocrx_word' id='word_1_826' title='bbox 2479 4715 2877 4769; x_wconf 91' lang='lat' dir='ltr'><strong>persequamur</strong></span> <span class='ocrx_word' id='word_1_827' title='bbox 2926 4712 3069 4751; x_wconf 86' lang='lat' dir='ltr'><strong>nunc</strong></span> <span class='ocrx_word' id='word_1_828' title='bbox 3128 4695 3345 4748; x_wconf 89' lang='lat' dir='ltr'><strong>interim</strong></span> <span class='ocrx_word' id='word_1_829' title='bbox 3414 4694 3544 4763; x_wconf 85' lang='lat' dir='ltr'><strong>quid</strong></span> <span class='ocrx_word' id='word_1_830' title='bbox 3602 4692 3712 4761; x_wconf 83' lang='lat' dir='ltr'><strong>agit</strong></span> 
     </span>
    </p>
   </div>
   <div class='ocr_carea' id='block_1_110' title="bbox 2136 4786 3714 4856">
    <p class='ocr_par' dir='ltr' id='par_1_110' title="bbox 2136 4786 3714 4856">
     <span class='ocr_line' id='line_1_111' title="bbox 2136 4786 3714 4856; baseline -0.006 -11"><span class='ocrx_word' id='word_1_831' title='bbox 2136 4792 2407 4845; x_wconf 89' lang='lat' dir='ltr'><strong>Abraham</strong></span> <span class='ocrx_word' id='word_1_832' title='bbox 2446 4808 2566 4843; x_wconf 92' lang='lat' dir='ltr'><strong>eum</strong></span> <span class='ocrx_word' id='word_1_833' title='bbox 2623 4791 2799 4844; x_wconf 88' lang='lat' dir='ltr'><strong>tribus</strong></span> <span class='ocrx_word' id='word_1_834' title='bbox 2861 4788 3145 4856; x_wconf 85' lang='lat' dir='ltr'><strong>viris,qui</strong></span> <span class='ocrx_word' id='word_1_835' title='bbox 3206 4786 3499 4840; x_wconf 87' lang='lat' dir='ltr'><strong>astiterunt</strong></span> <span class='ocrx_word' id='word_1_836' title='bbox 3551 4799 3714 4853; x_wconf 89' lang='lat' dir='ltr'><strong>super</strong></span> 
     </span>
    </p>
   </div>
   <div class='ocr_carea' id='block_1_111' title="bbox 2137 4878 3711 4950">
    <p class='ocr_par' dir='ltr' id='par_1_111' title="bbox 2137 4878 3711 4950">
     <span class='ocr_line' id='line_1_112' title="bbox 2137 4878 3711 4950; baseline -0.008 -12"><span class='ocrx_word' id='word_1_837' title='bbox 2137 4898 2281 4938; x_wconf 80' lang='lat' dir='ltr'><strong>cum.</strong></span> <span class='ocrx_word' id='word_1_838' title='bbox 2317 4881 2427 4935; x_wconf 87' lang='lat' dir='ltr'><strong>iloc</strong></span> <span class='ocrx_word' id='word_1_839' title='bbox 2466 4882 2637 4950; x_wconf 90' lang='lat' dir='ltr'><strong>ipsum</strong></span> <span class='ocrx_word' id='word_1_840' title='bbox 2691 4880 2809 4933; x_wconf 87' lang='lat' dir='ltr'><strong>vide</strong></span> <span class='ocrx_word' id='word_1_841' title='bbox 2850 4879 3012 4948; x_wconf 77' lang='lat' dir='ltr'><strong>quale</strong></span> <span class='ocrx_word' id='word_1_842' title='bbox 3056 4878 3149 4941; x_wconf 86' lang='lat' dir='ltr'><strong>sit,</strong></span> <span class='ocrx_word' id='word_1_843' title='bbox 3202 4878 3345 4945; x_wconf 89' lang='lat' dir='ltr'><strong>quod</strong></span> <span class='ocrx_word' id='word_1_844' title='bbox 3383 4891 3547 4944; x_wconf 88' lang='lat' dir='ltr'><strong>super</strong></span> <span class='ocrx_word' id='word_1_845' title='bbox 3588 4890 3711 4927; x_wconf 81' lang='lat' dir='ltr'><strong>cum</strong></span> 
     </span>
    </p>
   </div>
   <div class='ocr_carea' id='block_1_112' title="bbox 2143 4969 3715 5040">
    <p class='ocr_par' dir='ltr' id='par_1_112' title="bbox 2143 4969 3715 5040">
     <span class='ocr_line' id='line_1_113' title="bbox 2143 4969 3715 5040; baseline -0.008 -12"><span class='ocrx_word' id='word_1_846' title='bbox 2143 4977 2385 5037; x_wconf 90' lang='lat' dir='ltr'><strong>veniunt,</strong></span> <span class='ocrx_word' id='word_1_847' title='bbox 2422 4990 2529 5027; x_wconf 92' lang='lat' dir='ltr'><strong>non</strong></span> <span class='ocrx_word' id='word_1_848' title='bbox 2554 4982 2742 5027; x_wconf 91' lang='lat' dir='ltr'><strong>contra</strong></span> <span class='ocrx_word' id='word_1_849' title='bbox 2782 4988 2926 5025; x_wconf 90' lang='lat' dir='ltr'><strong>eum.</strong></span> <span class='ocrx_word' id='word_1_850' title='bbox 2962 4970 3281 5040; x_wconf 87' lang='lat' dir='ltr'><strong>Subjecerat</strong></span> <span class='ocrx_word' id='word_1_851' title='bbox 3316 4984 3375 5022; x_wconf 92' lang='lat' dir='ltr'><strong>se</strong></span> <span class='ocrx_word' id='word_1_852' title='bbox 3396 4969 3592 5036; x_wconf 85' lang='lat' dir='ltr'><strong>quippe</strong></span> <span class='ocrx_word' id='word_1_853' title='bbox 3620 4982 3715 5017; x_wconf 75' lang='lat' dir='ltr'><strong>vo-</strong></span> 
     </span>
    </p>
   </div>
   <div class='ocr_carea' id='block_1_113' title="bbox 2139 5060 3711 5135">
    <p class='ocr_par' dir='ltr' id='par_1_113' title="bbox 2139 5060 3711 5135">
     <span class='ocr_line' id='line_1_114' title="bbox 2139 5060 3711 5135; baseline -0.007 -14"><span class='ocrx_word' id='word_1_854' title='bbox 2139 5066 2334 5121; x_wconf 91' lang='lat' dir='ltr'><strong>luntati</strong></span> <span class='ocrx_word' id='word_1_855' title='bbox 2372 5066 2486 5128; x_wconf 89' lang='lat' dir='ltr'><strong>Dei,</strong></span> <span class='ocrx_word' id='word_1_856' title='bbox 2513 5065 2632 5119; x_wconf 91' lang='lat' dir='ltr'><strong>ideo</strong></span> <span class='ocrx_word' id='word_1_857' title='bbox 2654 5074 2821 5135; x_wconf 86' lang='lat' dir='ltr'><strong>super</strong></span> <span class='ocrx_word' id='word_1_858' title='bbox 2843 5080 2961 5118; x_wconf 90' lang='lat' dir='ltr'><strong>eum</strong></span> <span class='ocrx_word' id='word_1_859' title='bbox 2985 5075 3162 5118; x_wconf 88' lang='lat' dir='ltr'><strong>astare</strong></span> <span class='ocrx_word' id='word_1_860' title='bbox 3185 5063 3297 5129; x_wconf 77' lang='lat'><strong>(1‘2)</strong></span> <span class='ocrx_word' id='word_1_861' title='bbox 3321 5061 3519 5115; x_wconf 83' lang='lat' dir='ltr'><strong>dicitur</strong></span> <span class='ocrx_word' id='word_1_862' title='bbox 3554 5060 3711 5112; x_wconf 78' lang='lat' dir='ltr'><strong>Deus.</strong></span> 
     </span>
    </p>
   </div>
   <div class='ocr_carea' id='block_1_114' title="bbox 2142 5151 3711 5228">
    <p class='ocr_par' dir='ltr' id='par_1_114' title="bbox 2142 5151 3711 5228">
     <span class='ocr_line' id='line_1_115' title="bbox 2142 5151 3711 5228; baseline -0.005 -16"><span class='ocrx_word' id='word_1_863' title='bbox 2142 5158 2378 5228; x_wconf 88' lang='lat' dir='ltr'><strong>Apponit</strong></span> <span class='ocrx_word' id='word_1_864' title='bbox 2431 5173 2563 5227; x_wconf 86' lang='lat' dir='ltr'><strong>ergo</strong></span> <span class='ocrx_word' id='word_1_865' title='bbox 2618 5172 2784 5227; x_wconf 87' lang='lat' dir='ltr'><strong>panes</strong></span> <span class='ocrx_word' id='word_1_866' title='bbox 2838 5157 3012 5210; x_wconf 89' lang='lat' dir='ltr'><strong>tribus</strong></span> <span class='ocrx_word' id='word_1_867' title='bbox 3060 5159 3332 5210; x_wconf 88' lang='lat' dir='ltr'><strong>mensuris</strong></span> <span class='ocrx_word' id='word_1_868' title='bbox 3384 5151 3711 5220; x_wconf 80' lang='lat' dir='ltr'><strong>similaginis</strong></span> 
     </span>
    </p>
   </div>
   <div class='ocr_carea' id='block_1_115' title="bbox 2138 5332 2635 5395">
    <p class='ocr_par' dir='ltr' id='par_1_115' title="bbox 2138 5332 2635 5395">
     <span class='ocr_line' id='line_1_116' title="bbox 2138 5332 2635 5395; baseline 0.002 -10"><span class='ocrx_word' id='word_1_869' title='bbox 2138 5334 2181 5363; x_wconf 76' lang='grc'><strong>’³</strong></span> <span class='ocrx_word' id='word_1_870' title='bbox 2206 5332 2246 5385; x_wconf 90' lang='grc' dir='ltr'><strong>ιι</strong></span> <span class='ocrx_word' id='word_1_871' title='bbox 2277 5333 2413 5386; x_wconf 85' lang='lat' dir='ltr'><strong>Tim.</strong></span> <span class='ocrx_word' id='word_1_872' title='bbox 2450 5349 2509 5395; x_wconf 87' lang='lat' dir='ltr'><strong>tt,</strong></span> <span class='ocrx_word' id='word_1_873' title='bbox 2551 5333 2635 5386; x_wconf 72' lang='lat'><strong>12.</strong></span> 
     </span>
    </p>
   </div>
   <div class='ocr_carea' id='block_1_116' title="bbox 2253 5402 2753 5471">
    <p class='ocr_par' dir='ltr' id='par_1_116' title="bbox 2253 5402 2753 5471">
     <span class='ocr_line' id='line_1_117' title="bbox 2253 5402 2753 5471; baseline 0.008 -14"><span class='ocrx_word' id='word_1_874' title='bbox 2253 5405 2296 5435; x_wconf 82' lang='grc'>¹⁹</span> <span class='ocrx_word' id='word_1_875' title='bbox 2320 5402 2516 5457; x_wconf 80' lang='lat' dir='ltr'><strong>Cenes.</strong></span> <span class='ocrx_word' id='word_1_876' title='bbox 2551 5420 2670 5471; x_wconf 79' lang='lat' dir='ltr'><strong>xm,</strong></span> <span class='ocrx_word' id='word_1_877' title='bbox 2699 5403 2753 5461; x_wconf 86' lang='lat'><strong>9.</strong></span> 
     </span>
    </p>
   </div>
   <div class='ocr_carea' id='block_1_117' title="bbox 2749 5328 3711 5399">
    <p class='ocr_par' dir='ltr' id='par_1_117' title="bbox 2749 5328 3711 5399">
     <span class='ocr_line' id='line_1_118' title="bbox 2749 5328 3711 5399; baseline -0.006 -12"><span class='ocrx_word' id='word_1_878' title='bbox 2749 5334 2795 5365; x_wconf 73' lang='lat'>&quot;</span> <span class='ocrx_word' id='word_1_879' title='bbox 2822 5333 2938 5387; x_wconf 85' lang='lat' dir='ltr'><strong>Gal.</strong></span> <span class='ocrx_word' id='word_1_880' title='bbox 2974 5334 3140 5399; x_wconf 74' lang='lat'><strong>&quot;.19,</strong></span> <span class='ocrx_word' id='word_1_881' title='bbox 3165 5332 3255 5386; x_wconf 80' lang='lat'><strong>‘20.</strong></span> <span class='ocrx_word' id='word_1_882' title='bbox 3298 5335 3342 5365; x_wconf 77' lang='lat'><strong>&quot;</strong></span> <span class='ocrx_word' id='word_1_883' title='bbox 3364 5332 3482 5387; x_wconf 85' lang='lat' dir='ltr'><strong>Gal.</strong></span> <span class='ocrx_word' id='word_1_884' title='bbox 3520 5347 3591 5392; x_wconf 88' lang='lat' dir='ltr'><strong>vt,</strong></span> <span class='ocrx_word' id='word_1_885' title='bbox 3624 5328 3711 5383; x_wconf 78' lang='lat'><strong>18.</strong></span> 
     </span>
    </p>
   </div>
   <div class='ocr_carea' id='block_1_118' title="bbox 2831 5401 3714 5469">
    <p class='ocr_par' dir='ltr' id='par_1_118' title="bbox 2831 5401 3714 5469">
     <span class='ocr_line' id='line_1_119' title="bbox 2831 5401 3714 5469; baseline -0.009 -9"><span class='ocrx_word' id='word_1_886' title='bbox 2831 5406 2873 5436; x_wconf 80' lang='grc' dir='ltr'><strong>³ο</strong></span> <span class='ocrx_word' id='word_1_887' title='bbox 2898 5405 3093 5459; x_wconf 84' lang='lat' dir='ltr'><strong>Genes.</strong></span> <span class='ocrx_word' id='word_1_888' title='bbox 3134 5419 3242 5469; x_wconf 66' lang='lat' dir='ltr'><strong>Xix,</strong></span> <span class='ocrx_word' id='word_1_889' title='bbox 3278 5404 3360 5456; x_wconf 80' lang='lat'><strong>15.</strong></span> <span class='ocrx_word' id='word_1_890' title='bbox 3439 5402 3482 5433; x_wconf 86' lang='grc'><strong>³¹</strong></span> <span class='ocrx_word' id='word_1_891' title='bbox 3514 5401 3714 5456; x_wconf 51' lang='lat' dir='ltr'><strong>Generis</strong></span> 
     </span>
    </p>
   </div>
   <div class='ocr_carea' id='block_1_119' title="bbox 2219 5562 3715 5638">
    <p class='ocr_par' dir='ltr' id='par_1_119' title="bbox 2219 5562 3715 5638">
     <span class='ocr_line' id='line_1_120' title="bbox 2219 5562 3715 5638; baseline 0 -18"><span class='ocrx_word' id='word_1_892' title='bbox 2219 5565 2329 5638; x_wconf 69' lang='grc'><strong>(12)</strong></span> <span class='ocrx_word' id='word_1_893' title='bbox 2366 5566 2565 5623; x_wconf 89' lang='lat' dir='ltr'><strong>Omnes</strong></span> <span class='ocrx_word' id='word_1_894' title='bbox 2612 5582 2740 5624; x_wconf 92' lang='lat' dir='ltr'><strong>mss.</strong></span> <span class='ocrx_word' id='word_1_895' title='bbox 2776 5585 2929 5638; x_wconf 83' lang='lat' dir='ltr'><strong>super</strong></span> <span class='ocrx_word' id='word_1_896' title='bbox 2976 5585 3092 5623; x_wconf 87' lang='lat' dir='ltr'><strong>eum</strong></span> <span class='ocrx_word' id='word_1_897' title='bbox 3153 5580 3369 5632; x_wconf 81' lang='lat' dir='ltr'><strong>astare;</strong></span> <span class='ocrx_word' id='word_1_898' title='bbox 3406 5565 3535 5622; x_wconf 90' lang='lat' dir='ltr'><strong>libb.</strong></span> <span class='ocrx_word' id='word_1_899' title='bbox 3582 5562 3715 5620; x_wconf 80' lang='lat' dir='ltr'><strong>editi</strong></span> 
     </span>
    </p>
   </div>
   <div class='ocr_carea' id='block_1_120' title="bbox 2146 5649 2517 5707">
    <p class='ocr_par' dir='ltr' id='par_1_120' title="bbox 2146 5649 2517 5707">
     <span class='ocr_line' id='line_1_121' title="bbox 2146 5649 2517 5707; baseline -0.005 -14"><span class='ocrx_word' id='word_1_900' title='bbox 2146 5654 2296 5707; x_wconf 72' lang='lat' dir='ltr'><strong>super</strong></span> <span class='ocrx_word' id='word_1_901' title='bbox 2318 5649 2517 5692; x_wconf 76' lang='lat' dir='ltr'><strong>(tslurt&#39;.</strong></span> 
     </span>
    </p>
   </div>
  </div>
