4122 6248
376 279 485 336 185

1578 273 1644 327 ιΝ
1683 272 1982 328 GENESIM
2022 271 2310 328 HOMIIJA
2345 271 2433 328 IV.

3540 278 3640 333 l88

380 409 728 466 conspersos.
755 395 893 450 Tres
927 393 1073 447 viros
1101 391 1362 460 suscepit,
1391 391 1562 446 tribus
1593 391 1864 445 mensuris
1885 391 1958 444 si-
1987 396 2032 450 Α
2062 391 2195 443 bebit
2241 391 2413 458 ﬁlium
2467 389 2606 443 Sara
2654 406 2788 442 uxor
2834 402 2945 445 tua.
2998 394 3252 447 Audiebat
3284 403 3456 447 autem
3500 395 3642 448 Sara

381 487 656 558 milaginis
697 502 865 557 panes
907 485 1234 555 conspersit.
1271 483 1464 536 Totum
1509 481 1650 549 quod
1685 483 1796 551 agit
1837 496 1957 549 my-

385 581 606 644 sticum,
635 588 799 633 totum
821 577 1181 632 sacramentis
1220 574 1482 642 repletum
1526 581 1628 626 est.
1656 573 1960 640 Apponitur

389 672 610 733 vitulus,
640 686 766 723 ecce
801 669 946 722 aliud
997 677 1420 722 sacramentum.
1470 664 1682 718 Vitulns
1713 664 1827 733 ipse
1854 679 1960 716 non

390 774 472 818 est
495 766 681 825 durus,
714 761 805 815 sed
837 765 1010 814 bonus
1037 770 1089 812 et
1117 771 1287 812 tener.
1308 758 1372 811 Et
1397 759 1524 826 quid
1553 766 1658 809 tam
1688 766 1958 820 tenerum,

391 855 515 923 quid
537 865 642 907 tam
674 854 893 914 bonum,
935 867 1098 920 quam
1133 859 1217 903 est
1257 849 1365 912 ille,
1396 853 1484 917 qui
1535 846 1848 901 humiliavit
1902 860 1962 900 se

388 961 486 1015 pro
521 945 676 998 nobis
707 960 878 1011 usque
916 943 980 994 ad
1031 949 1282 1004 mortem,
1312 947 1367 992 et
1393 939 1630 992 animant
1673 953 1826 992 suam
1859 952 1959 1006 po-

389 1037 494 1091 suit
541 1053 639 1106 pro
680 1037 871 1090 amicis
906 1034 1064 1088 suis?
1100 1033 1308 1085 Vitulus
1359 1031 1446 1085 ille
1487 1032 1962 1099 saginatus,quem

390 1142 490 1194 pro
525 1136 746 1195 recepto
767 1127 1066 1194 pmuitente
1092 1124 1202 1176 lilio
1244 1122 1455 1192 jugulat
1488 1131 1663 1190 paler.
1702 1121 1793 1176 Sic
1815 1121 1962 1173 enim

393 1218 531 1271 Deus
557 1218 738 1270 dilexit
767 1217 909 1269 hunc
939 1217 1216 1280 mundum,
1251 1223 1306 1266 ut
1335 1213 1534 1266 Filium
1567 1231 1721 1267 suum
1748 1214 1965 1265 unicum

389 1311 539 1363 daret
569 1325 666 1379 pro
701 1310 859 1376 huius
890 1310 1072 1361 mundi
1101 1307 1211 1359 vita
1251 1307 1316 1356 ³³.
1350 1303 1458 1358 Nec
1488 1317 1664 1357 tamen
1711 1305 1843 1356 latet
1874 1317 1963 1356 sa-

389 1404 626 1470 pientem
667 1418 802 1471 quos
835 1399 1162 1468 susceperit.
1193 1398 1394 1451 Tribus
1424 1397 1667 1450 occurrit
1703 1405 1757 1449 et.
1799 1409 1967 1447 unum

387 1496 601 1558 adorat,
635 1503 690 1547 et
722 1496 789 1548 ad
814 1507 980 1547 unum
1015 1492 1253 1558 loquitur
1295 1489 1486 1540 dicens
1512 1487 1554 1517 ³⁷
1584 1502 1599 1538 :
1632 1484 1855 1538 Declina
1901 1483 1969 1535 ad

386 1603 612 1654 puerum
669 1594 841 1647 tuum,
872 1591 919 1634 et
954 1582 1208 1648 refrigerii
1255 1588 1305 1632 te
1337 1578 1433 1631 sub
1467 1576 1672 1628 arbore.
1700 1576 1804 1628 Sed
1831 1589 1968 1640 quo-

390 1674 552 1727 modo
601 1672 751 1724 addit
803 1671 1026 1731 iterum,
1104 1668 1256 1735 quasi
1335 1666 1642 1721 hominibus
1703 1664 1970 1734 loquens?

388 1762 728 1836 Accipiatur,
785 1760 984 1828 inquit,
1016 1775 1174 1825 aqua,
1217 1768 1264 1810 et
1293 1757 1532 1810 laventur
1575 1755 1732 1823 pedes
1784 1757 1962 1808 vestri.
2000 1738 2042 1794 Β

393 1854 566 1906 Docet
594 1851 813 1920 quidem
851 1859 906 1902 te
937 1867 1029 1919 per
1052 1852 1162 1904 haec
1206 1849 1480 1904 Abraham
1523 1857 1677 1916 pater
1721 1848 1964 1916 gentium

390 1952 450 1997 et
483 1943 764 2012 magister,
797 1942 1064 2010 quomodo
1091 1940 1332 2009 hospites
1355 1939 1637 2007 suscipere
1668 1940 1888 2004 debeas,
1913 1947 1969 1993 et

396 2045 455 2088 ut
483 2035 632 2088 laves
667 2035 932 2102 hospitum
973 2035 1156 2102 pedes,
1193 2043 1372 2087 tatnen
1407 2041 1462 2086 et
1492 2033 1596 2088 hoc
1618 2035 1670 2086 in
1704 2034 1969 2104 mysterio

397 2126 620 2180 dicitur.
670 2124 892 2178 Sciebat
939 2123 1080 2177 enim
1139 2122 1420 2178 Dominiea
1467 2135 1816 2178 sacramenta
1863 2141 1968 2180 non

396 2217 500 2271 nisi
535 2219 587 2271 in
629 2216 877 2270 lavandis
913 2217 1142 2283 pedibus
1179 2217 1695 2271 eonsmnmanda".
1733 2218 1841 2272 Sed
1871 2234 1972 2272 nec

393 2309 540 2362 illius
559 2309 774 2378 quidem
808 2309 1062 2378 praecepti
1090 2325 1212 2363 eum
1243 2311 1452 2378 pondus
1493 2309 1713 2376 latebat,
1749 2326 1855 2380 quo
1892 2311 1971 2364 di-

391 2398 538 2451 citur
580 2413 610 2451 a
661 2397 945 2454 Salvatore
969 2401 1012 2432 ”
1051 2417 1066 2455 :
1109 2398 1173 2455 Si
1217 2403 1308 2468 qui
1359 2419 1462 2455 non
1519 2404 1803 2469 receperint
1849 2420 1966 2466 vos,

392 2488 551 2541 etiam
579 2487 841 2556 pulverem
870 2490 958 2556 qui
987 2491 1210 2544 adlursit
1253 2491 1472 2558 pedibus
1505 2494 1715 2558 vestris,
1743 2497 1972 2547 excutite

392 2579 448 2631 in
479 2580 836 2632 testimonium
869 2581 994 2634 illis.
1041 2581 1203 2634 Amen
1241 2583 1356 2635 dico
1382 2583 1518 2637 vobis
1555 2586 1681 2654 quia
1716 2585 1970 2639 tolerabi-

396 2672 498 2724 lius
525 2672 624 2724 erit
667 2683 825 2726 terra:
870 2671 1223 2726 Sodomorum
1253 2683 1298 2725 et
1345 2673 1806 2729 (ioatorrlurorum
1858 2675 1970 2747 (l3)

397 2765 452 2816 in
486 2764 571 2815 die
613 2763 806 2830 judicii
837 2780 994 2832 quant
1051 2764 1130 2817 illi
1157 2766 1374 2819 civitati.
1417 2767 1642 2822 Volebat
1682 2782 1812 2836 ergo
1836 2782 1971 2835 prte-

402 2858 608 2922 vcnire,
642 2868 694 2911 et
741 2857 926 2912 lavare
968 2858 1154 2926 pedes,
1189 2875 1254 2912 ne
1285 2860 1413 2927 quid
1443 2860 1582 2914 forte
1612 2860 1852 2929 pulveris
1889 2876 1973 2914 re—

404 2949 624 3011 sideret.
660 2950 802 3017 quod
834 2950 900 3003 ad
946 2952 1311 3004 testimonium
1341 2951 1728 3007 incredulitatis
1779 2968 1974 3008 excus-

2060 492 2207 535 stans
2235 493 2344 548 post
2390 482 2582 534 ostium
2615 481 2942 534 tabernaculi
2989 485 3068 536 sui
3095 496 3206 553 post
3234 486 3523 539 Abraham.
3548 486 3641 539 Di-

2062 585 2215 627 scant
2239 573 2498 626 mulieres
2521 573 2787 641 exemplis
2812 574 3267 640 patriarcharum.
3284 577 3515 641 discant,
3555 579 3639 631 in-

2062 681 2246 736 quam,
2291 665 2548 718 mulieres
2579 668 2731 734 sequi
2769 665 2914 716 viros
2946 680 3094 717 suos.
3127 663 3312 732 Neque
3355 671 3492 722 enim
3523 670 3644 722 sine

2061 774 2226 814 causa
2255 759 2520 827 scriptum
2548 769 2627 810 est
2656 759 2796 824 quod
2829 759 2964 810 Sara
3009 757 3190 810 stabat
3213 766 3334 824 post
3355 759 3643 822 Abraham,

2064 853 2158 907 sed
2190 861 2246 906 ut
2282 851 2689 911 ostenderetur,
2721 848 2847 915 quia
2892 848 2976 899 vir
3006 847 3051 900 si
3083 848 3346 916 prmeedit
3376 850 3440 901 ad
3469 849 3646 903 Domi-

2065 961 2215 1009 num,
2245 944 2394 1011 sequi
2439 941 2634 994 mulier
2669 941 2846 993 debet.
2883 937 3036 1002 Quod
3089 939 3212 991 dico
3248 940 3402 1007 sequi
3449 940 3648 994 debere

2066 1035 2369 1102 mulierem,
2407 1034 2458 1086 in
2501 1048 2564 1086 eo
2609 1033 2729 1085 dico
2757 1032 2801 1085 si
2847 1041 3027 1084 astare
3069 1029 3246 1082 virum
3279 1046 3437 1082 suum
3471 1031 3653 1085 videat

2065 1127 2199 1182 Deo.
2231 1127 2482 1194 Alioquin
2514 1125 2870 1178 ascendamus
2925 1123 2989 1175 ad
3043 1122 3293 1176 altiorem
3345 1121 3652 1191 intelligen-

2072 1220 2160 1274 tiae
2196 1219 2450 1286 gradum,
2478 1227 2531 1270 et
2563 1218 2806 1270 dicamus
2837 1213 3013 1266 virum
3041 1212 3093 1265 in
3144 1213 3300 1266 nobis
3329 1228 3452 1266 esse
3486 1216 3653 1267 ratio-

2072 1311 2309 1364 nabilem
2358 1324 2600 1369 sensum,
2647 1316 2702 1361 et
2737 1307 3040 1368 mulierem,
3085 1319 3204 1373 quin
3249 1304 3298 1357 ei
3349 1305 3501 1358 velut
3532 1306 3652 1358 viro

2073 1403 2274 1457 sociata
2319 1410 2426 1463 est,
2464 1415 2680 1454 carnem
2738 1408 3002 1452 nostram.
3043 1399 3314 1466 Sequuntur
3361 1412 3495 1468 ergo
3525 1413 3654 1450 caro

2073 1509 2288 1562 semper
2311 1492 2686 1546 ratio:zabilem
2721 1504 2960 1553 sensum,
3001 1504 3098 1543 nec
3127 1489 3179 1542 in
3221 1488 3273 1542 id
3301 1503 3539 1556 unquam
3565 1489 3654 1542 dc-

2071 1587 2222 1641 sidize
2254 1585 2525 1648 veniatur,
2566 1594 2624 1637 ut
2679 1583 2830 1636 carni
2865 1583 2917 1636 in
2948 1583 3160 1636 luxuria
3187 1591 3242 1635 et
3286 1581 3658 1650 voluptatibus

2069 1678 2322 1738 ﬂuitanti,
2364 1679 2416 1731 in
2450 1678 2712 1730 ditionem
2748 1677 3007 1730 redactus
3049 1674 3382 1742 obsequatur
3414 1675 3650 1728 rationa-

2066 1769 2192 1826 bilis
2221 1783 2436 1823 sensus.
2463 1767 2657 1821 Stabat
2703 1782 2834 1836 ergo
2879 1765 3010 1820 Sara
3058 1775 3181 1835 post
3225 1763 3650 1820 Abraltam.Sed

2066 1872 2124 1917 et
2153 1861 2442 1934 mysticum
2481 1860 2688 1927 aliquid
2719 1867 2927 1912 sentire
2964 1858 3014 1911 in
3050 1858 3152 1911 hoc
3174 1872 3464 1927 possumus
3503 1857 3650 1923 loco,

2070 1955 2116 2011 si
2155 1957 2440 2010 videamus
2477 1954 2751 2019 quomodo
2795 1951 2849 2003 in
2885 1951 3074 2004 Exodo
3131 1952 3476 2018 praecedebat
3512 1955 3653 2006 Deus

2073 2046 2128 2100 in
2161 2044 2414 2099 columna
2445 2043 2586 2110 ignis
2616 2055 2711 2108 per
2759 2051 3000 2102 noctem,
3027 2048 3080 2091 et
3115 2039 3171 2091 in
3201 2038 3454 2092 columna
3498 2041 3660 2094 nobis

2076 2155 2172 2209 per
2202 2140 2344 2192 diem
2371 2137 2418 2168 “
2452 2154 2468 2189 :
2509 2149 2562 2190 et
2598 2149 2872 2206 synagoga
2919 2134 3128 2186 Domini
3175 2135 3508 2202 sequebatur
3538 2143 3660 2199 post

2077 2231 2272 2298 ipsum.
2304 2229 2396 2283 Sic
2441 2243 2572 2297 ergo
2609 2227 2851 2296 intelligo
2887 2233 2939 2279 et
2972 2224 3164 2278 Suram
3227 2235 3469 2278 secutam
3513 2238 3658 2282 eSse.

2077 2323 2156 2375 vel
2192 2322 2408 2376 stetisse
2435 2331 2554 2390 post
2581 2321 2876 2373 Abraham.
2910 2317 3048 2383 Quid
3096 2325 3216 2386 post
3266 2317 3381 2370 haec
3407 2314 3607 2368 dicitur
3637 2312 3662 2366 ι

2080 2413 2146 2466 Et
2194 2425 2363 2475 erant,
2420 2414 2596 2480 inquit
2639 2412 2709 2476 ",
2763 2410 2916 2464 ambo
2970 2408 3282 2478 presbyteri,
3321 2407 3377 2460 id
3415 2416 3490 2459 est
3512 2421 3658 2458 senes

2074 2519 2120 2560 et
2149 2507 2378 2572 provecti
2405 2508 2456 2559 in
2499 2505 2680 2558 diebus
2717 2505 2848 2557 suis.
2883 2502 3154 2568 Quantum
3185 2500 3249 2553 ad
3291 2507 3504 2555 {etatem
3535 2511 3660 2553 eor-

2075 2599 2222 2666 poris
2263 2597 2694 2666 pertinet,umlti
2727 2604 2855 2649 ante
2888 2595 3036 2663 ipsos
3060 2591 3531 2646 nttmerosioribns
3558 2607 3656 2644 au-

2076 2687 2162 2738 nis
2200 2687 2466 2738 duxerant
2499 2686 2692 2744 vitam,
2725 2697 2884 2737 nemo
2923 2693 3104 2736 tamen
3151 2682 3438 2752 presbyter
3471 2682 3658 2748 appel-

2076 2776 2216 2829 latus
2243 2787 2348 2830 est.
2382 2775 2533 2830 Unde
2563 2775 2778 2828 videtur
2811 2789 3003 2829 nomen
3027 2775 3131 2828 hoc
3169 2773 3372 2826 sanctis
3405 2787 3512 2824 non
3543 2771 3666 2824 len-

2075 2867 2346 2935 gzevitatis
2373 2865 2607 2931 ratione,
2638 2864 2732 2919 sed
2779 2865 3113 2917 maturitatis
3143 2861 3363 2915 ascribi.

2145 2959 2200 3014 5.
2241 2959 2380 3024 Quid
2429 2973 2559 3027 ergo
2611 2966 2733 3027 post
2781 2964 2990 3010 tantum
3037 2969 3101 3008 ac
3163 2953 3267 3007 tale
3322 2951 3658 3014 convivium,

403 3052 520 3090 ⁸1³οὶ
545 3077 560 3101 .
584 3051 793 3134 “luisset
843 3041 895 3094 ίιι
955 3041 1043 3094 die
1084 3042 1270 3109 indic“
1323 3044 1612 3096 reservari-
1673 3043 1969 3114 Propterea
2001 3078 2042 3134 ρ
2076 3053 2218 3123 quod
2245 3051 2518 3105 Abraham
2553 3050 2777 3104 Domino
2809 3059 2861 3103 et
2899 3047 3103 3115 angelis
3133 3047 3231 3100 sub
3263 3045 3459 3099 arbore
3491 3045 3661 3099 visio-

401 3145 534 3199 ergo
563 3130 694 3184 dicit
716 3132 930 3200 sapiens
961 3132 1232 3188 Abraham
1268 3135 1346 3189 "°:
1379 3134 1686 3205 decipiatur
1730 3153 1869 3206 aqua
1923 3145 1972 3190 et

403 3219 642 3274 laventur
660 3223 810 3289 pedes
840 3226 1014 3277 vestri.

473 3312 528 3367 3.
559 3312 663 3367 Sed
696 3315 1100 3383 videamusjam
1133 3318 1278 3386 quod
1306 3319 1469 3372 etiam
1499 3319 1549 3374 in
1593 3321 1979 3391 consequenti-

405 3406 508 3460 bus
543 3407 757 3460 dicitur.
787 3407 907 3476 Ipse
938 3422 1134 3472 autent,
1164 3411 1406 3480 inquit“,
1455 3413 1721 3466 Abraham
1765 3414 1974 3467 astabat

403 3497 480 3548 eis
505 3495 601 3549 sub
627 3496 830 3549 arbore.
850 3497 929 3549 Ad
956 3498 1322 3562 huLuscemodi
1353 3503 1708 3563 narrationes,
1741 3505 1978 3557 circum-

404 3587 555 3640 cisas
581 3601 741 3640 aures
772 3587 1115 3654 requirinms.
1135 3587 1324 3657 Neque
1356 3591 1504 3644 enim
1541 3607 1803 3646 summam
1830 3593 1978 3647 solli-

406 3678 698 3730 citudinem
729 3677 953 3746 Spiritui
983 3679 1085 3748 72
1103 3691 1290 3734 saneto
1323 3682 1488 3736 fuisse
1513 3683 1841 3737 credendum
1871 3693 1977 3748 est,

408 3781 462 3824 ut
503 3772 767 3826 scriberet
821 3772 872 3824 in
927 3770 1080 3827 libris
1131 3773 1266 3841 legis
1325 3773 1414 3827 ubi
1464 3785 1636 3830 staret
1678 3776 1977 3829 Abraham.

405 3862 542 3928 Quid
565 3869 707 3916 enim
757 3879 843 3916 me
871 3864 1025 3932 juvat
1068 3866 1160 3934 qtti
1203 3867 1321 3919 veni
1360 3867 1547 3921 audire
1579 3868 1704 3935 quid
1743 3869 1979 3937 Spiritus

409 3964 629 4007 sanctus
683 3956 975 4008 lmtnanutn
1013 3956 1205 4010 doceat
1255 3973 1444 4026 genus,
1493 3959 1537 4011 si
1578 3960 1801 4013 audiero
1834 3960 1976 4028 quod

407 4044 676 4100 Abraham
727 4049 907 4102 stabat
964 4049 1065 4102 sub
1115 4049 1368 4103 arbore?
1407 4050 1502 4104 sed
1553 4050 1832 4105 videamus
1853 4067 1976 4120 qua:

412 4137 524 4192 htec
547 4139 618 4193 sit
643 4141 824 4205 arbor,
856 4140 958 4195 sub
986 4156 1087 4208 qua
1128 4143 1312 4195 stabat
1349 4143 1641 4207 Abraham,
1692 4155 1747 4197 et
1785 4145 1974 4198 eonvi-

413 4231 559 4283 vium
586 4230 817 4285 Domino
849 4243 1010 4301 atque
1044 4233 1262 4301 angelis
1283 4234 1594 4288 exhibebat.
1624 4234 1734 4289 Sub
1763 4237 1974 4302 arbore,

412 4319 667 4389 inquit“,
697 4321 949 4374 Mambre.
981 4322 1221 4378 Mambre
1273 4327 1324 4376 in
1376 4334 1556 4378 nostra
1589 4326 1767 4393 lingua
1804 4326 1974 4379 inter-

410 4421 654 4480 prelalttr
703 4415 831 4467 visio
859 4415 972 4468 sive
1016 4417 1353 4482 perspicaciu.
1398 4415 1555 4470 Vides
1594 4416 1686 4484 qui
1715 4425 1769 4470 et
1805 4418 1981 4485 qualis
2012 4408 2060 4465 Ι)

409 4516 493 4560 est
512 4504 681 4570 locus,
707 4507 759 4559 itt
785 4523 890 4575 quo
911 4505 1170 4560 Dominus
1198 4517 1373 4575 potest
1405 4509 1601 4561 habere
1626 4508 1931 4562 convivium
1955 4509 1982 4561 Υ

414 4596 706 4650 Detectavit
753 4611 876 4650 eum
924 4597 1060 4649 visio
1094 4609 1145 4650 et
1192 4599 1525 4666 perSpicacia
1558 4601 1809 4654 Abrahae.
1848 4601 1977 4655 Erat

409 4686 556 4740 enim
585 4687 814 4740 mtmdns
846 4689 1011 4742 corde
1053 4701 1108 4743 ut
1137 4701 1322 4759 posset
1359 4691 1542 4745 videre
1580 4692 1767 4745 Deum.
1795 4694 1852 4746 In
1884 4693 1976 4747 tali

411 4777 576 4831 corde
606 4788 772 4847 potest
803 4781 1060 4836 Dominus
1093 4797 1216 4836 cum
1245 4781 1451 4851 angelis
1477 4789 1586 4836 suis
1617 4783 1818 4837 habere
1843 4798 1978 4838 con-

410 4873 638 4925 vivium.
669 4872 910 4942 Denique
952 4887 1080 4928 ante
1125 4877 1404 4946 propheta:
1438 4876 1684 4930 videntes
1723 4876 1982 4931 diceban-

414 4973 520 5020 IUI'.

480 5056 535 5109 4.
575 5055 711 5122 Quid
743 5065 919 5111 autem
945 5059 1074 5114 dicit
1118 5059 1373 5114 Dominus
1419 5059 1484 5113 ad
1525 5060 1845 5114 Abraham?
1881 5057 1983 5113 Ubi

409 5160 508 5214 est,
559 5150 732 5218 inquit
758 5149 822 5215 ‘3,
870 5149 1004 5205 Sara
1043 5170 1176 5209 uxor
1216 5163 1308 5208 tua
1337 5154 1448 5207 ?At
1480 5153 1567 5206 ille
1607 5171 1619 5206 :
1667 5151 1832 5216 Ecce,
1867 5153 1969 5218 ait,

412 5241 464 5290 in
496 5242 854 5300 tabernaculo.
902 5245 1044 5297 Dixit
1074 5257 1245 5298 autem
1302 5245 1559 5298 Dominus
1586 5259 1602 5295 :
1651 5242 1866 5297 Veniens
1889 5260 1979 5297 ve-

412 5330 554 5384 ttiam
589 5332 644 5384 in
666 5341 892 5400 tempore
925 5335 992 5387 ad
1023 5345 1072 5388 te
1112 5337 1399 5389 secundum
1441 5348 1639 5404 tempus
1670 5339 1789 5398 hoc,
1815 5346 1861 5390 et
1885 5337 1981 5389 ha-

484 5441 838 5502 "Joan.v|tt.
879 5444 968 5511 l6.
1046 5445 1307 5500 "Genes.
1342 5447 1566 5511 xvttt,5,
1605 5446 1662 5498 4.

409 5509 453 5546 δ’
500 5513 629 5568 ibid.
706 5513 748 5544 "
787 5508 984 5571 (lenes.
1017 5529 1168 5574 xvrtt,
1199 5514 1248 5566 l.
1327 5515 1370 5546 ⁸³
1404 5508 1562 5580 ibid,
1589 5517 1747 5580 9,i0.

409 5580 457 5616 δ’
496 5582 728 5649 ibid.,9.
796 5584 842 5615 ³⁵⁸
877 5583 1014 5639 Mich
1078 5601 1113 5645 I,
1162 5583 1212 5636 5.

1743 5445 1961 5499 “Joan.
1983 5462 2096 5500 χιιι.

1825 5519 1869 5548 δι
1895 5516 2064 5571 Exod.
2089 5530 2203 5581 xm,
2222 5514 2310 5566 2t.

2079 3149 2163 3203 nis
2185 3147 2481 3202 exhibuit?
2513 3145 2946 3199 Proliciscuntur
2997 3140 3254 3207 hospites.
3277 3139 3540 3192 Abraham
3563 3155 3663 3190 au-

2078 3255 2177 3294 tem
2206 3239 2518 3300 deducebat,
2546 3236 2803 3305 inquit“,
2832 3251 2939 3297 eos,
2966 3231 3266 3285 ambulabat
3285 3247 3401 3282 cum
3422 3232 3520 3282 eis.
3554 3227 3661 3280 Dc-

2077 3333 2258 3387 minus
2299 3339 2472 3382 autem
2516 3328 2700 3380 dixit:
2748 3324 2870 3377 Non
2915 3323 3091 3375 celabo
3131 3322 3393 3374 Abraham
3439 3335 3667 3387 puerum

2080 3437 2251 3476 meum
2281 3419 2406 3489 quid
2437 3433 2528 3487 ego
2559 3418 2774 3486 faciam.
2811 3413 3077 3466 Abraham
3131 3421 3307 3464 autem
3336 3411 3426 3478 [iet
3458 3413 3508 3463 in
3539 3425 3665 3479 gen-

2081 3520 2183 3564 tem
2209 3524 2452 3578 niagnam
2477 3515 2527 3560 et
2555 3507 2801 3568 multam,
2831 3515 2876 3557 et
2913 3503 3282 3556 benedicentur
3324 3503 3375 3553 in
3405 3502 3519 3569 ipso
3544 3517 3660 3553 om-

2083 3617 2172 3654 nes
2198 3609 2372 3670 gentes
2391 3609 2563 3652 terrae.
2589 3597 2714 3651 Scio
2747 3596 2884 3649 enim
2910 3595 3034 3663 quia
3067 3593 3332 3661 prrecipiet
3366 3591 3493 3656 ﬁliis
3527 3593 3659 3654 suis,

2083 3703 2130 3747 et
2158 3691 2436 3744 servabunt
2477 3690 2586 3741 vias
2618 3687 2848 3746 Domini,
2878 3694 2933 3736 ut
2959 3685 3159 3750 faciant
3195 3682 3466 3749 justitiam
3488 3691 3534 3732 et
3566 3681 3661 3746 ju-

2085 3784 2302 3844 dicium,
2323 3791 2374 3833 ut
2406 3778 2614 3846 impleat
2645 3777 2900 3830 Dominus
2937 3775 3297 3840 Abrahaaqua:
3321 3771 3567 3825 indicavit
3592 3772 3659 3825 ei.

2085 3876 2154 3929 Et
2185 3874 2321 3927 dixit
2345 3889 2365 3926 .·
2398 3870 2612 3924 Clamor
2636 3869 2988 3924 Sodomorum
3015 3876 3061 3919 et
3091 3863 3552 3919 Gontorrlucorum
3580 3877 3660 3913 re-

2081 3966 2250 4036 pletus
2287 3972 2384 4028 est,
2415 3974 2461 4017 et
2489 3972 2700 4031 peccata
2745 3974 2921 4012 eorum
2952 3973 3144 4025 magna
3199 3955 3368 4009 valde.
3405 3953 3663 4006 Descendi

2083 4075 2208 4127 crgo
2235 4065 2291 4109 ut
2316 4057 2542 4109 viderem
2565 4055 2612 4106 si
2644 4049 2931 4104 secundum
2957 4048 3238 4100 clamorem
3264 4063 3442 4100 eorum
3466 4047 3555 4116 qui
3588 4061 3665 4097 ve-

2085 4152 2158 4204 nit
2195 4150 2264 4201 ad
2288 4165 2388 4214 me,
2413 4151 2863 4199 consummentur.
2889 4139 2986 4194 Sin
3023 4150 3285 4204 autem,ut
3324 4139 3507 4193 sciant.
3537 4135 3662 4188 llaec

2087 4241 2386 4307 Scriptura:
2410 4237 2606 4288 divina!
2635 4241 2762 4286 sunt
2802 4231 2982 4285 verba.
3032 4230 3324 4284 Videamus
3359 4243 3489 4295 ergo
3519 4241 3662 4279 nunc

2087 4333 2215 4402 qttid
2277 4329 2498 4396 intelligi
2551 4327 2601 4379 in
2639 4326 2722 4378 bis
2763 4324 2982 4392 dignum
3029 4321 3121 4376 sit.
3160 4318 3435 4379 Descena’i,
3463 4318 3662 4385 inquit,

2087 4434 2141 4476 ut
2167 4423 2390 4475 videam.
2420 4417 2643 4485 Quando
2697 4416 2761 4468 ad
2792 4415 3066 4467 Abraham
3115 4426 3373 4480 reSponsa
3402 4409 3662 4462 deferun-

2089 4523 2197 4578 tur,
2229 4527 2334 4564 non
2369 4509 2570 4562 dicitur
2617 4509 2755 4560 Deus
2787 4507 3140 4565 descendere,
3169 4503 3261 4556 sed
3299 4518 3459 4571 supra
3486 4501 3660 4571 ipsum

2087 4615 2287 4667 astare,
2315 4601 2453 4656 sicut
2476 4615 2635 4668 supra
2662 4600 3027 4666 exposuimus.
3059 4595 3370 4655 Astiterunt,
3397 4594 3569 4660 inquit
3593 4591 3658 4653 ⁸⁷,

2088 4705 2191 4746 tres
2239 4692 2340 4746 viri
2366 4706 2522 4759 super
2558 4705 2696 4743 eunt.
2727 4687 2881 4740 Nunc
2931 4694 3109 4737 autem
3153 4687 3277 4752 quia
3314 4692 3658 4751 peccatorum

2087 4799 2248 4839 causa
2286 4784 2499 4850 agitur,
2549 4782 2876 4836 descendere
2930 4783 3130 4836 dicitur
3195 4779 3353 4830 Deus.
3401 4772 3536 4826 Vide
3594 4787 3660 4824 ne

2088 4877 2461 4934 ascensionem
2491 4884 2546 4928 et
2576 4875 2985 4928 descensionem
3025 4869 3248 4925 localem
3276 4867 3498 4920 sentias.
3526 4863 3659 4917 Fre-

2089 4976 2318 5035 quenter
2343 4965 2485 5018 enim
2513 4964 2626 5018 boc-
2661 4964 2713 5016 in
2745 4961 2944 5016 divinis
2979 4959 3173 5013 litteris
3203 4957 3494 5015 invenitur,
3521 4954 3660 5007 sicut

2093 5058 2146 5112 ln
2181 5056 2398 5110 Michaza
2427 5055 2686 5124 propheta
2717 5070 2730 5105 :
2768 5051 2920 5114 Ecce,
2951 5049 3121 5116 inquit
3149 5047 3215 5113 ",
3252 5046 3505 5098 Dominus
3526 5045 3662 5096 exict

2089 5151 2153 5203 de
2177 5149 2291 5202 loco
2315 5156 2496 5202 sancto
2521 5165 2639 5211 suo,
2672 5157 2718 5208 et
2743 5146 3040 5203 descendet,
3076 5150 3123 5193 ct
3159 5140 3364 5192 incedet
3391 5155 3544 5206 super
3564 5154 3660 5190 ex-

2092 5242 2228 5296 celsa
2276 5252 2445 5296 ten-te.
2483 5237 2822 5292 Descendere
2859 5248 2990 5302 ergo
3023 5231 3221 5285 dicitur
3247 5231 3413 5296 Deus,
3444 5232 3662 5299 quando

2091 5349 2277 5388 curam
2330 5333 2581 5385 humanae
2624 5325 2936 5394 h'agilitatis
2965 5325 3166 5379 habere
3206 5325 3476 5394 dignatur.
3507 5320 3660 5388 Quod

2170 5444 2212 5475 ³⁹
2231 5443 2393 5496 Mare.
2427 5456 2501 5503 rt,
2525 5441 2616 5501 ll;
2655 5437 2843 5493 Matth.
2871 5455 2926 5500 Χ,
2956 5437 3040 5493 l5.

2389 5511 2649 5566 “Cenes.
2693 5525 2844 5576 svnt,
2871 5511 2949 5562 ll.

3123 5437 3166 5470 ’⁵ο
3201 5437 3395 5492 Genes.
3425 5451 3578 5502 svnt,
3602 5439 3656 5490 9.

3065 5509 3108 5539 “
3135 5511 3287 5573 ibid,
3335 5509 3394 5560 lli
3421 5516 3470 5560 cl
3505 5523 3662 5580 seqq;

485 5675 596 5748 (15)
630 5674 693 5731 Et
729 5675 1212 5732 GOttttift‘lta’Ot'ttttt.
1237 5674 1358 5731 “i012-
1390 5676 1441 5731 iu
1465 5687 1616 5731 antea
1651 5678 1810 5734 editis
1838 5678 2039 5734 omissa
2073 5677 2391 5746 supplentur
2421 5689 2451 5730 e
2473 5675 2655 5732 codice
2703 5689 2803 5729 ms.
2843 5673 3329 5744 Sangermauensi.
