4122 6248
528 291 628 342 187

1963 274 2282 332 οιιιδΕΝῐε

3665 265 3760 319 IRS

527 403 819 474 specialius
855 405 922 458 de
977 402 1203 457 Domino
1236 414 1296 452 ac
1333 397 1617 453 Salvatore
1650 407 1835 452 nostro
1865 396 2098 449 sentien-
2127 401 2171 453 Α
2200 393 2365 445 cedite
2395 409 2423 443 ιι
2444 408 2543 453 me,
2581 404 2754 441 omnes
2784 386 3011 453 operarii
3034 383 3324 452 iniquitatis
3351 381 3483 451 (16).
3518 399 3617 434 non
3646 387 3761 438 novi

528 498 655 549 dum
684 505 767 549 est
810 494 877 555 ",
913 494 1000 563 qui
1034 509 1133 543 non
1164 492 1400 553 rapinam
1440 490 1727 541 arbitratus
1772 499 1844 541 est
1893 504 2000 541 esse
2044 504 2099 540 se

528 586 778 652 aequalem
820 584 950 647 Deo,
998 584 1087 635 sed
1130 584 1465 647 semetipsum
1504 581 1793 633 exinanivit
1824 619 1837 641 ,
1871 579 2095 647 [armant

527 682 660 733 cervi
680 676 954 741 accipiens,
981 674 1033 726 in
1058 673 1455 727 similitudinem
1475 673 1741 725 hominum
1767 670 1936 739 factus
1962 668 2096 739 (14).

536 768 823 822 Descendit
844 782 997 833 ergo.
1028 761 1210 834 Neque
1232 765 1367 816 enim
1400 762 1539 815 alius
1578 762 1809 814 ascendit
1830 763 1881 813 in
1914 760 2097 813 calum

532 860 637 912 nisi
664 858 754 925 qui
790 857 1057 910 descendit
1090 856 1153 907 de
1183 856 1328 918 cato,
1348 852 1521 908 Filius
1544 854 1772 906 hominis
1800 854 1889 922 qui
1917 862 1995 907 est
2042 854 2097 906 in

525 948 729 1003 εωιοιο.
762 947 1051 1001 Descendit
1082 961 1211 1016 ergo
1248 946 1509 999 Dominus
1546 960 1649 998 non
1677 944 1847 998 solum
1882 958 2096 1011 curare,

524 1040 619 1092 sed
654 1048 709 1093 et
757 1049 976 1109 portare
1018 1054 1138 1108 qua:
1175 1049 1358 1092 nostra
1403 1046 1550 1093 sunt.
1574 1037 1826 1091 Formam
1863 1051 2098 1105 namque

525 1131 668 1184 servi
696 1131 924 1199 accepit,
961 1140 1013 1184 et
1041 1146 1160 1184 cum
1196 1130 1307 1198 ipse
1339 1130 1624 1184 invisibilis
1650 1130 1722 1183 sit
1747 1138 1976 1190 naturae,
2006 1137 2097 1182 ut-

525 1230 655 1288 pote
680 1222 902 1290 aequalis
930 1221 1094 1285 Patri,
1132 1221 1372 1274 habitent
1414 1230 1591 1274 tamen
1624 1221 1889 1275 visibilem
1914 1235 2099 1275 susce-

529 1310 629 1379 pit,
665 1322 718 1365 et
781 1324 1037 1381 repertus
1086 1324 1167 1368 est
1217 1314 1402 1368 habitu
1451 1322 1509 1365 ut
1548 1313 1729 1367 homo.
1760 1312 1944 1366 Sedet
1974 1326 2095 1364 cum

527 1403 824 1468 descendit,
874 1404 1001 1458 aliis
1038 1409 1291 1458 deorsum
1329 1413 1435 1467 cst,
1466 1403 1589 1457 aliis
1634 1418 1766 1456 vero
1821 1402 2093 1468 ascendit,

524 1504 583 1547 et
611 1509 830 1551 Sursum
864 1506 971 1550 est.
1001 1495 1134 1549 Nam
1168 1504 1226 1550 et
1264 1495 1453 1549 electis
1479 1494 1735 1562 apostolis
1771 1495 2015 1550 ascendit
2043 1497 2095 1549 in

524 1593 759 1638 montem
809 1586 1107 1650 excelsum,
1130 1596 1185 1642 et
1228 1586 1298 1640 ibi
1350 1586 1770 1640 transformatus
1792 1595 1875 1640 est
1912 1601 2095 1640 coram

530 1676 662 1742 ipsis
687 1677 755 1735 ’“.
790 1677 898 1733 Illis
927 1692 1077 1747 ergo,
1115 1694 1253 1747 quos
1305 1680 1371 1733 de
1426 1682 1700 1748 mysteriis
1727 1679 1875 1748 regni
1930 1680 2096 1733 creto-

533 1781 646 1820 rum
674 1767 851 1827 docet.
887 1783 1100 1823 sursum
1126 1783 1208 1824 est
1237 1787 1253 1835 ;
1296 1772 1472 1825 turbis
1498 1780 1675 1825 autem
1704 1781 1758 1825 et
1789 1770 2095 1834 Pbarisaais,

522 1855 722 1922 quibus
758 1858 1051 1924 exprobrat
1087 1870 1330 1926 peccata,
1363 1860 1614 1914 deorsum
1662 1868 1765 1921 est,
1796 1868 1850 1912 et
1899 1860 1971 1913 ibi
2015 1868 2100 1914 est

523 1959 648 1998 cum
702 1945 854 2011 ipsis,
928 1947 1019 2003 ubi
1080 1950 1261 2004 lenum
1317 1959 1420 2004 est.
1472 1951 1869 2005 Transiormari
1916 1961 2097 2005 autem

526 2035 777 2088 deorsum
807 2050 910 2088 non
946 2047 1181 2105 poterat,
1214 2040 1307 2093 sed
1335 2056 1550 2095 sursum
1589 2040 1833 2095 ascendit
1861 2056 1983 2094 cum
2030 2041 2100 2095 iis

520 2120 615 2191 qui
646 2124 797 2191 sequi
823 2140 880 2178 se
904 2135 1175 2193 poterant,
1213 2140 1265 2182 ct
1294 2131 1363 2184 ibi
1408 2129 1842 2188 transformatur.

600 2211 654 2267 6.
687 2214 940 2269 Descendi
966 2234 1108 2285 ergo,
1141 2218 1316 2287 inquit
1337 2220 1406 2283 ⁵²,
1428 2230 1483 2273 ιιι
1510 2222 1711 2275 rideam
1742 2222 1785 2274 si
1813 2224 2097 2276 secundum

521 2302 802 2358 clamorem
837 2322 1036 2366 eorum,
1056 2309 1142 2377 qui
1166 2311 1300 2362 venit
1335 2311 1403 2362 ad
1426 2311 2098 2371 me,consummentur.Sin

530 2404 727 2457 antem,
751 2406 804 2446 ut
844 2398 1026 2450 sciam.
1057 2399 1130 2451 Ex
1169 2400 1269 2455 isto
1310 2414 1560 2454 sermone
1582 2401 1695 2471 (15)
1720 2402 1959 2458 haeretici
1992 2405 2097 2458 im-

530 2499 773 2555 pugnare
795 2488 967 2541 solent
1002 2489 1164 2543 Deutu
1200 2506 1380 2545 meum
1410 2491 1683 2548 dicentes:
1718 2492 1857 2547 Ecoe
1887 2495 2098 2549 nescie-

530 2576 620 2627 bat
666 2575 806 2631 Dens
854 2577 988 2649 legis
1018 2582 1147 2650 quid
1176 2596 1432 2651 ageretur
1472 2586 1525 2639 in
1561 2585 1833 2649 Sodomis,
1869 2589 1971 2643 nisi
2001 2590 2096 2643 tle-

523 2667 830 2721 scendisset
859 2678 915 2722 ut
949 2671 1174 2738 videret,
1196 2683 1249 2727 et
1275 2676 1507 2729 misisset
1539 2676 1631 2744 qui
1656 2678 1948 2733 discerent.
1991 2680 2095 2735 Sed

529 2772 645 2822 nos,
665 2758 863 2827 quibus
887 2762 1196 2832 prmcipitnr
1214 2766 1446 2835 praeliari
1476 2767 1658 2833 praelia
1682 2767 1917 2833 Domini,
1935 2786 2100 2825 acua-

528 2862 647 2901 tuus
672 2850 930 2905 adversus
955 2867 1047 2907 cos
1098 2856 1433 2927 romplneam
1479 2859 1628 2914 verbi
1662 2860 1749 2914 Dei
1770 2869 1827 2914 ct
1845 2876 2099 2917 occurra-

529 2956 646 2995 mus
667 2942 748 2997 eis
774 2942 838 2996 ad
870 2958 1124 3013 pugnam.
1153 2945 1373 3000 Stemus
1396 2949 1447 3001 iu
1470 2948 1586 3003 acie
1603 2950 1864 3006 succincti
1887 2952 2098 3008 lumbos

2200 501 2313 538 vos.
2339 485 2401 537 Et
2427 484 2620 535 iterum
2657 480 2853 533 Paulus
2882 479 3011 531 dicit
3039 478 3083 507 ⁸⁵
3119 491 3133 527 :
3169 476 3226 526 Si
3252 476 3370 544 quis
3406 476 3457 526 in
3496 476 3635 527 vobis
3680 484 3761 528 est

2199 575 2451 643 propheta
2509 573 2584 625 vel
2639 570 2919 638 spiritalis,
2972 580 3217 638 agnoscat
3259 584 3375 637 qua:
3407 567 3599 629 scribo,
3638 569 3765 634 quia

2205 665 2411 717 Domini
2438 672 2582 717 sunt.
2616 663 2720 728 Qui
2766 672 2940 715 autem
2994 662 3218 728 ignorat,
3269 660 3599 728 ignorabitur
3629 660 3763 730 (l7).

2202 752 2526 807 llmcautem
2560 754 2932 809 dicimus,non
2970 749 3338 817 blaspbetnum
3369 749 3595 816 aliquid,
3626 751 3765 803 sicut

2201 858 2299 896 vos
2331 842 2533 906 facitis,
2569 843 2633 895 de
2666 839 2775 893 Deo
2812 838 3134 902 sentientes,
3185 852 3359 904 neque
3408 837 3762 904 ignorantiam

2201 933 2537 987 ascribentes
2559 931 2630 992 ei,
2664 933 2757 985 sed
2789 932 2859 983 ita
2891 928 3264 995 intelligimus,
3288 929 3430 996 quod
3462 928 3763 997 biquorum

2200 1035 2355 1077 actus
2390 1022 2502 1077 Deo
2529 1033 2612 1075 est
2637 1019 2910 1088 indignus,
2959 1019 3159 1088 indigni
3222 1020 3387 1072 etiam
3418 1020 3608 1074 notitia
3635 1019 3760 1072 τι)ρὶ

2200 1114 2473 1168 dicantur.
2512 1111 2629 1165 Non
2661 1113 2804 1167 enim
2832 1112 3086 1180 dignatur
3123 1111 3264 1164 Deus
3295 1124 3454 1165 nosse
3499 1126 3622 1165 eum
3666 1112 3758 1178 qui

2199 1220 2426 1260 aversus
2458 1214 2547 1259 est
2599 1204 2667 1258 ab
2708 1217 2807 1269 eo,
2842 1212 2896 1256 et
2926 1204 3137 1271 ignorat
3174 1217 3320 1256 eum.
3369 1201 3435 1255 Et
3479 1202 3599 1257 ideo
3630 1204 3763 1259 dicit

2202 1295 2495 1364 Apostolus
2530 1295 2790 1363 quoniam
2838 1295 2927 1363 qui
2959 1296 3186 1363 ignorat,
3242 1295 3595 1363 ignorabitur.
3644 1293 3762 1349 Tali

2200 1401 2334 1454 ergo
2358 1386 2557 1455 specie,
2590 1396 2646 1440 et
2676 1401 2816 1440 nunc
2846 1387 2910 1439 de
2936 1385 3021 1440 bis
3047 1386 3138 1453 qui
3158 1386 3401 1440 habitant
3431 1386 3483 1439 in
3512 1386 3766 1440 Sodomis

2198 1478 2437 1541 dicitur,
2496 1488 2590 1540 ut,
2646 1477 2917 1544 siquidem
2976 1478 3271 1531 secundum
3328 1477 3620 1531 clamorem
3673 1480 3765 1546 qui

2200 1569 2444 1624 ascendit
2472 1569 2539 1621 ad
2582 1566 2890 1630 Dominum,
2945 1578 3100 1621 actus
3145 1582 3333 1621 eorum
3379 1582 3762 1621 consummen-

2203 1669 2292 1712 tur
2319 1658 2453 1731 (18).
2494 1659 2712 1713 notione
2755 1657 2870 1726 eius
2910 1656 3219 1725 iudicentur
3261 1658 3499 1726 indigni;
3544 1659 3587 1712 si
3635 1675 3766 1712 vero

2201 1759 2284 1805 est
2320 1751 2428 1804 itlis
2471 1750 2650 1819 aliqua
2678 1750 2991 1811 conversio,
3024 1748 3070 1801 si
3104 1747 3189 1801 vel
3224 1750 3411 1803 decem
3451 1750 3503 1803 in
3534 1750 3637 1803 illis
3676 1752 3756 1804 in-

2199 1841 2345 1897 venti
2391 1841 2593 1895 iuerint
2633 1841 2807 1911 justi,
2844 1841 2919 1894 ita
2958 1840 3176 1893 demum
3223 1842 3433 1894 noverit
3474 1857 3567 1896 eos
3601 1842 3757 1897 Deus.

2200 1931 2266 1985 Et
2296 1932 2418 1986 ideo
2447 1931 2583 1984 dixit
2622 1947 2637 1983 :
2670 1930 2769 1986 Sin
2800 1938 2999 1992 autem,
3046 1938 3102 1983 ut
3132 1930 3319 1984 sciam.
3354 1929 3470 1984 Non
3511 1932 3669 1999 dixit,
3704 1945 3760 1987 ut

2199 2021 2369 2077 sciam
2390 2022 2518 2091 quid
2550 2030 2736 2089 agunt,
2756 2021 2849 2074 sed
2869 2030 2930 2073 ut
2950 2021 3093 2088 ipsos
3109 2022 3304 2087 sciam,
3320 2032 3374 2075 et
3391 2023 3614 2078 scientia
3642 2042 3760 2079 mea

2199 2113 2386 2182 dignos
2407 2113 2619 2176 iaciam,
2641 2112 2685 2167 si
2704 2114 2903 2181 quosin
2921 2112 3050 2180 ipsis
3074 2113 3340 2169 inveniam
3354 2115 3606 2183 justos,si
3625 2135 3763 2188 quos

2199 2204 2473 2259 inveniam
2520 2205 2868 2274 paenitentes,
2912 2206 2955 2260 si
3005 2222 3143 2275 quos
3190 2207 3323 2262 tales
3364 2225 3500 2274 quos
3536 2210 3759 2264 debeam

2197 2298 2362 2355 scire.
2425 2297 2671 2366 Denique
2699 2300 2824 2367 quia
2861 2298 3041 2353 nullus
3095 2299 3183 2366 qui
3241 2300 3546 2367 putuiteret,
3582 2302 3763 2356 utullus

2197 2388 2289 2455 qui
2322 2395 2736 2441 converteretur
2772 2387 2911 2441 alius
2951 2388 3207 2442 inventus
3247 2398 3359 2451 est,
3392 2400 3584 2456 praeter
3636 2391 3756 2453 Lor,

2199 2478 2313 2545 ipse
2358 2476 2505 2532 solus
2534 2479 2850 2547 agnoscitur
2885 2475 3023 2548 (19),
3065 2479 3178 2547 ipse
3223 2478 3367 2535 solus
3410 2481 3477 2534 de
3511 2481 3764 2536 incendio

2198 2569 2479 2625 liberatur.
2513 2571 2621 2625 Nec
2642 2575 2828 2641 generi
2853 2580 3156 2640 sequuntur
3183 2572 3463 2640 admoniti,
3496 2590 3595 2629 nec
3623 2576 3759 2631 vici-

2198 2662 2275 2727 ni,
2319 2676 2416 2717 nec
2448 2663 2703 2732 proximi,
2729 2662 2907 2717 nullus
2952 2677 3290 2732 cognoscere
3322 2665 3489 2720 voluit
3520 2666 3763 2723 cientes-

2199 2755 2324 2808 tiam
2372 2754 2487 2818 Dei,
2523 2754 2703 2809 nullus
2742 2755 2808 2808 ad
2842 2755 3420 2825 misericordiamejus
3447 2758 3761 2830 confugere.

2197 2845 2401 2900 Idcirco
2437 2857 2492 2900 et
2526 2846 2707 2902 nullus
2736 2848 3070 2916 agnoscitur.
3101 2848 3224 2903 llaec
3256 2851 3482 2919 quidem
3505 2850 3764 2909 adversus

2196 2954 2311 3002 eos,
2370 2938 2459 3006 qui
2526 2940 2870 3007 iniquitatem
2927 2938 2980 2992 in
3044 2939 3329 2995 Excelsum
3376 2942 3667 3011 loquuntur
3692 2945 3759 2999 ⁸⁸.

529 3030 582 3083 in
622 3032 1044 3097 veritate,simul
1072 3043 1126 3088 et
1150 3049 1360 3092 scutum
1396 3038 1519 3093 tidei
1548 3042 1919 3109 prteferentes,
1948 3046 2094 3100 exci-

2199 3028 2305 3083 Nos
2341 3044 2472 3084 vero
2507 3044 2733 3097 operam
2773 3031 2963 3084 demus
2998 3030 3133 3084 tales
3160 3031 3297 3086 cllici
3330 3045 3482 3088 actus
3512 3046 3723 3090 nostros
3745 3077 3761 3099 ,

526 3122 737 3188 piantus
757 3138 941 3177 eorum
976 3136 1240 3181 venenata
1264 3129 1691 3199 disputationum
1717 3135 1929 3203 jaeula,
1954 3147 2009 3192 et
2037 3136 2089 3193 iu

528 3212 670 3277 ipsos
705 3228 768 3267 ea
818 3232 1029 3271 rursum
1091 3219 1284 3275 librata
1337 3224 1652 3294 diligentius
1705 3237 2088 3298 torqueantus.

528 3303 634 3373 73
667 3305 814 3359 Talia
848 3323 1078 3379 [mitique
1134 3321 1258 3365 sunt
1293 3315 1477 3382 praelia
1514 3316 1746 3383 Domini,
1782 3336 1907 3389 quae
1945 3337 2090 3390 prae-

530 3394 689 3449 liatus
720 3407 802 3452 est
844 3397 1033 3463 David,
1065 3412 1119 3454 et
1148 3405 1331 3457 caueri
1357 3407 1699 3473 patriarchae.
1761 3410 1979 3468 Stemus
2005 3415 2093 3468 ad-

528 3498 717 3540 versus
741 3503 836 3543 eos
867 3505 965 3557 pro
1019 3491 1283 3548 fratribus
1337 3496 1559 3552 nostris.
1588 3498 1779 3555 Melius
1818 3513 1903 3555 est
1944 3504 2088 3559 enim

532 3576 665 3629 mori
696 3593 801 3644 me,
837 3596 999 3647 quam
1027 3592 1084 3635 ut
1119 3584 1331 3652 rapiant
1358 3596 1413 3641 et
1453 3590 1761 3656 przcdentur
1790 3592 1998 3661 aliquos
2024 3611 2090 3651 ex

532 3666 790 3721 fratribus
824 3672 980 3733 meis,
1014 3683 1067 3726 et
1097 3677 1301 3741 argutis
1336 3682 1618 3733 verborum
1660 3685 2094 3751 surreptionibus

530 3758 771 3824 captivos
794 3760 994 3816 durant
1023 3767 1277 3833 parvulos
1293 3777 1345 3822 et
1361 3769 1624 3828 lactentes
1638 3778 1689 3828 in
1707 3773 1943 3830 Christo.
1960 3776 2091 3831 Cum

531 3846 786 3913 perfectis
812 3860 991 3905 autem
1022 3870 1120 3907 nec
1144 3856 1393 3911 conferre
1423 3873 1677 3927 poterunt
1714 3881 1951 3931 manum,
1996 3884 2095 3922 nec

532 3938 719 3994 venire
755 3941 805 3992 in
835 3951 1108 3996 certamen
1151 3947 1444 4002 audebunt.
1499 3950 1609 4005 Nos
1646 3968 1778 4022 ergo
1807 3957 1954 4024 prius
1992 3958 2096 4013 Do—

530 4029 1114 4099 minumdeprecautcs
1149 4044 1204 4087 et
1255 4038 1452 4091 vestris
1503 4043 1849 4098 orationibus
1884 4044 2092 4113 adiuti,

529 4123 913 4195 aggrediamur
958 4138 1147 4181 contra
1203 4143 1296 4184 eos
1350 4132 1594 4201 praelium
1637 4136 1813 4189 verbi.
1854 4138 2094 4197 Dicimus

528 4226 664 4283 ergo
687 4231 811 4269 cum
840 4218 1219 4288 tiducia,quod
1285 4226 1584 4280 secundum
1612 4226 1946 4297 Scripturas,
1987 4249 2090 4287 non

526 4318 714 4361 omnes
734 4308 874 4363 Sciat
908 4308 1067 4364 Deus.
1109 4312 1398 4368 Peccatum
1431 4319 1603 4373 nescit
1631 4319 1789 4386 Deus,
1814 4332 1870 4375 et
1897 4338 2092 4392 pecca-

2204 3122 2360 3176 talem
2394 3122 2869 3176 conversationem
2901 3131 3165 3187 nostram,
3203 3133 3259 3177 ut
3287 3125 3431 3195 digni
3469 3126 3766 3181 habeantur

2200 3214 2395 3268 notitia
2436 3214 2551 3279 Dei,
2589 3222 2645 3265 ut
2675 3229 2774 3267 nos
2804 3213 2946 3268 scire
2978 3212 3263 3283 dignetur,
3296 3226 3351 3270 ut
3384 3218 3529 3286 digni
3562 3219 3762 3273 habea-

2200 3322 2320 3360 mnr
2352 3307 2540 3361 notitia
2564 3305 2686 3360 Filii
2718 3306 2837 3376 ejus
2868 3305 2996 3362 Jesu
3031 3308 3260 3373 Christi,
3302 3311 3491 3363 notitia
3526 3310 3765 3378 Spiritus

2199 3399 2414 3461 sancti,
2448 3406 2506 3451 ut
2536 3396 2703 3466 agniti
2737 3413 2764 3448 a
2791 3395 3089 3464 Trinitate,
3137 3409 3191 3455 et
3219 3415 3316 3454 nos
3361 3414 3760 3455 sacramentum

2199 3484 2479 3541 Trinitatis
2520 3486 2705 3556 plene,
2745 3497 2800 3543 et
2833 3490 3065 3559 integre,
3103 3499 3157 3544 et
3189 3490 3429 3559 perfecte
3459 3508 3764 3546 mereamur

2196 3595 2515 3646 agnoscere,
2570 3580 2843 3636 revelante
2904 3582 3067 3638 nobis
3116 3582 3347 3638 Domino
3407 3593 3593 3639 nostro
3634 3584 3760 3639 Jesu

2196 3671 2436 3738 Christo,
2475 3674 2564 3726 cui
2592 3680 2676 3729 est
2705 3672 2875 3742 gloria
2904 3683 2965 3729 et
2989 3675 3277 3745 imperium
3307 3677 3363 3730 in
3416 3676 3610 3733 saecula
3662 3690 3764 3731 sa:-

2196 3762 2463 3819 culorum.
2490 3764 2687 3821 Amen.

2787 3856 3068 3913 ιιοιιιιιΑ
3104 3860 3168 3914 ν.

2563 3946 2639 4001 De
2664 3946 2761 4001 Lat
2791 3959 2837 4001 et
2859 3949 3072 4017 ﬁliabus
3096 3950 3209 4017 eius
3235 3950 3372 4020 (ΞΟ).

2268 4036 2317 4089 1.
2350 4035 2495 4096 Missi
2530 4038 2704 4103 angeli
2746 4039 2815 4092 ad
2847 4039 3253 4096 subversionem
3312 4042 3671 4096 Sodomorum
3692 4040 3761 4103 ",

2195 4142 2316 4181 cum
2337 4127 2637 4197 iujuuclum
2657 4140 2919 4199 cuperent
2944 4142 3223 4186 maturare
3250 4133 3546 4200 negotium,
3576 4148 3761 4187 curram

2197 4222 2355 4290 prius
2386 4232 2579 4291 gerunt
2617 4222 2850 4291 hospitis
2902 4223 3025 4288 Lot,
3075 4234 3133 4277 ut
3186 4240 3307 4277 eum
3349 4228 3418 4277 de
3459 4224 3763 4277 imminenti

2198 4313 2344 4382 ignis
2390 4316 2626 4378 excidio,
2655 4318 3111 4384 contemplatione
3142 4318 3523 4387 hospitalitatis
3560 4318 3764 4371 exime-

528 4403 674 4450 tores
700 4399 870 4451 nescit
908 4399 1067 4463 Deus,
1101 4404 1311 4461 alienos
1335 4422 1364 4461 a
1391 4421 1449 4460 se
1477 4408 1708 4476 ignorat.
1737 4383 1878 4467 Audi
1897 4383 2094 4469 udicen-
2129 4383 2172 4437 υ
2201 4419 2347 4463 rent.
2376 4410 2579 4465 Audite
2613 4412 2749 4473 haec,
2778 4412 2868 4479 qui
2902 4412 3206 4480 peregrinis
3241 4411 3490 4464 claudius
3531 4411 3764 4470 domos;

531 4496 635 4539 tem
662 4486 997 4556 Scripturam
1024 4494 1070 4524 ⁵³
1095 4510 1108 4545 :
1139 4493 1388 4563 Cognovit
1414 4498 1667 4554 Dominus
1693 4504 1783 4569 qui
1813 4514 1933 4557 sunt
1954 4506 2089 4570 eius,

524 4586 571 4629 et
623 4577 857 4631 discedat
902 4582 966 4633 ab
1010 4585 1285 4654 iniquitate
1333 4591 1498 4643 omnis
1533 4592 1622 4660 qui
1669 4593 1875 4647 invocat
1905 4611 2091 4650 nomen

526 4665 762 4721 Domini.
791 4668 931 4725 Suos
970 4678 1246 4743 cognoscit
1283 4677 1563 4745 Dominus,
1587 4681 1803 4752 iniquos
1834 4696 2093 4742 autemet

525 4756 724 4827 impios
758 4764 954 4817 nescit.
990 4766 1130 4819 Audi
1160 4765 1496 4825 Salvatorem
1546 4772 1820 4829 dicentem
1842 4775 1890 4806 ”
1926 4794 1941 4831 :
1972 4777 2091 4832 Dis-

597 4900 647 4933 ⁸⁸
678 4901 819 4973 Phil.
843 4921 899 4963 ιι,
935 4905 988 4959 7.
1065 4906 1112 4939 ⁸ο
1153 4906 1307 4964 JOan.
1340 4925 1435 4973 ιιι,
1480 4911 1566 4966 15.

844 4921 899 4977 ιι.
935 4912 988 4959 7.
1065 4912 1112 4939 '°
1153 4912 1307 4964 JOan.
1340 4925 1435 4973 ιιι,
1480 4912 1566 4966 15.
1640 4913 1684 4945 ’ί
1719 4912 1884 4974 Marc.
1935 4933 2011 4976 Ix.
2045 4921 2089 4974 l.

523 4968 613 5028 25.
716 4972 800 5027 ⁸⁸1
828 4975 952 5028 Cor.
986 4992 1094 5041 xrv,
1124 4978 1212 5033 57.

1291 4980 1337 5010 ⁵⁸
1364 4979 1505 5037 Psal.
1547 4998 1716 5051 um,
1749 4984 1803 5042 8.

599 5090 712 5157 (Η)
755 5092 828 5167 In
862 5095 1260 5167 similitudinem
1286 5097 1555 5152 hominum
1586 5100 1779 5167 factus.
1807 5103 1931 5159 "(ec
1961 5105 2099 5160 desi-

525 5157 789 5240 derantur
820 5164 870 5240 i_u
906 5164 1034 5219 libb.
1061 5157 1221 5240 alites
1242 5168 1434 5233 editis,
1464 5170 1555 5223 sed
1586 5157 1925 5240 supplentur
1946 5157 2097 5230 etri-

529 5229 624 5281 litt:
656 5245 781 5282 mss.
820 5232 1250 5291 'l‘uronensibus.

602 5298 712 5367 (l5)
758 5298 969 5380 Exnisto
1008 5306 1391 5380 sermone._Sic
1440 5309 1640 5380 habent
1681 5323 1790 5368 tres
1820 5328 1954 5371 mss.
1985 5314 2093 5368 Tu-

530 5379 811 5443 ro‘teuses,
840 5370 968 5424 libb.
1003 5388 1131 5427 vero
1162 5378 1314 5441 editi,
1344 5394 1409 5431 ex
1432 5378 1532 5432 isto
1556 5397 1657 5434 uno
1692 5370 1951 5439 sermone.

605 5436 716 5520 (te)
748 5437 949 5520 Omnes
979 5444 1134 5520 codd.
1156 5436 1325 5520 mss.,
1354 5450 1581 5513 operarii
1605 5436 2089 5520 iniquitatis.Libb.

532 5503 802 5597 edi/tigrin}
824 5513 1115 5597 operamini
1151 5503 1499 5597 iniquitatem.

581 5572 718 5659 “07)
746 5572 945 5659 (imiter;
979 5596 1135 5659 mss.,
1163 5572 1454 5659 quiautem
1478 5585 1706 5659 ignorat,
1742 5592 2086 5659 ignorabitur.

532 5641 873 5711 Libb.’cditi,
906 5651 992 5719 qui
1033 5641 1205 5705 autem
1246 5655 1475 5724 ignorat,
1496 5641 1787 5725 ignoratur:

2169 4922 2213 4954 δ’
2249 4920 2443 4975 Genes.
2469 4932 2623 4985 xvm,
2656 4916 2745 4971 21.

1898 4988 1942 5020 ⁵⁷
1974 4988 2173 5047 Genes.
2207 5008 2320 5045 XIX.

2194 4498 2379 4553 audite
2412 4500 2549 4564 haec,
2585 4502 2676 4569 qui
2713 4500 2977 4569 hospitem
3008 4501 3154 4554 velut
3182 4502 3390 4555 hostem
3436 4502 3633 4552 vitatis.
3664 4496 3768 4550 Lot

2194 4589 2248 4642 in
2284 4590 2534 4645 Sodomis
2567 4592 2867 4646 habitabat.
2907 4593 3023 4646 Alia
3061 4590 3179 4659 ejus
3211 4593 3348 4645 bene
3370 4601 3515 4656 gesta
3551 4605 3655 4641 non
3692 4589 3760 4639 le-

2194 4681 2390 4750 gimus.
2431 4681 2786 4750 llospitalitas
2831 4682 2884 4735 in
2919 4697 2984 4736 eo
3023 4684 3136 4737 sola
3170 4698 3235 4736 ex
3264 4698 3360 4735 usu
3396 4683 3617 4733 veniens
3649 4695 3767 4731 ute-

2195 4777 2691 4829 moraturzevadit
2748 4778 2927 4846 ignes,
2975 4776 3160 4832 evadit
3203 4775 3497 4836 incendia,
3545 4772 3616 4825 ob
3664 4773 3766 4823 hoc

2821 4917 2869 4949 ³⁸
2892 4917 2928 4970 ll
2953 4917 3093 4971 Titn.
3120 4934 3180 4984 il,
3204 4918 3289 4972 19.
3374 4917 3420 4948 ⁵⁸
3444 4916 3633 4970 Matth.
3667 4930 3761 4978 vit,

2267 5107 2378 5175 (l8)
2420 5104 2621 5160 Omnes
2676 5118 2843 5169 mss.,
2891 5114 3037 5157 actus
3082 5120 3260 5175 eorum
3315 5113 3758 5157 consummentur.

2195 5174 2344 5229 Libh.
2396 5176 2569 5237 editi,
2640 5176 2771 5226 artis
2820 5191 2998 5226 eorum
3049 5174 3254 5240 indigni
3309 5180 3759 5225 consummentur.

2199 5245 2367 5298 Patrio
2406 5256 2525 5313 post
2564 5244 2719 5297 iidem
2748 5244 2875 5297 libb.
2905 5246 3054 5306 editi,
3080 5244 3162 5296 sia
3185 5256 3358 5295 autem
3377 5255 3429 5295 ut
3455 5247 3614 5295 sciant
3635 5242 3767 5309 quid

2197 5326 2381 5381 agunt,
2418 5318 2469 5367 id
2513 5325 2586 5367 est
2634 5324 2687 5365 ut
2719 5315 3072 5383 sriamipsos;
3109 5314 3202 5367 sed
3237 5330 3368 5369 mss.
3404 5323 3460 5365 ut
3490 5314 3547 5366 in
3579 5321 3769 5366 nostro

2196 5394 2363 5437 textu.

2278 5453 2387 5522 (19)
2432 5451 2551 5534 ipse
2579 5452 2743 5534 solus.
2767 5454 3087 5532 agnoscitur.
3122 5451 3258 5534 llaec
3288 5454 3489 5534 desunt
3537 5450 3589 5503 in
3629 5449 3762 5504 libb.

2204 5535 2363 5574 antea
2394 5523 2578 5584 editis,
2607 5525 2699 5573 sed
2734 5523 2985 5589 leguntur
3019 5524 3068 5574 in
3094 5523 3346 5575 omnibus
3382 5537 3511 5576 mss.

2272 5592 2381 5660 (20)
2414 5590 2468 5641 In
2503 5590 2689 5643 etnlire
2717 5608 2815 5645 ms.
2845 5592 3031 5645 Sancti
3069 5591 3389 5646 Theudorici
3428 5591 3613 5647 titulus
3637 5596 3757 5646 est:

2201 5660 2274 5714 De
2305 5661 2630 5715 subt'crsione
2665 5661 3011 5715 Sodomorum
3037 5672 3083 5715 et
3107 5663 3167 5712 de
3194 5660 3308 5717 Lol.
