4086 6206
264 239 373 299 189

1464 239 1533 295 IN
1572 240 1873 299 GENESIM
1915 240 2201 297 HOMILIA
2239 240 2301 295 γ.

3430 238 3530 296 190

271 358 479 423 solum,
532 358 679 425 quod
729 357 950 413 domum
1005 369 1165 415 Suam
1219 359 1483 429 patefecit
1519 361 1847 429 hospitibus.
1879 365 1922 422 Α
1953 376 2071 415 sum
2108 360 2350 432 respicit,
2385 360 2691 430 impositam
2749 360 2919 430 legem
2954 360 3181 430 rumpit,
3210 356 3441 415 efﬁcitur
3476 358 3533 413 in

272 448 608 517 Hospitalem
670 451 892 507 domum
951 452 1130 521 angeli
1181 453 1412 522 ingressi
1442 462 1590 507 sunt.
1626 453 1851 509 Clausus

270 540 577 605 hospitibus
610 540 802 595 domos
830 542 973 610 ignis
1011 542 1287 611 ingressus
1310 552 1414 599 est.
1447 542 1586 608 Ouid
1617 558 1746 613 ergo
1782 544 1853 598 ad

270 631 538 699 bOSpitem
574 648 677 697 pro
705 633 1098 701 hospitalitatis
1129 632 1319 687 ofﬁciis
1346 635 1527 691 dicant
1564 634 1739 704 angeli
1769 635 1849 687 vi—

270 725 510 776 deamus.
566 720 635 775 Ia
693 732 945 787 montem,
982 724 1234 792 inquiunt
1265 724 1346 789 ⁵⁸,
1379 724 1579 779 salvam
1606 725 1691 793 [ac
1728 724 1853 777 aui-

276 828 407 864 nam
461 823 638 876 tuam,
687 830 750 865 ne
798 813 936 880 forte
961 814 1443 879 rentpreltendaris.
1477 814 1604 869 Erat
1632 815 1853 885 quidem.

273 904 551 971 hospitalis
582 905 705 968 Lot,
744 906 837 972 qui
889 906 1055 959 etiam
1092 907 1262 977 (sicut
1303 906 1351 961 ei
1381 906 1665 975 Scriptura
1700 906 1853 961 testis

274 997 509 1049 monium
562 998 705 1064 tulit)
750 998 818 1052 ab
855 998 1079 1051 interitu
1128 996 1315 1063 latuit,
1362 998 1568 1069 angelis
1615 998 1853 1067 hospitio

272 1089 521 1154 receptis.
561 1090 670 1142 Sed
704 1104 809 1143 non
844 1098 969 1142 erat
998 1089 1069 1146 ita
1121 1089 1437 1157 perfectus,
1476 1098 1532 1143 ut
1560 1090 1747 1145 statim
1784 1091 1854 1145 de

271 1180 520 1235 Sodmuis
550 1180 742 1235 exiens
798 1192 1039 1237 montem
1076 1191 1258 1252 posset
1305 1183 1623 1237 ascendere.
1672 1181 1852 1237 Perfe-

270 1278 477 1324 ctorunt
516 1286 758 1340 namque
807 1283 892 1328 est
942 1274 1122 1328 dicere
1152 1274 1197 1306 "
1233 1288 1244 1321 :
1283 1273 1471 1329 Levavi
1501 1274 1681 1331 oculos
1709 1289 1852 1329 meos

268 1362 315 1414 ia
338 1369 550 1415 montes
578 1366 721 1418 unde
744 1364 911 1418 uitia
942 1364 1201 1420 auxilium
1224 1365 1370 1418 mihi.
1394 1366 1494 1420 iste
1515 1381 1644 1435 ergo
1675 1380 1853 1433 neque

267 1453 381 1505 talis
410 1463 545 1505 erat
583 1454 677 1522 qui
709 1454 851 1510 inter
872 1456 1181 1512 Sodomitas
1211 1459 1389 1527 perire
1419 1459 1852 1527 dcberet,ncque

266 1553 441 1600 tantus
465 1556 594 1600 erat
624 1547 715 1616 qui
742 1564 864 1601 cum
892 1548 1168 1604 Abraham
1197 1552 1253 1604 in
1267 1552 1654 1605 excelsioribus
1670 1558 1854 1619 posset

266 1636 536 1695 habitare.
556 1637 619 1692 Si
635 1640 780 1692 enim
795 1639 1145 1707 fuissettalis,
1171 1657 1443 1710 nunquam
1459 1643 1522 1694 ad
1543 1658 1663 1695 eum
1696 1641 1849 1694 dice-

265 1738 337 1781 ret
360 1730 653 1783 Abraham
688 1730 732 1762 ‘°
764 1746 783 1783 :
817 1732 882 1785 Si
904 1741 959 1784 tu
979 1734 1048 1785 ad
1065 1734 1330 1796 dextram,
1346 1750 1438 1803 ego
1462 1734 1531 1787 ad
1545 1735 1847 1798 sinistram,

265 1833 342 1872 stu
355 1822 401 1874 si
417 1833 478 1874 tu
494 1821 570 1874 ad
586 1822 885 1889 sinistram,
905 1840 997 1893 ego
1013 1825 1081 1878 ad
1098 1826 1370 1889 dextram;
1407 1840 1507 1879 nec
1542 1825 1849 1881 habitacula

263 1910 305 1961 ei
322 1907 660 1963 Sodomitica
682 1910 1030 1978 placuissent.
1067 1914 1193 1967 Erat
1220 1931 1351 1984 ergo
1382 1916 1594 1970 medius
1624 1916 1851 1985 quidam

263 1999 394 2052 inter
412 2001 696 2069 perfectos
716 2012 768 2056 et
786 2004 1045 2069 perditos.
1064 2003 1128 2058 Et
1143 2007 1318 2061 sciens
1349 2023 1453 2061 non
1470 2009 1759 2065 convenire
1777 2008 1854 2062 vi-

263 2092 405 2148 ribus
420 2094 967 2153 suis,utasceuderet
988 2098 1039 2150 in
1061 2108 1287 2153 montei.~
1302 2140 1317 2164 ,
1339 2101 1650 2169 religioscet
1665 2100 1849 2155 itumi-

262 2182 373 2238 liter
390 2194 633 2239 excusat
656 2201 715 2240 se
733 2188 971 2242 dicens“
996 2206 1009 2242 :
1034 2188 1157 2243 Non
1183 2209 1393 2260 possunt
1414 2195 1466 2246 in
1494 2202 1718 2247 montem
1736 2193 1851 2247 sal—

262 2290 347 2326 uts
377 2275 530 2342 ﬁeri,
552 2280 643 2329 sed
660 2293 779 2331 ecce
803 2278 913 2331 Iure
944 2280 1133 2334 civitas
1156 2282 1349 2351 pusilla
1372 2293 1471 2347 est,
1492 2295 1538 2337 st
1564 2284 1647 2336 hic
1674 2282 1849 2337 salva-

262 2362 365 2428 tor,
420 2376 479 2419 et
544 2382 651 2418 που
706 2375 785 2420 est
849 2370 1092 2437 pusilla?
1146 2371 1427 2442 ingressus
1482 2391 1611 2431 vero
1675 2376 1847 2444 Segor

263 2457 532 2512 civitatem
579 2462 863 2529 pusillam,
927 2464 980 2518 in
1028 2480 1089 2519 ea
1133 2467 1394 2524 salvator.
1449 2470 1513 2523 Et
1551 2478 1669 2540 post
1729 2470 1845 2527 haec

266 2565 373 2603 cum
405 2551 643 2609 fitiabus
677 2556 929 2610 ascendit
976 2558 1028 2611 in
1066 2570 1327 2615 montem.
1374 2559 1559 2630 Neque
1594 2564 1743 2617 enim
1776 2564 1845 2618 de

267 2639 515 2696 Sodomis
546 2648 849 2702 ascendere
875 2647 986 2721 (ﬁt)
1028 2661 1245 2719 poterat
1274 2652 1333 2706 in
1361 2666 1621 2719 montem,
1653 2670 1847 2723 quam-

265 2734 341 2789 vis
380 2739 659 2806 scripturn
712 2740 785 2793 sit
837 2739 905 2794 de
940 2750 1081 2795 terra
1115 2743 1477 2799 Sodomorum
1524 2746 1845 2815 priusquam

267 2832 709 2895 subverteretur,
737 2849 804 2888 eo
839 2844 1091 2905 tempore
1137 2853 1247 2906 quo
1290 2837 1391 2891 Lot
1451 2839 1844 2894 habitationem

263 2922 369 2991 ejus
400 2925 598 2994 elegit.
635 2925 808 2981 fuisse
830 2929 972 2981 sicut
996 2930 1282 2997 paradisus
1301 2930 1414 2993 Dei,
1449 2941 1505 2985 et
1534 2933 1678 2986 sicut
1698 2941 1843 2987 terra

1952 464 2185 509 statuam
2208 454 2354 507 salis.
2374 451 2708 508 PutamuSue
2725 462 2931 507 tantum
2954 452 3177 508 sceleris
3203 452 3255 505 in
3282 451 3385 506 hoc
3409 463 3533 505 esse

1952 546 2335 610 conunisso,ut
2368 544 2495 615 quia
2528 546 2771 616 respexit
2800 546 2994 599 mulier
3016 585 3030 608 ,
3062 542 3342 599 interitum
3366 556 3529 611 quem

1952 636 2138 691 divino
2191 636 2458 693 beneficio
2509 636 2751 707 effugere
2811 637 3119 700 videbatur,
3184 631 3532 689 incurreret?

1952 726 2093 793 Quid
2117 728 2258 782 enim
2287 737 2496 781 tantum
2539 728 2787 781 criminis
2821 728 3034 789 habuit,
3062 726 3109 782 si
3145 725 3376 781 sollicita
3407 738 3532 778 mu-

1953 816 2104 871 lieris
2146 832 2301 871 mens
2332 828 2629 872 retrorsum
2664 819 2807 870 unde
2841 818 3005 872 nimio
3039 816 3379 871 flammarum
3412 830 3532 872 cre-

1952 913 2071 983 pitu
2115 911 2427 967 terrebatur
2466 912 2678 980 aspexit
2699 911 2721 963 ’ἰ
2745 910 2854 965 Sed
2876 910 2999 979 quia
3031 910 3114 963 lex
3141 910 3401 979 spiritalis
3423 919 3529 974 est,

1952 1016 2006 1065 et
2035 1019 2155 1072 qua:
2188 1002 2580 1073 contingebant
2623 1001 2863 1069 antiquis
2886 1040 2901 1063 ,
2959 1002 3013 1054 in
3050 1003 3218 1070 figura
3256 1000 3360 1055 illis
3398 1017 3532 1056 con»

1955 1097 2251 1164 tingebant,
2290 1096 2567 1149 videmnus
2614 1111 2683 1149 ne
2730 1093 2871 1149 forte
2898 1092 3119 1162 Lol,qui
3163 1108 3267 1146 non
3293 1093 3531 1161 respexit

1952 1197 2077 1255 post
2122 1201 2207 1252 se,
2258 1186 2606 1239 rationabilis
2636 1185 2711 1240 sit
2757 1200 2951 1238 sensus
2988 1194 3041 1237 et
3073 1183 3291 1236 animus
3320 1182 3529 1244 virilis,

1952 1293 2092 1337 Uxor
2123 1287 2305 1333 autem
2340 1277 2425 1330 hic.
2460 1277 2643 1332 carnis
2692 1275 2982 1343 imaginem
3023 1285 3224 1329 teneat.
3267 1272 3407 1327 Caro
3449 1283 3531 1327 est

1954 1371 2127 1434 enim,
2154 1385 2273 1436 qute
2308 1369 2529 1436 respicit
2559 1384 2771 1436 semper
2807 1369 2873 1419 ad
2906 1368 3057 1429 vitia,
3095 1383 3235 1435 quae,
3262 1380 3383 1419 cum
3415 1363 3532 1417 aui-

1955 1478 2075 1514 tuus
2120 1461 2383 1517 tenditad
2415 1460 2671 1523 salutem,
2710 1458 2798 1513 illa
2851 1470 3155 1512 retrorsum
3186 1455 3426 1525 respicit,
3476 1460 3533 1507 et

1951 1553 2262 1620 voluptates
2294 1552 2542 1619 requirit.
2571 1551 2696 1604 inde
2731 1548 2963 1620 denique
3012 1559 3066 1604 ct
3092 1548 3351 1602 Dominus
3382 1546 3529 1600 dice-

1954 1644 2044 1699 bat
2067 1644 2111 1675 ⁶⁸
2145 1661 2158 1696 ;
2195 1642 2362 1698 Nemo
2422 1646 2629 1697 mittens
2663 1660 2877 1696 manum
2910 1659 3058 1695 suam
3095 1642 3163 1694 ad
3182 1650 3444 1701 aratrum,
3482 1648 3530 1691 et

1956 1747 2093 1789 retro
2132 1736 2433 1802 respiciens,
2466 1750 2616 1803 aptus
2648 1746 2719 1787 est
2758 1750 2912 1801 regno
2943 1733 3059 1787 Dei.
3095 1733 3159 1785 Et
3188 1731 3337 1785 addit
3366 1748 3379 1783 :
3413 1729 3531 1784 Me-

1953 1839 2177 1882 mentote
2218 1828 2395 1881 uxori.
2422 1827 2536 1879 Lat.
2566 1827 2718 1893 Quod
2743 1840 2921 1881 autem
2958 1827 3012 1879 fit
3040 1825 3353 1879 staticulum
3377 1824 3530 1885 salis,

1954 1917 2288 1987 insipientia:
2341 1918 2457 1985 ejus
2494 1920 2755 1972 indicium
2806 1920 3018 1975 videtur
3069 1919 3396 1987 expositum.
3438 1914 3531 1969 Sal

1950 2010 2095 2063 enim
2139 2010 2442 2078 prudentia:
2486 2008 2603 2062 loco
2640 2009 2879 2077 ponitur,
2920 2024 3041 2077 qum
3082 2009 3131 2062 ei
3181 2007 3367 2061 defuit.
3404 2006 3532 2060 Per-

1954 2100 2127 2155 tcndit
2159 2116 2298 2170 ergo
2326 2100 2425 2155 Lot
2460 2101 2513 2154 in
2542 2100 2731 2167 Segor,
2770 2100 2951 2166 ibique
2980 2099 3255 2168 paulisper
3289 2097 3532 2153 collectis

1948 2192 2181 2257 viribus,
2213 2207 2352 2260 quas
2384 2193 2441 2249 in
2464 2192 2717 2249 Sodomis
2747 2191 2948 2245 habere
2980 2207 3085 2247 non
3113 2190 3308 2260 potuit,
3334 2205 3530 2244 ascen-

1948 2283 2029 2341 dit
2080 2283 2131 2336 in
2169 2292 2431 2347 montem,
2474 2294 2531 2336 et
2579 2282 2648 2336 ibi
2698 2282 2966 2336 habitavit
3019 2282 3187 2353 (sicut
3238 2282 3529 2350 Scriptura

1948 2372 2100 2444 dicit)
2134 2374 2275 2444 ipse.
2298 2382 2353 2429 et
2387 2376 2507 2429 duae
2538 2373 2658 2427 filia:
2685 2374 2801 2441 ejus
2827 2366 2947 2427 cum
2978 2389 3067 2429 eo.

2017 2467 2071 2521 5.
2104 2466 2235 2522 Post
2264 2468 2378 2523 haec
2399 2467 2513 2537 jam
2547 2468 2779 2521 refertur
2803 2466 2891 2521 illa
2927 2466 3288 2521 famosissima
3321 2464 3529 2532 fabula,

1947 2560 1999 2613 itt
2032 2575 2139 2628 qua
2166 2560 2431 2615 scribitur
2460 2560 2600 2613 ﬁlias
2626 2562 2741 2630 ejus
2778 2569 2895 2614 arte
2939 2559 3145 2614 furatas
3179 2556 3530 2613 concubitum

1949 2655 2147 2723 patris.
2197 2652 2259 2706 In
2303 2670 2412 2722 quo
2450 2653 2635 2708 nescio
2665 2653 2714 2707 si
2745 2652 2867 2722 quis
2910 2660 3091 2720 potest
3135 2634 3401 2704 excusare
3452 2650 3527 2703 tta

1945 2745 2070 2809 Lot,
2100 2753 2157 2798 ιιι
2183 2761 2309 2800 eum
2337 2746 2630 2800 immunem
2655 2744 2818 2798 faciat
2850 2758 2880 2797 a
2913 2752 3165 2811 peccato.
3195 2740 3380 2811 Neque
3409 2755 3530 2795 rur-

1946 2852 2067 2893 sum
2106 2840 2178 2891 ita
2211 2852 2339 2890 eum
2385 2836 2752 2890 accusandum
2789 2844 2952 2904 puto,
2991 2842 3051 2887 ut
3083 2842 3191 2887 tam
3234 2832 3416 2903 gravis
3445 2834 3530 2887 in-

1946 2930 2083 2984 cesti
2117 2930 2233 2983 fieri
2282 2928 2484 2982 debeat
2524 2943 2672 2982 reus.
2712 2926 2828 2981 Non
2857 2926 3004 2982 enim
3039 2925 3254 2980 invenio
3292 2940 3416 2981 eum
3445 2925 3530 2979 in-

265 3012 478 3086 Aigypti
515 3019 609 3068 σι’.
638 3015 704 3069 Ει
747 3027 924 3072 tamen
958 3020 1041 3088 (ut
1072 3036 1238 3089 parvo
1267 3023 1500 3091 quodam
1522 3033 1738 3078 utamur
1753 3040 1819 3079 ex
1870 3034 1916 3095 ρ
1948 3018 2208 3073 sidiamm
2239 3030 2398 3083 esse,
2437 3026 2537 3071 aut
2583 3015 2851 3072 violenter
2889 3015 3159 3085 eripuisse
3204 3015 3526 3084 pudicitiam

266 3108 429 3177 cessa)
474 3123 735 3177 quaenam
762 3110 973 3165 videtur
1004 3126 1125 3166 esse
1158 3112 1411 3168 vicinitas
1444 3116 1699 3183 paradiso
1734 3116 1843 3189 74

271 3198 371 3264 Dei,
393 3210 454 3255 et
484 3201 905 3273 torrat-Egypti,
934 3213 994 3257 ιιι
1021 3220 1083 3258 ex
1119 3221 1274 3274 atquo
1308 3208 1391 3261 his
1431 3206 1668 3262 Sodoma
1697 3224 1844 3263 eom-

268 3294 529 3355 paretur?
566 3292 674 3346 Sed
708 3309 809 3359 ego
838 3295 907 3348 ita
940 3305 1071 3365 puto
1096 3298 1240 3366 quod
1271 3309 1563 3369 antequam
1592 3310 1846 3371 peccaret

269 3384 516 3448 Sodoma,
555 3400 681 3438 cunt
712 3387 891 3439 adhuc
922 3386 1334 3456 simplicitatem
1366 3391 1497 3443 vitm
1527 3392 1845 3446 incontamio

269 3476 451 3530 rabilis
505 3477 832 3539 custodiret,
890 3488 1009 3532 erat
1064 3481 1207 3535 sicut
1244 3483 1530 3550 paradisus
1570 3482 1700 3548 Dei;
1751 3483 1840 3538 ubi

270 3577 386 3619 vero
415 3567 728 3620 decolorari
766 3567 931 3635 erepit
964 3578 1017 3623 et
1058 3579 1410 3637 peccatorum
1450 3572 1679 3625 maculis
1742 3574 1839 3627 ob-

268 3662 487 3724 scurari,
530 3660 674 3713 sient
704 3668 850 3711 terra
881 3658 1102 3731 Egypti
1130 3662 1272 3717 facta
1307 3672 1411 3717 est.
1460 3662 1569 3717 Sed
1614 3673 1664 3717 et
1713 3664 1842 3718 illud

267 3755 592 3822 requirimus
620 3755 878 3822 quoniam
910 3755 1130 3825 quidem
1160 3758 1425 3826 propheta
1456 3757 1590 3811 dicit
1616 3758 1682 3822 “,
1714 3758 1839 3825 quia

268 3843 565 3895 restituetur
596 3860 751 3896 soror
777 3854 868 3899 tua
900 3844 1139 3899 Sodoma
1180 3847 1233 3900 in
1287 3848 1598 3918 antiquum,
1635 3858 1847 3903 utrum-

267 3947 378 3987 nam
412 3936 692 3989 restitutio
718 3938 838 4007 ejus
887 3937 1053 3992 etiam
1086 3937 1189 3993 hoc
1225 3939 1454 4008 recipiat
1473 3980 1489 4005 ,
1516 3948 1574 3993 ut
1601 3939 1679 3992 sit
1701 3939 1849 3992 sicut

267 4026 543 4090 paradisus
578 4026 695 4091 Dei,
725 4043 793 4080 an
824 4029 997 4081 solum
1026 4030 1099 4083 sit
1123 4030 1268 4083 sicut
1295 4039 1441 4082 terra
1473 4028 1709 4098 Aigypti.
1729 4028 1849 4098 Ego-

263 4116 471 4182 quidem
508 4119 723 4184 dubito,
763 4122 809 4176 si
836 4123 1104 4177 intantttm
1141 4130 1395 4191 poterunt
1423 4120 1534 4191 (9.2)
1576 4122 1841 4175 Sodomo-

268 4222 383 4265 rum
411 4224 636 4277 peccata
671 4214 924 4285 decoqui,
957 4222 1015 4269 et
1036 4231 1102 4268 eo
1135 4228 1311 4283 usque
1337 4214 1545 4268 scelera
1577 4214 1843 4283 purgari,

268 4313 320 4351 ut
346 4305 623 4358 restitutio
659 4321 846 4360 eorum
877 4316 1023 4360 tanta
1056 4308 1146 4370 sit,
1190 4322 1313 4375 quae
1336 4323 1442 4361 non
1474 4306 1646 4362 solum
1678 4317 1835 4361 terra:

1950 3109 2204 3171 filiarum,
2250 3108 2349 3163 sed
2386 3107 2559 3177 magis
2612 3106 2838 3163 insidias
2870 3120 3126 3174 passum,
3177 3115 3232 3160 et
3270 3114 3391 3160 arte
3417 3107 3529 3161 cir-

1950 3200 2362 3268 cumscriptum.
2390 3199 2495 3255 Sed
2525 3214 2704 3268 neque
2722 3213 2938 3254 rursum
2969 3198 3377 3253 circumventus
3398 3196 3530 3253 fuis-

1947 3303 2087 3347 seta
2117 3291 2331 3361 puellis,
2372 3291 2476 3346 uisi
2517 3289 2778 3345 inebriari
2809 3289 3097 3359 potuisset.
3129 3287 3285 3344 Unde
3314 3288 3526 3343 videtur

1947 3385 2080 3438 mihi
2107 3384 2161 3438 in
2186 3393 2341 3453 parte
2380 3381 2686 3452 culpabilis,
2744 3383 2797 3435 in
2826 3393 2981 3451 parte
3011 3380 3341 3436 excusabilis
3374 3379 3526 3434 inve-

1946 3478 2075 3533 niri.
2109 3476 2367 3531 Excusari
2405 3488 2651 3543 namque
2676 3482 2876 3543 potest,
2902 3474 3045 3543 quod
3076 3488 3105 3528 a
3134 3472 3528 3541 concupiscen-

1949 3568 2035 3621 tia
2062 3575 2117 3620 et
2149 3566 2440 3634 voluptatis
2474 3564 2707 3619 crimine
2762 3562 2899 3619 liber
2930 3574 3038 3627 est,
3068 3572 3127 3619 et
3169 3562 3298 3633 quia
3348 3576 3527 3631 neque

1947 3659 2062 3726 ipse
2115 3657 2347 3712 valuisse
2387 3657 2652 3725 arguitur,
2705 3670 2880 3724 neque
2916 3654 3231 3713 volentibus
3286 3667 3524 3707 consen-

1944 3751 2101 3803 sisse.
2146 3748 2403 3815 Subjacet
2446 3762 2575 3801 vero
2627 3746 2829 3817 culpat,
2880 3748 3025 3818 quod
3083 3744 3257 3816 decipi
3315 3745 3524 3814 potuit,

1944 3840 2085 3909 quod
2127 3840 2251 3893 vino
2296 3839 2459 3893 nimis
2504 3838 2757 3902 indulsit,
2803 3849 2858 3892 et
2902 3840 3003 3893 hoc
3057 3854 3160 3892 non
3200 3836 3387 3899 semel,
3429 3836 3529 3890 sed

1946 3930 2140 3983 iterum
2198 3930 2347 3984 fecit.
2396 3930 2530 3984 Nam
2580 3940 2632 3985 et
2683 3932 2799 4000 ipsa
2833 3930 3113 4000 Scriptura
3145 3929 3275 3984 mihi
3315 3929 3531 3983 videtur

1942 4036 2039 4090 pro
2090 4036 2157 4075 eo
2204 4022 2605 4092 quodammodo
2658 4022 3013 4088 satisfacere,
3068 4039 3193 4078 cum
3254 4024 3388 4077 dicit
3420 4022 3507 4071 “z

1946 4112 2229 4168 Nesciebat
2249 4116 2388 4168 enim
2405 4132 2522 4169 cum
2545 4116 2796 4168 dormiret
2814 4132 2929 4168 cum
2946 4116 3040 4181 eis,
3059 4128 3107 4170 et
3137 4127 3532 4187 cumsurgerel.

1943 4204 2019 4259 De
2064 4206 2277 4261 filiabus
2313 4206 2417 4261 hoc
2448 4221 2551 4260 non
2582 4207 2933 4274 dicitur,qu:e
2974 4208 3153 4262 studio
3200 4218 3253 4260 et
3287 4217 3405 4262 arte
3432 4207 3525 4260 de-

1944 4297 2153 4365 cipiunt
2190 4306 2423 4365 patrem.
2487 4296 2581 4353 Ille
2616 4308 2799 4353 tamen
2859 4299 3137 4352 intantum
3182 4297 3392 4366 sopitus
3441 4304 3526 4352 est

267 4385 503 4460 igypti‘
551 4409 737 4447 verum
787 4396 953 4449 etiam
1012 4396 1106 4450 Dei
1160 4398 1423 4465 paradiso
1466 4407 1831 4465 comparetur,
1865 4375 1916 4434 ι)
1942 4389 2086 4452 vino,
2114 4399 2173 4443 ut
2191 4389 2424 4445 nesciret
2450 4389 2721 4447 dormisse
2738 4406 2797 4447 se
2820 4406 2944 4445 cum
2980 4390 3084 4444 filia
3109 4392 3316 4459 priore,
3348 4404 3527 4460 neque

270 4473 465 4547 Urgent
500 4492 678 4538 tamen
707 4500 805 4539 nos
839 4486 931 4554 qui
978 4487 1079 4542 hoc
1104 4488 1431 4541 confirmare
1456 4488 1644 4542 volunt
1676 4505 1739 4542 ex
1770 4504 1835 4544 eo

267 4574 525 4642 praecipue
569 4590 826 4632 sermone
863 4578 956 4646 qui
1004 4580 1226 4634 additus
1267 4581 1391 4634 huic
1423 4582 1837 4649 repromissioni

269 4662 471 4717 videtur
510 4681 521 4715 :
554 4683 658 4720 non
697 4670 839 4721 enim
875 4670 1030 4735 dixit,
1055 4671 1180 4742 quia
1217 4673 1532 4726 restituetur
1571 4672 1831 4741 Sodoma,

264 4764 307 4803 cl
356 4761 631 4822 cessavit;
665 4760 762 4819 sed
811 4762 927 4815 ait:
967 4762 1291 4817 Restimetnr
1326 4762 1561 4819 Sodoma
1604 4766 1657 4819 in
1689 4769 1835 4820 anti-

266 4862 440 4911 qum.
485 4849 547 4902 Et
602 4862 924 4905 asseverant
978 4855 1261 4922 antiquam
1322 4854 1442 4922 ejus
1491 4865 1692 4909 statum
1723 4873 1828 4911 non

265 4935 420 4991 fuisse
443 4951 498 4993 ιιι
523 4950 727 4997 terram
754 4940 991 5012 Egypti,
1018 4947 1111 4999 sed
1139 4955 1194 4999 ut
1230 4946 1541 5014 paradisum
1574 4948 1689 5001 Dei.

318 5030 370 5083 2.
400 5032 502 5085 Sed
533 5036 819 5089 redeamus
853 5037 921 5088 ad
959 5037 1080 5099 Lut,
1105 5038 1199 5107 qni
1232 5054 1354 5093 cum
1402 5056 1572 5095 uxore
1599 5050 1654 5095 et
1688 5038 1827 5095 filia-

258 5120 352 5176 bus
377 5123 651 5180 interitum
686 5126 899 5197 fugiens
936 5128 1316 5193 Sodomorum.
1349 5144 1572 5202 accepto
1601 5134 1669 5188 ab
1718 5149 1821 5187 an-

259 5215 385 5280 gelis
411 5220 689 5285 niaudato,
716 5234 783 5274 ne
808 5228 1102 5275 retrorsum
1133 5224 1449 5293 respiceret,
1488 5226 1744 5281 tendebat
1768 5242 1822 5279 ιιι

256 5307 444 5377 Segor.
468 5309 575 5366 Sed
604 5326 742 5365 uxor
771 5312 887 5381 ejus
908 5313 1189 5370 imtnetnor
1217 5316 1276 5369 iit
1302 5319 1585 5388 praecepti,
1614 5327 1822 5374 retror-

329 5449 374 5479 "
402 5448 596 5503 Cenes.
632 5464 739 5506 XIX.
776 5447 864 5502 17.
930 5445 980 5477 ⁸⁹
1016 5442 1155 5497 Psal.
1186 5456 1269 5504 cx,
1306 5441 1350 5492 l.

267 5534 371 5581 In,
403 5520 483 5573 55.
565 5520 609 5549 ⁸³
638 5518 770 5572 Luc.
803 5534 875 5581 ιχ,
905 5514 991 5568 62.
1072 5512 1117 5543 ⁸⁸
1144 5510 1341 5566 Cenes.
1376 5524 1480 5569 xix,
1508 5508 1594 5561 55.

335 5612 443 5671 (2|)
477 5613 721 5677 Quatuor
770 5625 894 5663 mss.
939 5604 1234 5661 ascendere.
1282 5600 1435 5655 Libb.
1482 5608 1640 5653 antea
1673 5595 1827 5661 editi,

271 5684 492 5735 qsrcndi.

1442 5438 1484 5470 ⁸⁸
1513 5436 1712 5491 Cenes.
1752 5449 1867 5500 xm,
1900 5433 1952 5488 9.

1941 4496 2065 4537 cum
2101 4481 2213 4537 tilia
2235 4484 2478 4553 juniore.
2505 4483 2707 4539 Audite
2733 4484 2969 4539 ebrietas
2992 4484 3120 4553 quid
3149 4493 3295 4553 agat,
3340 4482 3525 4537 audite

1940 4591 2205 4652 quantum
2252 4583 2516 4638 facinoris
2558 4583 2827 4640 conciliet
2865 4580 3204 4636 temulentia.
3240 4580 3435 4634 Audite
3468 4587 3525 4632 et

1938 4687 2152 4741 cavete,
2184 4692 2276 4731 vos
2303 4678 2500 4746 quibus
2530 4679 2675 4733 istud
2709 4678 2913 4733 malum
2946 4676 3123 4731 nonin
3150 4674 3400 4736 crimine,
3426 4672 3528 4726 sed

1939 4771 1992 4826 in
2020 4786 2120 4825 usu
2150 4780 2253 4825 est.
2294 4771 2545 4826 Ebrietas
2577 4772 2782 4842 decipit
2806 4786 2966 4840 quem
3007 4768 3245 4824 Sodoma
3279 4780 3385 4818 non
3435 4764 3523 4817 dc-

1935 4864 2097 4931 cepit.
2128 4860 2321 4918 Uritur
2350 4864 2440 4918 ille
2461 4862 2695 4919 flammis
2721 4864 3010 4919 mulierum
3041 4875 3200 4931 quem
3229 4856 3521 4926 sulphurea

1936 4955 2151 5010 ﬂamma
2186 4971 2294 5010 non
2331 4956 2490 5009 ussit.
2524 4956 2654 5009 Erat
2681 4970 2810 5023 ergo
2854 4953 2957 5007 Lot
3004 4962 3146 5016 arte,
3182 4965 3286 5002 non
3331 4948 3522 5000 volun-

1938 5058 2045 5103 tate
2076 5049 2352 5119 deccptus.
2390 5047 2517 5105 Ideo
2546 5048 2753 5102 medius
2781 5047 3001 5116 quidam
3025 5053 3108 5097 est
3146 5044 3289 5094 inter
3320 5053 3516 5109 peccato

1937 5146 2083 5193 tores
2116 5146 2175 5193 et
2227 5138 2446 5208 iustos:
2487 5138 2687 5206 quippe
2742 5136 2832 5204 qui
2889 5150 2953 5186 ex
3004 5132 3240 5185 Abrahu:
3294 5128 3519 5198 quidem

1934 5230 2260 5299 cognatione
2292 5228 2655 5289 descenderit,
2691 5227 2745 5279 iu
2778 5223 3036 5278 Sodomis
3091 5231 3269 5277 tatuen
3300 5219 3516 5275 habita--

1932 5321 2096 5376 verit.
2130 5318 2264 5373 Nam
2291 5329 2347 5375 et
2388 5320 2489 5373 hoc
2532 5318 2675 5388 quod
2706 5317 2888 5372 evadit
2930 5328 2995 5369 ex
3048 5314 3305 5370 Sodomis
3351 5312 3514 5382 (sicut

2042 5435 2083 5464 ⁵⁸
2117 5432 2312 5487 Cenes.
2350 5448 2457 5493 xix,
2484 5433 2571 5486 ‘20.
2663 5435 2728 5465 δ”
2758 5435 2893 5490 Gen.
2928 5454 3044 5501 xm,
3085 5439 3162 5494 l0.
3243 5440 3286 5469 “
3320 5440 3514 5496 Ezecls.

1946 5660 1958 5672 ο
2009 5592 2122 5672 βά)
2158 5591 2523 5647 Potrrtmt.Sic
2560 5610 2685 5672 mss.
2719 5596 2861 5651 Libri
2900 5616 3026 5652 vero
3055 5600 3203 5665 editi,
3231 5602 3513 5671 potuerint.

1946 5663 2084 5717 infra
2115 5672 2303 5733 quator
2326 5680 2477 5731 mss,
2508 5666 2759 5737 urgebunt
2795 5678 2965 5723 tamen
3000 5687 3104 5723 nos.
