4122 6248
360 321 463 375 195

1588 323 1654 376 IN
1691 323 1989 381 UENESIM
2032 320 2317 376 HOMIIJA
2362 320 2452 373 γι.

3528 328 3626 379 im

361 457 473 499 tam
499 442 834 514 progeniem,
862 458 966 496 non
987 442 1355 497 introibuntin
1382 443 1674 501 Ecclesium
1696 446 1945 503 Domini?
1975 446 2019 502 Α
2050 456 2153 493 ηοη
2190 440 2353 493 intra!
2384 440 2436 492 ill
2472 435 2772 491 Ευοιοεῖιηυ
2805 436 3035 501 miris”.
3073 456 3165 495 "Cc
3197 444 3351 497 tertia
3391 458 3623 515 genera-

362 538 477 590 Nos
517 548 727 600 autem,
771 546 925 604 prout
959 536 1157 588 sentire
1198 551 1526 604 possumus,
1577 539 1671 593 Lot
1722 541 1947 610 ﬁguram

361 630 619 699 ponimus
655 628 805 696 legis.
843 627 951 681 Nec
998 628 1250 683 videatur
1284 630 1635 699 incongrmun
1667 635 1814 701 quod
1863 634 1943 688 fe-

364 723 547 775 mineo
581 737 774 789 genere
804 723 941 790 apud
972 739 1072 777 nos
1102 724 1407 777 declinatur
1437 725 1543 786 lex,
1575 742 1697 779 cum
1735 743 1945 781 mascu-

362 814 528 865 linum
565 829 734 883 genus
763 825 945 867 servet
976 816 1027 868 in
1061 814 1277 869 Graeco.
1316 815 1489 883 Hujus
1522 833 1743 872 uxorem
1778 835 1946 888 popu-

361 906 469 959 ium
510 906 656 958 illum
693 906 944 974 ponimus
971 948 985 969 ,
1018 909 1107 976 qui
1138 909 1205 962 de
1251 908 1484 979 Egypto
1527 913 1837 979 profectus,
1886 924 1942 968 et

357 996 424 1047 de
454 998 585 1050 mari
617 996 821 1061 Rubro,
854 1013 917 1052 ac
944 1002 1323 1065 persecutione
1356 1001 1653 1059 Pharaonis
1680 1015 1936 1075 tanquam

358 1085 424 1137 de
466 1085 815 1141 Sodomiticis
866 1087 1078 1157 ignibus
1130 1090 1392 1146 liberatus
1424 1133 1437 1157 ,
1482 1110 1697 1149 rursum
1741 1112 1938 1151 carnes

358 1189 409 1233 et
437 1180 569 1234 ollas
594 1179 836 1249 Egypti,
869 1191 921 1236 et
951 1198 1113 1252 cepas
1140 1201 1569 1256 cucumeresque
1596 1189 1932 1255 desiderans,

360 1282 503 1324 retro
536 1273 771 1340 respexit
800 1311 813 1336 ,
851 1281 903 1326 et
948 1275 1145 1328 cecidit
1185 1277 1237 1329 in
1277 1275 1497 1330 deserto
1521 1320 1535 1341 ,
1569 1279 1743 1335 factus
1771 1283 1933 1335 etiam

358 1360 470 1426 ipse
504 1361 958 1427 concupiscentiae
991 1376 1200 1415 memor
1236 1363 1287 1415 in
1319 1378 1525 1416 eremo.
1578 1364 1652 1416 lbi
1684 1380 1814 1433 ergo
1851 1367 1936 1420 lex

354 1450 584 1519 primum
634 1451 781 1504 illum
821 1453 1081 1521 populum
1120 1462 1374 1519 tanquam
1424 1452 1524 1505 Lot
1569 1464 1715 1507 retro
1760 1457 1936 1523 respi-

354 1544 582 1596 cientem
616 1545 869 1611 perdidit,
909 1560 971 1597 ac
1010 1545 1229 1611 reliquit
1264 1559 1511 1595 uxorem.
1553 1544 1678 1598 Inde
1710 1548 1935 1603 veniens

354 1630 450 1683 Lot
484 1632 691 1685 habitat
742 1632 793 1684 in
831 1632 1003 1698 Segor
1034 1674 1047 1694 ,
1085 1632 1151 1683 de
1181 1647 1284 1698 qua
1318 1632 1447 1686 dicit
1472 1632 1546 1685 "2
1583 1632 1774 1689 Civitas
1819 1639 1932 1690 Ιιαέ

351 1720 569 1788 pusilla,
602 1732 646 1772 et
684 1720 981 1772 salvubitur
1018 1719 1199 1771 animo
1235 1735 1346 1771 mea
1377 1720 1430 1771 in
1462 1721 1593 1787 ipsa,
1634 1730 1680 1773 et
1720 1739 1821 1775 non
1848 1732 1924 1775 est

351 1811 543 1877 pusilla
572 1810 595 1862 ἲ
625 1810 752 1874 Qutc
779 1826 909 1875 ergo
939 1818 1044 1872 est,
1079 1817 1332 1876 quantum
1362 1809 1427 1860 ad
1457 1808 1622 1875 legem
1649 1812 1881 1877 pertinet
1908 1853 1923 1877 ,

355 1902 552 1952 civitas
585 1899 778 1966 pusilla
815 1908 869 1951 et
921 1913 1023 1951 non
1071 1897 1290 1965 pusilla.
1324 1895 1621 1951 videamus.
1656 1897 1863 1953 Civitas
1895 1917 1924 1953 a

356 1992 768 2045 conversatione
797 1990 1085 2042 multorum
1112 1989 1252 2040 dicta
1284 1996 1386 2051 est,
1418 2004 1513 2055 pro
1543 2004 1610 2044 eo
1641 1992 1782 2058 quod
1812 1993 1931 2058 plu-

357 2082 615 2133 rimorum
648 2082 697 2133 in
729 2095 889 2133 unum
927 2079 1224 2131 constituat
1256 2088 1312 2132 et
1348 2079 1634 2132 contineat
1668 2081 1830 2134 vitas.
1866 2081 1927 2134 lli

353 2185 482 2239 ergo
513 2170 599 2237 qui
639 2171 686 2222 in
723 2169 832 2237 lege
867 2179 1293 2234 conversantur,
1347 2167 1594 2237 pusillam
1628 2169 1826 2223 habent
1876 2180 1931 2223 et

351 2277 566 2329 parvam
602 2259 1067 2313 conversationem
1094 2299 1108 2323 ,
1156 2258 1396 2326 quandiu
1440 2260 1740 2312 secundum
1780 2260 1925 2313 litte-

350 2369 462 2406 ram
496 2352 799 2420 intelligunt
834 2351 1026 2419 legem.
1072 2350 1216 2403 Nihil
1249 2350 1391 2404 enim
1431 2352 1635 2420 grande
1666 2361 1770 2413 est.
1802 2352 1925 2407 sab-

344 2444 463 2495 bata
491 2484 505 2507 ,
536 2451 588 2496 et
624 2444 945 2496 neomenias
976 2483 990 2506 ,
1024 2450 1079 2495 et
1112 2442 1586 2497 circumcisionem
1619 2444 1799 2498 carnis
1820 2485 1834 2507 ,
1872 2454 1925 2498 et

341 2540 589 2594 ciborum
622 2537 1002 2592 distinctiones
1032 2538 1329 2592 carnaliter
1358 2538 1669 2591 observare.
1704 2536 1759 2591 Si
1793 2554 1922 2593 vero

342 2632 661 2699 spiritaliter
697 2630 1000 2700 intelligere
1030 2631 1152 2697 quis
1193 2629 1452 2696 emperit,
1506 2629 1634 2697 ipsa:
1684 2629 1787 2684 illae
1820 2631 1922 2684 ob-

348 2725 658 2791 servantiae,
696 2740 817 2793 quae
849 2722 1143 2777 secundum
1174 2721 1410 2775 litteram
1446 2721 1652 2790 pusilla:
1682 2733 1841 2776 erant
1869 2732 1923 2775 et

342 2832 542 2885 parvae,
584 2816 880 2869 secundum
926 2815 1174 2882 spiritum
1220 2830 1323 2866 non
1369 2821 1527 2866 erunt
1577 2828 1784 2882 parva},
1826 2813 1920 2867 sed

347 2926 570 2979 magum.
603 2909 860 2963 Ascendit
894 2923 1023 2977 ergo
1054 2918 1174 2976 post
1207 2907 1321 2960 lnee
1357 2906 1457 2960 Lot
1494 2907 1544 2958 in
1579 2916 1841 2968 montem.
1867 2915 1921 2960 et

346 3002 415 3054 ibi
446 3001 653 3054 habitat
689 2999 741 3051 in
770 3001 1025 3067 spelunca
1055 3040 1069 3063 ,
1102 3008 1160 3051 ut
1196 2999 1325 3052 dicit
1362 2999 1641 3064 Scriptura
1670 3039 1684 3063 ,
1720 2998 1835 3065 ipse
1866 3008 1919 3053 et

345 3095 461 3146 dua:
507 3093 628 3145 lilite
658 3092 794 3161 ejus.
826 3091 888 3144 Et
916 3092 1229 3144 ascendisse
1255 3090 1337 3143 lex
1376 3089 1606 3153 putanda
1639 3097 1761 3153 est,
1793 3104 1915 3141 cum
1947 3130 1990 3189 C

342 3185 389 3237 ei
435 3200 531 3254 per
566 3184 821 3255 templum
874 3199 901 3236 a
944 3182 1232 3238 Salomone
1278 3190 1649 3237 constructum
1691 3185 1919 3236 accessit

339 3286 601 3343 ornatus,
630 3292 752 3331 cum
792 3275 933 3330 facta
967 3285 1049 3331 est
1080 3276 1298 3344 quidem
1330 3278 1521 3329 domus
1557 3273 1648 3327 Dei
1679 3315 1694 3337 ,
1728 3276 1917 3328 domus

338 3368 648 3431 orationis,
702 3367 826 3421 mali
879 3376 1059 3419 autem
1113 3366 1454 3421 habitatores
1502 3365 1746 3420 fecerunt
1798 3381 1917 3421 eam

338 3458 651 3523 speluncam
692 3458 961 3511 latronum
991 3459 1062 3510 ".
1096 3457 1367 3510 Habitavit
1411 3474 1541 3528 ergo
1577 3459 1627 3510 in
1661 3458 1916 3526 spelunca

340 3549 438 3601 Lot
463 3558 516 3602 et
540 3548 656 3600 dum
689 3548 809 3599 ﬁliae
852 3548 987 3615 ejus.
1022 3547 1162 3600 Duas
1191 3549 1286 3600 has
1330 3549 1469 3600 tilias
1492 3549 1771 3601 evidenter
1804 3563 1922 3616 pro-

340 3644 500 3707 pheta
547 3638 806 3691 «inscribit
837 3638 917 3700 ⁷³,
967 3637 1155 3691 dicens
1184 3637 1390 3690 Oollam
1430 3649 1481 3689 et
1513 3638 1755 3691 Oolibant
1787 3639 1920 3691 duas

332 3746 551 3786 sorores
575 3745 729 3797 esse;
766 3739 819 3785 et
849 3744 969 3784 esse
990 3730 1203 3799 quidem
1221 3729 1424 3781 Oollam
1455 3728 1752 3782 Jerusalem
1780 3727 1918 3799 (‘26),

336 3832 391 3874 et
418 3818 666 3875 Oulibam
700 3835 819 3873 esse
851 3820 1179 3873 Samariam.
1213 3820 1266 3872 lu
1297 3822 1432 3872 duas
1458 3834 1587 3888 ergo
1616 3828 1793 3886 partes
1827 3833 1922 3886 po-

336 3913 491 3979 pulus
529 3912 638 3983 76
666 3914 869 3965 divisus
891 3954 906 3979 ,
938 3912 1070 3965 duas
1111 3911 1240 3965 iecit
1274 3911 1411 3964 ﬁlias
1452 3911 1604 3980 legis.
1641 3912 1758 3964 Istae
1790 3927 1916 3965 car-

339 4005 509 4060 nalem
541 4007 820 4073 cupientes
858 4005 1171 4077 progeniem
1207 4019 1530 4074 prapagare,
1565 4014 1618 4057 et
1649 4004 1793 4058 vires
1832 4020 1916 4058 re-

338 4098 424 4165 gni
455 4099 728 4152 terrestris
757 4113 1045 4151 numerosa
1074 4098 1393 4167 posteritate
1427 4097 1659 4159 munire,
1698 4099 1915 4165 sopieu-

337 4201 416 4242 tes
452 4198 652 4258 patrem
686 4198 734 4243 et
769 4205 1017 4243 somnum
1042 4191 1088 4242 ei
1130 4189 1463 4250 inducentes,
1503 4190 1554 4242 id
1584 4200 1666 4243 est
1711 4205 1911 4258 eogeu~

335 4290 414 4335 tes
443 4289 496 4334 et
530 4282 823 4335 obruentes
873 4280 990 4348 eius
1023 4282 1320 4351 Spiritalem
1367 4296 1610 4345 sensum,
1641 4282 1810 4335 solam
1846 4299 1910 4336 ex

333 4386 399 4425 eo
434 4373 616 4425 carnis
648 4372 1061 4442 intelligentiam
1114 4373 1359 4425 trahunt.
1397 4372 1524 4425 lude
1556 4374 1909 4440 concipiunt,

2056 533 2199 584 tione
2228 546 2324 599 pro
2354 530 2642 593 Trinitate,
2674 543 2772 581 nrc
2801 541 2995 596 quarta
3026 544 3121 596 pro
3151 532 3445 602 Evangeliis
3467 580 3481 603 ,
3523 556 3621 592 ηερ

2054 622 2103 674 iu
2135 622 2392 674 saeculum
2421 662 2435 684 ,
2468 622 2570 673 nisi
2606 620 2741 672 forte
2770 629 2891 687 post
2922 634 3157 688 prteSr'ns
3190 627 3467 689 Stet-nium,
3500 646 3619 683 cum

2050 712 2331 782 plenitudo
2377 713 2620 780 gentium
2673 711 2944 765 introierit
2976 749 2990 774 ,
3027 720 3082 764 et
3121 713 3202 765 sic
3234 715 3407 768 omnis
3454 716 3621 773 Israel

2046 805 2227 859 salvus
2277 806 2437 858 fuerit
2467 804 2664 857 factus.
2724 806 2867 865 llmc,
2901 815 2957 855 ut
3000 805 3299 872 potuimus,
3332 811 3625 865 secundum

2045 897 2390 965 allegoricam
2429 895 2843 966 intelligentiam
2879 895 2945 947 de
2976 895 3075 948 Lot
3105 906 3161 949 et
3194 912 3361 950 uxore
3386 898 3535 966 ejus,
3568 917 3629 955 ac

2043 990 2106 1043 de
2140 989 2352 1042 ﬁliabus
2380 988 2771 1055 exculpsimus,
2808 989 2942 1041 nihil
2971 988 3395 1056 prasjndicantcs
3429 992 3513 1047 his
3539 994 3629 1061 qui

2041 1082 2317 1133 sacratius
2346 1081 2546 1147 aliquid
2580 1079 2647 1132 de
2686 1080 2787 1133 hoc
2819 1080 3023 1133 sentire
3052 1083 3347 1147 potuerint.

2112 1177 2162 1227 6.
2223 1173 2375 1239 Quod
2431 1187 2558 1224 vero
2609 1173 2659 1223 in
2728 1173 2922 1224 morali
2984 1172 3100 1227 loco
3150 1174 3400 1241 superius
3452 1176 3626 1245 ipsum

2040 1254 2257 1333 quidem
2288 1265 2389 1317 Lot
2425 1265 2489 1317 ad
2523 1265 2902 1318 rationabilem
2938 1283 3155 1322 sensum
3187 1280 3237 1321 et
3269 1271 3482 1323 virilem
3519 1272 3630 1324 ani-

2041 1370 2188 1407 mum
2216 1358 2504 1418 traximus,
2539 1371 2763 1409 uxorem
2790 1371 2918 1408 vero
2948 1358 3080 1420 ejus,
3113 1374 3230 1426 quae
3260 1372 3410 1413 retro
3444 1379 3627 1431 respe-

2043 1445 2206 1508 xerit,
2239 1461 2460 1498 carnem
2492 1448 2948 1513 concupiscentiis
2982 1460 3032 1501 et
3066 1450 3438 1517 voluptatibus
3472 1455 3625 1508 dedi-

2040 1544 2144 1587 tam
2175 1534 2434 1598 diximus,
2474 1552 2577 1589 non
2613 1536 2947 1606 negligenter
2978 1538 3112 1600 ha'c,
3142 1556 3173 1592 ο
3201 1544 3442 1607 auditor,
3473 1545 3624 1597 ext-i-

2036 1627 2169 1695 pias.
2204 1626 2506 1680 Observare
2555 1629 2698 1679 enim
2733 1629 2899 1683 debes
2931 1645 2997 1684 ne
3030 1631 3166 1684 forte
3199 1633 3364 1685 etiam
3389 1650 3509 1687 cum
3543 1636 3624 1687 ef-

2036 1715 2238 1782 fugeris
2266 1715 2511 1771 ﬁammas
2551 1720 2822 1784 smculi,et
2860 1722 3105 1774 incendia
3139 1725 3321 1776 carnis
3354 1728 3623 1792 evaseris,

2030 1807 2191 1861 etiam
2228 1822 2349 1861 cum
2383 1809 2631 1876 pusillam
2674 1819 2729 1863 et
2764 1827 2870 1865 non
2919 1814 3173 1880 pusillam
3206 1818 3482 1872 civitatem
3518 1819 3620 1873 Se»

2030 1913 2148 1966 gor,
2180 1899 2269 1965 qui
2301 1908 2377 1952 est
2408 1902 2621 1955 medius
2650 1902 2874 1969 quidam
2906 1913 2961 1957 et
2987 1904 3164 1959 civilis
3196 1907 3495 1975 profectus,
3528 1925 3620 1963 su-

2030 1992 2326 2056 peraveris,
2355 2001 2409 2044 et
2441 1994 2505 2043 ad
2536 1994 2777 2046 scientia:
2803 1995 3174 2058 altitudinem,
3207 1999 3348 2050 velut
3379 2002 3444 2052 ad
3471 2017 3620 2069 qna!-

2034 2086 2153 2137 dam
2181 2086 2463 2138 cacumina
2499 2086 2701 2138 montis
2733 2089 3078 2142 ascenderis:
3110 2092 3231 2143 vide
3265 2107 3330 2145 ne
3358 2093 3449 2145 tibi
3482 2096 3619 2148 insi-

2039 2175 2257 2228 dientur
2289 2176 2408 2228 dum
2437 2176 2559 2228 ﬁlia:
2588 2176 2723 2236 istae,
2755 2192 2873 2244 quae
2912 2192 2941 2231 a
2973 2186 3024 2231 te
3052 2195 3153 2232 non
3190 2181 3493 2245 discedunt,
3526 2186 3621 2236 sed

2030 2275 2330 2333 sequuntur
2354 2274 2406 2319 te
2436 2267 2600 2319 etiam
2625 2282 2747 2320 cum
2776 2268 3028 2321 ascendis
3068 2270 3118 2321 in
3162 2279 3422 2334 montem,
3457 2274 3505 2323 id
3537 2284 3621 2326 cst

2028 2373 2163 2411 vana
2198 2359 2391 2427 gloria,
2434 2370 2489 2411 et
2526 2358 2699 2424 major
2736 2374 2893 2412 soror
2923 2359 3039 2429 ejus
3074 2362 3352 2429 superbia.
3386 2363 3514 2417 Vide
3551 2380 3620 2418 ne

2028 2448 2143 2502 ista:
2179 2449 2299 2501 lilia:
2335 2459 2387 2503 te
2427 2450 2661 2518 sopitum
2708 2466 2770 2504 ac
2805 2450 3193 2515 dormientem,
3225 2454 3350 2506 dum
3384 2456 3477 2509 tibi
3516 2472 3618 2510 nec

2025 2542 2228 2595 sentire
2274 2558 2373 2597 nec
2427 2542 2733 2611 intelligere
2771 2543 2971 2597 videris
3004 2583 3019 2606 ,
3072 2545 3449 2613 complexibus
3499 2550 3616 2602 suis

2024 2632 2316 2701 stringant.
2350 2632 2481 2698 Qum
2517 2632 2720 2686 idcirco
2757 2631 2880 2685 ﬁliae
2909 2632 3185 2698 dicuntur,
3228 2634 3353 2701 quia
3387 2651 3489 2690 non
3516 2652 3617 2688 no-

2023 2724 2107 2777 bis
2147 2724 2491 2777 extrinsecus
2539 2726 2952 2791 superveniunt,
3004 2726 3097 2777 sed
3154 2726 3218 2778 de
3254 2726 3412 2779 nobis
3443 2738 3498 2781 et
3547 2729 3614 2781 de

2022 2829 2241 2873 actuum
2277 2828 2587 2872 nostrorum
2638 2817 3033 2886 velutquadam
3073 2819 3381 2888 inlegtitate
3418 2837 3610 2891 proce-

2023 2909 2176 2961 dunt.
2209 2908 2386 2977 Vigila
2414 2924 2546 2978 ergo
2581 2920 2842 2976 quantum
2876 2921 3052 2979 potes,
3088 2920 3143 2964 et
3172 2912 3397 2966 observa
3433 2928 3499 2966 ue
3547 2916 3612 2968 de

2023 2999 2103 3049 his
2131 3013 2359 3067 generes
2391 2998 2562 3065 lilios;
2602 2999 2724 3066 Quia
2756 2999 2845 3066 qui
2878 2999 2943 3052 de
2976 2999 3059 3051 his
3095 3001 3206 3052 uati
3246 3000 3469 3067 fuerint,
3502 3018 3605 3055 non

2024 3087 2324 3142 introibant
2373 3088 2423 3141 in
2466 3088 2764 3142 Ecclesiam
2814 3089 3048 3143 Domini.
3089 3090 3167 3144 Tu
3209 3102 3415 3156 autem,
3448 3095 3491 3147 si
3530 3095 3610 3147 vis

2024 3196 2308 3249 generare,
2344 3180 2397 3234 in
2426 3181 2619 3249 spiritu
2653 3196 2851 3249 genera
2876 3222 2891 3243 ,
2922 3183 3183 3249 quoniam
3215 3188 3305 3253 qui
3333 3188 3385 3238 in
3418 3189 3607 3254 spiritu

2024 3273 2244 3324 seminat
2268 3311 2282 3333 ,
2327 3275 2392 3324 de
2421 3272 2614 3339 spiritu
2662 3282 2813 3324 metet
2851 3273 3007 3325 vitam
3045 3283 3298 3327 aternam
3330 3276 3396 3327 ⁷⁸.
3432 3277 3487 3330 Si
3528 3278 3609 3329 vis

2025 3362 2323 3431 amplecti,
2375 3362 2716 3430 amplectare
2774 3365 3092 3432 sapientiam
3158 3373 3212 3418 et
3254 3367 3338 3420 dic
3391 3369 3605 3435 sapien-

2026 3455 2152 3506 tiam
2200 3467 2443 3506 sororem
2489 3461 2635 3505 tuam
2681 3468 2822 3518 esse,
2851 3464 2911 3507 ut
2954 3464 3006 3507 et
3057 3454 3335 3523 Sapientia
3364 3457 3507 3510 dit-at
3540 3460 3606 3512 de

2025 3554 2075 3599 te
2098 3544 2177 3596 7‘:
2213 3543 2313 3608 Qui
2344 3543 2523 3613 fecerit
2556 3543 2875 3598 voluntatem
2904 3542 3084 3597 Patris
3118 3561 3216 3598 met
3246 3547 3335 3615 qui
3372 3548 3424 3599 in
3460 3549 3602 3602 caelia

2022 3645 2119 3695 est,
2150 3636 2232 3687 hic
2271 3650 2415 3685 tuens
2446 3642 2492 3686 et
2532 3632 2720 3701 frater,
2758 3644 2803 3686 et
2852 3651 3021 3693 soror.
3055 3645 3100 3688 et
3139 3646 3306 3688 mater
3336 3648 3427 3691 est.
3475 3641 3605 3705 Quae

2025 3725 2292 3794 sapientia
2339 3723 2496 3776 Jesus
2539 3723 2790 3777 Christus
2832 3724 3092 3777 Dominus
3138 3738 3324 3778 noster
3365 3740 3471 3794 est,
3518 3734 3604 3783 cui

2023 3826 2105 3871 est
2161 3815 2332 3885 gloria
2396 3824 2454 3869 et
2516 3813 2802 3883 imperium
2871 3815 2924 3867 in
2988 3815 3184 3868 saecula
3254 3819 3604 3874 saeculorum.

2021 3908 2218 3960 Anien.
2714 3922 2717 3941 τ

2598 4015 2878 4071 IIOMILIA
2930 4015 3018 4071 Vl.

2018 4131 2095 4185 De
2137 4130 2427 4185 Abimelcch
2480 4146 2597 4189 reae
2628 4128 3071 4181 Plrilistltinomm
3102 4169 3115 4191 ,
3145 4132 3404 4197 qtmntodo
3457 4134 3600 4187 acri-

2158 4218 2275 4266 pere
2310 4200 2471 4253 voluit
2517 4199 2708 4253 Soram
2752 4200 2803 4251 in
2853 4202 3247 4252 matrimonium
3283 4202 3417 4271 (28).

2086 4292 2334 4346 Recitata
2381 4299 2464 4343 est
2514 4289 2671 4341 nolis
2716 4289 2942 4341 liiStoria
2992 4289 3111 4342 libri
3155 4290 3461 4355 Geneseos,
3508 4293 3596 4346 ubi

2018 4384 2255 4438 refertur
2295 4381 2435 4449 quod
2487 4391 2605 4448 post
2634 4382 2893 4433 visionem
2946 4381 3107 4433 trium
3157 4382 3438 4444 virorum,
3481 4394 3598 4447 post

334 4463 456 4516 inde
489 4473 747 4532 generant
783 4464 919 4516 lilios
954 4463 1120 4525 tales,
1161 4480 1298 4533 quos
1342 4480 1439 4518 nec
1488 4467 1751 4531 sentiret,
1809 4483 1906 4520 nec
1944 4458 1986 4510 Π
2014 4472 2352 4527 eversionem
2406 4467 2797 4532 Smlotnorum,
2844 4478 2897 4520 et
2946 4466 3045 4521 Lot
3087 4468 3167 4520 vel
3213 4468 3596 4536 hospitalitatis

331 4569 649 4626 agnosceret
690 4565 862 4623 pater.
916 4555 1027 4610 Nec
1062 4557 1205 4609 enim
1242 4558 1344 4611 iste
1385 4571 1578 4610 sensus
1604 4599 1619 4623 ,
1667 4567 1760 4612 aut
1791 4561 1906 4613 luce

330 4646 584 4699 voluntas
616 4646 789 4699 fuerat
822 4647 955 4716 legis
976 4689 989 4713 ,
1045 4656 1101 4701 ut
1132 4648 1424 4702 carnaliter
1457 4660 1738 4717 generaret
1765 4666 1778 4714 ;
1812 4650 1905 4703 sed

330 4737 544 4806 sopitur
574 4738 693 4800 lex,
726 4747 782 4789 ut
824 4740 945 4792 talis
978 4740 1264 4807 posteritas
1295 4752 1609 4809 generetur,
1641 4758 1760 4810 qua:
1799 4759 1904 4797 non

332 4831 495 4884 intret
514 4830 564 4883 in
592 4830 884 4884 Ecclesiam
907 4833 1454 4886 DoutiniJmmonitw
1471 4834 1634 4897 enim,
1652 4835 1903 4902 inquit",

330 4932 377 4974 et
398 4919 651 4974 Moabitw
675 4938 775 4973 non
796 4923 1081 4976 introibant
1102 4924 1155 4976 in
1179 4923 1467 4976 Ecclesium
1500 4923 1709 4977 Domini
1742 4943 1900 4996 usque

331 5016 384 5067 in
420 5017 628 5067 tertiam
675 5025 721 5067 et
754 5025 997 5084 quartam
1038 5018 1333 5084 progeniem
1373 5017 1484 5086 (27)
1510 5058 1524 5082 ,
1565 5027 1611 5069 et
1644 5034 1804 5086 usque
1847 5022 1898 5071 in

327 5106 598 5159 meatum.
656 5105 907 5174 Designat
944 5106 1083 5174 quod
1120 5108 1417 5160 cat'naliter
1447 5109 1729 5173 generatio
1765 5109 1899 5177 legis

404 5220 446 5252 "
485 5221 680 5280 Genes.
730 5239 844 5285 xm,
887 5222 977 5277 20.
1053 5226 1097 5255 ⁷³
1142 5223 1333 5277 Matth.
1379 5241 1494 5287 κει,
1534 5224 1621 5279 i8.

325 5306 424 5353 xu,
454 5292 543 5346 50.
622 5294 667 5324 ⁷⁷
718 5293 916 5348 Geucs.
944 5310 1035 5358 xx,
1065 5296 1111 5346 i.

397 5384 508 5455 (:26)
538 5384 668 5439 Esse
699 5388 906 5455 quidem
941 5384 1150 5455 Oollum
1181 5385 1493 5450 Jerusalem,
1539 5397 1640 5440 etc.
1672 5387 1900 5446 Econtra

326 5453 598 5509 Ezechiel.
655 5453 814 5518 xxut,
861 5456 1012 5511 Oolla
1063 5453 1349 5522 Samaria,
1396 5469 1450 5510 et
1505 5455 1696 5512 Ooliba
1741 5459 1901 5515 Jeru-

325 5524 493 5577 salem
537 5541 655 5579 esse
687 5527 908 5579 dicitur.

397 5592 507 5663 (27)
559 5592 729 5664 Usque
759 5597 811 5647 in
847 5597 1053 5649 tertiam
1085 5607 1134 5651 et
1164 5606 1409 5665 quartam
1441 5599 1758 5664 progeniem,
1786 5610 1896 5654 etc.

326 5664 614 5736 Deuteron.
656 5680 809 5727 χχιιι,
857 5666 912 5727 3,
949 5684 1050 5719 non
1099 5680 1268 5732 usque
1299 5665 1351 5716 in
1380 5668 1593 5718 tertiam
1640 5680 1693 5720 et
1737 5686 1900 5736 quar-

326 5745 478 5798 tam,
523 5734 617 5789 sed
651 5738 813 5789 etiam
860 5746 979 5805 post
1028 5737 1292 5791 decimam
1343 5734 1765 5802 generationem
1796 5740 1897 5790 Et:-

1695 5227 1741 5257 ⁷³
1766 5228 1966 5287 Ezech.
2018 5247 2181 5286 xxm.

2012 4564 2207 4617 merito
2247 4561 2331 4614 vel
2378 4560 2867 4627 consanguinitatis
2913 4560 3143 4613 Abraha:
3186 4562 3357 4629 gratia
3406 4576 3595 4614 serva-

2009 4663 2122 4707 tum
2150 4694 2162 4715 ,
2190 4652 2454 4721 profectus
2481 4663 2579 4716 est,
2624 4652 2798 4719 inquit
2832 4652 2900 4713 ⁷⁷,
2954 4653 3075 4705 inde
3120 4653 3384 4706 (lbra/mm
3417 4656 3486 4705 ad
3525 4656 3596 4704 A-

2008 4748 2269 4815 phricmn,
2315 4755 2368 4798 et
2417 4745 2564 4796 venit
2611 4745 2676 4795 ad
2734 4758 2915 4811 regem
2956 4743 3432 4799 I‘hilisthinorum.
3485 4743 3589 4794 lie-

2013 4838 2187 4893 fertttr
2241 4837 2407 4890 etiam
2464 4835 2607 4904 quod
2672 4843 2860 4903 pactus
2915 4835 2987 4889 sit
3047 4851 3169 4887 cum
3232 4834 3365 4885 Sara
3421 4846 3590 4885 uxore

2011 4938 2215 4993 sua,ut
2258 4944 2361 4981 non
2412 4928 2617 4980 diceret
2664 4942 2885 4978 uxorem
2936 4940 2995 4979 se
3038 4925 3308 4985 Abrahae,
3355 4923 3448 4976 sed
3501 4937 3591 4974 su-

2012 5037 2187 5075 rorem
2231 5019 2345 5087 ejus
2386 5033 2535 5082 esse;
2580 5026 2634 5071 et
2675 5017 2816 5084 quod
2865 5031 2956 5069 rex
3000 5016 3316 5068 Abimelet-h
3366 5028 3587 5080 aet-epe-

2011 5114 2083 5167 rit
2117 5127 2258 5179 eam,
2307 5112 2587 5180 ingressus
2633 5110 2705 5162 sit
2748 5117 2925 5161 autem
2974 5107 3112 5160 Deus
3157 5105 3222 5156 ad
3271 5105 3585 5157 Abinn-lerh

2258 5230 2304 5261 ⁷⁸
2328 5230 2481 5282 Deut.
2510 5242 2666 5290 χχιιι,
2696 5227 2749 5279 5.
2812 5224 2855 5253 ⁷⁵
2883 5221 3065 5276 Galat.
3091 5235 3167 5285 vt,
3194 5219 3245 5273 8.
3324 5221 3368 5250 ⁷⁸
3394 5220 3581 5275 Matth.

2011 5391 2193 5446 clesite
2244 5387 2394 5442 aditu
2441 5395 2699 5441 arcentur
2739 5382 3061 5437 Annnonitm
3107 5393 3156 5437 et
3206 5383 3472 5437 Moabine.

2086 5460 2198 5525 (‘28)
2249 5459 2428 5513 Codex
2484 5459 2543 5512 S.
2597 5454 2961 5525 Tigendorici:
3032 5454 3104 5507 De
3161 5456 3585 5523 peregrinatioaa

2011 5522 2236 5582 Abi-alia:
2263 5529 2404 5595 apud
2440 5542 2605 5596 regem
2641 5522 3097 5596 I’Iulistltinorum.
3126 5526 3308 5596 codex
3341 5525 3582 5596 Sanger-r

2009 5594 2326 5653 manensis:
2380 5597 2450 5651 De
2488 5594 2547 5649 eo
2586 5595 2727 5665 quod
2767 5594 3028 5647 Abraham
3079 5594 3339 5665 profectus
3392 5594 3458 5644 sit
3510 5595 3583 5649 ad

2010 5687 2179 5737 regem
2216 5664 2678 5728 l’ltilistltinorum,
2716 5677 2763 5720 et
2809 5667 2950 5735 quod
2998 5666 3210 5732 ﬁnxerit
3260 5664 3456 5719 Suram
3494 5682 3586 5717 so-

2011 5756 2088 5791 ἳύι
2101 5756 2177 5791 em
2228 5758 2249 5791 δ
2260 5756 2323 5790 illi
2332 5756 2376 5789 m
2420 5754 2552 5791 εδεσ.
