4122 6248
594 336 699 391 195

2062 327 2222 383 ORlG
2232 325 2387 384 ENIS

3722 342 3824 395 1ῦὺ

588 461 771 511 noctu,
820 461 872 503 et
922 448 1115 501 dixerit
1169 446 1215 499 ei
1256 446 1340 499 '9:
1405 446 1541 511 Quia
1581 464 1680 500 non
1733 448 2024 513 contigisti,
2071 448 2161 500 in-
2191 453 2239 511 Α
2266 461 2371 501 non
2404 455 2464 500 ut
2497 461 2719 502 uxorem
2744 447 2881 501 intra
2900 448 3172 517 gremium
3208 448 3613 517 concludamus,
3647 456 3739 508 sed
3775 466 3832 509 ut

586 542 734 606 quit,
777 539 1041 591 mulierem
1079 539 1252 589 hanc:
1294 548 1340 589 et
1392 554 1494 590 non
1524 540 1741 606 permisi
1782 548 1830 591 te
1860 540 2160 606 contingere

583 648 721 696 eum,
758 638 860 684 etc.
904 626 1030 681 Post
1075 627 1189 681 ha:c
1234 643 1359 682 vero
1404 628 1722 683 Ahimelech
1772 630 1999 684 reddidit
2040 646 2158 686 eam

584 723 699 772 viro
762 715 1070 774 suo.simul
1132 725 1186 770 et
1250 716 1550 786 increpavit
1605 718 1924 783 Abraham,
1971 733 2067 771 cur
2108 718 2157 773 ei

584 826 687 862 non
747 806 1033 863 confessus
1094 807 1257 861 fuerit
1322 809 1634 863 veritatem.
1694 807 1946 863 ltefertur
1996 810 2155 864 etiam

580 900 718 966 quod
789 909 1049 969 tanquam
1112 898 1375 969 propheta
1428 900 1704 954 Abraham
1764 902 2003 955 oraverit
2061 914 2159 969 pro

579 991 915 1053 Ahimelech,
954 1000 1009 1043 et
1054 1007 1248 1057 uxore,
1277 1000 1330 1046 et
1360 992 1573 1046 ancillis
1619 992 1754 1059 ejus,
1786 1001 1841 1047 et
1880 992 2156 1046 sanaverit

579 1084 833 1137 Dominus
877 1082 1222 1147 Ahimelech,
1270 1092 1324 1138 et
1368 1098 1594 1137 uxorem
1636 1082 1786 1148 eius,
1831 1094 1885 1138 et
1929 1084 2155 1138 ancillas

574 1172 711 1239 ejus.
762 1174 828 1226 Et
876 1190 974 1228 cur
1018 1190 1162 1228 curm
1197 1174 1295 1228 fuit
1332 1174 1689 1244 omnipotenti
1738 1174 1865 1238 Deo,
1904 1178 2152 1229 utetiam

576 1265 797 1318 ancillas
840 1265 1157 1320 Ahimeleeh
1200 1266 1457 1321 sanaret?
1486 1266 1750 1328 Quoniam
1790 1266 1997 1335 quidem
2028 1283 2154 1320 con-

571 1356 784 1410 cludens
830 1359 1183 1425 concluserat,
1229 1358 1402 1426 inquit
1433 1357 1499 1422 ⁷⁸,
1535 1357 1713 1410 vulvas
1754 1374 1934 1411 earum
1966 1374 2028 1411 ne
2058 1374 2154 1423 pa-

573 1456 764 1500 rcrcnt.
816 1445 1109 1515 Cmperunt
1156 1457 1338 1502 autem
1366 1461 1557 1516 parere
1603 1457 1811 1517 propter
1848 1450 2149 1502 orationem

571 1536 821 1590 Abraltrn.
891 1537 945 1591 Si
996 1539 1117 1605 quis
1165 1540 1281 1593 haec
1340 1539 1641 1594 secundum
1693 1540 1927 1593 litteram
1976 1541 2149 1593 solum

570 1628 756 1681 audire
785 1629 896 1681 vult
923 1638 975 1682 et
1017 1630 1336 1697 intelligere,
1379 1632 1549 1701 magis
1597 1647 1717 1685 cum
1765 1629 1961 1685 Judteis
1986 1645 2148 1699 quam

570 1731 689 1768 cum
733 1718 1069 1773 Christianis
1124 1719 1281 1772 debet
1321 1718 1521 1773 [rabere
1563 1720 1914 1773 auditorium.
1957 1721 2012 1774 Si
2053 1736 2150 1774 att-

2264 552 2511 592 sororem
2548 539 2709 592 etiam
2746 538 2867 592 aliis
2900 539 3205 594 volentibus
3241 542 3581 609 copulemus.
3617 528 3695 597 Ad
3734 546 3833 601 hos

2262 625 2494 695 denique
2520 626 2612 696 qui
2657 626 2880 694 perfecti
2932 636 3080 693 sunt,
3126 628 3257 683 dicit
3295 642 3477 682 sermo
3511 630 3831 688 divinus“:

2260 712 2359 765 Dic
2380 715 2694 782 sapientiam
2728 729 2961 769 sororem
2999 724 3145 770 tuam
3172 734 3305 771 esse.
3356 719 3668 774 Secundum
3725 724 3828 779 hoc

2260 805 2423 875 igitur
2445 805 2717 860 Abraham
2748 806 2939 861 Saram
2983 809 3202 864 dicebat
3228 825 3471 864 sororem
3500 824 3652 865 suam
3687 827 3830 870 esse.

2257 895 2677 966 Permittitergo
2705 897 2855 966 quasi
2893 898 3008 967 jam
3054 900 3349 969 perfectus,
3386 909 3444 954 ut
3475 902 3567 969 qui
3600 903 3710 956 vult
3736 905 3834 959 hs-

2256 989 2380 1043 beat
2401 989 2673 1042 virtutem.

2322 1080 2376 1133 2.
2414 1080 2595 1133 Voluit
2642 1088 2823 1135 tamen
2880 1081 3171 1150 aliquando
3226 1091 3277 1135 et
3320 1082 3531 1137 Pharao
3581 1085 3831 1153 accipere

2256 1167 2473 1231 Saram,
2503 1171 2597 1224 sed
2646 1186 2751 1223 non
2807 1170 2859 1223 in
2898 1173 3096 1225 mundo
3137 1174 3298 1228 corde
3344 1172 3547 1237 voluit,
3579 1184 3631 1227 et
3657 1176 3827 1230 virtus

2254 1262 2356 1314 nisi
2404 1277 2526 1315 cum
2581 1262 2762 1317 cordis
2808 1263 3096 1329 munditia,
3126 1279 3231 1318 non
3280 1274 3460 1334 potest
3507 1267 3818 1330 convenire.

2253 1352 2538 1420 Propterea
2568 1368 2699 1423 ergo
2728 1353 3009 1422 Scriptura
3038 1355 3207 1408 refert
3229 1355 3296 1418 θ’,
3342 1356 3469 1422 quia
3498 1352 3679 1425 afﬂixit
3710 1355 3824 1407 Do.

2252 1445 2424 1497 minus
2454 1444 2789 1498 Pharaonem
2827 1445 3195 1514 afﬂictionibus
3240 1447 3444 1516 magnis
3473 1456 3523 1499 et
3563 1446 3824 1515 pessimis.

2253 1538 2363 1593 Nec
2411 1538 2557 1593 enim
2619 1549 2831 1606 poterat
2888 1554 3013 1592 cum
3066 1539 3629 1607 exterminatore(5l)
3687 1539 3826 1608 (hoc

2251 1630 2394 1683 enim
2453 1631 2843 1699 interpretatur
2873 1631 2925 1683 in
2956 1632 3136 1700 lingua
3170 1641 3354 1685 nostra
3386 1630 3620 1699 Pharao)
3654 1631 3827 1686 virtus

2251 1721 2518 1775 habitare.
2552 1721 2866 1776 Ahimelech
2890 1736 3020 1775 vero
3044 1722 3173 1790 quid
3208 1722 3409 1774 dixerit
3438 1720 3505 1774 ad
3542 1721 3819 1774 Dominum

570 1816 673 1858 tem
704 1807 817 1859 vult
842 1808 1188 1863 Christianus
1231 1823 1351 1864 esse
1379 1818 1435 1863 et
1481 1809 1629 1862 Pauli
1678 1810 2004 1878 discipulus,
2048 1825 2145 1862 au-
2176 1823 2216 1877 Β
2248 1809 2543 1864 videamus.
2575 1810 2651 1863 Tu
2677 1811 2798 1871 scis,
2844 1811 3018 1880 inquit
3047 1811 3114 1875 ⁹⁰,
3149 1810 3393 1877 Domine,
3426 1813 3553 1881 quia
3582 1814 3633 1865 in
3668 1812 3822 1868 corde

570 1898 680 1949 diat
717 1914 836 1952 eum
898 1901 1163 1953 dicentem
1198 1901 1243 1932 ⁸⁸
1272 1942 1286 1965 ,
1349 1903 1472 1971 quia
1506 1901 1589 1955 lex
1636 1901 1889 1963 spiritalis
1929 1910 2025 1955 est.
2078 1903 2142 1957 Et

567 2004 688 2039 cum
734 1990 798 2042 de
846 1990 1116 2043 Abraham
1179 2002 1341 2059 atque
1390 2006 1559 2045 uxore
1608 1992 1729 2060 ejus
1773 2006 1837 2045 ac
1891 1993 2017 2046 [iliis
2062 1994 2137 2047 lo-

566 2085 862 2142 queretur,
911 2079 1226 2145 pronuntiat
1278 2079 1391 2133 haec
1439 2092 1559 2133 esse
1608 2079 1895 2150 allegorica
1940 2083 2011 2137 ".
2080 2083 2143 2136 Et

566 2164 689 2220 licet
755 2166 1052 2235 cujusmodi
1119 2168 1403 2238 allegorias
1473 2170 1673 2223 habere
1699 2170 1933 2226 debeant
1987 2172 2135 2242 (‘29),

564 2255 708 2310 haud
757 2256 913 2311 facile
951 2258 1073 2326 quis
1137 2268 1385 2312 nostrum
1437 2259 1681 2313 invenire
1724 2262 1932 2328 possit,
1976 2278 2136 2317 orare

564 2357 744 2401 tamen
788 2346 946 2402 debet
988 2356 1045 2401 ut
1093 2362 1123 2401 a
1167 2349 1333 2403 corde
1379 2348 1496 2417 ejus
1544 2350 1829 2405 auferatur
1871 2351 2135 2416 velamen,

561 2440 606 2492 si
653 2439 777 2506 quis
823 2449 907 2492 est
950 2439 1039 2507 qui
1098 2450 1326 2494 conetur
1384 2440 1626 2495 converti
1688 2445 1753 2495 ad
1804 2442 2134 2509 Dominum;

564 2528 819 2582 Dominus
858 2530 1002 2583 enim
1047 2532 1260 2599 spiritus
1290 2539 1363 2583 est
1388 2530 1478 2596 ⁸¹;
1528 2542 1587 2585 ιιι
1632 2533 1744 2602 ipse
1790 2534 1999 2589 auferat
2048 2551 2137 2589 ve-

562 2620 738 2673 lamen
788 2622 999 2685 littere,
1052 2633 1104 2675 et
1146 2622 1353 2691 aperiat
1403 2620 1576 2676 lucem
1623 2625 1869 2691 spiritus,
1915 2637 1966 2680 et
2013 2643 2137 2697 pos~

559 2713 731 2767 simus
766 2713 947 2767 dicere
976 2714 1042 2778 ⁸³,
1087 2716 1211 2783 quia
1250 2714 1480 2767 revelata
1519 2715 1654 2784 facie
1680 2716 1902 2785 gloriam
1950 2718 2133 2771 Domi-

562 2805 615 2858 ni
649 2804 996 2874 speculantes,
1038 2805 1093 2857 in
1138 2810 1320 2858 eadem
1352 2805 1580 2873 imagine
1625 2807 2071 2872 transformamur
2100 2825 2131 2861 a

558 2895 729 2965 gloria
772 2895 823 2948 in
859 2896 1081 2964 gloriam
1127 2905 1375 2962 tanquam
1422 2911 1455 2947 a
1489 2895 1700 2949 Domini
1722 2896 1949 2965 Spiritu.
1994 2897 2131 2951 Puto

558 3000 688 3055 ergo
734 2982 949 3046 Saram,
1000 2998 1119 3053 quae
1175 2983 1565 3051 interpretatur
1603 2985 1845 3053 princeps
1891 2983 2003 3053 (50)
2044 2983 2131 3037 vel

557 3077 905 3143 principatum
956 3092 1136 3144 agens.
1186 3074 1418 3129 fortnam
1490 3086 1676 3130 tenere
1720 3075 1941 3147 ἀρετῆς,
1988 3075 2130 3145 quod

557 3167 830 3219 cstanimi
874 3168 1065 3222 virtus.
1105 3164 1229 3219 "me
1254 3180 1385 3233 ergo
1411 3166 1587 3219 virtus
1615 3146 1902 3233 conjuncta
1949 3177 2034 3221 est
2080 3177 2136 3222 et
2163 3146 2207 3205 (ἶ

556 3261 794 3311 coluerat
845 3257 1072 3327 sapienti
1124 3266 1179 3311 et
1223 3256 1364 3311 fideli
1417 3257 1574 3323 viro,
1613 3256 1759 3311 sicut
1802 3266 1856 3311 et
1897 3258 1986 3312 ille
2040 3274 2133 3312 sa-

554 3350 728 3417 piens,
765 3350 857 3419 qui
884 3351 1098 3404 dicebat
1123 3350 1191 3403 de
1234 3348 1500 3417 sapientia
1525 3350 1593 3402 IN':
1621 3347 1774 3403 Hanc
1796 3350 2014 3420 quwsivi
2038 3350 2135 3403 ad-

554 3442 740 3494 ducere
784 3456 1033 3508 sponsam
1066 3441 1214 3493 mihi.
1260 3440 1384 3493 Ideo
1426 3454 1556 3509 ergo
1599 3440 1802 3494 dicitur
1843 3457 1872 3493 a
1915 3440 2025 3494 Deo
2065 3441 2132 3495 ad

552 3533 827 3588 Abraham
857 3535 905 3566 "
941 3549 957 3587 :
1012 3534 1203 3588 Omma
1252 3548 1573 3603 quwcunque
1617 3532 1809 3585 dixerit
1847 3534 1938 3585 tibi
1966 3533 2131 3595 Sara,

554 3625 685 3677 audi
737 3641 910 3678 vocem
962 3624 1096 3692 ejus.
1150 3623 1298 3690 Quod
1349 3624 1536 3691 utique
1582 3624 1635 3677 in
1681 3622 1953 3691 corporali
2003 3638 2131 3676 eon-

547 3714 697 3786 jngio
778 3731 885 3769 non
958 3714 1232 3769 convenit.
1303 3711 1515 3768 Dictum
1578 3722 1663 3769 est
1730 3714 1969 3783 quippe,
2024 3713 2131 3783 77

549 3824 673 3864 cum
717 3808 972 3864 divinitus
1004 3808 1211 3879 prolata
1259 3808 1329 3864 sit
1370 3809 1457 3863 illa
1510 3808 1816 3874 sententia,
1873 3821 1992 3877 qua:
2045 3807 2129 3859 di-

556 3900 633 3953 cit
680 3901 745 3954 ad
804 3900 1082 3953 mulierem
1141 3900 1206 3951 de
1250 3899 1369 3952 viro
1417 3899 1462 3929 “
1493 3916 1506 3951 ι
1540 3900 1619 3950 Ad
1650 3900 1818 3966 ipsum
1863 3896 2128 3951 conversio

550 4004 666 4054 tua,
698 4004 743 4046 et
772 3993 881 4060 ipse
924 3992 1005 4042 tui
1027 3990 1408 4043 dominabitur.
1436 3988 1495 4042 Si
1540 4003 1672 4057 ergo
1705 3984 1965 4041 dominus
2008 4002 2130 4041 esse

548 4085 751 4137 dicitur
776 4083 860 4134 vir
889 4079 1155 4145 mulieris,
1191 4080 1465 4148 quomodo
1515 4093 1644 4145 ergo
1694 4078 1889 4131 iterum
1918 4077 2129 4131 dicere-

552 4185 641 4227 tur
686 4174 751 4227 a‘d
804 4174 980 4225 virum
1034 4173 1125 4226 ’τε
1184 4170 1377 4225 Omnia
1429 4183 1751 4239 qua'cunque
1800 4167 1991 4220 dixerit
2035 4168 2128 4221 tibi

544 4265 708 4333 Sura,
737 4265 862 4318 audi
890 4280 1061 4318 vocem
1090 4264 1203 4331 eius
1232 4262 1327 4322 ?Si
1386 4262 1512 4329 quis
1535 4275 1666 4331 ergo
1698 4259 1897 4313 ascivit
1928 4260 2029 4314 sibi
2070 4259 2123 4312 in

548 4358 851 4428 conjuginm
884 4358 1162 4420 virtutem,
1194 4355 1381 4408 audiat
1403 4368 1587 4408 vocem
1624 4350 1744 4419 ejus
1774 4350 1826 4405 in
1868 4352 2123 4405 omnibus

549 4452 604 4503 in
634 4452 833 4518 quibus
856 4449 1143 4503 consilium
1169 4448 1380 4502 dederit
1409 4447 1481 4501 ei.
1506 4445 1674 4515 lgitnr
1713 4444 1987 4499 Abraham
2020 4459 2122 4499 non

2246 1902 2442 1953 mundo
2490 1900 2591 1969 feci
2618 1903 2735 1954 boc.
2791 1902 2970 1971 Longe
3005 1901 3167 1956 aliter
3204 1903 3313 1971 agit
3368 1902 3679 1957 Alzimelerh
3722 1902 3818 1957 iste

2244 2007 2407 2060 quam
2448 1992 2679 2048 Pharao.
2711 1991 2827 2045 Non
2866 2002 2949 2047 est
3004 1993 3074 2045 ita
3109 1992 3393 2059 imperitus
3443 2002 3495 2045 et
3550 1994 3815 2054 sordidus,

2242 2086 2338 2138 sed
2377 2085 2481 2139 scit
2507 2084 2632 2153 quia
2660 2099 2755 2139 cor
2794 2086 3048 2139 mundum
3082 2086 3240 2140 debet
3272 2100 3583 2154 prmparare
3610 2085 3816 2139 virtuti.

2243 2176 2307 2230 Et
2331 2176 2453 2244 quia
2510 2191 2645 2245 puro
2681 2178 2846 2230 corde
2873 2176 3041 2229 voluit
3094 2175 3376 2243 suscipere
3426 2175 3703 2240 virtutem,
3737 2174 3814 2229 id-

2240 2268 2387 2323 circo
2420 2284 2543 2321 eum
2577 2267 2718 2323 Dens
2736 2278 2918 2330 sanat,
2945 2278 3132 2321 orante
3166 2283 3262 2334 pro
3292 2268 3407 2336 ipso
3438 2268 3731 2321 Abraham.
3751 2268 3814 2320 Et

2240 2375 2343 2413 non
2394 2359 2561 2413 solum
2609 2359 2803 2427 ipsum,
2842 2359 2934 2412 sed
2981 2368 3033 2411 et
3060 2360 3285 2412 ancillas
3318 2360 3432 2424 ejus
3473 2366 3651 2412 sanat.
3675 2357 3813 2423 Quid

2240 2458 2419 2503 autem
2449 2457 2531 2500 est
2560 2448 2702 2515 quod
2734 2446 3000 2514 adjecerit
3033 2446 3318 2515 Scriptura
3348 2448 3416 2510 οι,
3446 2457 3493 2500 et
3527 2447 3810 2512 Dominus,

2241 2538 2437 2606 inquit,
2473 2554 2576 2591 non
2607 2538 2843 2606 permisit
2868 2538 2916 2591 ei
2949 2539 3249 2606 contingere
3273 2538 3419 2590 illaut
3452 2538 3478 2590 i'
3511 2535 3566 2591 Si
3596 2537 3817 2591 virtutis

2240 2627 2465 2681 formam
2518 2636 2660 2681 tenet
2704 2627 2862 2692 Sara,
2908 2639 2963 2683 et
2996 2630 3047 2682 in
3082 2630 3247 2683 corde
3280 2629 3478 2682 mundo
3504 2628 3815 2682 Abimelech

2240 2720 2405 2773 voluit
2431 2719 2677 2787 accipere
2726 2719 3003 2784 virtutem,
3040 2720 3167 2789 quid
3193 2728 3275 2773 est
3301 2718 3441 2787 quod
3464 2718 3663 2774 dicitur
3687 2718 3817 2789 quia

2241 2812 2495 2865 Dominus
2532 2828 2637 2864 non
2671 2812 2915 2879 permisit
2955 2827 3079 2865 eum
3110 2812 3424 2879 contingere
3457 2810 3603 2863 illam
3636 2811 3659 2863 ?
3688 2811 3817 2865 Abi-

2238 2902 2441 2957 melech
2480 2902 2870 2970 interpretatur
2910 2913 3058 2969 pater
3099 2917 3240 2954 meus
3273 2916 3367 2954 rex
3395 2894 3533 2969 (δῖ).
3560 2896 3625 2953 Et
3667 2900 3816 2953 vide-

2238 3004 2325 3050 tur
2361 3012 2487 3067 ergo
2524 2996 2652 3049 mihi
2677 2997 2816 3063 quod
2863 2997 2951 3050 hic
2998 2995 3312 3052 Abimelech
3362 2996 3594 3051 formam
3628 3005 3815 3051 teneat

2239 3088 2601 3143 studiosorum
2637 3096 2686 3140 et
2722 3087 3025 3155 sapientum
3076 3087 3281 3150 smculi,
3322 3087 3411 3157 qui
3463 3088 3815 3156 philosophiae

2242 3193 2464 3249 Operam
2497 3180 2704 3238 dantes,
2739 3177 2864 3231 licet
2887 3193 2995 3231 non
3028 3179 3293 3246 integram
3324 3188 3376 3231 et
3404 3178 3697 3247 perfectam
3730 3194 3815 3233 re-

2241 3271 2420 3338 gulam
2469 3269 2684 3338 pietatis
2732 3269 3035 3339 attigerint,
3082 3278 3260 3322 tamen
3312 3280 3601 3323 senserunt
3645 3269 3814 3323 Deum

2241 3371 2447 3430 patrem
2492 3370 2547 3414 et
2575 3375 2751 3429 regem
2788 3376 2907 3414 esse
2929 3362 3192 3421 omnium.
3245 3361 3297 3414 id
3334 3370 3417 3415 est
3447 3362 3536 3429 qui
3569 3361 3816 3429 genuerit

2240 3460 2296 3507 et
2328 3460 2479 3519 regat
2508 3452 2782 3507 universa.
2805 3450 2893 3504 Isti
2918 3467 3072 3517 ergo,
3105 3461 3363 3517 quantum
3392 3452 3456 3505 ad
3484 3453 3739 3516 ethicam,
3762 3453 3812 3504 id

2239 3551 2323 3597 est
2350 3541 2604 3596 moralem
2633 3542 3028 3611 philosophiam
3086 3551 3331 3609 spectat,
3377 3544 3539 3597 etiarn
3590 3542 3811 3613 puritati

2240 3634 2420 3687 cordis
2444 3648 2661 3701 operam
2698 3632 2912 3687 dedisse
2964 3632 3310 3699 aliquatenus
3370 3634 3811 3703 comprobantur,

2242 3730 2293 3776 et
2319 3726 2463 3778 omni
2496 3725 2676 3779 animo
2728 3725 2983 3792 omnique
3033 3724 3211 3776 studio
3266 3724 3457 3777 divinae
3483 3726 3694 3777 virtutis
3726 3724 3814 3776 in-

2239 3815 2587 3883 spirationem
2620 3816 2922 3883 qmesiisse.
2958 3814 3062 3870 Sed
3099 3816 3237 3869 hanc
3268 3830 3369 3867 non
3402 3815 3649 3882 permisit
3676 3817 3815 3867 Deus

2237 3907 2557 3974 contingere
2579 3904 2834 3960 cos.llaec
2863 3906 3008 3960 enim
3042 3908 3214 3977 gratia
3241 3921 3343 3959 non
3376 3919 3472 3971 per
3511 3903 3807 3969 Abraham,

2238 3995 2329 4062 qui
2364 3996 2613 4062 quamvis
2649 4006 2796 4051 esset
2847 4012 3105 4066 magnus,
3159 3995 3392 4050 famulus
3449 4003 3626 4047 tamen
3672 4005 3814 4057 erat,

2236 4081 2332 4137 sed
2360 4099 2454 4153 per
2476 4082 2748 4138 Christum
2788 4087 3037 4152 gentibus
3079 4089 3390 4155 parabatur.
3440 4083 3647 4137 Idcirco
3683 4096 3812 4151 ergo

2236 4172 2487 4240 quamvis
2536 4172 2822 4227 festinaret
2876 4174 3150 4227 Abt-aham
3183 4191 3278 4242 per
3319 4189 3378 4228 se
3403 4183 3457 4227 et
3495 4173 3548 4227 in
3578 4187 3636 4226 se
3683 4172 3812 4225 illud

2239 4262 2473 4333 impleri,
2501 4264 2643 4333 quod
2670 4265 2736 4317 ad
2777 4278 2900 4319 eum
2944 4264 3143 4317 dictum
3181 4262 3350 4327 est”,
3379 4262 3636 4331 quoniam
3661 4262 3810 4318 bene-

2235 4353 2480 4407 dicentur
2503 4355 2560 4408 in
2594 4366 2642 4408 te
2671 4370 2848 4409 omnes
2884 4363 3059 4424 gentes
3080 4395 3096 4419 ,
3128 4365 3306 4409 tamen
3338 4354 3390 4408 in
3411 4353 3556 4408 Isaae
3582 4354 3629 4407 ei
3660 4352 3817 4419 poni-

2239 4453 2327 4498 tur
2352 4444 2722 4514 repromissio,
2759 4444 2809 4498 id
2832 4454 2916 4498 est
2947 4444 2997 4498 in
3027 4445 3244 4499 Christo
3268 4484 3282 4508 ,
3311 4444 3449 4498 sicut
3495 4438 3629 4494 dicit
3658 4439 3802 4508 Apo-

547 4541 659 4592 vnlt
680 4540 791 4609 jam
842 4538 1097 4593 virtutem
1143 4552 1371 4591 uxorem
1404 4552 1556 4590 suam
1590 4534 1718 4589 dici.
1759 4534 1937 4589 Donec
1978 4534 2123 4588 enim
2159 4535 2199 4589 D
2232 4535 2403 4589 stolus
2432 4534 2477 4565 ’³
2509 4551 2519 4584 :
2548 4534 2666 4587 Non
2695 4535 2827 4587 dixit
2866 4553 2883 4584 ‹
2919 4543 2965 4586 ct
2994 4534 3303 4595 seminibus,
3345 4551 3363 4582 ι
3404 4531 3557 4602 quasi
3583 4532 3637 4586 in
3668 4532 3811 4587 mul-

548 4646 688 4684 uxor
718 4628 1017 4699 appellatur
1069 4629 1264 4693 virtus,
1310 4628 1525 4695 propria
1576 4636 1682 4691 est,
1726 4635 1937 4680 etcum
1980 4624 2124 4679 nullo

549 4722 860 4793 participari
896 4730 1097 4790 potest.
1134 4720 1200 4773 Et
1240 4728 1323 4774 est
1356 4718 1713 4782 conveniens,
1747 4726 1805 4770 ut
1856 4717 2029 4771 donec
2054 4715 2123 4768 ad

547 4816 846 4885 perfectura
894 4812 1202 4880 veniamus,
1240 4812 1382 4863 intra
1416 4824 1515 4861 nos
1548 4808 1620 4862 sit
1653 4806 1819 4860 animi
1850 4807 2042 4871 virtus,
2075 4814 2130 4859 et

546 4908 763 4977 prepria
796 4906 887 4959 sit.
915 4904 1054 4959 Cum
1104 4917 1235 4957 vero
1266 4903 1331 4955 ad
1365 4900 1665 4971 perfectum
1689 4899 2020 4964 venerimus,
2053 4897 2127 4949 ita

547 5010 609 5054 ut
639 5000 813 5055 idonei
843 4998 1015 5055 simus
1045 5006 1100 5051 et
1134 4997 1268 5050 alios
1295 4996 1511 5057 docere,
1549 5003 1678 5046 tunc
1698 4992 1812 5062 jam
1847 4991 2125 5053 virtutem,

627 5146 671 5177 ⁷⁸
701 5142 897 5199 Genes.
935 5155 1022 5204 xx,
1055 5136 1108 5192 6.
1187 5134 1232 5167 "
1266 5131 1420 5195 ibid.,
1452 5130 1537 5185 18.

556 5216 603 5245 *δ
627 5196 903 5281 δθρίγιιι,
934 5196 1021 5264 λ’
1065 5210 1110 5281 '_'
1134 5204 1528 5281 Genaunulg.
1605 5200 1650 5231 ⁸⁸
1674 5200 1807 5255 Gen.
1840 5213 1917 5281 ιιι.
1962 5196 2044 5281 lli:

1649 5129 1695 5161 ⁸ο
1725 5127 1881 5181 Rom.
1923 5139 2021 5185 vn,
2064 5124 2148 5178 H.
2262 5124 2302 5153 "
2332 5124 2600 5182 Galat.rv,

1649 5200 1807 5247 iam.
1840 5213 1917 5247 ιιι.
1962 5196 2044 5247 l6.
2158 5193 2201 5227 ⁸⁷
2228 5192 2361 5247 Gen.
2394 5207 2503 5247 χχι.
2535 5189 2600 5242 12

2232 4624 2333 4685 tis;
2364 4624 2453 4677 sed
2493 4632 2746 4693 tanquam
2779 4624 2833 4677 in
2872 4640 3006 4687 uno,
3050 4644 3068 4675 ι
3100 4634 3146 4677 et
3174 4623 3363 4677 semini
3409 4632 3532 4688 tuo,
3568 4641 3586 4674 ι
3618 4622 3707 4693 qui
3732 4632 3808 4679 est

2233 4715 2483 4772 Christus.
2510 4713 2675 4768 Sanat
2703 4724 2881 4769 tamen
2912 4715 3171 4769 Dominus
3200 4714 3536 4779 Abimelech,
3579 4722 3633 4770 et
3672 4730 3810 4771 uxo-

2235 4821 2350 4860 rem
2385 4805 2524 4875 ejus,
2559 4814 2613 4859 et
2638 4806 2860 4861 ancillas
2886 4806 3022 4875 ejus.

2305 4897 2360 4949 3.
2395 4893 2589 4948 Verum
2634 4908 2739 4945 non
2798 4894 2926 4946 mihi
2974 4892 3188 4946 videtur
3241 4891 3472 4945 otiosum
3507 4888 3651 4958 quod
3700 4900 3808 4939 non

2234 4988 2412 5043 solmn
2434 4984 2642 5047 uxoris,
2676 4985 2768 5037 sed
2802 4992 2857 5037 et
2898 4982 3215 5035 ancillarum
3258 4978 3568 5036 Abimelech
3608 4980 3809 5033 mentio

2262 5120 2302 5153 ⁸¹
2332 5120 2503 5175 Galat.
2528 5134 2602 5182 tv,
2645 5118 2738 5172 24.
2849 5117 2895 5149 ⁸⁸
2926 5120 2972 5172 ll
3002 5118 3127 5175 Cor.
3162 5135 3242 5185 ιιι,
3276 5120 3361 5174 l7.
3475 5120 3519 5153 ⁸³
3555 5120 3709 5184 ibid.,
3740 5121 3825 5174 l8.

2721 5188 2767 5218 ⁸⁸
2797 5188 2955 5243 Prov.
3022 5205 3103 5254 ιιι,
3164 5193 3216 5246 4.
3316 5190 3518 5246 "Gen.
3579 5209 3675 5252 xu,
3741 5191 3827 5245 17.

563 5286 605 5318 ’θ
1023 5282 1064 5312 ⁹¹
1086 5260 1237 5341 ibid.,
1271 5277 1323 5332 6.
1396 5260 1443 5305 δ’
1470 5273 1605 5329 Gcn.
1639 5286 1801 5327 xxx”.
1836 5269 1918 5321 18.
1994 5266 2039 5299 θ’
2065 5262 2138 5319 Ca

2266 5275 2344 5327 ιιι,
2372 5260 2458 5314 lli.

620 5423 731 5491 (29)
762 5421 829 5475 Et
866 5419 983 5491 licet
1012 5392 2120 5491 cujusmodi_.trl.legariasgitaliae-ﬁebam;

1066 5468 1232 5537 codex
1311 5468 1678 5530 Belvaccnsis.
1724 5468 1873 5522 Libri
1942 5472 2124 5515 autent

550 5563 720 5622 editi,
767 5571 818 5613 et
853 5558 971 5610 licet
1009 5554 1097 5624 qui
1130 5548 1408 5627 ejusmodi,
1459 5554 1565 5597 etc.

627 5633 738 5703 (307)
802 5627 1185 5703 Interpretatur
1228 5630 1464 5686 princeps
1494 5655 1507 5671 ,

556 5702 904 5769 principatum
932 5702 1112 5749 tenuit.

1566 5617 1675 5666 etc.
1723 5607 1766 5660 Δ
1813 5602 1993 5659 radice
2015 5596 2132 5657 'ﬁtU'

2302 5381 2414 5452 (5t)
2453 5371 3289 5452 Cunt_e.rterminatore._Pharao
3320 5365 3707 5452 exterminalor
3741 5361 3821 5413 di-

2235 5442 2377 5510 ctt‘nr
2398 5442 2436 5502 ἰι
2495 5450 2807 5510 radicem
2830 5444 3106 5507 abstraxit,
3133 5442 3516 5493 exterminavit.

2311 5503 2426 5590 (39)
2465 5532 2544 5576 ΞΝ
2575 5503 2838 5590 Ιιθὺῖιιὶἑθ
2870 5503 3300 5582 ραιιτηίεοιιιιι,
3330 5522 3452 5563 cum
3504 5503 3665 5558 allisa
3699 5506 3821 5590 βεικ

2238 5624 2437 5685 patrem
2464 5624 2631 5661 meum
2656 5624 2674 5670 ;
2705 5589 2826 5685 -ιΒιο
2853 5614 3031 5685 autem
3076 5617 3242 5669 regem
3263 5640 3279 5666 ,
3313 5598 3457 5654 unde
3505 5589 3818 5650 Ahimclech

2240 5680 2387 5739 recte
2424 5680 2831 5747 interpretaiur,
2855 5684 3002 5744 pater
3041 5687 3178 5724 meus
3211 5686 3323 5725 rex.
