4122 6248
386 266 489 322 197

1615 269 1684 323 IN
1724 268 2021 323 GENESIM
2060 267 2345 325 lth‘lllJA
2383 268 2491 323 VII.

3546 272 3645 328 198

386 390 530 441 facta
566 387 746 451 est,iu
783 401 847 441 eo
896 389 1129 445 maxime
1159 390 1303 460 quod
1346 391 1478 445 dicit
1504 392 1574 458 ",
1598 393 1723 461 quia
1752 394 1959 445 sanavit
1990 399 2035 454 Α
2064 392 2368 462 premium:
2413 389 2691 453 sustollat,
2724 388 2804 443 sic
2844 390 3005 443 verba
3053 390 3282 461 Spiritus
3326 393 3503 446 sancti
3537 408 3642 447 non

382 492 474 533 eas
509 478 671 541 Deus,
704 491 751 531 et
770 481 1057 547 pariebant.
1081 481 1425 537 Concluserat
1464 485 1602 537 enim
1630 484 1753 535 illas
1782 499 1845 535 ne
1871 499 1964 551 pa-

391 578 590 623 rerent.
627 569 893 635 Quantum
924 586 1210 640 possumus
1241 575 1296 626 in
1336 584 1447 626 tam
1476 574 1785 630 diliicilibus
1834 574 1969 628 locis

384 661 620 723 sentire,
674 670 926 729 putamus
985 680 1208 719 uxorem
1266 665 1580 720 Abimelech
1658 668 1964 722 naturalem

382 767 544 822 posse
592 752 986 821 philosophiam
1043 756 1149 809 dici
1188 772 1204 823 ;
1240 757 1467 810 ancillas
1511 772 1640 813 vero
1688 758 1844 826 ejus,
1881 759 1967 813 di-

383 861 540 914 versa
588 855 640 899 et
673 860 811 898 vana
868 861 967 912 pro
1011 848 1275 915 qualitate
1323 859 1596 904 sectarum
1654 861 1964 906 commenta

386 936 697 989 dialecticze.
748 936 957 991 Interea
1007 940 1281 994 Abraham
1319 941 1587 1010 impertiri
1607 944 1758 1012 cupit
1797 944 1963 997 etiam

386 1029 632 1095 gentibus
669 1028 869 1081 donum
918 1029 1112 1084 divina:
1159 1032 1413 1096 virtutis,
1445 1034 1541 1087 sed
1601 1036 1840 1089 nondum
1881 1043 1965 1089 est

382 1130 595 1187 tempus
622 1138 649 1172 a
693 1121 873 1189 priore
912 1122 1111 1193 popqu
1149 1126 1383 1179 transire
1408 1126 1474 1178 ad
1513 1135 1700 1196 gentes
1729 1112 1961 1199 gratiam

386 1209 503 1262 Dei.
538 1208 669 1264 Nam
699 1220 751 1265 et
785 1212 1079 1281 Apostolus
1101 1215 1169 1275 ’⁸,
1211 1214 1341 1269 licet
1378 1217 1482 1270 sub
1539 1216 1646 1270 alia
1677 1218 1860 1286 specie
1909 1227 1966 1273 et

384 1301 488 1353 alia
524 1300 711 1368 ﬁgura,
748 1304 877 1357 dicit
905 1314 1083 1357 tamen
1110 1305 1381 1358 mulierem
1408 1305 1682 1371 alligatam
1709 1322 1818 1359 esse
1840 1305 1963 1375 legi,

381 1395 614 1459 quandiu
634 1395 713 1447 vir
733 1394 844 1463 ejus
874 1396 1015 1451 vivit.
1051 1396 1114 1450 Si
1160 1408 1336 1449 autem
1369 1404 1612 1447 mortuus
1658 1395 1815 1462 fuerit
1862 1398 1964 1462 vir,

381 1486 609 1539 solutam
655 1502 765 1541 esse
794 1505 824 1540 a
857 1488 967 1557 lege
997 1490 1125 1550 viri,
1169 1499 1225 1540 ut
1262 1490 1379 1557 jam
1426 1505 1533 1541 non
1578 1488 1644 1540 sit
1698 1488 1965 1555 adultera,

380 1580 427 1631 si
451 1579 607 1647 fuerit
641 1596 758 1632 cum
782 1579 889 1631 alio
925 1581 1063 1635 viro.
1102 1578 1326 1648 Oportet
1364 1594 1493 1648 ergo
1542 1582 1673 1635 mori
1705 1581 1852 1652 prius
1891 1580 1966 1635 leo

380 1686 499 1737 gem
533 1670 834 1732 litterm,ut
865 1669 938 1722 ita
980 1670 1199 1722 demum
1236 1669 1401 1724 libera
1431 1670 1544 1737 jam
1580 1673 1753 1724 anima
1793 1672 1958 1741 spiri-

2068 483 2264 552 ineptis
2306 492 2360 557 e_t
2392 482 2635 538 Judaicis
2676 480 2877 534 fabulis
2916 481 3315 546 decoloret,scd
3339 484 3495 552 plena
3540 486 3638 539 ho-

2068 580 2319 644 nestatis,
2346 585 2401 632 et
2428 578 2584 646 plena
2624 576 2845 629 virtutis
2888 586 3054 643 atque
3093 577 3340 631 utilitatis
3378 580 3637 649 assignet.

2065 670 2317 739 Alioquin
2344 683 2465 739 quae
2491 667 2652 722 nobis
2696 667 2988 721 mdiﬁcatio
3018 666 3121 720 erit
3149 666 3445 734 legentibus
3466 671 3641 723 Abra-

2066 762 2188 816 ham
2216 772 2424 815 tantum
2460 760 2846 831 patriarcham,
2881 775 2987 812 non
3023 758 3194 812 solum
3228 761 3507 814 mentitum
3524 776 3645 817 esse

2062 851 2375 906 Abimelech
2412 852 2550 919 regi,
2582 851 2675 904 sed
2710 858 2766 901 et
2811 848 3130 916 pudicitiam
3174 847 3422 919 conjugis
3467 852 3645 919 prodi-

2067 944 2247 998 disse?
2273 942 2414 1009 Quid
2464 958 2566 996 nos
2616 940 2852 993 :cdilicat
2884 939 3016 993 tanti
3049 940 3377 1007 patriarcha:
3407 958 3569 1004 uxor,
3601 944 3644 997 si

2066 1043 2285 1104 putetur
2315 1032 2873 1089 contaminationibns
2915 1030 3161 1099 expoSita
3196 1045 3295 1099 per
3347 1033 3650 1088 conniveo.

2067 1126 2195 1178 tiam
2225 1124 2525 1179 maritalem
2556 1124 2580 1176 ‘l
2626 1122 2751 1176 llam
2791 1119 2962 1175 Judaei
2992 1132 3211 1187 putent,
3236 1130 3292 1174 et
3316 1122 3360 1175 si
3387 1123 3481 1191 qui
3520 1140 3647 1178 cum

2063 1217 2146 1271 eis
2169 1228 2293 1270 sunt
2328 1216 2521 1270 littera:
2549 1214 2733 1275 amici,
2767 1229 2871 1266 non
2906 1214 3161 1282 spiritus;
3189 1228 3286 1267 nos
3322 1225 3501 1267 autem
3535 1216 3651 1283 spi-

2068 1308 2313 1362 ritalibus
2335 1306 2601 1376 Spiritalia
2625 1316 3027 1372 comparantes,
3050 1314 3105 1357 et
3129 1316 3249 1357 actu
3277 1315 3332 1358 et
3369 1305 3643 1359 intellectu

2066 1398 2342 1467 spiritales
2373 1396 2671 1451 elﬁciamur
2698 1394 2748 1447 in
2782 1394 2996 1447 Christo
3022 1393 3148 1447 Jesu
3178 1392 3407 1448 Domino
3430 1405 3643 1459 nostro,

2066 1490 2151 1544 cui
2184 1499 2267 1544 est
2294 1490 2463 1559 gloria
2509 1498 2564 1543 et
2611 1486 2895 1555 imperium
2948 1486 3000 1539 in
3046 1486 3242 1540 smcula
3290 1486 3641 1541 szcculorum.

2060 1581 2253 1635 Amen.

2627 1666 2910 1723 HOMILIA
2956 1667 3069 1722 VII.

383 1762 460 1813 tui
484 1763 676 1820 nubat,
709 1768 764 1813 et
821 1762 943 1813 nevi
993 1761 1297 1813 testamenti
1330 1761 1727 1815 matrimonium
1759 1761 1957 1815 sortia-
1989 1755 2029 1809 Β
2129 1763 2203 1817 De
2234 1765 2508 1817 nativitate
2536 1762 2782 1824 Isaac,et
2803 1763 2944 1828 quod
2975 1780 3006 1813 a
3033 1762 3167 1814 lacte
3188 1761 3433 1831 depulsus
3454 1771 3553 1816 est.

385 1861 498 1908 tur.
558 1851 669 1904 lloc
726 1859 905 1904 autem
961 1851 1013 1903 in
1046 1866 1154 1918 quo
1199 1866 1341 1905 nunc
1388 1866 1593 1913 sumus,
1629 1862 1840 1922 tempus
1870 1864 1956 1909 est

385 1942 689 1997 vocationis
714 1944 970 2010 gentium,
1001 1951 1057 1996 et
1101 1942 1289 1995 mortis
1333 1942 1486 2009 legis,
1525 1957 1632 2011 quo
1661 1946 1870 2011 possint
1892 1946 1958 1999 li-

386 2036 531 2089 bene
563 2035 754 2088 anima:
784 2036 894 2101 jatn
944 2032 1131 2087 soluta:
1169 2048 1196 2085 a
1224 2034 1337 2102 lege
1376 2034 1481 2088 viri
1530 2050 1669 2089 novo
1698 2036 1819 2091 viro
1853 2052 1957 2090 nu-

385 2125 516 2179 bere
546 2123 781 2178 Christo.
816 2123 966 2188 Quod
987 2123 1032 2177 si
1062 2123 1276 2178 edoceri
1304 2124 1385 2177 vis
1404 2124 1676 2193 quomodo
1700 2124 1785 2178 lex
1820 2141 1960 2179 moro

383 2224 472 2268 tua
502 2215 588 2277 sit,
625 2214 905 2269 considera
941 2222 993 2268 et
1048 2214 1174 2268 vide
1204 2215 1292 2268 tibi
1349 2230 1494 2268 nunc
1547 2215 1839 2281 sacriﬁcia,
1864 2216 1955 2270 tibi

379 2319 520 2357 nunc
562 2304 752 2367 altare,
802 2302 889 2357 ubi
956 2304 1244 2374 templum,
1273 2306 1365 2358 ubi
1403 2305 1831 2374 purilicationes,
1864 2307 1953 2360 ubi

377 2392 690 2447 solemnitas
722 2393 965 2449 Paschae.
1000 2393 1197 2448 Nonne
1226 2406 1436 2449 mortua
1468 2405 1549 2451 est
1580 2398 1633 2449 in
1664 2397 1753 2452 his
1781 2399 1957 2452 cinni-

377 2488 478 2541 bus
513 2485 595 2540 ιρι
623 2486 646 2540 ?
676 2488 783 2541 Aut
817 2488 859 2540 si
904 2497 1131 2556 possunt
1181 2487 1270 2541 isti
1326 2488 1485 2541 amici
1538 2497 1592 2541 et
1643 2490 1955 2545 defensores

378 2579 572 2631 littera:
595 2616 610 2641 ,
662 2577 972 2631 custodiant
1017 2576 1249 2631 litteram
1281 2576 1434 2646 legis.
1468 2579 1771 2632 Secundum
1813 2581 1955 2635 hunc

380 2686 510 2740 ergo
544 2670 816 2741 allegoria:
860 2669 1125 2733 ordinem,
1171 2668 1383 2724 Pharao
1431 2671 1520 2739 qui
1546 2682 1629 2725 est
1664 2672 1824 2726 homo
1857 2673 1958 2726 im-

383 2763 614 2817 mundus
667 2772 723 2815 et
777 2761 1435 2826 exterminator,Saram,
1483 2762 1535 2816 id
1579 2772 1661 2816 est
1698 2764 1950 2818 virtutem

381 2853 628 2923 accipere
672 2854 893 2907 omnino
954 2868 1057 2905 non
1108 2861 1344 2921 poterat.
1390 2852 1562 2907 Porro
1615 2855 1952 2920 Ahimelech,

383 2947 431 2999 id
464 2957 545 3000 est
574 2945 665 3015 qui
721 2946 918 3000 mumle
956 2954 1009 2999 et
1058 2945 1431 3014 philosophice
1455 2946 1692 3013 vivebat,
1737 2956 1954 3016 poterat

377 3038 595 3109 quidem
632 3038 899 3106 accipere,
940 3037 1067 3106 quia
1111 3038 1162 3090 in
1208 3038 1375 3092 corde
1403 3040 1603 3092 mundo
1651 3042 1950 3107 qumrebat,

2128 1858 2179 1910 1.
2212 1855 2424 1925 Moyses
2451 1855 2607 1907 nobis
2651 1852 2929 1921 legitur'in
2973 1853 3236 1907 Ecclesia.
3273 1854 3645 1921 Deprceetnur

2060 1944 2371 2005 Dominum,
2415 1957 2481 1995 ne
2528 1941 2828 1993 secundum
2877 1943 3105 1995 verbum
3153 1942 3394 2010 Apostoli
3423 1981 3441 2007 ,
3470 1944 3641 1996 etiam

2058 2034 2201 2102 apud
2231 2047 2351 2095 nos,
2382 2046 2504 2085 cum
2531 2029 2728 2095 legitur
2773 2028 3003 2098 Moyses,
3036 2032 3278 2084 velamen
3308 2034 3379 2084 sit
3406 2034 3637 2100 positum

2060 2138 2227 2191 super
2256 2137 2349 2176 cor
2372 2131 2615 2173 nostrum
2644 2118 2685 2169 ³.
2728 2116 2948 2171 Lectum
2992 2130 3071 2172 est
3117 2124 3263 2173 enim
3314 2123 3438 2188 quia
3476 2138 3646 2192 genu-

2058 2224 2176 2266 erat
2201 2214 2474 2265 Abraham
2501 2212 2668 2264 liliu'n
2697 2207 2870 2271 Isaac,
2904 2224 3028 2263 cum
3062 2220 3204 2264 esset
3234 2223 3450 2265 centum
3473 2229 3644 2266 atmo-

2058 2320 2274 2359 norum.
2330 2305 2394 2358 Et
2440 2304 2580 2359 dixit
2634 2304 2821 2358 Sara:
2867 2303 3023 2369 Quis,
3069 2302 3247 2374 inquit
3287 2303 3330 2368 ⁸,
3375 2306 3637 2360 uuntiabit

2056 2395 2282 2449 Abrahae
2310 2397 2449 2464 quod
2467 2397 2630 2448 lactat
2670 2411 2896 2464 puerum
2950 2395 3093 2450 Sara
3122 2395 3143 2446 ’ἶ
3172 2393 3237 2447 Et
3261 2405 3405 2459 tunc,
3438 2398 3637 2467 inquit,

2056 2489 2380 2541 circumcidit
2415 2490 2681 2540 Abraham
2703 2504 2921 2555 puerum
2948 2488 3030 2541 die
3060 2486 3453 2561 octava.Hujus
3482 2492 3635 2559 pueri

2057 2580 2199 2634 diem
2233 2581 2468 2635 natalem
2514 2596 2620 2635 non
2652 2580 2896 2635 celebrat
2951 2580 3248 2645 Abraham,
3273 2583 3366 2636 sed
3391 2580 3636 2637 celebrat

2057 2671 2197 2725 diem
2247 2672 2602 2741 depositionis
2642 2672 2757 2743 (55)
2803 2689 2835 2727 a
2873 2672 3031 2735 lacte,
3065 2673 3280 2728 etfacit
3325 2674 3632 2729 convivium

2059 2780 2335 2834 magnum.
2381 2765 2555 2831 Quid?
2582 2777 2835 2834 putamus
2860 2765 2987 2834 quia
3019 2765 3355 2834 propositum
3402 2768 3473 2820 sit
3513 2767 3636 2836 Spi-

2061 2856 2185 2909 ritui
2236 2866 2423 2910 sancto
2456 2855 2715 2913 historias
2758 2857 3023 2922 scribere,
3054 2864 3109 2910 et
3160 2872 3385 2911 narrare
3430 2859 3573 2927 quod
3604 2874 3633 2910 a

2059 2947 2201 3003 lacte
2235 2948 2496 3018 depulsus
2553 2951 2625 3005 sit
2661 2965 2817 3020 puer,
2856 2958 2911 3005 et
2946 2949 3258 3004 convivium
3308 2950 3510 3003 factum
3541 2951 3637 3017 sit,

2062 3042 2331 3109 quomodo
2382 3040 2593 3108 luserit,
2640 3042 2858 3111 aliaque
2896 3040 3124 3111 puerilia
3172 3041 3342 3110 egerit
3372 3039 3396 3092 ?
3425 3041 3507 3092 An
3540 3054 3642 3109 per

381 3132 472 3184 sed
531 3129 765 3184 nondum
824 3137 1035 3199 tempus
1078 3130 1392 3185 advenerat.
1435 3130 1615 3185 Manet
1654 3147 1787 3202 ergo
1812 3134 1951 3202 apud
1980 3104 2022 3162 (ἶ
2059 3131 2171 3184 haec
2214 3133 2507 3199 putandum
2540 3142 2623 3186 est
2679 3133 2825 3203 quod
2859 3133 3103 3185 divinum
3148 3132 3350 3200 aliquid
3385 3146 3481 3185 nos
3508 3130 3634 3184 edo-

380 3222 653 3275 Abraham
711 3222 907 3286 virtus,
960 3232 1138 3275 manet
1185 3223 1238 3276 in
1299 3223 1737 3290 circumcisione,
1781 3228 1955 3278 donec

381 3325 591 3381 tempus
624 3314 823 3379 veniat,
852 3323 907 3366 ut
943 3312 995 3367 in
1026 3313 1242 3368 Christo
1292 3314 1420 3370 Jesu
1476 3315 1704 3369 Domino
1746 3325 1954 3381 nostro,

380 3405 435 3456 in
456 3418 565 3470 quo
584 3405 781 3455 habitat
802 3406 967 3457 omnis
998 3405 1263 3472 plenitudo
1282 3408 1494 3461 deitatis
1521 3408 1868 3476 corporaliter
1883 3409 1952 3473 ",

379 3496 589 3563 integra
640 3503 693 3547 et
741 3494 980 3562 perlecta
1033 3495 1208 3547 virtus
1254 3496 1321 3549 ad
1373 3496 1669 3551 Ecclesiam
1716 3499 1953 3567 gentium

381 3592 640 3637 transeat.
664 3582 818 3636 Tune
852 3597 981 3650 ergo
1003 3592 1059 3637 et
1087 3584 1278 3636 domus
1300 3585 1637 3648 Abimelech,
1668 3595 1720 3639 et
1748 3585 1957 3640 ancilla:

375 3675 666 3743 ejus,quas
702 3675 917 3728 sanavit
946 3674 1226 3740 Dominus,
1264 3673 1474 3745 parient
1507 3674 1762 3728 Ecclesiae
1792 3676 1952 3730 filios.

378 3768 489 3823 lloc
538 3768 679 3821 enim
726 3777 937 3837 tempus
985 3778 1088 3833 est,
1121 3784 1228 3838 quo
1281 3768 1488 3823 sterilis
1533 3768 1697 3838 parit,
1747 3779 1802 3823 et
1849 3785 1959 3839 quo

375 3860 526 3913 multi
547 3870 668 3912 sunt
695 3859 796 3927 lilii
817 3861 1056 3923 desertte,
1096 3862 1265 3930 magis
1318 3877 1473 3931 quam
1512 3864 1628 3932 ejus
1652 3877 1770 3929 quae
1796 3863 1955 3916 habet

376 3953 545 4005 virum
578 3952 643 4005 ’7.
676 3952 900 4019 Aperuit
944 3953 1088 4006 enim
1110 3953 1374 4007 Dominus
1398 3953 1614 4008 vulvam
1638 3954 1861 4019 sterilis,
1896 3964 1950 4007 et

377 4042 565 4097 eliecta
620 4054 700 4097 est
742 4043 992 4108 fecunda,
1033 4044 1104 4097 ita
1137 4054 1193 4097 ut
1221 4046 1395 4113 pariat
1418 4056 1633 4115 gentem
1664 4048 1732 4099 de
1757 4046 1945 4100 semel.

382 4137 487 4189 Sed
514 4146 565 4188 et
590 4137 760 4189 sancti
791 4136 1044 4198 clamant,
1064 4146 1116 4191 et
1139 4137 1420 4191 dicunt“:
1454 4137 1691 4201 Domine,
1711 4155 1740 4189 a
1764 4140 1949 4193 timore

378 4238 465 4279 tuo
485 4227 534 4279 in
556 4239 729 4280 ventre
743 4229 1089 4295 concepimus,
1105 4239 1150 4280 et
1172 4230 1484 4292 peperimus;
1504 4230 1743 4298 spiritum
1758 4230 1945 4283 salutis

377 4327 480 4371 tua:
516 4319 735 4386 fecimus
766 4336 919 4385 super
945 4330 1160 4372 terram.
1197 4320 1349 4375 Unde
1376 4331 1429 4373 et
1482 4320 1677 4376 Paulus
1696 4323 1946 4378 similiter

378 4412 602 4466 dicit":
640 4409 822 4465 Filioli
841 4412 959 4476 mei,
986 4428 1113 4479 quos
1142 4411 1331 4466 iterum
1373 4415 1632 4481 parturio,
1654 4418 1815 4466 donec
1839 4416 1950 4481 [or-

377 4515 545 4556 metur
573 4502 814 4557 Christus
856 4505 909 4557 in
945 4506 1107 4558 vobis.
1144 4504 1304 4559 Tales
1326 4522 1455 4575 ergo
1495 4507 1727 4574 parturit
1755 4506 1864 4576 78
1894 4517 1948 4561 et

378 4595 512 4649 tales
542 4597 675 4650 lilios
705 4608 923 4666 generat
949 4599 1127 4651 omnis
1169 4596 1408 4652 Ecclesia
1451 4598 1565 4651 Dci.
1588 4596 1719 4651 Nam
1747 4599 1836 4665 qui
1868 4614 1949 4650 se-

375 4685 542 4739 minat
565 4686 616 4740 in
646 4704 820 4750 carne,
851 4689 915 4740 de
938 4703 1099 4740 carne
1134 4697 1182 4740 et
1215 4697 1365 4741 metet
1403 4688 1787 4754 corruptionem
1810 4686 1947 4741 ‘-Fio

374 4776 431 4831 lii
454 4788 631 4831 autem
666 4778 888 4845 spiritus
923 4778 1007 4831 isti
1038 4788 1182 4841 sunt,
1227 4779 1293 4832 de
1335 4780 1533 4848 quibus
1561 4787 1613 4833 et
1654 4779 1945 4847 Apostolus

375 4869 505 4923 dicit
532 4872 572 4935 ’,
600 4869 875 4924 mulierem
903 4871 1107 4924 salvam
1157 4869 1395 4923 futuram
1440 4885 1532 4938 per
1568 4871 1803 4937 ﬁliorum
1826 4886 1945 4937 pro-

370 4961 703 5024 creationem,
732 4961 776 5012 si
804 4963 1142 5028 permanserit
1168 4966 1221 5013 in
1249 4962 1354 5028 ﬁde
1380 4970 1427 5013 et
1450 4962 1718 5014 castitate.
1753 4960 1942 5015 Eccle-

372 5048 452 5103 sia
477 5049 639 5118 igitur
670 5051 758 5104 Dei
788 5050 866 5105 sic
894 5052 1155 5121 intelligat
1186 5065 1427 5121 paratus,
1449 5054 1527 5107 sic
1559 5053 1941 5122 generationes

371 5142 619 5211 accipiat,
650 5142 731 5196 sic
764 5151 971 5213 patrum
1002 5153 1151 5213 gesta
1184 5148 1375 5199 decora
1429 5155 1481 5200 et
1511 5146 1735 5199 honesta
1768 5145 1934 5197 inter-

438 5254 697 5309 "Cenes.
723 5271 818 5320 xx,
868 5257 954 5320 t7,
990 5259 1073 5310 18.

373 5336 445 5384 tv,
486 5324 566 5378 l9.
644 5326 660 5355 ¹
692 5324 866 5380 Galat.
900 5341 971 5390 vt,
998 5327 1051 5379 8.

1131 5330 1149 5358 ²
1180 5327 1193 5378 1
1235 5328 1373 5380 Tim.
1398 5344 1458 5393 ιι,
1504 5329 1590 5382 15.

367 5406 422 5457 ν,
468 5393 531 5445 12
554 5404 607 5447 et
631 5394 717 5448 14.

791 5398 810 5427 ⁷
839 5396 1003 5449 lCor.
1032 5411 1111 5459 Ill,
1136 5396 1183 5457 1,
1213 5397 1270 5449 2.

438 5535 549 5600 155)
590 5534 963 5598 Depositionis.
986 5531 1165 5587 Codex
1192 5533 1561 5601 Retnigianus,
1590 5533 1937 5601 depulsionis.

439 5605 549 5672 (54)
588 5603 743 5655 Risus
802 5605 877 5657 vel
931 5605 1185 5670 gaudium
1231 5603 1625 5671 interpretatur.
1674 5603 1715 5655 Δ
1754 5604 1935 5657 radice

371 5672 630 5727 llebraica
654 5683 768 5743 pro:
793 5675 927 5740 risit,
957 5676 1159 5727 arrisit.

1150 5258 1195 5289 ’³
1228 5257 1383 5310 Rom.
1421 5272 1517 5323 vn,
1562 5258 1689 5319 2,5.
1764 5258 1808 5289 9°
1832 5256 2038 5308 Caloss.
2068 5269 2127 5317 ιι,
2157 5254 2209 5308 9.

1180 5327 1193 5378 l
1235 5328 1458 5381 ⁷1’ἰιιι.ιι.
1504 5329 1590 5381 15.
1669 5326 1688 5357 ³
1727 5327 1765 5380 ll
1803 5325 1988 5381 Cor.5.
2026 5323 2111 5376 11.
2188 5326 2209 5354 ⁸

1914 5361 1988 5391 ου,
2029 5361 2045 5376 Ι
2068 5361 2111 5376 Ι.

2055 3236 2181 3275 core
2209 3223 2356 3287 velit,
2382 3233 2437 3277 et
2463 3225 2684 3292 dignum
2716 3228 2858 3293 quod
2891 3229 3183 3278 humanum
3222 3240 3390 3291 genus
3420 3223 3511 3276 Dei
3542 3237 3637 3277 vo-

2055 3311 2212 3365 cibus
2254 3312 2481 3367 discat?
2518 3315 2665 3368 Isaac
2710 3317 2851 3368 risus
2889 3317 2969 3368 vel
3012 3315 3263 3383 gaudium
3318 3314 3636 3379 interpreta-

2057 3401 2302 3470 tnrt'ol).
2338 3402 2469 3468 Quis
2522 3419 2651 3474 ergo
2700 3406 2900 3472 estqui
2944 3405 3106 3457 talem
3152 3405 3321 3457 tilium
3359 3403 3637 3471 generet?

2056 3494 2147 3549 Ille
2176 3495 2429 3549 nimirum
2457 3494 2548 3564 qui
2583 3496 2797 3550 dict-bat
2839 3497 2905 3549 de
2952 3495 3037 3548 his
3091 3512 3233 3567 quos
3264 3511 3359 3565 per
3395 3495 3641 3568 Evange-

2056 3587 2187 3640 lium
2215 3598 2477 3656 genuerat
2505 3590 2525 3620 ⁵
2560 3607 2574 3642 :
2622 3588 2727 3642 Vos
2766 3589 2910 3642 enim
2933 3588 3056 3640 estis
3091 3590 3342 3650 gaudium
3379 3606 3549 3642 meum
3582 3599 3633 3642 et

2058 3693 2254 3729 corona
2278 3679 2459 3745 gloriw
2490 3678 2606 3731 Dei.
2633 3678 2709 3731 De
2733 3677 3037 3743 huiusmodi
3064 3677 3186 3731 [iliis
3209 3694 3332 3730 cum
3369 3678 3566 3732 fuerint
3601 3695 3634 3731 a

2062 3765 2207 3820 lacte
2233 3767 2461 3835 depulsi,
2491 3768 2547 3820 lit
2586 3768 2888 3822 coavivimn
2927 3776 2981 3820 et
3013 3766 3193 3819 laetitia
3223 3768 3509 3836 magna,de
3549 3767 3636 3823 his

2054 3860 2147 3928 qui
2181 3874 2285 3911 non
2304 3858 2415 3929 jam
2442 3858 2577 3913 lacte
2600 3859 2958 3928 indigent,sed
2986 3858 3098 3910 cibo
3120 3858 3269 3927 forti,
3290 3859 3380 3929 qui
3406 3875 3501 3929 pro
3520 3877 3636 3925 pos-

2054 3951 2307 4004 sibilitate
2355 3951 2595 4003 sumendi
2627 3949 2938 4004 exercitatos
2984 3950 3172 4002 habent
3210 3965 3391 4002 sensus
3419 3951 3489 4003 ad
3518 3952 3632 4005 dis-

2050 4043 2329 4094 cretionem
2363 4041 2484 4094 boni
2505 4041 2580 4094 vel
2606 4043 2731 4094 mali
2763 4041 2802 4092 ⁸.
2840 4040 3014 4108 Super
3049 4040 3130 4093 his
3158 4040 3355 4095 talibus
3386 4056 3507 4095 cum
3539 4042 3631 4096 de-

2050 4132 2325 4197 pelluntur
2371 4148 2400 4184 a
2450 4130 2607 4192 lacte,
2648 4132 2705 4183 lit
2753 4131 3062 4184 convivium
3122 4146 3399 4201 magnum.
3453 4132 3631 4202 Super

2052 4224 2155 4278 illis
2189 4236 2368 4276 autem
2411 4240 2514 4276 non
2545 4232 2720 4290 potest
2746 4224 2989 4276 exhiberi
3042 4224 3373 4291 convivium,
3405 4241 3505 4280 nec
3534 4226 3626 4278 ha-

2050 4315 2161 4369 beri
2195 4316 2398 4379 ltetilia,
2432 4315 2496 4366 de
2532 4313 2729 4381 quibus
2778 4314 2907 4368 dicit
2944 4314 3235 4382 Apostolus
3258 4316 3311 4369 ":
3340 4314 3448 4368 Lac
3483 4316 3625 4370 vobis

2050 4408 2174 4460 dedi
2210 4419 2429 4475 potum,
2470 4423 2570 4459 non
2629 4422 2816 4458 escam.
2876 4405 3127 4458 Nondum
3163 4409 3301 4460 enim
3342 4410 3624 4476 poteratis.

2054 4503 2142 4553 sed
2171 4517 2260 4552 nec
2290 4501 2461 4552 adhuc
2489 4502 2695 4567 quidem
2722 4498 2958 4567 potestis.
2983 4498 3049 4552 Et
3069 4516 3161 4569 ego
3188 4517 3287 4553 non
3312 4503 3459 4567 potui
3481 4501 3627 4569 loqui

2052 4592 2194 4644 vobis
2218 4591 2373 4660 (μυιιὶ
2399 4590 2786 4658 Spiritualibus,
2819 4593 2908 4644 sed
2932 4592 3083 4662 quasi
3113 4590 3438 4657 carnalibus,
3469 4593 3627 4658 quasi

2049 4684 2283 4751 parvulis
2307 4683 2361 4735 in
2389 4682 2622 4735 Christo.
2667 4683 2857 4738 Dicant
2887 4684 3042 4738 nobis
3076 4684 3161 4736 isti
3184 4684 3275 4751 qui
3306 4683 3629 4749 simpliciter

2055 4774 2279 4843 intelligi
2309 4773 2490 4826 Vultllll
2518 4774 2831 4843 Scripturas
2858 4774 3090 4838 divinas,
3144 4775 3269 4841 quid
3312 4780 3394 4825 cst
3428 4787 3441 4822 :
3498 4767 3626 4821 Non

2047 4867 2192 4933 potui
2214 4866 2353 4919 vobis
2382 4864 2690 4935 loquiquusi
2714 4866 3063 4934 spiritalibus,
3096 4865 3184 4917 sed
3211 4862 3362 4933 quasi
3390 4859 3628 4914 carnali-

2048 4961 2164 5021 bus,
2187 4960 2335 5028 quasi
2372 4959 2601 5026 parvulis
2636 4961 2688 5011 in
2725 4958 2955 5019 Clu-isto,
2992 4959 3074 5011 lac
3098 4956 3234 5009 vobis
3266 4964 3443 5020 potum
3476 4952 3625 5016 dedi,

2046 5067 2147 5103 non
2185 5066 2353 5103 escam
2389 5049 2741 5103 Pl’ossuntne
2770 5048 2882 5099 lucc
2909 5046 3230 5112 simpliciter
3258 5042 3369 5112 (55)
3402 5042 3572 5109 accipi
3599 5042 3626 5095 ?

2112 5142 2167 5199 2.
2202 5143 2307 5195 Sed
2339 5142 2553 5195 interim
2588 5140 2873 5192 redeamus
2902 5138 2966 5187 ad
3010 5150 3071 5189 ea
3102 5150 3170 5186 un
3196 5136 3240 5187 le
3275 5133 3502 5201 digressi
3530 5148 3623 5187 su—

2286 5253 2329 5283 ⁹⁷
2378 5251 2496 5304 Gal.
2536 5249 2722 5310 iv,27.
2799 5247 2846 5277 9“
2886 5246 2987 5298 lsa.
3021 5261 3168 5298 xxvi.
3211 5246 3292 5300 18.
3373 5246 3418 5277 ⁹⁹
3444 5245 3619 5301 Galat.

2188 5326 2209 5354 ⁸
2231 5320 2432 5376 Genes.
2459 5335 2572 5383 xxi,
2606 5325 2655 5381 l,
2691 5318 2744 5373 7.
2820 5318 2841 5348 ⁸
2874 5316 2891 5369 Ι
2924 5314 3118 5371 Thess.
3141 5330 3201 5383 tt,
3226 5316 3320 5373 20.
3400 5317 3420 5348 ‘
3451 5314 3617 5372 Hebr.

2799 5247 2846 5277 9"
2886 5246 2987 5298 lsa.
3021 5261 3168 5298 xxvi.
3211 5246 3292 5300 18.

2820 5318 2841 5348 ⁸
2874 5316 2891 5369 Ι
2924 5312 3118 5371 Thess.
3141 5330 3201 5383 ιι,
3226 5316 3320 5373 20.

2077 5602 2088 5612 ι
2126 5528 2237 5654 (i’i‘fi)
2272 5525 2453 5583 Codex
2493 5522 2839 5581 Ebroiccusis
2879 5521 3231 5591 simpliciter;
3271 5520 3401 5579 libb.
3455 5523 3618 5587 editi,

2077 5616 2160 5654 mn
2189 5611 2305 5654 iter.

2044 5611 2305 5655 similiter.
