4122 6248
531 248 636 303 199

2009 249 2331 306 οιιιοεκιε

3676 246 3780 310 ιρι

531 377 673 416 mus.
693 359 934 416 Lmtatur
967 360 1259 417 Abraham.
1285 367 1339 412 ct
1368 357 1674 412 convivium
1696 359 1821 415 facit
1858 376 2108 432 magnum
2139 370 2186 424 Α
2216 379 2334 434 qua:
2363 372 2488 418 sunt
2512 363 2746 432 Spiritus
2777 363 2892 417 Dei.
2923 363 3164 418 Stultitia
3192 372 3266 417 est
3291 363 3424 417 enim
3451 361 3564 428 illi,
3598 375 3643 418 et
3679 382 3782 419 mm

533 453 587 507 in
615 453 702 508 die
750 468 854 522 qua
912 451 1114 520 depulit
1145 466 1171 504 a
1207 451 1345 505 lacte
1382 450 1532 507 Isaac
1577 454 1742 507 lilium
1773 470 1950 510 suum.
1981 456 2112 510 Post

534 550 650 600 haec
687 544 820 597 ludit
856 544 1020 604 Isaac,
1072 551 1126 595 et
1183 542 1317 596 ludit
1357 560 1480 598 cum
1534 545 1745 600 lsmael.
1800 545 2113 616 Indignatur

533 634 672 688 Sara
705 635 843 701 quod
894 633 1033 685 lilius
1080 633 1290 687 ancillae
1319 634 1465 690 ludat
1508 653 1631 691 cum
1675 637 1784 691 lilio
1833 637 2114 702 liberae,et

535 726 708 779 lusum
737 725 885 777 illum
916 727 1208 793 perniciem
1236 733 1422 794 putat,
1441 729 1724 783 consilium
1750 731 2109 797 datAbralue,

532 827 587 870 et
619 817 789 870 dicit’
819 840 829 872 :
872 817 1018 886 Ejice
1047 818 1295 872 ancillam
1335 828 1383 872 et
1433 821 1606 888 ﬁlium
1635 823 1771 891 ejus.
1811 823 1929 876 Non
1971 826 2106 878 enim

533 908 697 960 hteres
734 909 833 961 erit
883 910 1025 976 ﬁlius
1056 910 1263 962 ancillae
1309 928 1426 964 cum
1458 912 1570 979 ﬁlio
1617 929 1727 966 meo
1769 912 1948 968 Isaac.
1982 915 2108 970 Haec

532 999 806 1066 quomodo
837 999 1060 1068 intelligi
1100 999 1353 1060 debeant.
1393 1018 1496 1055 non
1529 1019 1628 1069 ego
1671 1018 1811 1056 nunc
1833 1018 2108 1059 commen-

536 1091 713 1142 tabor.
744 1088 1036 1158 Apostolus
1060 1089 1132 1142 ita
1169 1090 1453 1154 disseruit,
1489 1092 1750 1145 dicens“:
1791 1092 1960 1146 Dicite
1979 1094 2106 1148 mihi

532 1184 621 1254 qui
645 1183 807 1253 legem
830 1184 1048 1251 legistis,
1081 1184 1241 1253 legem
1281 1202 1384 1238 non
1408 1187 1634 1240 audistis
1658 1190 1682 1242 ?
1710 1187 1974 1256 Scriptum
2027 1199 2103 1243 est

530 1276 670 1328 enim
701 1275 826 1345 quia
854 1274 1119 1326 Abraham
1144 1276 1275 1328 duos
1315 1277 1455 1342 ﬁlios
1501 1278 1704 1338 habuit,
1735 1294 1894 1332 unum
1920 1281 1983 1332 de
2006 1297 2107 1332 an-

530 1367 675 1431 cilla,
695 1379 740 1419 et
763 1383 922 1420 unum
949 1369 1011 1420 de
1030 1366 1214 1419 libera.
1246 1365 1348 1420 Sed
1377 1368 1422 1420 is
1447 1368 1766 1436 quidemqui
1794 1370 1859 1422 de
1883 1370 2101 1434 ancilla,

528 1461 811 1513 secundum
843 1475 1050 1512 carnem
1094 1469 1249 1512 natus
1280 1468 1352 1511 est
1384 1459 1515 1528 ;qni
1547 1475 1664 1512 vero
1689 1476 1753 1512 ea:
1795 1460 1982 1522 libera,
2013 1478 2104 1525 per

529 1548 1007 1615 repromissionem,
1037 1565 1153 1616 qutv
1203 1558 1322 1600 sunt
1371 1548 1673 1615 allegorica.
1732 1549 1868 1614 Quid
1920 1551 2102 1619 ergo?

529 1637 676 1691 Isaac
715 1654 818 1690 non
853 1646 936 1690 est
985 1637 1281 1690 secundum
1322 1652 1541 1690 carnem
1593 1639 1802 1692 natus?
1833 1638 1944 1692 Non
1977 1655 2098 1693 eum

2211 465 2376 524 potest
2417 454 2740 524 intelligere,
2765 457 2888 525 quia
2919 456 3234 524 spiritaliter
3258 455 3587 524 dijudicatur
3625 454 3687 510 “.
3718 456 3782 510 Et

2213 555 2270 600 tu
2303 548 2503 616 ergo,si
2529 548 2696 602 babes
2722 548 2773 601 in
2804 557 2854 602 te
2875 548 3106 602 fructum
3133 548 3372 616 Spiritus
3400 547 3514 611 Dei,
3537 549 3678 615 quod
3700 557 3783 602 est

2211 636 2762 705 gaudium,cbaritas,
2785 654 2910 707 pax,
2926 639 3187 708 patientia
3209 639 3274 704 '5,
3299 639 3446 691 lsaae
3467 653 3586 692 esse
3605 649 3784 709 potes,

2212 743 2317 783 non
2348 731 2642 784 secundum
2681 746 2906 785 carnem
2937 740 3116 797 natus,
3149 731 3240 784 sed
3269 730 3562 784 secundum
3596 746 3784 800 repro-

2211 820 2552 887 missionem,
2575 831 2627 875 et
2657 837 2778 876 esse
2806 823 2946 876 lilius
2971 822 3172 888 liberte,
3204 822 3248 875 si
3279 831 3456 874 tamen
3483 832 3633 891 potes
3653 833 3706 877 et
3726 833 3779 878 tu

2209 912 2501 965 secundum
2525 911 2748 966 Paulum
2775 914 2956 968 dicere
2977 914 3018 944 ¹⁶
3039 930 3051 966 :
3075 912 3140 966 In
3164 928 3318 965 carne
3339 913 3473 966 enim
3500 917 3782 968 ambulatio

2208 1013 2302 1068 tes,
2333 1019 2434 1056 non
2456 1007 2737 1057 secundum
2757 1020 2964 1058 carnem
2989 1006 3294 1060 militamus.
3327 1007 3482 1057 Arma
3511 1007 3646 1058 enim
3673 1007 3776 1060 ιιιί-

2206 1089 2335 1144 litia:
2384 1105 2574 1146 nostra?
2622 1110 2726 1146 non
2757 1105 2873 1146 sunt
2900 1095 3160 1158 carnalia,
3193 1097 3283 1150 sed
3307 1095 3539 1164 potentia
3570 1096 3675 1149 Deo
3705 1097 3773 1148 ad

2206 1182 2606 1236 destructionem
2640 1185 3012 1250 munitionum,
3047 1187 3390 1254 cogitationes
3423 1187 3772 1250 destruentes,

2206 1283 2253 1324 et
2277 1288 2476 1326 omnem
2514 1272 2626 1344 (56)
2650 1274 2986 1328 altitudinem
3036 1276 3366 1330 cxto’lentem
3407 1293 3462 1329 se
3503 1277 3777 1330 adversum

2205 1365 2474 1416 scientiam
2506 1364 2618 1416 Dei.
2645 1365 2700 1418 Si
2731 1376 2884 1433 potes
2908 1366 3028 1418 talis
3050 1382 3189 1429 esse,
3221 1378 3277 1420 ιιι
3304 1367 3462 1436 digne
3499 1367 3592 1420 tibi
3630 1378 3780 1435 apte-

2208 1462 2296 1506 tur
2328 1453 2489 1506 etiam
2526 1453 2612 1505 illa
2645 1455 2888 1521 Apostoli
2918 1457 3209 1524 Sententia,
3236 1472 3355 1525 quae
3378 1458 3515 1510 dixit
3545 1458 3586 1489 ³⁷
3618 1474 3632 1510 :
3682 1458 3779 1512 Vos

2205 1554 2380 1596 autem
2400 1544 2454 1596 in
2476 1559 2633 1598 carne
2657 1561 2755 1597 non
2778 1545 2923 1609 estis,
2941 1546 3028 1599 sed
3051 1548 3101 1599 in
3124 1549 3331 1615 spiritu,
3357 1549 3402 1601 si
3425 1558 3595 1602 tamen
3617 1547 3781 1618 Spiri-

2205 1639 2288 1685 tus
2314 1631 2406 1685 Dei
2431 1632 2632 1686 habitat
2664 1636 2716 1686 in
2749 1635 2914 1697 vobis;
2937 1643 2989 1688 et
3021 1644 3074 1689 tu
3099 1651 3227 1706 ergo
3254 1638 3297 1690 si
3330 1637 3454 1691 talis
3475 1653 3552 1702 es,
3591 1655 3693 1692 non
3719 1655 3778 1694 cs

529 1733 736 1798 peperit
772 1728 907 1782 Sara
942 1728 964 1780 ?
1008 1728 1123 1782 Non
1177 1737 1260 1782 est
1316 1729 1677 1783 circumcisus
1710 1730 1733 1782 ?
1778 1729 1887 1784 lloe
1928 1732 2100 1800 ipsum
2133 1731 2177 1784 Β
2209 1725 2510 1778 secundum
2540 1742 2762 1780 carnem
2797 1735 2984 1792 nutus,
3043 1729 3137 1782 sed
3179 1730 3472 1783 secundum
3528 1731 3776 1800 spiritum

527 1825 668 1890 quod
695 1823 915 1878 ludebat
951 1838 1072 1877 cum
1115 1822 1362 1888 lsmaelc,
1395 1837 1496 1876 non
1537 1823 1588 1876 in
1639 1839 1802 1877 carne
1839 1823 2103 1879 ludebat?

527 1912 642 1969 lloc
667 1925 752 1968 est
775 1917 917 1968 enim
959 1914 1100 1982 quod
1136 1913 1386 1967 mirabile
1413 1923 1496 1966 est
1542 1915 1592 1966 in
1639 1913 1877 1982 Apostoli
1913 1931 2099 1980 sensu,

526 2007 669 2073 quod
698 2007 762 2060 de
792 2005 988 2074 quibus
1022 2019 1126 2058 non
1179 2012 1354 2071 potest
1381 2005 1616 2058 dubitari
1648 2006 1778 2075 quin
1804 2008 2100 2062 scentulum

525 2108 745 2148 carnem
778 2103 927 2162 gesta
961 2094 1090 2156 sint,
1142 2093 1258 2146 haec
1295 2092 1381 2145 ille
1426 2093 1556 2145 dicit
1602 2108 1722 2146 esse
1761 2093 2055 2162 allegorica
2083 2133 2099 2157 ,

527 2195 586 2240 ut
619 2199 714 2238 nos
743 2185 869 2253 quid
908 2184 1212 2239 faciendum
1241 2185 1310 2237 sit
1340 2185 1392 2236 in
1437 2185 1652 2237 eteteris
1680 2185 2014 2249 noverimus,
2049 2193 2103 2239 et

529 2277 580 2329 in
636 2277 719 2329 bis
751 2276 1008 2341 maxime,
1058 2275 1109 2326 in
1141 2275 1338 2342 quibus
1376 2276 1507 2328 nihil
1531 2275 1710 2331 divina
1739 2275 1854 2344 lege
1877 2276 2097 2345 dignum

528 2367 784 2421 historica
809 2366 1019 2419 videtur
1052 2365 1294 2419 indicare
1332 2367 1592 2418 narratio.
1645 2366 1834 2419 lsmael
1862 2382 1989 2436 ergo
2016 2384 2102 2423 se-

523 2457 758 2509 cundum
796 2469 1018 2509 carnem
1048 2454 1293 2508 nascitur
1320 2453 1529 2506 ancilla:
1569 2454 1734 2506 lilius.
1772 2451 1920 2508 Isaac
1971 2471 2100 2509 vero

523 2550 615 2618 qui
647 2558 765 2603 erat
814 2548 996 2603 libera:
1039 2548 1199 2613 lilius,
1231 2563 1336 2601 non
1381 2549 1625 2602 nascitur
1651 2547 1945 2602 secundum
1978 2565 2102 2604 car-

525 2655 669 2706 nem,
693 2641 786 2694 sed
815 2638 1109 2693 secundum
1139 2638 1644 2706 repromissionem.
1677 2641 1742 2695 Et
1775 2641 1903 2695 dicit
1927 2643 1992 2694 de
2012 2641 2098 2695 his

522 2730 832 2799 Apostolus,
862 2729 1004 2799 quod
1045 2730 1194 2798 Agar
1223 2730 1275 2783 in
1318 2730 1637 2785 servitutem
1677 2732 1928 2801 genuerit
1973 2747 2097 2786 car-

525 2823 702 2877 nalem
740 2822 993 2891 populum
1028 2837 1042 2887 ;
1074 2819 1208 2875 Sara
1249 2836 1376 2875 vero
1418 2837 1538 2891 qua:
1569 2825 1897 2890 eratlibera,
1930 2838 2087 2891 popu-

520 2921 630 2976 luzn
659 2921 903 2993 genuerit
934 2922 1025 2991 qui
1057 2938 1165 2977 non
1192 2924 1490 2978 secundum
1531 2939 1772 2988 carnem,
1801 2923 1897 2978 sed
1941 2923 1996 2976 in
2026 2922 2094 2975 li-

518 3019 728 3074 bertate
779 3027 1000 3073 vocatus
1060 3027 1174 3084 cst,
1228 3037 1334 3090 qua
1387 3019 1626 3073 libertate
1677 3019 1914 3073 liberavit
1967 3033 2092 3074 eum

516 3115 749 3170 Christus
769 3118 809 3168 ’.
838 3115 956 3185 ipse
993 3115 1136 3170 enim
1178 3115 1330 3182 dixit,
1369 3119 1494 3186 quia
1529 3117 1573 3169 si
1599 3132 1685 3169 vos
1706 3115 1872 3168 Filius
1899 3114 2092 3168 libera-

515 3210 666 3273 verit,
701 3225 817 3262 vere
857 3208 1006 3261 liberi
1040 3209 1184 3262 eritis
1215 3209 1278 3262 ¹⁰.
1307 3209 1447 3274 Quid
1476 3223 1607 3264 vero
1630 3207 1715 3261 his
1747 3206 1896 3261 addit
1926 3220 2096 3275 expo-

515 3313 652 3352 nens
675 3295 986 3368 Apostolus,
1019 3300 1300 3354 videamus
1323 3317 1336 3353 :
1367 3298 1468 3354 Sed
1490 3301 1625 3353 sicut
1653 3311 1792 3362 tunc,
1819 3297 1995 3368 inquit
2027 3295 2090 3361 “,

520 3396 564 3448 is
598 3394 686 3461 qui
724 3394 1006 3448 secundum
1051 3409 1261 3446 carnem
1291 3401 1391 3458 est,
1434 3392 1839 3463 persequebatur
1865 3407 1983 3446 eum
2006 3392 2096 3461 qui

518 3485 803 3538 secundum
831 3485 1098 3553 spiritum,
1134 3485 1212 3538 ita
1245 3493 1293 3538 et
1336 3500 1493 3538 nunc.
1523 3482 1655 3538 Vide
1685 3483 1956 3552 quomodo
1996 3498 2094 3538 nos

519 3577 814 3646 Apostolus
854 3579 1033 3639 docet,
1059 3577 1184 3647 quia
1219 3577 1273 3631 in
1302 3577 1558 3632 omnibus
1607 3591 1735 3631 caro
1774 3576 2094 3629 adversatur

512 3669 768 3739 spiritui,
836 3671 949 3724 sive
1013 3669 1246 3738 populus
1307 3667 1398 3724 ille
1466 3668 1705 3724 carnalis
1768 3667 2094 3722 adversatur

515 3764 641 3818 huic
665 3763 864 3834 populo
893 3762 1148 3831 spiritali,
1186 3761 1303 3816 sive
1329 3762 1494 3816 etiam
1529 3762 1672 3816 inter
1709 3774 1808 3814 nos
1843 3759 2011 3828 ipsos,
2044 3757 2090 3812 si

518 3855 636 3922 quis
686 3856 865 3909 adhuc
915 3851 1153 3906 carnalis
1199 3859 1303 3915 est,
1352 3850 1691 3919 spiritalibus
1740 3851 2088 3904 adversatur.

519 3944 649 3998 Nam
690 3955 745 4000 et
780 3953 831 3998 tu
869 3944 914 3997 si
941 3942 1234 3997 secundum
1265 3957 1485 3995 carnem
1513 3941 1670 4008 vivis,
1696 3950 1749 3995 et
1787 3941 2088 3994 secundum

516 4054 738 4091 cantem
786 4036 1150 4098 conversaris,
1204 4034 1346 4086 lilius
1389 4047 1448 4087 es
1482 4032 1650 4103 Agar,
1696 4040 1750 4087 et
1800 4039 2088 4100 propterea

515 4129 825 4182 adversaris
871 4127 954 4182 bis
984 4126 1074 4196 qui
1107 4125 1408 4181 secundum
1443 4125 1693 4194 spiritum
1728 4123 1930 4176 vivunt.
1971 4121 2091 4174 Sic-

515 4229 571 4273 ut
599 4221 761 4276 ctiam
806 4220 858 4273 iu
907 4218 1061 4273 nobis
1111 4217 1246 4288 ipsis
1294 4217 1337 4270 si
1383 4216 1747 4286 requirimus,
1781 4214 2087 4268 invenimus

515 4311 899 4378 concupiscere
951 4324 1167 4364 carnem
1209 4309 1468 4362 adversus
1523 4306 1791 4369 spiritum,
1825 4314 1880 4359 et
1929 4304 2085 4374 spiri-

2206 1829 2301 1882 per
2352 1817 2865 1884 repromissionem,
2912 1827 2967 1872 et
3017 1821 3126 1874 eris
3177 1821 3349 1874 lueres
3397 1823 3776 1889 repromissio-

2207 1924 2362 1973 num,
2394 1912 2688 1964 secundum
2721 1912 2863 1980 quod
2907 1915 3109 1969 dictum
3138 1924 3216 1968 est
3254 1913 3296 1945 ³⁸
3328 1930 3343 1967 :
3378 1913 3628 1969 lla-reites
3654 1918 3776 1987 qui-

2205 2000 2320 2054 dem
2352 2000 2468 2066 Dei,
2518 2005 2812 2058 coha’redes
2840 2018 3014 2066 autem
3045 2005 3264 2062 Christi.
3306 2007 3419 2066 Non
3454 2011 3566 2064 cris
3602 2010 3778 2064 colue-

2207 2109 2293 2149 res
2319 2095 2459 2164 ejus,
2489 2097 2580 2166 qui
2608 2100 2904 2154 secundum
2936 2115 3155 2154 carnem
3175 2112 3332 2156 natus
3347 2113 3448 2168 est,
3482 2105 3574 2159 sed
3601 2106 3776 2158 colim-

2208 2199 2295 2238 res
2321 2185 2547 2250 Christi,
2591 2188 2719 2255 quia
2760 2190 2857 2242 etsi
2903 2193 3236 2258 cognouimus
3283 2193 3552 2246 Christum
3592 2210 3776 2248 secun-

2207 2273 2333 2327 dum
2361 2291 2592 2340 carnem,
2629 2279 2718 2331 sed
2742 2280 3010 2349 nuncjam
3034 2297 3138 2333 non
3167 2284 3402 2337 novimus
3442 2285 3508 2338 ¹⁹.

2277 2365 2331 2418 5.
2370 2365 2436 2419 Ει
2470 2376 2650 2422 tamen
2681 2371 2981 2436 secundum
3015 2387 3076 2426 ea
3105 2388 3226 2441 qua:
3257 2375 3454 2443 scripta
3491 2384 3640 2441 sunt,
3669 2392 3774 2432 non

2203 2457 2360 2512 video
2389 2460 2517 2527 quid
2546 2461 2776 2516 moverit
2799 2463 3010 2527 Suram,
3042 2474 3098 2520 ιιι
3129 2466 3296 2519 lilium
3321 2467 3533 2520 ancillae
3559 2468 3776 2537 juberet

2200 2551 2418 2620 expelli.
2449 2551 2691 2607 Ludebat
2721 2570 2846 2609 cum
2900 2556 3007 2610 ﬁlio
3049 2572 3148 2611 suo
3176 2559 3343 2616 Isaac.
3367 2561 3504 2627 Quid
3539 2562 3772 2627 laeserat,

2201 2651 2295 2695 aut
2328 2643 2458 2712 quid
2515 2655 2798 2709 nocuerat,
2852 2647 2896 2700 si
2929 2647 3186 2704 ludebat?
3241 2649 3401 2718 Quasi
3438 2668 3541 2707 non
3591 2655 3774 2710 hocin

2200 2740 2365 2786 aetate
2397 2732 2485 2785 illa
2517 2734 2681 2786 etiam
2721 2744 2934 2803 gratum
2963 2752 3083 2792 esse
3111 2739 3383 2803 debuerit,
3408 2743 3551 2810 quod
3584 2743 3777 2798 luserit

2201 2823 2344 2878 lilius
2372 2825 2581 2878 ancilla:
2609 2841 2729 2880 cum
2763 2827 2872 2881 ﬁlio
2895 2828 3099 2884 liberte.
3154 2830 3290 2885 Tum
3321 2833 3513 2888 deinde
3550 2845 3604 2888 et
3633 2836 3777 2906 Apo-

2199 2916 2396 2970 stolum
2437 2918 2629 2982 miror,
2661 2921 2752 2988 qui
2784 2919 2968 2974 ludum
3005 2923 3150 2977 hunc
3187 2927 3616 2993 persecutionem
3649 2944 3776 2996 pro-

2201 3007 2490 3071 nuntiavit,
2527 3008 2778 3064 dicens"
2815 3028 2828 3063 :
2859 3009 2965 3065 Sed
2982 3016 3120 3067 sicut
3145 3025 3266 3068 tunc
3301 3017 3342 3069 is
3370 3018 3459 3086 qui
3488 3021 3774 3074 secundum

2203 3116 2418 3154 carnem
2454 3109 2611 3155 natus
2652 3100 2823 3170 fuerat
2859 3102 3037 3174 (37),
3081 3108 3487 3176 persequebatur
3524 3127 3640 3164 eum
3685 3115 3773 3177 qui

2203 3195 2494 3248 secundum
2531 3197 2799 3263 spiritum,
2849 3201 2924 3252 ita
2959 3209 3006 3252 et
3042 3216 3204 3263 nunc,
3253 3217 3376 3256 cum
3414 3199 3773 3273 utique'nnlla

2202 3285 2514 3353 persecutio
2545 3287 2788 3346 Ismaelis
2811 3293 3098 3346 adversum
3132 3292 3274 3347 lsaac
3301 3305 3444 3348 mota
3473 3298 3770 3365 referatur,

2203 3375 2306 3430 nisi
2338 3377 2426 3430 hic
2451 3377 2596 3432 solus
2621 3377 2781 3433 ludus
2815 3379 3078 3435 infantiae.
3110 3383 3216 3437 Sed
3250 3385 3529 3440 videamus
3555 3388 3682 3456 quid
3715 3391 3772 3444 in

2203 3468 2307 3522 boc
2347 3468 2476 3523 ludo
2508 3469 2837 3526 intellexerit
2871 3471 3095 3538 Paulus,
3137 3483 3192 3528 et
3233 3477 3360 3545 quid
3394 3477 3670 3548 indignata
3701 3481 3773 3536 sit

2202 3559 2359 3615 Sara.
2405 3561 2668 3632 Superius
2704 3565 2817 3632 jam
2863 3576 3200 3634 exponentes
3237 3569 3614 3638 spiritualiter,
3653 3571 3770 3627 loco

2201 3655 2419 3710 virtutis
2447 3659 2727 3723 posuimus
2752 3655 2965 3713 Saram.
2988 3656 3044 3711 Si
3082 3672 3213 3729 ergo
3248 3674 3379 3713 caro
3400 3662 3555 3727 cujus
3583 3677 3772 3729 perso-

2200 3763 2328 3802 nam
2348 3747 2489 3814 gerit
2513 3747 2740 3813 lsmael,
2782 3749 2873 3818 qui
2907 3750 3202 3804 secundum
3245 3765 3460 3804 carnem
3505 3753 3767 3819 nascitur,

2199 3837 2415 3906 spiritui
2448 3837 2776 3902 blandiatur,
2832 3839 2928 3908 qui
2981 3849 3063 3894 est
3111 3839 3281 3904 Isaac,
3331 3851 3384 3893 et
3433 3841 3770 3897 illecebrosis

2199 3943 2326 3982 cum
2359 3943 2425 3982 co
2460 3928 2873 3998 deceptionibus
2907 3942 3053 4001 agat,
3102 3934 3148 3985 si
3183 3931 3630 3987 delectationibus
3663 3933 3769 3988 illi-

2197 4022 2329 4086 ciat,
2370 4020 2737 4088 voluptatibus
2790 4022 3431 4092 molliat,-hujuscemodi
3461 4024 3618 4079 ludus
3642 4041 3768 4080 car-

2199 4110 2283 4164 nis
2310 4125 2432 4164 cum
2478 4111 2696 4179 spiritu,
2744 4110 2937 4164 Saram
2978 4113 3234 4175 maxime,
3285 4128 3404 4181 qua:
3450 4121 3532 4165 est
3573 4111 3764 4176 virtus,

2195 4200 2440 4267 oll‘endit,
2473 4211 2528 4256 et
2557 4202 2928 4272 hujuscemodi
2959 4203 3324 4259 blandimenta
3354 4204 3764 4259 acerbissimam

2197 4295 2631 4363 persecutionem
2698 4292 2911 4362 judicat
2986 4293 3200 4348 Pan-lus.
3275 4294 3339 4348 Et
3393 4305 3448 4348 tu
3515 4311 3678 4359 ergo,
3735 4309 3767 4348 ο

518 4412 627 4453 ιιιιιι
665 4399 927 4452 adversus
968 4412 1209 4461 carnem,
1245 4407 1299 4451 ct
1333 4397 1449 4452 lucc
1487 4397 1588 4451 sibi
1627 4397 1858 4450 invicem
1896 4396 2090 4448 adver-
2123 4411 2167 4465 ι)
2197 4387 2410 4440 ιιυάίιοΐ
2461 4386 2650 4439 horum
2679 4428 2694 4450 ς
2752 4402 2856 4440 Ιιυη
2915 4387 3058 4439 illam
3109 4387 3279 4440 801³111
3328 4387 3763 4456 βενεοευιὶοηειη

514 4490 621 4542 sari
653 4490 716 4541 ".
745 4489 812 4543 Et
859 4489 1164 4544 invenimus
1198 4489 1370 4559 legem
1408 4489 1459 4542 in
1508 4489 1766 4542 membris
1819 4488 2020 4542 nostris
2046 4486 2089 4518 “

513 4581 622 4652 ‘79
663 4591 1047 4652 repugnantem
1090 4581 1193 4650 legi
1241 4582 1436 4636 mentis
1473 4591 1693 4648 nostrae,
1744 4591 1799 4636 et
1851 4582 2093 4651 captivos

517 4691 613 4727 uos
653 4672 938 4727 ducentem
995 4669 1049 4724 in
1091 4670 1208 4740 lege
1247 4671 1481 4740 peccati.
1512 4669 1672 4725 Vides
1715 4682 1929 4739 quantae
1964 4678 2091 4725 sunt

514 4783 704 4836 puguze
735 4765 986 4819 carnales
1044 4765 1300 4818 adversus
1349 4762 1636 4832 spiritum?
1692 4762 1784 4817 Est
1815 4763 1990 4816 adhuc
2029 4771 2085 4817 et

515 4859 615 4910 alia
639 4873 812 4926 pugna
841 4857 925 4910 bis
954 4871 1090 4924 pene
1119 4855 1372 4910 omnibus
1400 4854 1714 4919 violentior,
1754 4855 1898 4923 quod
1935 4854 1968 4907 ii
1992 4853 2082 4923 qui

513 4951 683 5018 legem
727 4949 1024 5003 secundum
1060 4963 1281 5003 carnem
1334 4945 1678 5016 intelligunt,
1729 4946 2089 4999 adversantur

515 5043 600 5095 bis
639 5043 727 5110 qui
760 5041 1056 5097 secundum
1093 5041 1347 5111 spiritum
1377 5041 1644 5105 sentiunt,
1672 5050 1725 5093 et
1752 5052 2088 5108 persequun-

513 5141 604 5186 tur
631 5147 743 5187 eos.
785 5133 1004 5199 Quare?
1050 5134 1174 5202 quia
1203 5133 1452 5186 animalis
1475 5131 1628 5184 homo
1653 5147 1754 5184 non
1782 5129 2001 5199 percipit
2029 5144 2090 5181 ea

580 5267 819 5326 'Geues.
854 5286 966 5335 xxi,
997 5270 1050 5326 9.
1132 5272 1152 5304 '
1189 5269 1365 5327 Galat.
1402 5283 1476 5336 tv,
1509 5267 1572 5322 2|
1620 5276 1673 5321 et
1727 5280 1845 5336 seq.

508 5345 712 5409 ν.17.ι
779 5343 823 5373 ³³
855 5343 1012 5395 Rom.
1042 5361 1136 5407 \‘ll,
1168 5347 1258 5400 ‘25.
1356 5345 1397 5377 “
1429 5344 1444 5396 l
1507 5346 1629 5399 Cor.
1663 5362 1719 5409 ll,
1757 5347 1840 5398 M.

517 5416 558 5445 ⁸⁸
585 5408 718 5467 ibid.
750 5414 828 5466 17.
911 5415 951 5444 ¹⁹
982 5413 1025 5466 ll
1051 5412 1175 5467 Cor.
1207 5433 1257 5478 v,
1287 5413 1371 5468 16.
1448 5415 1494 5446 ²⁰
1521 5415 1689 5469 Galat.
1725 5432 1795 5480 tv,
1827 5415 1914 5469 Ἦ).

583 5516 734 5589 (56)
787 5519 1174 5592 Munitionum,
1231 5523 1567 5592 cogitationes
1627 5525 1977 5586 destruentes,
2039 5535 2088 5578 et

511 5605 737 5652 tmnem,
767 5598 872 5642 etc.
906 5591 994 5644 Sic
1041 5600 1186 5644 recte
1232 5591 1434 5646 habent
1463 5608 1592 5646 mss.
1644 5594 1778 5646 Male
1809 5610 1936 5646 vero
1975 5595 2092 5647 libri

511 5657 664 5724 9,5313,
704 5660 1097 5729 (οσξιαιῖηηιιηι,
1129 5663 1445 5715 destruentes
1473 5679 1692 5730 omnem,
1723 5673 1826 5718 ctc.

1919 5269 1940 5300 θ
1976 5266 2135 5331 ibid.,
2158 5266 2231 5320 51-

1933 5347 1974 5375 ³⁵
2006 5345 2176 5394 Halat.
2215 5359 2272 5404 ι’,
2303 5343 2392 5394 ΞΞ.

1993 5416 2033 5444 ²¹
2071 5411 2240 5466 lCor.
2275 5427 2348 5472 vt,
2387 5411 2469 5464 18.

2199 4487 2374 4548 putes,
2416 4478 2633 4548 quando
2679 4477 2862 4532 lurore
2905 4477 3188 4548 gentilium
3243 4478 3309 4530 ad
3375 4477 3762 4531 immolandum

2195 4571 2356 4626 idolis
2383 4571 2596 4640 cogeris
2626 4585 2641 4622 :
2671 4573 2764 4624 sed
2791 4570 2836 4624 si
2873 4568 3014 4623 forte
3052 4580 3104 4624 te
3144 4569 3386 4638 voluptas
3424 4568 3608 4623 carnis
3658 4567 3763 4620 illi—

2193 4664 2322 4727 ciat,
2355 4664 2402 4717 si
2436 4663 2530 4717 tibi
2559 4662 2801 4717 libidinis
2851 4660 3056 4714 allndat
3088 4662 3363 4725 illecebra,
3412 4661 3545 4724 haec,
3579 4659 3622 4712 si
3650 4657 3762 4711 vir-

2193 4756 2324 4809 tutis
2365 4772 2425 4809 es
2471 4756 2635 4822 lilius,
2687 4769 2945 4829 tanquam
2984 4755 3422 4828 persecutionem
3473 4752 3760 4811 maximam

2186 4848 2328 4918 fuge.
2386 4849 2594 4904 idcirco
2645 4851 2792 4904 enim
2839 4861 2894 4906 et
2937 4849 3234 4920 Apostolus
3275 4848 3412 4903 dicit
3439 4846 3483 4878 ²¹
3521 4863 3536 4898 :
3571 4842 3763 4912 Fugite

2189 4938 2615 5006 fornicationem.
2645 4940 2752 4996 Sed
2787 4942 2829 4994 si
2865 4941 3127 5011 iniustitia
3156 4940 3485 5001 blandiatur,
3527 4946 3584 4990 ut
3635 4951 3755 5006 per-

2188 5043 2376 5083 sonam
2406 5031 2641 5096 potentis
2667 5031 2944 5098 accipiens
2973 5029 2992 5105 (
3016 5031 3140 5100 58),
3167 5043 3216 5084 ιιι
3237 5030 3408 5100 gratia
3427 5028 3545 5095 ejus
3566 5026 3760 5090 nexus,

2193 5140 2296 5180 non
2327 5133 2536 5178 rectum
2565 5123 2831 5193 judicium
2857 5123 3026 5189 feras,
3065 5123 3365 5194 intelligere
3395 5123 3582 5175 debes.
3634 5120 3756 5188 quia

2328 5265 2370 5296 ¹⁰
2398 5264 2680 5326 Joan.vm,
2726 5261 2816 5317 56.
2896 5264 2934 5295 ”
2974 5262 3157 5318 Galat.
3192 5273 3277 5323 tv,
3323 5257 3412 5311 29.
3495 5253 3538 5284 “
3577 5253 3756 5308 Galt-t.

2328 5343 2392 5394 i2.
2490 5343 2530 5370 ³⁸
2562 5342 2606 5392 ll
2638 5343 2761 5392 Cor.
2794 5355 2849 5400 χ,
2883 5339 2916 5392 5
2949 5346 3002 5390 et
3031 5351 3181 5404 seqq.
3278 5336 3318 5365 ⁸⁷
3358 5333 3516 5387 Bonl.
3546 5344 3643 5386 vttt
3665 5365 3681 5394 ,
3714 5324 3751 5383 9

2667 5355 2761 5392 .or.
2794 5355 2849 5400 χ,
2883 5353 2916 5392 a
2949 5353 3002 5390 et
3031 5353 3181 5400 seqq.
3278 5353 3313 5365 ι’
3360 5353 3516 5387 non].
3546 5353 3643 5386 vm
3665 5365 3681 5394 ,
3715 5353 3776 5383 νο

2272 5522 2426 5588 (57)
2486 5520 2652 5574 lidem
2707 5533 2862 5582 mss.,
2917 5527 3071 5571 natus
3115 5517 3308 5585 fuerat,
3356 5512 3498 5584 quod
3539 5510 3594 5565 in
3636 5508 3768 5566 libb.

2201 5593 2362 5648 editis
2405 5590 2690 5643 omittitur.

2274 5661 2423 5733 (58)
2467 5661 2684 5730 Aliquot
2725 5675 2879 5725 mss.,
2935 5657 3186 5728 accipias.
