4086 6206
344 308 433 365 201

1513 297 1585 354 ἸΝ
1618 294 1915 356 GENESIM
1952 295 2234 352 HOMILIA
2268 293 2375 352 Vll.

3462 300 3567 359 Ξοξ

338 430 429 485 sub
452 425 634 497 specie
654 423 767 479 ludi
795 422 1045 480 blandam
1070 424 1500 492 persecutionem
1533 422 1600 477 ab
1635 422 1900 491 injustitia
1928 419 1976 476 A
2002 427 2161 487 gnata
2192 427 2276 473 est
2318 418 2480 483 Sara,
2504 416 2805 473 videamus.
2852 415 3011 487 Ejicit
3056 416 3306 473 ancillam
3357 418 3469 488 80
3512 429 3568 474 et

336 517 549 588 pateris.
591 514 795 570 Verum
853 525 909 570 et
948 522 1055 583 'per
1096 513 1338 582 singulas
1389 512 1610 567 malitia:
1666 514 1897 581 species,

333 608 537 665 etiamsi
570 606 759 662 molles
785 615 839 661 et
880 606 1130 661 delicatae
1167 606 1275 661 sint
1301 616 1355 659 et
1392 604 1519 659 ludo
1546 603 1773 669 similes,
1804 606 1900 659 has

332 696 760 769 persecutionem
792 696 1015 765 spiritus
1042 696 1240 760 dicito,
1288 695 1415 765 quia
1449 694 1502 749 in
1533 695 1617 750 bis
1646 695 1899 751 omnibus

330 789 497 843 virtus
524 785 842 841 oﬂ'enditur.

387 881 444 935 4.
482 880 600 935 Duo
630 887 760 934 sunt
790 893 921 950 ergo
949 878 1045 933 ﬁlii
1073 879 1347 934 Abraham
1372 919 1389 945 ,
1426 892 1566 933 unus
1600 879 1667 933 de
1699 877 1897 934 ancilla

326 980 372 1027 et
394 986 538 1026 unus
565 972 632 1026 de
658 970 829 1025 libera
861 988 877 1024 :
913 980 1140 1039 uterque
1194 980 1372 1026 tamen
1422 970 1564 1026 ﬁlius
1595 970 1893 1034 Abraham,

323 1063 446 1118 licet
474 1076 587 1115 non
617 1070 851 1128 uterque
888 1062 958 1116 de
1000 1060 1189 1115 libera.
1225 1062 1513 1131 Propterea
1545 1070 1601 1117 et
1629 1061 1675 1116 is
1704 1060 1795 1130 qui
1830 1063 1896 1115 de

321 1154 517 1209 ancilla
556 1154 818 1219 nascitur,
868 1154 1043 1208 haeres
1091 1154 1306 1223 quidem
1350 1168 1454 1208 non
1501 1154 1560 1208 ﬁt
1605 1169 1727 1209 cum
1787 1153 1894 1209 ﬁlio

321 1243 544 1309 liberae,
578 1243 791 1314 accepit
838 1252 1018 1297 tamen
1052 1243 1193 1298 dona
1227 1253 1283 1297 et
1319 1258 1426 1297 non
1471 1243 1764 1298 dimittitur
1795 1258 1893 1297 va-

320 1350 477 1391 cuus.
521 1335 751 1405 Accepit
802 1342 857 1391 et
894 1335 1007 1404 ipse
1069 1334 1536 1402 benedictionem,
1605 1338 1698 1391 sed
1754 1336 1894 1392 ﬁlius

321 1425 510 1481 liberae
549 1426 757 1494 accepit
788 1426 1294 1495 repromissionetn.
1324 1426 1413 1481 Fit
1445 1436 1501 1482 et
1535 1426 1625 1482 ille
1663 1427 1801 1500 (59)
1837 1429 1890 1483 in

323 1526 537 1588 gentem
565 1532 839 1588 magnam,
889 1519 982 1573 sed
1023 1520 1126 1573 iste
1170 1520 1225 1574 in
1271 1519 1527 1588 populum
1566 1521 1888 1589 adoptionis.

321 1608 657 1679 Spiritaliter
720 1623 850 1679 ergo
895 1624 1085 1665 omnes
1138 1610 1358 1679 quidem
1427 1612 1519 1681 qui
1581 1626 1679 1681 per
1733 1612 1888 1667 ﬁdem

320 1702 543 1755 veniunt
573 1700 639 1753 ad
677 1700 1006 1769 agnitionem
1061 1701 1176 1767 Dei,
1234 1712 1462 1770 possunt
1512 1702 1608 1756 lilii
1658 1702 1890 1758 Abrahae

319 1792 447 1845 dici.
488 1789 594 1844 Sed
627 1790 680 1843 in
719 1790 805 1845 bis
838 1792 1146 1860 suntaliqui
1178 1807 1275 1861 pro
1301 1793 1573 1846 cliaritate
1602 1794 1887 1847 adhaeren-

321 1894 397 1939 tes
452 1884 585 1951 Deo,
631 1883 723 1938 alii
778 1898 875 1954 pro
928 1894 1072 1939 metu
1119 1896 1175 1939 et
1222 1886 1416 1939 timore
1447 1884 1614 1939 futuri
1671 1884 1886 1954 iudicii.

320 1976 473 2033 Unde
506 1986 561 2031 et
598 1976 874 2045 apostolus
905 1974 1141 2031 Joannes
1171 1976 1301 2030 dicit
1323 1978 1367 2009 "
1399 1994 1412 2030 :
1449 1976 1553 2041 Qui
1580 1977 1759 2043 timet,
1787 1995 1889 2031 non

316 2076 388 2119 est
438 2065 706 2132 perfectus
757 2065 812 2118 in
847 2065 1126 2119 cltaritate.
1174 2062 1418 2133 Perfecta
1458 2074 1634 2119 autem
1677 2065 1887 2119 dilectio

313 2155 461 2221 [aras
509 2153 671 2206 mittit
723 2154 984 2207 timorem.
1045 2152 1153 2208 Iste
1180 2168 1312 2224 ergo
1359 2156 1449 2223 qui
1513 2155 1564 2208 in
1619 2156 1889 2210 charitate

313 2246 590 2314 perfectus
630 2252 732 2310 est,
788 2254 841 2299 et
894 2245 960 2299 de
1021 2243 1299 2299 Abraham
1351 2246 1613 2313 nascitur,
1660 2258 1715 2301 et
1746 2246 1888 2303 ﬁlius

313 2338 499 2391 liberae
551 2346 655 2391 est.
713 2334 813 2401 Qui
848 2350 976 2390 vero
1020 2352 1125 2390 non
1174 2336 1413 2405 perlecta
1466 2338 1755 2403 cltaritate,
1791 2340 1886 2395 sed

314 2429 517 2482 futurae
552 2441 730 2496 patrue
754 2435 903 2481 metu
933 2436 985 2481 et
1013 2427 1397 2495 suppliciorum
1424 2428 1616 2483 timore
1635 2431 1886 2485 mandata

314 2518 582 2581 custodit,
613 2528 696 2572 est
723 2518 943 2586 quidem
975 2527 1030 2572 et
1061 2517 1177 2585 ipse
1209 2518 1352 2572 ﬁlius
1380 2519 1615 2574 Abrahae
1642 2560 1657 2585 ,
1690 2521 1887 2590 accipit

310 2620 358 2665 et
391 2610 517 2679 ipse
569 2610 737 2673 dona,
786 2610 837 2663 id
887 2617 969 2663 est
1035 2610 1216 2678 operis
1258 2611 1341 2665 sui
1379 2614 1707 2678 mercedem,
1757 2614 1884 2683 quia

310 2705 471 2759 etiam
502 2704 598 2773 qui
628 2702 847 2756 calicem
889 2718 1040 2772 aqua:
1072 2701 1285 2772 frigidm
1328 2704 1529 2758 dederit
1577 2714 1779 2759 tantum
1829 2708 1886 2761 in

316 2795 527 2847 nomine
560 2793 830 2861 discipuli,
859 2809 961 2847 non
993 2793 1179 2863 peribit
1208 2810 1404 2849 merces
1430 2795 1544 2865 ejus
1572 2796 1638 2851 ³³.
1681 2796 1883 2853 Tamen

313 2882 548 2940 inferior
576 2883 671 2938 illo
692 2891 771 2938 est
795 2883 886 2952 qui
919 2898 1022 2938 non
1058 2884 1238 2939 servili
1271 2886 1463 2941 timore
1485 2930 1499 2953 ,
1552 2887 1648 2942 sed
1677 2889 1728 2943 in
1763 2890 1888 2945 cha-

312 2976 490 3031 ritatis
542 2976 794 3031 libertate
826 2976 1100 3045 perfectus
1144 2986 1246 3032 est.
1292 2977 1422 3033 Tale
1465 2979 1665 3049 aliquid
1718 2983 1883 3037 etiam

2002 510 2172 565 ﬁlium
2217 510 2353 580 ejus,
2411 511 2507 565 sed
2566 520 2746 564 tamen
2787 509 2881 564 dat
2912 510 2960 565 ei
3002 519 3176 566 utrem
3221 526 3393 580 aqua.
3446 512 3565 568 Non

1999 599 2143 653 enim
2187 600 2421 655 habebat
2446 609 2620 655 mater
2650 599 2769 669 ejus
2798 609 3014 671 puteum
3042 616 3196 670 aqua:
3233 603 3365 657 viva.-
3389 641 3406 668 ,
3463 617 3569 660 nec

1998 699 2211 758 poterat
2245 704 2380 758 puer
2418 692 2637 746 haurire
2668 693 2735 746 de
2760 702 2925 761 puteo
2951 708 3168 762 aquam.
3217 694 3367 749 Isaae
3396 695 3568 752 habe-

1996 778 2090 833 bat
2121 788 2328 849 puteos,
2354 793 2450 849 pro
2481 780 2680 850 quibus
2717 795 2771 836 et
2801 784 3100 838 certamina
3130 787 3336 854 patitur
3373 788 3567 842 adver-

1996 887 2090 927 sus
2146 871 2502 928 Philistbinos
2550 874 2616 926 ".
2668 873 2859 928 lsmael
2892 885 3074 929 autem
3124 877 3190 931 de
3241 886 3361 933 utre
3426 879 3568 934 bibit

1998 975 2217 1030 aquam,
2267 961 2361 1016 sed
2391 962 2482 1017 bic
2513 970 2633 1017 uter
2662 964 2817 1031 quasi
2852 972 2972 1018 uter
3002 963 3205 1031 deﬁcit,
3228 975 3282 1020 et
3305 966 3425 1022 ideo
3452 968 3572 1022 sitit

1997 1052 2099 1125 (41
2132 1053 2151 1123 )
2182 1062 2237 1107 et
2264 1068 2369 1108 non
2412 1054 2618 1108 invenit
2647 1064 2857 1124 potum.
2891 1053 2969 1109 Tu
3016 1064 3192 1109 autem
3241 1058 3336 1126 qui
3366 1072 3570 1113 secun-

1997 1146 2122 1200 dum
2169 1144 2318 1199 Isaac
2370 1146 2811 1216 repromissionis
2853 1161 2914 1201 es
2959 1146 3122 1209 ﬁlius,
3150 1148 3264 1200 bibe
3304 1164 3470 1217 aquas
3499 1150 3568 1203 de

1994 1238 2098 1292 tuis
2122 1237 2355 1306 fontibus
2390 1248 2438 1291 et
2478 1239 2541 1290 de
2584 1238 2688 1291 tuis
2731 1238 2937 1306 puteis;
2987 1254 3139 1307 aqua:
3190 1254 3292 1291 non
3348 1241 3566 1309 eﬁluant

1995 1328 2164 1397 foras,
2193 1330 2282 1383 sed
2320 1330 2461 1383 intus
2485 1331 2541 1384 in
2570 1330 2673 1383 tuis
2707 1329 2895 1399 plateis
2924 1338 3139 1383 currant
3176 1338 3284 1385 tua:
3311 1347 3463 1399 aqua:
3492 1330 3562 1388 ³⁸.

1994 1422 2085 1477 Ille
2124 1436 2253 1478 vero
2278 1423 2368 1493 qui
2394 1424 2689 1479 secundum
2732 1438 2948 1479 carnem
2997 1432 3157 1478 natus
3199 1432 3302 1491 est,
3342 1426 3408 1479 de
3444 1434 3566 1481 utre

1995 1525 2187 1580 aquam
2221 1512 2378 1577 bibit,
2407 1523 2461 1567 et
2493 1528 2630 1582 aqua
2679 1515 2790 1584 ipsa
2832 1515 3111 1580 deﬁcitei,
3165 1526 3219 1571 et
3271 1516 3323 1570 in
3383 1518 3565 1573 multis

1994 1601 2193 1659 deﬁcit.
2226 1602 2356 1658 Uter
2384 1604 2520 1674 legis
2569 1616 2653 1659 est
2703 1606 2901 1670 littera,
2943 1610 3007 1661 de
3037 1623 3138 1677 qua
3189 1607 3276 1661 ille
3327 1608 3565 1664 carnalis

1991 1695 2221 1764 populus
2247 1696 2406 1760 bibit,
2450 1706 2503 1751 et
2553 1697 2677 1752 inde
2714 1698 3041 1753 intellectum
3090 1702 3233 1767 capit
3271 1720 3285 1755 :
3323 1716 3442 1770 qute
3476 1701 3566 1756 lit-

1993 1798 2107 1841 tera
2159 1786 2470 1857 lrequenter
2525 1790 2572 1844 ei
2635 1789 2857 1855 deﬁcit,
2910 1800 2964 1845 et
3020 1792 3296 1860 explicare
3347 1810 3405 1849 se
3456 1810 3562 1849 non

1990 1888 2187 1949 potest.
2220 1878 2275 1933 In
2304 1880 2489 1935 multis
2519 1882 2661 1935 enim
2710 1881 2983 1936 delectum
3017 1885 3221 1952 patitur
3262 1885 3563 1941 liistorialis

1990 1971 2374 2041 intelligentia.
2448 1972 2685 2027 Ecclesia
2754 1982 2931 2027 autem
2994 1974 3064 2028 de
3122 1976 3448 2045 evangelicis
3507 1986 3563 2030 et

1992 2062 2307 2130 apostolicis
2355 2061 2592 2117 fontibus
2638 2060 2792 2125 bibit,
2827 2061 2919 2129 qui
2963 2077 3235 2129 nunquam
3279 2064 3557 2128 deﬁciunt,

1991 2154 2086 2208 sed
2121 2154 2173 2206 in
2215 2152 2407 2221 plateis
2456 2152 2572 2206 suis
2624 2159 2968 2220 percurrunt,
3019 2153 3143 2219 quia
3185 2153 3234 2205 in
3273 2151 3561 2208 latitudine

1990 2244 2252 2314 spiritalis
2332 2243 2793 2312 interpretationis
2864 2242 3143 2298 abundant
3220 2260 3435 2314 semper
3505 2255 3561 2300 ct

1990 2333 2181 2389 ﬂuunt.
2206 2335 2352 2389 Bibit
2390 2344 2442 2389 et
2464 2335 2529 2388 de
2564 2335 2760 2403 puteis,
2794 2348 2916 2387 cum
2954 2333 3301 2401 prolundiora
3333 2351 3560 2405 qumque

1991 2425 2176 2479 haurit
2217 2434 2269 2479 et
2298 2432 2574 2479 scrutatur
2621 2440 2687 2479 ex
2740 2424 2875 2493 lege.
2931 2423 3035 2478 Per
3090 2426 3191 2480 hoc
3222 2467 3237 2492 ,
3299 2428 3556 2490 arbitror,

1991 2520 2306 2589 mysterium
2345 2518 2503 2573 etiam
2530 2518 2961 2591 Dominus(42)
3006 2527 3060 2574 et
3094 2518 3348 2574 Salvator
3376 2531 3560 2575 noster

1989 2610 2199 2666 dicebat
2223 2610 2289 2664 ad
2315 2608 2738 2676 Samaritanam,
2764 2610 2853 2664 ubi
2887 2610 3029 2665 velut
3051 2611 3095 2665 si
3124 2626 3246 2666 cum
3275 2612 3387 2679 ipsa
3412 2613 3559 2682 Agar

1990 2698 2328 2769 loqueretur,
2392 2698 2571 2752 aiebat
2614 2698 2655 2733 ³⁸
2688 2716 2701 2751 :
2734 2696 2919 2753 Omnis
2966 2702 3057 2771 qui
3106 2702 3295 2755 biberit
3350 2718 3413 2756 ex
3460 2701 3557 2755 hac

1988 2807 2147 2861 aqua,
2173 2791 2311 2845 sitiet
2344 2790 2530 2843 iterum
2555 2806 2575 2854 ;
2604 2791 2690 2860 qui
2722 2801 2898 2845 autem
2930 2791 3116 2846 biberit
3145 2794 3207 2847 de
3237 2812 3372 2864 aqua
3396 2811 3554 2863 quam

1987 2899 2080 2952 ego
2114 2882 2248 2935 dabo
2275 2882 2359 2946 ei,
2391 2897 2497 2935 non
2520 2881 2660 2935 sitiet
2690 2883 2742 2935 in
2773 2892 3048 2940 a’ternum.
3098 2882 3162 2937 Et
3203 2885 3291 2939 illa
3327 2886 3459 2939 dicit
3487 2887 3553 2939 atl

1990 2972 2328 3027 Salvatorem
2364 2972 2407 3004 “
2436 2986 2451 3025 :
2481 2970 2563 3025 Da
2594 2973 2748 3038 mihi,
2782 2973 3020 3041 Domine,
3060 2977 3193 3029 hanc
3225 2994 3449 3043 aquam,
3498 2990 3553 3033 ut

310 3066 601 3137 Apostolus
632 3067 913 3133 ostendit,
944 3081 1067 3123 cum
1107 3068 1238 3123 dicit
1277 3069 1322 3101 "
1353 3087 1367 3125 :
1399 3069 1650 3136 Quandiu
1675 3073 1879 3142 quidem
1910 3082 1952 3141 ο
1990 3082 2091 3119 non
2116 3066 2314 3131 sitiam,
2362 3081 2520 3134 neque
2563 3066 2769 3119 veniam
2823 3065 2922 3120 huc
2966 3066 3201 3121 haurire.
3249 3066 3381 3121 Post
3436 3068 3554 3122 Itmc

312 3162 473 3213 narres
522 3158 778 3228 paruulus
833 3168 930 3223 est,
994 3159 1123 3212 nihil
1159 3160 1392 3228 di/ferta
1419 3179 1605 3226 servo,
1644 3180 1759 3217 cum
1808 3166 1878 3218 sit

311 3250 556 3304 dominus
587 3250 822 3303 omnium
844 3289 859 3315 ,
888 3250 977 3305 sed
1007 3250 1101 3305 sub
1125 3253 1385 3306 tutoribus
1408 3263 1455 3307 et
1478 3255 1746 3308 actoribus
1779 3266 1878 3319 est,

314 3358 476 3411 usque
503 3344 574 3394 ad
592 3341 917 3409 prwﬁnitum
944 3351 1144 3410 tempus
1172 3360 1203 3396 a
1224 3354 1395 3411 patre.
1445 3343 1711 3401 Parvulus
1750 3362 1880 3419 ergo

310 3430 504 3500 estqui
537 3429 679 3484 lacte
706 3429 895 3495 alitur,
921 3439 975 3485 et
1001 3444 1197 3501 expers
1233 3441 1319 3487 est
1344 3435 1612 3489 sermonis
1629 3436 1878 3505 justitiae,

312 3537 407 3577 nec
438 3530 618 3589 potest
653 3521 838 3577 cibum
881 3521 1115 3576 solidum
1148 3524 1392 3592 accipere
1424 3528 1708 3596 sapientiae
1744 3529 1882 3583 divi-

310 3627 426 3675 nae,
482 3619 540 3665 et
591 3610 836 3666 scientia:
874 3610 1033 3679 legis,
1087 3612 1176 3681 qui
1225 3628 1329 3668 non
1382 3625 1561 3684 potest
1614 3618 1879 3688 spiritalia

310 3701 644 3770 Spiritalibus
691 3714 1059 3770 comparare,
1114 3703 1205 3771 qui
1271 3705 1515 3759 nondum
1570 3716 1753 3776 potest
1798 3709 1882 3763 di-

311 3806 433 3847 cere
462 3792 512 3823 "
538 3809 551 3846 :
584 3791 713 3845 Cum
743 3799 918 3845 autem
948 3792 1119 3860 factus
1150 3809 1267 3847 sum
1296 3796 1399 3860 vir,
1426 3812 1544 3866 qua:
1567 3807 1715 3851 erant
1757 3816 1881 3867 par-

309 3886 413 3939 vuli
434 3883 651 3953 deposui
677 3882 820 3954 (40)
848 3901 863 3949 ;
898 3885 998 3939 iste
1018 3900 1149 3955 ergo
1179 3887 1313 3941 nihil
1338 3888 1519 3945 dill‘ert
1543 3904 1571 3944 a
1604 3905 1784 3949 servo.
1819 3890 1876 3947 Si

310 3992 434 4033 vero
484 3977 801 4045 relinquens
863 3976 1140 4033 initiorum
1182 3980 1381 4037 Christi
1446 3998 1753 4039 sermonem
1811 3987 1878 4041 ad

310 4065 694 4135 perfectionem
724 4066 954 4135 feratur,
1004 4080 1059 4124 et
1088 4087 1205 4141 qute
1230 4088 1439 4127 sursum
1488 4084 1607 4128 sunt
1646 4084 1874 4145 qumrat,

308 4160 391 4212 ubi
416 4158 663 4213 Christus
687 4170 760 4215 est
785 4161 841 4213 in
869 4162 1057 4216 dextra
1083 4162 1182 4217 Dei
1211 4164 1415 4231 sedens,
1456 4182 1557 4219 non
1582 4184 1697 4236 qua:
1722 4184 1877 4236 super

309 4256 502 4304 terram
529 4252 599 4314 “,
628 4260 683 4305 et
713 4253 1106 4323 contempletur
1128 4271 1229 4309 non
1259 4271 1318 4309 ea
1347 4273 1464 4325 qua?
1490 4258 1749 4325 ridentur,
1783 4262 1875 4312 sed

306 4354 421 4405 quia
468 4354 576 4392 non
618 4340 857 4394 videntur
905 4342 972 4407 ",
1018 4357 1193 4412 neque
1234 4344 1286 4398 in
1333 4345 1528 4400 divinis
1576 4345 1873 4417 Scripturis

1985 3157 2244 3213 Dominus
2288 3158 2353 3211 ad
2390 3173 2507 3213 eam
2552 3157 2697 3229 (45)
2730 3174 2747 3208 :
2784 3158 2888 3223 Qui
2934 3158 3119 3219 credit.
3162 3158 3336 3228 inquit
3387 3159 3455 3222 ³³,
3499 3159 3553 3212 in

1982 3264 2084 3311 me,
2114 3248 2201 3317 ﬁet
2234 3250 2285 3301 in
2311 3266 2371 3302 eo
2402 3248 2518 3317 fons
2554 3264 2705 3318 aqua:
2736 3248 2970 3302 salientis
3000 3250 3051 3302 in
3091 3250 3248 3303 vitam
3279 3259 3549 3304 a‘ternnm.

2054 3340 2107 3395 6.
2149 3339 2378 3394 Errabat
2410 3354 2538 3408 ergo
2568 3339 2716 3409 Agar
2760 3354 2854 3408 per
2882 3339 3150 3394 desertum
3195 3355 3315 3394 cum
3359 3356 3550 3409 puero,

1983 3441 2039 3487 et
2068 3445 2200 3500 puer
2229 3429 2496 3499 plorabat,
2526 3438 2578 3484 et
2609 3430 2835 3499 proiecit
2863 3444 2985 3483 eum
3018 3432 3185 3499 Agar,
3218 3432 3436 3496 dicens,
3472 3433 3550 3488 Ne

1985 3524 2203 3578 videam
2227 3530 2453 3578 mortem
2482 3520 2573 3576 ﬁlii
2601 3521 2728 3576 mei.
2777 3520 2904 3575 Post
2948 3522 3060 3576 lucc
3102 3538 3222 3577 cum
3250 3523 3359 3592 jam
3390 3528 3547 3593 quasi

1985 3614 2280 3668 moriturus
2324 3612 2516 3666 fuisset
2565 3610 2830 3679 abjectus,
2883 3620 2938 3665 et
2974 3611 3233 3680 ﬂevisset,
3290 3618 3446 3670 adest
3499 3617 3550 3671 ei

1985 3704 2207 3773 angelus
2250 3702 2506 3766 Domini,
2538 3714 2593 3755 et
2622 3703 2838 3771 aperuit
2880 3703 3070 3757 oculos
3090 3704 3258 3773 Agar,
3318 3716 3374 3759 et
3418 3706 3555 3761 vidit

1983 3804 2204 3863 puteum
2238 3807 2391 3862 aqua‘
2412 3794 2564 3847 vivae.
2592 3791 2716 3847 llmc
2738 3793 2805 3848 ad
2833 3794 3113 3849 historiam
3141 3795 3329 3850 referri
3359 3811 3552 3865 quem-

1982 3883 2269 3940 admodum
2322 3885 2594 3953 possunt?
2655 3884 2755 3940 Ubi
2810 3886 2951 3940 enim
3024 3885 3333 3941 invenimus
3403 3890 3550 3958 quod

1979 3978 2125 4048 Agar
2176 3976 2391 4032 clausos
2464 3977 2718 4033 habuerit
2783 3978 2993 4043 oculos,
3056 3988 3109 4031 et
3174 3980 3346 4049 aperti
3418 3992 3551 4037 sunt

1981 4069 2370 4140 postmodum?
2411 4067 2599 4124 Nonne
2637 4068 2757 4125 luce
2785 4070 2982 4123 t-larior
3012 4079 3094 4125 est
3134 4072 3184 4125 in
3226 4073 3308 4127 his
3350 4074 3551 4128 intelli-

1981 4160 2158 4230 gentia
2188 4160 2450 4229 spiritalis
2477 4172 2529 4216 ct
2555 4162 2807 4231 mystica,
2841 4161 2982 4230 quod
3008 4162 3250 4231 abjectus
3276 4166 3426 4221 estis
3454 4170 3545 4236 qui

1981 4254 2277 4308 secundum
2331 4269 2551 4309 carnem
2605 4266 2687 4309 est
2730 4256 2983 4325 populus,
3020 4266 3075 4312 et
3101 4258 3282 4312 tandiu
3319 4260 3463 4327 jacet
3495 4262 3547 4315 in

1981 4346 2123 4400 fame
2150 4353 2200 4400 el
2224 4346 2339 4412 siti,
2365 4363 2468 4400 non
2502 4349 2693 4415 [ament
2724 4348 2742 4419 (
2768 4349 2860 4417 14)
2884 4350 3036 4418 panis
3067 4350 3363 4420 perferens,
3389 4371 3550 4423 neque

309 4438 573 4498 sequatur
630 4433 960 4488 occidentem
1014 4433 1250 4489 litteram
1273 4476 1287 4500 ,
1333 4437 1427 4491 sed
1499 4437 1868 4493 viviﬁcantem
1903 4423 1953 4481 ο
1978 4439 2121 4491 sitim
2156 4452 2332 4507 aqum,
2366 4438 2455 4491 sed
2481 4440 2620 4492 sitim
2646 4440 2785 4494 rerbi
2814 4441 2905 4495 Dei
2934 4441 2998 4507 ”,
3041 4442 3213 4498 donec
3234 4445 3549 4515 aperiantur

310 4521 555 4588 Spiritum
588 4536 603 4575 :
634 4536 699 4577 ex
724 4524 828 4580 illis
850 4526 953 4580 erit
976 4524 1096 4579 sine
1128 4524 1310 4592 dubio,
1341 4527 1432 4595 qui
1469 4542 1572 4581 non
1601 4529 1876 4598 accipiunt

310 4614 545 4681 spiritum
590 4617 858 4672 seruitutis
898 4620 1090 4672 iterum
1127 4619 1180 4673 in
1220 4620 1405 4672 timore
1430 4660 1444 4683 ,
1483 4620 1574 4673 sed
1620 4623 1867 4690 spiritum

309 4707 625 4774 adoptionis,
667 4708 723 4762 in
749 4725 851 4778 quo
881 4710 1117 4766 clament
1150 4729 1165 4764 :
1196 4710 1341 4763 Abba
1374 4711 1537 4765 Pater
1561 4714 1625 4767 ’⁸.

380 4798 431 4851 5.
473 4799 609 4866 Quid
660 4803 879 4857 interim
910 4814 1036 4872 agat
1086 4804 1362 4859 Abraham
1408 4818 1693 4876 postquam
1736 4809 1873 4865 indi-

385 4937 463 5010 ’ξι
492 4939 623 4994 Joan
666 4956 742 4998 Iv.
766 4940 847 4994 18.
925 4942 970 4973 ’³
994 4941 1180 4998 Matth.
1207 4958 1261 5007 κ,
1287 4943 1377 4997 45.
1456 4946 1499 4976 ’⁵
1529 4945 1646 4999 Gal.
1680 4963 1753 5010 tv,
1789 4948 1839 5009 1,
1866 4949 1884 5001 ‘i

1998 4943 2454 5006 "lCor.xn,ll.

1494 5015 1537 5044 ²⁰
1575 5014 1731 5071 Prov.
1779 5033 1827 5081 v,
1861 5018 1956 5084 15,
1994 5019 2073 5073 16.

938 5014 982 5043 ²⁹
1009 5012 1204 5067 ches.
1240 5029 1387 5067 xxvi.

892 5080 934 5111 ³⁸
968 5081 1121 5138 Rom.
1167 5099 1241 5147 XI,
1263 5083 1355 5138 25.

425 5217 531 5357 ὅθζ
567 5219 723 5282 Mss"
749 5220 810 5287 Iit
835 5229 883 5273 et
908 5222 1031 5283 ille;
1055 5222 1185 5277 libb.
1212 5224 1367 5288 editi,
1404 5226 1498 5293 ﬁat
1532 5236 1579 5279 et
1617 5227 1724 5280 ille.

425 5287 490 5341 10
562 5288 717 5343 Libb.
753 5291 906 5353 editi,
938 5294 1179 5348 evacuaui
1200 5310 1318 5357 qutv
1340 5307 1491 5349 erant
1518 5298 1724 5357 parvuli

422 5287 528 5372 10)
562 5288 717 5372 μω).
753 5291 906 5372 editi,
938 5294 1179 5372 evacuaui
1200 5310 1318 5360 qutv
1340 5287 1491 5349 erant
1518 5298 1746 5363 parvuli,
1774 5297 1867 5351 scd

307 5372 437 5410 mss.
472 5369 529 5410 ut
563 5369 616 5411 in
646 5369 833 5414 nostro
866 5369 1033 5414 textu.

380 5427 537 5619 flii
560 5428 712 5509 1.15s“
740 5430 886 5489 sitit;
916 5429 1044 5485 libb.
1085 5432 1231 5497 editi,
1259 5435 1409 5501 petit.

423 5496 491 5549 42
540 5497 695 5551 Ltbb.
732 5500 861 5553 editi
903 5518 917 5553 :
952 5515 1046 5568 pro
1080 5501 1177 5555 hoc
1207 5505 1406 5557 arbitro

382 5582 462 5619 am
540 5569 764 5619 ominus.
792 5570 884 5619 sed
916 5585 1044 5619 mss.
1073 5580 1131 5619 ut
1165 5572 1216 5619 in
1254 5584 1407 5619 nostr

308 5008 357 5037 "'
396 5008 543 5061 Rom.
582 5025 713 5073 vm,
744 5010 831 5065 15.

311 5076 358 5107 ³⁸
389 5080 545 5133 Amos
579 5094 699 5145 vm,
732 5081 813 5133 11.

423 5496 695 5575 ιεμίιξι).
732 5500 917 5575 editi:
952 5515 1046 5568 pro
1080 5501 1177 5575 hoc
1207 5496 1436 5557 arbitror
1462 5505 1705 5574 mysterio
1728 5508 1865 5575 quod

305 5567 462 5619 etiam
492 5567 764 5628 Dominus.
792 5570 884 5624 sed
916 5567 1044 5624 mss.
1073 5580 1131 5624 ut
1165 5572 1216 5626 in
1254 5584 1441 5629 nostro
1466 5567 1637 5629 te'xtu.

381 5636 510 5707 (45)
556 5636 684 5692 Post
722 5637 832 5693 haec
884 5640 1138 5695 Dominus
1160 5643 1230 5694 ad
1258 5659 1397 5712 eam,
1438 5654 1544 5701 etc.
1600 5644 1871 5699 Memoriae

668 5731 938 5793 Ριτιιοι.
972 5732 1091 5793 Gn.
1141 5732 1281 5796 ΧΠ.

1980 4530 2122 4585 oculi
2149 4545 2441 4601 synagoga:
2466 4531 2489 4585 ?
2514 4530 2626 4586 lloc
2658 4543 2738 4588 est
2769 4535 2912 4605 quod
2936 4535 3229 4604 Apostolus
3256 4538 3388 4593 dicit
3428 4552 3548 4592 esse

1980 4622 2297 4692 mysterium
2350 4622 2396 4654 ³⁵
2430 4638 2445 4676 :
2474 4622 2610 4688 Quia
2657 4626 2862 4678 cwcitas
2912 4628 3127 4696 contigit
3180 4646 3244 4683 ea:
3290 4643 3439 4700 parte
3490 4631 3546 4684 in

1982 4713 2174 4777 Israel,
2203 4715 2367 4767 donec
2415 4715 2685 4783 plenitudo
2728 4719 2957 4786 gentium
3004 4720 3280 4785 introiret,
3337 4731 3385 4774 et
3423 4732 3544 4773 tunc

1980 4810 2150 4863 omnis
2183 4809 2355 4864 Israel
2390 4810 2569 4865 salvus
2597 4813 2765 4882 ﬁeret.
2806 4811 2911 4868 ista
2948 4823 3031 4870 est
3058 4831 3187 4883 ergo
3221 4817 3437 4871 caecitas
3489 4818 3543 4871 in

2535 4941 2962 5009 "Coloss.m,i.
3087 4951 3325 5007 "llCor.
3358 4970 3430 5017 IV,
3452 4956 3541 5009 18.

2176 5018 2217 5049 ³⁸
2258 5018 2416 5073 Joan.
2448 5033 2516 5081 Iv,
2563 5020 2651 5073 15.
2752 5020 2795 5049 ³¹
2835 5022 2966 5075 ibid.
3013 5021 3099 5076 15.
3203 5023 3247 5053 ³³
3287 5024 3419 5080 ibid.
3453 5022 3543 5076 14.

1975 5228 2156 5295 lapsus
2199 5237 2280 5283 cst
2308 5229 2359 5282 in
2404 5229 2809 5299 0rigene,inam
2843 5241 2961 5299 qua:
2994 5236 3295 5295 sequuntur
3326 5228 3542 5286 Domini

1973 5299 2163 5377 verba,
2197 5315 2301 5377 non
2331 5298 2517 5377 postea
2544 5335 2560 5362 ,
2590 5298 2686 5352 sed
2711 5304 2870 5350 antea
2904 5298 3050 5353 dicta
3091 5308 3235 5361 sunt,
3268 5314 3465 5369 nempe
3495 5310 3526 5377 ᾖ

1976 5366 2062 5429 14,
2090 5375 2143 5419 et
2166 5368 2290 5422 aliis
2326 5369 2568 5421 vocibus.

2042 5435 2194 5508 (μ)
2258 5437 2525 5508 SitiLnon
2568 5435 2779 5508 famem.
2827 5434 2919 5508 Sic
2977 5437 3146 5492 codex
3193 5435 3543 5497 Belvacensis

1975 5504 2505 5578 meliusA'quam'libb.
2534 5504 2665 5561 ctliti
2691 5506 2741 5559 in
2773 5507 2971 5576 quibus
2999 5508 3193 5578 legitur
3228 5526 3243 5563 :
3271 5510 3386 5568 siti.
3415 5510 3541 5568 Non

1973 5574 2109 5629 enim
2148 5574 2359 5644 famem.

3125 5744 3162 5801 7
