4122 6248
497 321 602 375 21ιὸ

1995 307 2313 365 ORIGENIS

3653 319 3750 375 ὶοι

494 443 658 511 Agar,
706 454 827 509 qua:
867 435 1164 494 secundum
1198 448 1416 489 carnem
1455 433 1641 506 genuit
1675 452 1689 490 :
1720 448 1839 506 qua:
1888 433 2074 488 tandiu
2107 435 2153 495 Α
2180 434 2320 487 citus
2353 441 2435 487 est
2482 433 2553 499 ei,
2605 431 2733 503 quia
2768 432 2820 487 in
2866 431 2979 488 lilio
3028 433 3119 503 qni
3171 446 3489 493 nasceretur
3517 451 3585 493 ex
3616 438 3746 499 Sara

492 534 548 586 in
586 546 650 586 ea
677 536 999 601 permanet,
1046 526 1221 580 donec
1273 524 1521 580 velamen
1564 525 1760 581 littera:
1796 524 2075 580 auferatur

488 638 590 693 per
612 621 964 687 Evangelium
992 618 1085 673 Dei
1131 618 1242 690 (i5
1264 618 1303 689 ),
1336 628 1393 674 et
1427 619 1606 673 videat
1641 632 1839 690 aquam
1870 618 2069 673 vivam.

496 716 649 769 Nunc
676 712 820 767 enim
858 711 1046 781 jacent
1092 709 1261 766 Judmi
1294 712 1436 767 circa
1477 713 1651 783 ipsum
1682 721 1902 781 puteum
1928 751 1944 778 ,
1975 711 2073 766 sed

489 806 632 860 oculi
656 820 844 859 eorum
871 803 1040 859 clausi
1068 814 1197 858 sunt
1226 820 1241 857 :
1271 814 1327 859 et
1374 819 1480 859 non
1515 813 1747 874 possunt
1789 803 1978 859 bibere
2007 803 2073 859 de

487 906 652 964 puteo
680 895 815 964 legis
852 904 903 949 et
936 894 1347 965 prophetarum.
1396 894 1503 950 Sed
1536 903 1592 950 et
1618 909 1717 950 nos
1748 908 2066 960 caveamus,

487 988 613 1057 quia
653 987 966 1057 frequenter
996 996 1051 1043 et
1083 1002 1181 1042 nos
1211 988 1357 1042 circa
1398 986 1885 1058 puteumjacemus
1917 1002 2070 1057 aqua:

484 1080 645 1146 vicre,
678 1079 729 1134 id
763 1088 843 1134 est
869 1080 1015 1133 circa
1046 1078 1360 1149 Scripturas
1391 1079 1633 1144 divinas,
1657 1088 1711 1134 et
1737 1094 1983 1133 erramus
2013 1078 2065 1132 in

486 1171 638 1241 ipsis.
677 1168 949 1225 Tenemus
982 1170 1151 1225 libros
1192 1180 1245 1226 et
1281 1172 1550 1241 legimus,
1589 1172 1686 1227 sed
1727 1170 2065 1241 spiritualcm

487 1278 703 1318 sensum
738 1279 841 1316 non
867 1263 1204 1329 attingimus.
1247 1264 1313 1318 Et
1350 1266 1471 1321 ideo
1513 1281 1650 1334 opus
1687 1276 1771 1320 est
1813 1266 2066 1337 lacrymis

487 1365 545 1407 et
570 1354 909 1408 orationibus
939 1355 1372 1413 indesinentibus
1393 1360 1690 1428 postulare,
1719 1370 1776 1413 ut
1809 1361 2065 1415 Dominus

488 1442 698 1510 aperiat
733 1442 920 1496 oculos
952 1452 1206 1511 nostros;
1238 1446 1364 1514 quia
1404 1456 1459 1500 et
1492 1447 1567 1500 illi
1616 1449 1745 1502 croci
1788 1450 1877 1518 qui
1907 1450 2062 1504 sede-

488 1533 622 1584 bant
654 1532 706 1585 in
750 1529 971 1587 Jericho
1002 1533 1072 1599 ³⁸,
1107 1535 1209 1589 nisi
1263 1536 1593 1591 clamassent
1636 1537 1703 1591 ad
1749 1537 2061 1601 Dominum,

487 1637 593 1676 non
626 1622 857 1679 fuissent
903 1626 1077 1694 aperti
1110 1625 1250 1680 oculi
1286 1640 1498 1681 eorum.
1557 1627 1624 1683 Et
1670 1629 1800 1698 quid
1843 1629 1984 1701 dico,
2006 1639 2064 1683 ut

485 1716 810 1785 aperiantur
834 1717 976 1772 oculi
1005 1718 1223 1772 nostri?
1250 1720 1374 1787 quia
1402 1718 1514 1789 jam
1540 1720 1712 1789 aperti
1738 1728 1885 1774 sunt.
1906 1718 2062 1775 Jesus

486 1807 629 1860 enim
674 1808 823 1862 venit
857 1810 1071 1877 aperire
1120 1810 1306 1865 oculos
1357 1826 1649 1865 etecorum.
1698 1811 1883 1881 Aperti
1930 1827 2059 1880 ergo

486 1904 613 1948 sunt
641 1896 785 1951 oculi
825 1898 1020 1962 nostri,
1059 1906 1110 1953 et
1138 1900 1206 1954 de
1241 1898 1419 1954 littera
1446 1899 1579 1969 legis
1617 1899 1864 1955 velamen
1908 1900 2060 1955 abla-

485 1992 599 2038 tum
636 1995 737 2041 est.
772 1984 879 2041 Sed
910 2002 1106 2042 vereor
1150 2002 1217 2042 ne
1258 2003 1355 2043 nos
1385 1990 1482 2058 ipsi
1511 2004 1608 2044 eos
1637 2006 1830 2045 somno
1863 1991 2062 2046 iterum

486 2076 837 2148 profundiore
893 2077 1234 2145 claudamus,
1293 2080 1419 2133 dum
1487 2095 1594 2135 non
1654 2081 1943 2152 vigilamus
2007 2084 2062 2138 in

486 2166 767 2223 intellectu
788 2167 1037 2236 spiritali,
1070 2182 1246 2238 neque
1269 2169 1484 2225 solliciti
1508 2185 1698 2226 sumus
1722 2180 1780 2226 ut
1807 2186 2061 2228 somnum

484 2259 840 2314 discutiamus
892 2259 961 2314 ab
1014 2260 1188 2314 oculis
1248 2261 1481 2326 nostris,
1526 2271 1582 2317 et
1630 2264 2063 2333 contemplemur

485 2365 605 2419 qua:
631 2349 898 2419 spiritalia
926 2357 1074 2415 sunt,
1100 2351 1179 2405 uti
1199 2365 1269 2405 ne
1295 2365 1418 2406 cum
1449 2352 1646 2421 populo
1679 2355 1885 2409 carnali
1914 2357 2061 2410 circa

488 2444 657 2509 ipsam
682 2455 877 2510 aquam
906 2440 1065 2510 positi
1097 2455 1364 2506 erremus,
1396 2444 1526 2512 quin
1550 2445 1730 2512 potius
1753 2446 2078 2515 vigilemus,-

485 2540 541 2585 et
585 2545 710 2583 cum
758 2529 1025 2599 PrOpheta
1067 2530 1314 2587 dicamus
1346 2531 1389 2564 ³⁷
1422 2549 1436 2586 :
1474 2531 1537 2587 Si
1586 2533 1777 2589 dedero
1819 2552 2059 2590 somnum

485 2619 653 2675 oculis
682 2622 834 2687 meis,
878 2629 928 2674 et
974 2621 1238 2691 palpebris
1288 2623 1419 2678 meis
1465 2624 1916 2693 dormitationem,
1966 2639 2060 2682 aut

485 2713 717 2782 requiem
765 2714 1084 2782 temporibus
1138 2715 1267 2769 meis
1295 2755 1310 2781 ,
1355 2716 1518 2771 donec
1569 2717 1831 2772 inveniam
1887 2718 2059 2773 locum

486 2806 734 2869 Domino,
776 2806 1179 2881 tabernaculum
1228 2806 1339 2862 Deo
1390 2806 1578 2864 Jacob.
1628 2808 1736 2879 Ipsi
1791 2808 1961 2880 gloria
2006 2819 2062 2865 et

488 2897 777 2965 imperium
802 2899 855 2953 in
884 2899 1080 2954 saecula
1118 2899 1461 2956 sazcnlorum.
1490 2899 1686 2956 Amen.

1044 2986 1319 3042 liOMlLlA
1365 2986 1498 3046 Vili.

2177 526 2541 596 complebitur
2567 527 2672 582 ista
2710 526 3021 595 promissio.
3056 528 3395 585 Accenderat
3444 545 3577 602 ergo
3626 534 3747 588 ani-

2178 631 2326 670 mum
2361 618 2532 686 ipsius
2559 616 2612 671 in
2638 628 2880 671 amorem
2907 616 3027 683 lilii,
3063 633 3167 673 non
3204 620 3376 674 solum
3404 623 3749 691 posteritatis

2176 710 2377 778 gratia,
2410 712 2505 765 sed
2528 720 2584 766 et
2611 712 3036 782 promissionum
3070 725 3185 780 spe.
3233 710 3339 765 Sed
3379 711 3523 768 hunc
3561 714 3614 767 in
3643 729 3752 783 quo

2176 799 2225 853 ci
2249 800 2437 869 positza
2463 812 2589 856 sunt
2616 802 3007 872 promissiones
3038 815 3245 870 magna:
3292 800 3408 856 ista:
3434 811 3491 857 et
3520 803 3748 860 mirabi-

2166 890 2254 946 ‘les
2285 935 2299 959 ,
2334 894 2501 960 lmuc,
2539 893 2780 963 inquam,
2814 892 2981 947 lilium
3035 892 3086 946 in
3113 906 3220 962 quo
3248 900 3498 947 vocatum
3524 904 3609 948 est
3646 911 3748 951 no-

2164 998 2295 1040 men
2328 986 2445 1052 ejus
2485 985 2784 1050 Abraham,
2827 984 3201 1040 holocaustum
3247 984 3475 1039 Domino
3514 979 3749 1055 iubetur

2169 1076 2365 1131 otlcrre
2397 1078 2448 1132 in
2483 1091 2593 1132 uno
2619 1092 2685 1132 ex
2711 1076 3006 1133 montibus.
3034 1077 3172 1144 Quid
3201 1085 3255 1130 tu
3278 1076 3344 1130 ad
3367 1078 3501 1143 haec,
3521 1093 3553 1131 ο
3573 1078 3749 1135 Abra-

2162 1166 2290 1220 ham
2311 1168 2332 1220 ?
2357 1166 2487 1231 Qua:
2508 1174 2563 1221 et
2587 1165 2778 1235 quales
2803 1165 3471 1235 cogitationesmoventur
3504 1165 3557 1217 in
3584 1169 3746 1221 corde

2171 1258 2299 1311 tuo?
2334 1256 2544 1311 Prolata
2573 1266 2658 1312 est
2686 1270 2785 1311 vox
2815 1271 2845 1310 a
2876 1256 3009 1320 Deo,
3038 1271 3161 1325 quae
3186 1255 3447 1309 discutiat
3474 1263 3527 1309 et
3552 1258 3746 1324 probet

2162 1349 2327 1403 ﬁdem
2359 1359 2525 1405 tuam.
2554 1348 2695 1415 Quid
2719 1348 2784 1402 ad
2813 1348 2927 1403 haec
2958 1348 3131 1403 dicis?
3159 1346 3299 1413 Quid
3328 1346 3574 1414 cogitas?
3602 1347 3745 1415 Quid

2167 1440 2469 1495 retractas?
2492 1440 2729 1495 Putasne
2751 1439 2985 1494 revolvis
3014 1440 3067 1493 in
3098 1439 3263 1494 corde
3293 1449 3406 1503 tuo,
3438 1438 3589 1508 quia,
3619 1440 3662 1493 si
3691 1440 3744 1493 in

2168 1529 2315 1587 lsaac
2337 1532 2460 1587 data
2483 1540 2567 1587 est
2602 1532 2731 1586 mihi
2766 1531 3138 1601 repromissio,
3181 1532 3325 1587 hunc
3362 1540 3543 1587 autem
3574 1532 3744 1589 oll'ero

2171 1623 2576 1689 holocaustum,
2603 1630 2855 1693 superest
2879 1630 2937 1676 ut
2973 1636 3078 1676 non
3111 1632 3362 1694 speretur
3384 1622 3490 1677 ulla
3516 1629 3745 1693 promis-

2177 1716 2260 1771 sio
2292 1714 2451 1787 (46)?
2479 1716 2585 1769 Aut
2619 1714 2790 1785 magis
2828 1712 2915 1766 illa
2954 1713 3162 1783 cogitas
3204 1723 3259 1768 et
3291 1713 3449 1780 dicis,
3482 1715 3607 1785 quia
3643 1716 3743 1770 im-

2168 1807 2426 1878 possibile
2453 1815 2535 1862 est
2562 1805 2781 1862 mentiri
2805 1820 2929 1861 eum
2973 1806 3065 1874 qui
3096 1806 3450 1875 repromisit;
3481 1807 3742 1877 quidquid

2167 1897 2298 1952 illud
2322 1896 2505 1962 fuerit,
2527 1897 2818 1968 promissio
2842 1898 3217 1967 permanebit?
3245 1898 3443 1954 Verum
3468 1914 3591 1970 ego,
3616 1902 3739 1969 quia

2168 1989 2424 2044 minimus
2474 2004 2614 2055 sum,
2675 1989 2808 2043 tanti
2859 1989 3188 2059 patriarcha:
3224 1991 3593 2061 cogitationes
3628 2008 3737 2047 non

2166 2080 2321 2135 valeo
2362 2078 2715 2150 perscrutari,
2765 2092 2870 2133 nec
2916 2079 3058 2135 scire
3096 2093 3345 2148 possum,
3371 2095 3472 2135 vox
3502 2081 3594 2135 Dei
3622 2097 3741 2151 qua:

2164 2169 2229 2224 ad
2265 2169 2579 2224 tentandum
2610 2182 2731 2223 eum
2749 2178 3115 2238 processerat,
3144 2184 3281 2239 quas
3311 2172 3359 2226 ei
3385 2172 3740 2240 cogitationes

2164 2260 2414 2325 moverit,
2463 2259 2593 2330 quid
2626 2259 2793 2314 animi
2827 2260 3094 2327 attulerit,
3141 2274 3262 2316 cum
3288 2261 3573 2330 iuberetur
3621 2266 3739 2317 uni-

2162 2364 2285 2405 cum
2332 2348 2604 2419 jugulare.
2651 2346 2761 2404 Sed
2810 2348 3068 2418 quoniam
3106 2351 3323 2419 spiritus
3364 2352 3737 2420 praphetarum

2160 2440 2423 2511 prophetis
2453 2439 2717 2510 subjectus
2757 2450 2833 2494 est
2868 2439 2933 2507 “,
2966 2439 3167 2498 Paulus
3211 2442 3487 2513 apostolus
3516 2445 3606 2514 qui
3642 2459 3739 2515 per

2161 2530 2438 2599 spiritum,
2468 2529 2653 2595 credo,
2679 2528 2949 2584 didicerat
2977 2530 3107 2599 quid
3144 2532 3335 2598 animi,
3362 2532 3491 2603 quid
3527 2536 3737 2590 consilii

2161 2619 2438 2674 Abraham
2463 2619 2715 2688 gesserit,
2748 2618 3013 2673 indicavit
3065 2620 3255 2676 dicens
3275 2621 3321 2654 “
3349 2638 3363 2675 :
3402 2622 3537 2679 Fide
3564 2624 3737 2679 Abra-

2160 2714 2283 2767 ham
2310 2729 2412 2767 non
2440 2712 2721 2779 Iursitavit,
2752 2728 2870 2767 eum
2911 2714 3123 2769 unicum
3157 2716 3392 2785 o/ferret,
3420 2718 3477 2771 in
3505 2734 3605 2787 quo
3644 2735 3738 2773 ac-

2162 2815 2367 2877 ceperat
2417 2805 2874 2873 repromissiones,
2929 2808 3169 2877 cogitans
3215 2809 3343 2876 quia
3382 2818 3430 2863 et
3458 2827 3489 2863 a
3519 2812 3739 2865 mortuis

2163 2914 2280 2953 eum
2312 2897 2568 2951 suscitare
2592 2905 2773 2965 potens
2822 2907 2899 2951 est
2932 2897 3096 2953 Deus.
3147 2898 3394 2955 Prodidit
3420 2915 3549 2971 ergo
3586 2903 3742 2957 nobis

2162 2989 2520 3060 cogitationes
2551 2988 2654 3043 viri
2687 2987 2861 3043 fidelis
2908 2988 3221 3058 Apostolus,
3268 2992 3410 3061 quod
3467 2994 3599 3048 fides
3654 3009 3741 3049 re-

526 3076 605 3133 De
633 3093 694 3132 eo
721 3077 860 3147 quod
890 3078 1075 3133 obtulit
1125 3079 1394 3134 Abraham
1434 3080 1605 3149 ﬁlium
1649 3097 1803 3136 suum
1845 3078 2023 3138 Isaac.
2088 3112 2132 3170 ε
2166 3078 2525 3136 surrectionis
2563 3079 2675 3150 jam
2721 3088 2833 3134 tum
2892 3079 3082 3136 haberi
3141 3084 3374 3152 cmperit
3441 3081 3494 3139 in
3559 3084 3733 3140 lsaac.

557 3168 610 3224 ς.
629 3170 895 3227 Adhibete
910 3171 1013 3226 huc
1031 3185 1212 3241 aures,
1229 3173 1318 3242 qui
1343 3172 1655 3228 accessistis
1672 3173 1737 3228 ad
1754 3173 2059 3241 Dominum,

484 3262 577 3331 qui
610 3261 797 3318 fideles
821 3276 943 3318 esse
973 3277 1069 3319 vos
1100 3265 1341 3330 creditis,
1370 3275 1425 3319 et
1455 3266 1801 3321 considerate
1830 3266 2060 3338 diligen-

488 3360 593 3410 tius
641 3356 1098 3425 quemadmodum
1153 3355 1390 3412 ﬁdelium
1426 3356 1557 3412 ﬁdes
1588 3357 1852 3428 probatur
1879 3372 1943 3412 ex
1976 3359 2060 3412 his

485 3462 605 3515 qua:
644 3447 871 3502 recitata
916 3456 1044 3503 sunt
1074 3447 1249 3504 nobis.
1309 3448 1376 3503 Et
1407 3449 1606 3520 factum
1642 3458 1741 3515 est,
1784 3449 1958 3519 inquit
1991 3450 2057 3515 ⁸⁸,

483 3547 598 3605 post
629 3540 738 3592 ha'c
769 3539 946 3605 verba,
987 3543 1205 3595 tentavit
1234 3539 1373 3595 Deus
1399 3541 1689 3609 Abraham,
1717 3551 1763 3595 et
1796 3542 1930 3596 dixit
1964 3543 2014 3596 ei
2040 3558 2059 3596 :

486 3628 777 3698 Abraham,
800 3629 1087 3685 Abraham.
1120 3631 1190 3686 Et
1215 3631 1306 3686 ille
1339 3632 1505 3686 dixit:
1526 3630 1660 3687 Ecce
1677 3647 1792 3703 ego.
1818 3632 2056 3689 Observa

484 3719 695 3790 singula
724 3737 845 3792 quin
875 3723 1083 3791 scripta
1115 3734 1262 3779 sunt.
1326 3723 1383 3779 In
1430 3725 1660 3797 singulis
1685 3725 1830 3781 enim
1862 3726 1908 3782 si
1936 3728 2058 3797 quis

483 3814 587 3868 scit
609 3814 662 3867 in
687 3814 852 3867 altum
880 3814 1086 3878 fodere,
1113 3815 1355 3870 inveniet
1384 3817 1794 3885 thesaurum;et
1807 3818 2059 3874 fortassis

483 3908 650 3961 etiam
703 3906 792 3961 ubi
842 3921 947 3961 non
1009 3907 1377 3973 existimatur,
1443 3907 1616 3963 latent
1673 3912 2057 3980 mysteriorum

484 4008 723 4079 pretiosa
752 4008 994 4066 monilia.
1026 4008 1226 4063 Abram
1252 4009 1549 4063 vocabatur
1592 4009 1677 4063 vir
1720 4009 1825 4064 iste
1872 4010 2054 4079 prius,

482 4112 540 4159 et
589 4116 859 4172 nusquam
908 4100 1138 4171 legimus
1186 4100 1333 4171 quod
1376 4099 1478 4155 hoc
1516 4101 1733 4155 homine
1778 4101 2059 4157 vocaverit

483 4208 605 4249 eum
656 4192 819 4257 Deus,
872 4201 970 4247 aut
1014 4191 1216 4248 dixerit
1265 4192 1337 4259 ei,
1392 4193 1620 4259 Abram,
1667 4193 1889 4248 Abram.
1941 4192 2056 4251 Non

482 4287 628 4342 enim
665 4302 694 4341 a
729 4285 837 4342 Deo
874 4284 1061 4341 vocari
1120 4292 1334 4356 poterat
1372 4286 1592 4342 nomine
1627 4285 1858 4343 deleudo
1881 4326 1898 4353 ,
1960 4287 2055 4343 sed

484 4389 645 4434 vocat
682 4395 807 4435 eum
840 4377 944 4434 hoc
974 4378 1196 4434 nomine
1240 4377 1386 4448 quod
1424 4379 1541 4446 ipse
1570 4380 1828 4447 donavit,
1864 4389 1919 4435 et
1948 4396 2054 4435 non

2164 3173 2441 3227 Abraham
2488 3186 2618 3242 ergo
2665 3183 3106 3230 resurrecturum
3154 3177 3410 3245 sperabat
3461 3177 3629 3242 Isaac,
3688 3188 3742 3234 et

2164 3262 2418 3319 credebat
2456 3261 2571 3334 (47)
2621 3262 2899 3330 futurum,
2943 3266 3088 3336 quod
3132 3268 3309 3337 adhuc
3346 3283 3450 3321 non
3492 3279 3611 3324 erat
3653 3268 3742 3324 fa-

2163 3362 2333 3411 ctum.
2364 3353 2649 3422 Quomodo
2665 3370 2797 3426 ergo
2824 3354 2915 3410 lilii
2936 3364 3065 3411 sunt
3092 3357 3393 3424 Abraham,
3416 3360 3506 3428 qui
3531 3359 3738 3417 factum

2164 3461 2269 3501 non
2303 3445 2539 3501 credunt
2570 3445 2623 3501 in
2649 3444 2896 3513 Christo,
2928 3452 3070 3518 quod
3102 3448 3189 3506 ille
3222 3449 3461 3507 futurum
3505 3455 3740 3511 credidit

2163 3539 2215 3593 in
2263 3538 2451 3593 lsaac?
2490 3537 2623 3603 lmo,
2678 3545 2737 3592 ut
2781 3540 3023 3608 apertius
3056 3542 3279 3611 loquar,
3314 3544 3519 3599 sciebat
3567 3546 3619 3601 in
3671 3561 3730 3601 se

2161 3629 2437 3684 Abraham
2483 3628 2679 3683 futura:
2725 3629 2974 3685 veritatis
3016 3631 3307 3700 imaginem
3364 3634 3736 3703 praeformari,

2160 3720 2371 3775 sciebat
2399 3721 2466 3775 de
2500 3720 2708 3775 semine
2739 3735 2839 3775 suo
2870 3724 3208 3778 nasciturum
3234 3724 3536 3790 Christum,
3567 3725 3660 3795 qui
3686 3735 3740 3778 et

2159 3812 2468 3869 efferendus
2505 3824 2651 3868 esset
2686 3814 2852 3871 totius
2888 3815 3075 3871 mundi
3115 3815 3300 3872 verior
3330 3802 3535 3883 hostia,
3563 3826 3618 3873 et
3647 3831 3736 3872 re-

2160 3914 2510 3959 surrecturus
2548 3919 2575 3957 a
2607 3905 2861 3961 mortuis.
3598 3900 3607 3910 ’

2228 4016 2284 4069 2.
2303 4016 2408 4071 Sed
2438 4030 2581 4071 nunc
2607 4015 2823 4071 inierint
2855 4017 3107 4084 teutabat,
3132 4017 3383 4089 inquit",
3415 4015 3553 4073 Deus
3578 4018 3741 4072 Abra-

2160 4111 2283 4164 ham
2322 4121 2368 4164 et
2397 4110 2524 4163 dicit
2547 4111 2614 4163 ad
2643 4126 2758 4163 eum
2790 4128 2810 4167 :
2849 4110 3039 4179 Accipe
3067 4111 3240 4179 [ilium
3289 4103 3438 4165 tuum
3491 4110 3740 4165 charissi-

2160 4217 2301 4255 mum
2348 4217 2499 4273 quem
2549 4200 2749 4271 diligis.
2808 4200 2924 4256 Non
2986 4202 3130 4255 enim
3192 4201 3482 4257 suffecerat
3539 4202 3738 4256 dixisse

2160 4293 2349 4360 ﬁlium,
2386 4293 2480 4349 sed
2515 4292 2767 4362 adjicitur
2804 4301 2859 4347 et
2907 4292 3295 4347 charissimum.
3332 4292 3462 4348 Esto
3501 4304 3556 4349 et
3590 4294 3734 4348 hoc:

2161 4387 2291 4456 quid
2319 4386 2497 4441 adhuc
2527 4384 2745 4439 additur
2767 4393 2820 4439 et
2855 4400 3009 4452 quem
3064 4384 3285 4455 diligis?
3325 4383 3430 4440 Sed
3463 4386 3587 4439 vide
3615 4392 3728 4439 ten-

483 4476 662 4531 solum
704 4484 862 4532 vocat
894 4491 1017 4531 eum
1053 4476 1155 4533 hoc
1187 4477 1441 4537 nomine,
1498 4476 1594 4531 sed
1642 4486 1699 4531 et
1736 4475 2054 4545 ingeminat.
2090 4456 2137 4514 θ
2168 4477 2389 4533 talionis
2429 4478 2659 4547 pondus.
2685 4475 2881 4531 Charis
2920 4488 2975 4531 et
3006 4476 3259 4532 dulcibus
3281 4475 3739 4547 appellationibus

483 4564 729 4638 Cumque
791 4566 880 4621 ille
939 4566 1366 4632 respondisset:
1415 4566 1552 4620 Ecce
1606 4583 1721 4637 ego,
1787 4566 1919 4621 dicit
1985 4566 2055 4622 ad

483 4676 607 4716 eum
628 4660 673 4692 ”
694 4678 708 4716 :
730 4659 919 4729 Accipe
943 4658 1116 4728 filium
1142 4669 1287 4712 tuum
1314 4658 1682 4713 charissimam
1699 4675 1850 4729 quem
1873 4659 2053 4729 diligis

481 4749 663 4817 Isaac,
690 4763 738 4805 et
769 4749 957 4820 o/fercs
987 4746 1116 4801 mihi
1142 4763 1282 4801 eum.
1330 4745 1473 4801 Vade
1493 4790 1506 4815 ,
1541 4748 1740 4818 inquit,
1773 4749 1828 4802 in
1859 4757 2053 4802 terram

481 4846 768 4911 excelsam,
806 4853 858 4899 et
892 4843 965 4897 ibi
1017 4841 1203 4911 offeres
1254 4857 1371 4896 eum
1428 4841 1796 4915 holocaustum
1834 4841 1891 4896 in
1945 4857 2054 4896 uno

482 4954 549 4994 ex
596 4938 880 5005 montibus,
926 4951 1079 5006 quem
1122 4935 1396 4989 ostendero
1430 4933 1547 4987 tibi.
1587 4930 1793 4990 Nomen
1836 4933 2055 5002 quidem

484 5047 582 5087 cur
616 5032 668 5086 ei
709 5029 992 5087 donaverit
1025 5029 1188 5096 Deus,
1216 5038 1271 5084 et
1296 5028 1575 5083 vocaverit
1602 5041 1727 5081 eum
1752 5025 2055 5092 Abraham,

485 5121 603 5190 ipse
626 5121 1015 5190 interpretatus
1043 5129 1149 5186 est,
1180 5120 1304 5189 quia
1338 5128 1573 5184 patrem,
1606 5118 1782 5185 inquit
1808 5115 1878 5182 ⁸ο,
1920 5117 2061 5170 mul-

486 5221 661 5265 turum
690 5212 922 5280 gentium
944 5213 1096 5282 posui
1120 5223 1190 5267 te.
1222 5209 1374 5265 Hanc
1398 5208 1876 5279 repromissionem
1910 5207 2060 5262 dedit

480 5302 588 5372 81
623 5302 671 5358 ei
702 5300 861 5369 Deus,
898 5319 1025 5358 cum
1062 5303 1286 5360 haberet
1326 5302 1493 5358 lilium
1526 5301 1743 5368 lsmael,
1774 5303 1870 5358 sed
1901 5302 2063 5372 polli-

556 5423 600 5454 ³⁸
636 5421 825 5479 Matth.
864 5438 959 5487 xx,
999 5421 1087 5477 30.
1189 5422 1233 5455 ³⁷
1275 5420 1420 5477 Psal.
1458 5436 1647 5483 cxxxt.
1687 5419 1827 5487 4,5.

485 5506 598 5559 stv,
625 5493 716 5548 ω.
816 5493 862 5523 ⁵⁸
900 5492 1066 5548 llebr.
1101 5507 1181 5559 ιιι,
1212 5492 1299 5546 l7.
1395 5490 1442 5523 ⁸³
1466 5492 1665 5547 Cenes.
1693 5507 1831 5556 χχιι,
1869 5491 1921 5556 1,
1954 5491 2012 5545 2.

557 5634 712 5706 (65)
769 5634 871 5689 Per
929 5634 1277 5706 Evangelium
1322 5633 1442 5689 Dei.
1488 5633 1625 5689 Tres
1690 5647 1825 5689 mss.
1877 5632 2053 5690 Turo-

485 5703 703 5769 nenses.
727 5722 817 5773 per
850 5703 1098 5775 angelum
1127 5703 1243 5757 Dei.

559 5777 672 5849 (46)
713 5772 789 5833 ita
821 5772 949 5832 mss.
982 5775 1127 5831 Alias
1156 5787 1319 5841 vero.
1348 5772 1440 5829 illa
1468 5773 1773 5845 promissio.

1906 5420 1949 5451 ³⁸
1985 5420 2183 5477 Genes.
2230 5435 2363 5489 χχιι,
2398 5420 2449 5473 l.

2164 4572 2360 4625 iterum
2396 4584 2460 4625 ac
2490 4582 2632 4637 sarpe
2678 4567 2951 4635 repetitis,
2989 4568 3202 4638 paterni
3241 4567 3574 4623 suscitantur
3609 4564 3740 4620 affe-

2162 4672 2304 4728 ctus,
2334 4671 2391 4717 ut
2415 4659 2618 4716 amoris
2640 4658 2933 4730 evigilante
2964 4662 3222 4715 memoria
3249 4660 3317 4715 ad
3351 4658 3737 4714 immolandum

2162 4753 2332 4808 lilium
2375 4762 2597 4823 paterna
2636 4750 2863 4805 dextera
2906 4749 3280 4805 retardaretur
3307 4790 3323 4817 ,
3372 4760 3428 4805 et
3478 4750 3738 4803 adversus

2163 4844 2322 4899 fidem
2352 4842 2519 4897 animi
2554 4852 2662 4897 tota
2694 4841 2881 4897 carnis
2905 4840 3097 4896 militia
3146 4849 3494 4910 repugnaret,
3522 4839 3740 4894 additur

2160 4934 2479 4993 tentationis
2536 4942 2783 5003 tempore
2825 4950 2837 4986 :
2874 4931 3087 4998 Accipe,
3146 4931 3343 5002 inquit,
3395 4946 3525 5001 ergo
3568 4929 3740 4999 ﬁlium

2161 5036 2308 5080 tuum
2349 5024 2736 5089 charissimam,
2762 5035 2911 5091 quem
2946 5020 3331 5091 diligis,lsaac.
3370 5020 3524 5083 Esto,
3556 5017 3740 5073 Domi-

2160 5131 2248 5184 ne,
2273 5116 2399 5186 quia
2428 5127 2825 5169 eommetuoras
2853 5112 2919 5167 de
2947 5111 3056 5166 lilio
3085 5123 3317 5181 patrem,
3349 5110 3505 5166 addis
3535 5121 3589 5165 et
3614 5111 3742 5163 cha-

2162 5211 2451 5270 rissimum,
2482 5221 2642 5277 quem
2686 5204 2937 5275 praecipis
2962 5205 3221 5275 iugulari.
3248 5202 3494 5259 Sulliciat
3537 5204 3637 5258 hoc
3672 5204 3741 5256 ad

2161 5302 2490 5373 supplicium
2523 5300 2718 5370 patris.
2770 5298 2944 5356 Addis
2975 5314 3217 5363 rursum,
3254 5308 3309 5353 et
3346 5315 3500 5369 quem
3533 5292 3741 5368 diligis.

2527 5418 2571 5450 ³⁸
2592 5417 2724 5473 ibid.
2758 5417 2813 5472 ‘2.
2889 5416 2935 5448 ιο
2953 5416 3149 5473 Cenes.
3174 5430 3306 5479 xvu,
3329 5414 3382 5469 5.
3484 5414 3529 5447 δ’
3555 5413 3577 5470 l
3607 5410 3740 5470 Cor.

2236 5631 2348 5702 (47)
2388 5629 2555 5702 Alias.
2604 5631 2845 5684 credidit.
2884 5627 3152 5702 Etipaulo
3211 5626 3349 5681 infra
3373 5665 3413 5702 ,_
3438 5626 3633 5702 sciebat
3690 5643 3744 5679 se

2166 5697 2432 5758 Abraham
2465 5699 2661 5771 [uturw
2690 5702 2925 5757 veritatis
2955 5697 3237 5769 imaginem
3268 5697 3629 5767 prteformari.
