4086 6206
421 319 525 375 2119

1626 315 1692 370 IN
1733 313 2030 372 GENESIM
2067 310 2352 368 IIOMILIA
2386 313 2476 368 IX.

3566 309 3671 364 2w

417 447 499 496 est
519 449 771 493 noscere.
803 434 1054 491 Christus
1077 434 1314 490 Verbum
1355 434 1445 490 Dei
1497 445 1605 502 est,
1644 436 1738 493 sed
1784 435 2006 490 Verbum
2033 440 2080 498 Α
2107 435 2198 490 sed
2248 435 2404 490 nobis
2437 436 2565 504 qua:
2603 431 2884 489 ofl‘erimus
2937 434 3286 488 redonantur.
3337 430 3476 486 Deus
3523 429 3669 485 enim

417 544 538 583 caro
565 529 772 596 factum
797 535 874 580 est
910 526 976 580 ".
1015 525 1189 581 Unum
1217 526 1381 597 igitur
1419 527 1471 581 in
1499 527 1721 583 Christo
1746 529 1811 583 de
1838 541 1999 596 supe-

417 619 655 677 rioribus
677 628 784 685 est,
814 619 1045 674 alterum
1089 635 1154 672 ex
1185 620 1422 673 humana
1450 629 1642 673 natura
1671 630 1725 674 et
1753 619 1999 691 virginali

419 723 570 767 utero
626 719 963 779 susceptum.
1028 709 1238 764 Patitur
1284 726 1413 782 ergo
1461 712 1735 775 Christus,
1793 712 1887 765 sed
1946 712 1999 764 in

420 817 615 867 carne;
648 811 704 856 et
736 801 957 870 pertulit
984 811 1236 867 mortem,
1265 805 1358 858 sed
1384 818 1532 866 caro,
1563 803 1718 871 cujus
1742 803 1829 857 hic
1859 802 2002 856 aries

419 896 594 950 forma
623 904 707 948 est
744 913 765 948 ι
787 893 929 949 sicut
965 903 1018 947 et
1041 893 1279 950 Joannes
1309 894 1588 950 dicebat“
1619 915 1630 950 :
1664 894 1799 948 Ecce
1834 911 2000 964 agnus

421 988 538 1052 Dei,
564 1003 682 1040 ecce
714 988 804 1057 qui
832 986 972 1040 tollit
1001 998 1218 1056 peccata
1263 989 1473 1043 mundi.
1518 987 1748 1042 Verbum
1780 1002 1913 1041 vero
1944 987 2000 1042 in

421 1079 832 1148 incorruptione
861 1079 1183 1148 permansit,
1219 1080 1362 1149 quod
1387 1089 1470 1134 est
1510 1079 1809 1134 secundum
1837 1080 2000 1148 spiri-

423 1181 538 1224 tum
573 1169 842 1235 Christus,
889 1168 1042 1238 eujus
1084 1170 1264 1240 imago
1307 1179 1390 1226 est
1440 1172 1610 1226 Isaac.
1648 1169 1775 1226 Ideo
1811 1171 1924 1240 ipse
1949 1179 2003 1225 et

421 1258 600 1312 hostia
633 1270 735 1322 est,
762 1269 815 1312 et
842 1257 1082 1326 pontifex
1111 1257 1410 1312 secundum
1446 1257 1718 1327 spiritum.
1747 1255 1878 1309 Nam
1909 1256 2002 1325 qui

420 1346 579 1402 oﬂ‘ert
610 1347 842 1402 hostiam
872 1348 1017 1402 Patri
1050 1348 1350 1404 secundum
1394 1362 1637 1414 carnem,
1675 1349 1791 1417 ipse
1832 1347 1886 1402 in
1924 1347 2003 1401 al-

423 1441 536 1493 tari
565 1440 749 1494 erucis
781 1439 1031 1505 offertur,
1061 1440 1185 1509 quia
1236 1440 1376 1494 sicut
1417 1439 1618 1494 dictum
1666 1448 1749 1493 est
1782 1440 1848 1493 de
1887 1452 1953 1491 eo
1985 1457 1999 1492 :

428 1531 564 1584 Ecce
590 1547 757 1600 agnus
787 1530 908 1594 Dei,
952 1547 1067 1584 ecce
1093 1531 1182 1599 qui
1217 1530 1352 1583 tollit
1391 1540 1658 1598 peccatum
1679 1530 1902 1594 mundi;
1931 1529 2004 1583 ita

423 1623 490 1676 de
520 1635 586 1675 eo
613 1620 820 1675 dictum
860 1629 942 1675 est
966 1621 1010 1652 ⁶⁹
1043 1638 1058 1674 :
1095 1620 1172 1673 Tn
1208 1637 1261 1674 es
1292 1621 1535 1674 sacerdos
1564 1621 1617 1673 in
1647 1630 1895 1674 retentum
1918 1635 2001 1672 se-

425 1714 658 1766 cundum
686 1713 920 1765 ordinem
955 1711 1354 1766 Melchisedech.
1390 1712 1626 1767 Tenetur
1649 1725 1776 1780 ergo
1814 1711 2002 1766 corni-

425 1803 528 1858 bus
558 1804 703 1858 aries
735 1804 788 1857 in
813 1803 1052 1870 virgulto
1089 1803 1325 1858 Sabech.

502 1895 590 1950 10.
630 1895 698 1947 Et
728 1896 951 1964 accepit,
988 1894 1165 1963 inquit
1200 1895 1267 1961 7°,
1308 1896 1544 1958 arietem,
1575 1901 1623 1947 et
1668 1892 1854 1946 obtulit
1883 1907 2000 1946 eum

425 1987 796 2040 holocaustum
834 2003 930 2054 pro
960 1985 1116 2039 Isaac
1149 1986 1261 2053 ﬁlio
1302 2002 1416 2050 suo,
1441 1994 1488 2038 et
1514 1986 1708 2039 vocavit
1736 1984 2002 2038 Abraham

428 2094 614 2130 nomen
668 2076 770 2129 loci
817 2076 984 2140 illius,
1050 2075 1308 2130 Dominus
1342 2077 1499 2131 uidet.
1547 2074 1853 2132 Scientibus
1890 2078 2003 2131 ltt‘ec

427 2168 641 2232 audire,
675 2167 1048 2235 intelligentia:
1077 2167 1350 2235 spiritalis.
1369 2167 1593 2222 evidens
1615 2169 1864 2236 panditur
1895 2169 2001 2221 via.

427 2258 620 2314 Omnia
659 2257 804 2312 enim
843 2273 964 2326 quae
997 2269 1146 2328 gesta
1190 2268 1337 2324 sunt,
1379 2260 1444 2312 ad
1494 2259 1763 2313 visionem
1813 2272 2003 2328 perve-

430 2348 610 2403 niunt.
647 2347 855 2402 Dicitur
883 2362 1117 2416 namque
1155 2349 1282 2417 quia
1330 2348 1605 2402 Dominus
1639 2349 1803 2402 videt.
1854 2347 2004 2402 Visio

429 2447 604 2495 autem
632 2452 795 2506 quam
822 2437 1084 2492 Dom'inus
1120 2438 1280 2502 vidit,
1318 2439 1368 2492 in
1401 2438 1598 2507 spiritu
1634 2447 1736 2504 est,
1768 2448 1828 2493 ut
1864 2448 1918 2492 et
1947 2447 2002 2493 tu

428 2528 546 2581 haec
587 2542 708 2596 quae
737 2529 946 2598 scripta
981 2538 1128 2594 sunt,
1174 2529 1226 2583 in
1270 2529 1465 2598 spiritu
1505 2529 1720 2596 videas;
1771 2541 1824 2585 et
1866 2531 2006 2586 sicut

429 2621 479 2676 in
504 2620 735 2675 Domino
760 2636 1080 2690 corporeum
1112 2622 1248 2676 nihil
1285 2631 1386 2687 est,
1430 2623 1505 2676 ita
1545 2623 1706 2678 etiam
1738 2630 1792 2676 tu
1823 2622 1876 2676 in
1919 2622 2005 2677 his

427 2714 680 2768 omnibus
713 2727 1035 2780 corporeum
1059 2713 1192 2768 nihil
1222 2715 1460 2778 sentias;
1492 2713 1587 2767 sed
1613 2712 1667 2766 in
1700 2711 1891 2781 spiritu
1915 2728 2006 2782 ge-

427 2817 587 2857 neres
630 2803 797 2856 etiam
834 2811 888 2854 tu
939 2802 1108 2856 tilium
1151 2802 1322 2870 Isaac,
1372 2817 1492 2858 cum
1543 2801 1744 2856 habere
1769 2803 2004 2873 coeperis

428 2891 666 2946 fructum
698 2891 942 2960 spiritus,
971 2894 1252 2962 gaudium,
1285 2908 1495 2963 pacem.
1524 2894 1692 2959 Quem
1733 2900 1910 2952 tamen
1943 2897 2005 2951 li-

429 2983 558 3037 lium
587 2984 661 3038 ita
695 2984 910 3038 demum
943 2986 1254 3054 generahis,
1289 2988 1355 3052 si,
1384 2996 1443 3040 ut
1473 2988 1539 3043 de
1567 2989 1704 3044 Sara
1738 2992 2002 3059 scriptum

428 3083 510 3127 est
537 3075 607 3138 ",
636 3076 763 3143 quia
798 3075 1117 3130 defecerunt
1149 3076 1298 3132 Sane
1333 3080 1640 3148 muliebria,
1673 3090 1725 3137 et
1753 3091 1882 3137 tunc
1911 3096 2004 3152 ge-

430 3167 550 3221 nuit
580 3166 751 3231 lsaac,
791 3169 863 3222 ita
895 3168 1150 3224 deﬁciant
1188 3179 1242 3225 et
1268 3172 1319 3225 in
1350 3173 1528 3227 anima
1570 3183 1658 3229 tua
1692 3175 2002 3242 muliebria,

441 3267 499 3310 ut
545 3257 680 3311 nihil
726 3257 838 3325 jam
883 3260 1148 3316 muliebre
1195 3270 1248 3316 et
1305 3261 1670 3320 effeminatum
1715 3267 1916 3321 habeas
1950 3267 2003 3320 in

437 3348 616 3401 anima
651 3358 761 3414 tua,
797 3352 893 3405 sed
920 3352 1150 3407 viriliter
1180 3369 1334 3420 agas,
1367 3365 1421 3410 et
1447 3357 1677 3412 viriliter
1705 3359 2005 3428 praecingas

437 3440 649 3495 lumbos
698 3450 850 3508 tuos;
895 3443 939 3497 si
988 3444 1058 3499 sit
1105 3455 1296 3515 pectus
1325 3455 1475 3502 tuum
1513 3449 1738 3504 thorace
1781 3451 2008 3520 justitite

434 3529 724 3592 munitum,
761 3530 805 3584 si
839 3531 992 3600 galea
1031 3535 1224 3590 salutis
1258 3546 1310 3590 et
1345 3537 1528 3606 gladio
1559 3539 1784 3607 spiritus
1817 3539 2003 3592 accin-

436 3620 599 3684 garis.
633 3618 690 3674 Si
722 3636 855 3693 ergo
897 3623 1150 3678 deﬁciant
1210 3626 1497 3682 muliebria
1549 3627 1665 3682 lieri
1712 3631 1764 3683 in
1822 3630 2002 3684 anima

437 3719 544 3775 tua,
574 3726 804 3780 generas
839 3713 1004 3768 lilium
1038 3714 1106 3770 de
1130 3716 1362 3788 conjuge
1387 3728 1473 3771 tua
1499 3718 1693 3773 virtute
1716 3728 1769 3772 et
1795 3719 2005 3788 sapien-

437 3800 531 3866 tia,
564 3803 818 3870 gaudium
849 3819 911 3858 ac
946 3804 1210 3863 laetitiam.
1244 3805 1487 3863 Generas
1519 3817 1697 3863 autem
1725 3809 2002 3877 gaudium,

437 3894 479 3946 si
518 3909 679 3948 omne
702 3896 957 3964 gaudium
982 3897 1407 3966 existimaveris,
1440 3914 1562 3954 cum
1588 3903 1641 3955 in
1676 3901 2007 3958 tentationes

436 3989 611 4042 varias
635 3990 892 4045 incideris
925 3991 989 4054 ⁷⁷,
1024 4001 1077 4046 et
1105 3992 1249 4047 istud
1299 3994 1555 4064 gaudium
1582 3994 1779 4050 oll'eras
1824 3996 1877 4048 in
1917 4009 2004 4050 sa-

437 4077 698 4134 criﬁcium
768 4081 896 4135 Deo.
948 4082 1082 4135 Cum
1140 4085 1286 4138 enim
1363 4084 1516 4140 ltetus
1577 4087 1871 4141 accesseris
1936 4087 2010 4141 ad

437 4166 623 4233 Deum,
660 4170 859 4225 iterum
916 4172 1012 4226 tibi
1055 4173 1237 4228 reddit
1279 4176 1426 4244 quod
1467 4175 1756 4241 obtuleris,
1787 4185 1841 4232 et
1872 4178 2005 4233 dicit

441 4258 532 4312 tibi
553 4259 621 4324 ⁷³,
648 4261 775 4329 quia
809 4263 999 4316 iterum
1029 4265 1267 4320 videbitis
1290 4281 1392 4330 me,
1431 4276 1476 4319 et
1509 4268 1752 4336 gaudebit
1795 4285 1887 4322 cor
1916 4285 2001 4322 ve-

437 4360 622 4414 strum,
667 4362 713 4404 et
754 4354 1006 4421 gaudium
1040 4365 1264 4409 vestrum
1319 4372 1470 4410 nemo
1523 4357 1724 4425 auferet
1763 4376 1794 4412 a
1836 4361 1998 4413 vobis.

2102 527 2300 580 nullius
2335 526 2559 595 indiget,
2591 524 2685 580 sed
2718 539 2817 579 nos
2849 524 2966 579 vult
3013 523 3210 578 divites
3247 537 3388 586 esse,
3425 531 3670 577 nostrum

2099 617 2372 672 desiderat
2407 632 2502 684 per
2531 616 2741 685 singula
2786 630 3013 686 quaeque
3059 617 3378 685 profectum.
3419 614 3543 669 ιιωε
3575 628 3671 669 no-

2099 710 2183 764 bis
2216 711 2386 778 ligura
2420 708 2729 763 ostenditur
2757 709 2921 763 etiam
2957 709 3008 762 in
3047 708 3132 762 bis
3181 723 3300 777 quae
3351 715 3502 776 gesta
3541 713 3672 759 sunt

2100 816 2226 870 erga
2243 799 2365 855 Job.
2392 801 2458 854 Et
2486 800 2577 855 ille
2600 802 2740 854 enim
2767 809 2990 870 propter
3022 801 3188 855 Deum
3228 799 3460 868 perdidit
3488 794 3670 852 omnia

2100 906 2221 947 cum
2255 893 2407 948 dives
2433 900 2600 947 esset.
2627 891 2732 946 Sed
2761 891 2886 959 quia
2923 890 3150 960 pertulit
3177 891 3313 946 bene
3347 903 3546 960 agones
3571 903 3669 957 pa-

2101 984 2328 1049 tientiae,
2358 993 2411 1039 et
2447 985 2500 1038 in
2529 985 2782 1038 omnibus
2825 997 2943 1052 qua:
2991 998 3184 1053 passus
3229 991 3334 1048 est,
3391 982 3673 1051 magnani-

2103 1088 2224 1128 mus
2249 1073 2369 1140 l'uit,
2403 1083 2457 1129 et
2492 1073 2695 1128 dixit"
2727 1091 2741 1126 :
2776 1072 3032 1126 Dominus
3061 1072 3225 1136 dedit,
3262 1072 3518 1125 Dominus
3554 1071 3673 1124 abs-

2103 1165 2219 1217 tulit
2254 1179 2272 1215 :
2335 1174 2388 1218 ut
2419 1164 2638 1217 Domino
2664 1164 2884 1232 placuit,
2911 1164 2987 1216 ita
3029 1162 3230 1231 factum
3259 1172 3356 1225 est,
3388 1163 3455 1215 sit
3488 1176 3673 1214 nomen

2102 1255 2316 1308 Domini
2344 1257 2667 1310 benedictum
2697 1271 2715 1309 :
2747 1255 2868 1309 vide
2915 1255 2979 1308 ad
3034 1254 3280 1307 ultimum
3312 1252 3442 1320 qttid
3497 1252 3562 1306 de
3609 1265 3674 1306 eo

2103 1346 2359 1401 scribitur
2387 1365 2399 1401 :
2429 1347 2662 1416 Recepit,
2694 1347 2870 1415 inquit
2897 1347 2962 1409 ⁷⁷,
2995 1345 3172 1400 omnia
3211 1344 3373 1411 dupla
3401 1358 3519 1410 qua:
3541 1345 3673 1396 auti-

2103 1446 2263 1490 serat.
2303 1435 2463 1491 Vides
2492 1437 2620 1506 quid
2648 1445 2729 1491 est
2757 1435 3010 1490 amittere
3040 1434 3245 1503 aliquid
3282 1450 3380 1504 pro
3413 1433 3541 1498 Deo,
3571 1433 3672 1488 hoc

2104 1537 2186 1582 est
2229 1528 2579 1598 multiplicata
2621 1528 2862 1596 recipere
2901 1529 3020 1583 tibi.
3074 1528 3135 1582 Et
3187 1526 3390 1595 aliquid
3442 1525 3673 1594 amplius

2104 1620 2393 1692 Evangelia
2449 1623 2770 1692 pro—mittunt
2809 1622 2878 1687 ⁷⁸,
2924 1622 3236 1690 centuplum
3277 1620 3370 1674 tibi
3425 1621 3675 1689 pollicen-

2106 1722 2210 1774 tur,
2239 1712 2462 1780 insuper
2491 1720 2548 1766 et
2572 1713 2734 1766 vitam
2770 1720 3052 1775 :eternam,
3080 1713 3133 1765 in
3170 1711 3386 1767 Christo
3413 1710 3537 1764 .lesu
3574 1711 3674 1765 Do-

2033 1792 2076 1847 Β
2106 1805 2255 1861 mino
2285 1815 2494 1871 nostro,
2527 1808 2614 1860 cui
2664 1817 2749 1861 est
2779 1806 2949 1876 gloria
2983 1814 3039 1861 et
3071 1804 3358 1874 imperium
3398 1805 3450 1858 in
3475 1804 3670 1859 saecula

2102 1897 2444 1953 saeculorum.
2470 1898 2667 1952 Amen.

2684 1987 2966 2043 HOMILIA
3007 1987 3098 2042 IX.

2157 2080 2232 2136 De
2259 2081 2750 2150 repromissionibus
2775 2081 3017 2134 secundis
3040 2081 3109 2133 ad
3141 2081 3405 2133 Abraham
3439 2082 3611 2149 factis.

2175 2173 2227 2226 1.
2270 2171 2542 2237 Quantum
2581 2172 2819 2240 legentes
2848 2171 3247 2240 progredimur,
3283 2179 3486 2224 tantum
3518 2171 3676 2227 nobis

2103 2268 2563 2314 sacramentorum
2592 2259 2838 2314 cumulus
2874 2267 3119 2328 augetur.
3146 2259 3212 2313 Et
3248 2268 3307 2313 ut
3329 2259 3371 2313 si
3408 2259 3528 2329 quis
3558 2260 3676 2314 exi-

2106 2365 2209 2421 guo
2248 2358 2437 2404 vectus
2493 2350 2708 2421 navigio
2746 2348 3084 2420 ingrediatur
3112 2363 3284 2414 mare,
3317 2349 3487 2404 donec
3518 2359 3678 2406 terra!

2106 2445 2316 2498 vicinus
2343 2455 2444 2510 est,
2471 2443 2650 2498 minus
2676 2442 2871 2497 metuit
2909 2459 2923 2495 :
2967 2454 3088 2494 cum
3131 2455 3261 2495 vero
3305 2441 3561 2510 paulatim
3621 2443 3678 2496 in

2106 2536 2275 2590 altum
2310 2536 2474 2590 fuerit
2505 2551 2843 2606 progressus,
2892 2544 2945 2590 et
2977 2534 3134 2589 undis
3172 2534 3678 2596 intumescentibus,

2105 2625 2190 2681 vel
2226 2627 2280 2681 in
2329 2629 2604 2682 excelsum
2660 2627 2832 2682 attolli
2882 2631 3130 2699 coeperit,
3168 2627 3251 2681 vel
3279 2629 3491 2682 "eisdem
3521 2628 3676 2681 dehi-

2106 2721 2384 2776 scentibus
2413 2722 2469 2776 in
2505 2722 2610 2776 ima
2644 2723 2877 2786 deduci;
2937 2723 3008 2778 ibi
3059 2738 3188 2778 vero
3234 2732 3466 2776 mentem
3510 2737 3678 2790 pavor

2107 2814 2296 2882 ingens
2337 2821 2390 2867 et
2443 2811 2674 2868 formido
2717 2812 2970 2882 perculit,
3013 2813 3155 2882 quod
3202 2813 3452 2880 exiguam
3507 2820 3678 2865 ratem

2108 2913 2217 2959 tam
2241 2904 2518 2959 immensis
2551 2903 2803 2958 fluctibus
2829 2905 3061 2960 credidit
3090 2922 3103 2959 :
3137 2905 3208 2959 ita
3233 2908 3397 2960 etiam
3436 2919 3534 2959 nos
3564 2904 3674 2971 pati

2107 2996 2371 3060 videmur,
2406 2996 2496 3063 qui
2519 2995 2702 3063 exigui
2733 2995 2943 3050 meritis
2973 3005 3025 3049 et
3054 2995 3274 3066 ingenio
3307 3008 3514 3059 tenues,
3539 2996 3678 3048 inire

2111 3096 2217 3141 tarn
2250 3096 2462 3142 vastum
2494 3087 2874 3158 mysteriorum
2904 3087 3125 3156 pelagus
3154 3088 3434 3142 audemus.
3475 3086 3578 3141 Sed
3606 3087 3673 3150 si,

2107 3181 2386 3234 orantibus
2453 3179 2627 3244 vobis,
2693 3178 2952 3233 Dominus
3001 3179 3252 3249 dignetur
3309 3179 3542 3248 Spiritus
3591 3177 3677 3233 sui

2106 3271 2282 3324 sancti
2311 3285 2501 3323 auram
2539 3269 2695 3324 nobis
2734 3283 3047 3338 prosperam
3078 3271 3228 3334 dare,
3259 3269 3497 3324 secundo
3526 3269 3675 3322 verbi

2107 3375 2268 3415 cursu
2316 3369 2528 3429 portum
2573 3361 2762 3416 salutis
2818 3361 3161 3415 intrabimus.
3214 3358 3501 3413 Videamus
3546 3373 3678 3427 ergo

2107 3467 2252 3506 nunc
2285 3468 2405 3522 qua:
2434 3461 2577 3517 sunt,
2611 3467 2732 3521 qua:
2769 3453 2923 3507 nobis
2967 3452 3193 3508 recitata
3234 3461 3377 3506 sunt.
3419 3450 3486 3504 Et
3526 3469 3678 3505 uoca-

2107 3543 2204 3608 vit,
2230 3544 2494 3613 inquit",
2522 3543 2738 3613 angelus
2780 3542 2996 3598 Domini
3043 3544 3305 3597 Abraham
3346 3545 3573 3598 secundo
3613 3545 3679 3596 de

2105 3636 2257 3701 ctelo,
2282 3638 2459 3691 dicens
2488 3653 2509 3692 :
2542 3636 2648 3691 Per
2690 3638 3046 3704 memetipsum
3075 3637 3275 3705 juravi,
3328 3638 3452 3690 dicit
3494 3637 3677 3690 Domi-

2107 3744 2205 3780 nus
2231 3742 2250 3780 :
2287 3727 2573 3796 Propterea
2608 3731 2747 3797 quod
2787 3728 2959 3796 fecisti
2989 3728 3197 3780 verbum
3230 3730 3344 3792 hoc,
3380 3739 3425 3781 et
3459 3745 3561 3781 non
3589 3745 3680 3796 pe-

2103 3817 2314 3886 percisti
2342 3818 2456 3886 ﬁlio
2482 3825 2571 3870 tuo
2601 3817 2794 3871 dilecto
2815 3827 3029 3887 propter
3061 3834 3162 3884 nte,
3195 3819 3496 3872 benedicens
3526 3819 3678 3873 bene-

2105 3910 2274 3962 dicam
2306 3920 2377 3974 te,
2407 3919 2455 3963 et
2482 3909 2838 3980 multiplicans
2871 3909 3229 3978 multiplicabo
3272 3919 3343 3974 te,
3374 3922 3420 3963 et
3455 3911 3556 3964 erit
3597 3928 3676 3966 se-

2105 4018 2222 4056 men
2257 4011 2406 4056 tuum
2455 4003 2588 4056 sicut
2637 4002 2806 4057 stella:
2847 4003 2960 4056 caeli
2987 4003 3040 4055 in
3080 4003 3440 4068 multitudine,
3473 4013 3522 4058 et
3545 4005 3678 4058 sicut

2106 4111 2268 4148 arena
2301 4096 2489 4160 maris,
2519 4111 2637 4166 qua:
2663 4111 2765 4149 non
2791 4104 2959 4164 potest
2997 4096 3344 4161 dinumerari,
3378 4106 3484 4153 etc.
3518 4097 3678 4152 Solli-

2103 4187 2272 4241 citum
2308 4188 2422 4242 haec
2451 4197 2507 4242 et
2554 4187 2816 4242 intentum
2867 4187 3166 4241 auditorem
3211 4191 3513 4260 requirunt.
3567 4189 3676 4245 No-

2104 4293 2226 4331 vum
2249 4288 2330 4333 est
2360 4279 2502 4333 enim
2528 4279 2670 4346 quod
2702 4279 2835 4333 dicit
2869 4295 2885 4333 :
2925 4278 2989 4333 Et
3021 4282 3243 4346 vocavit,
3285 4283 3477 4349 inquit,
3515 4298 3676 4351 ange-

2105 4369 2186 4422 lus
2218 4368 2429 4423 Domini
2460 4370 2728 4424 Abraham
2770 4373 2998 4426 secundo
3024 4375 3090 4426 de
3129 4374 3272 4427 caelo.
3310 4373 3462 4438 Quod
3497 4383 3675 4428 tamen

443 4437 533 4495 Sic
573 4457 699 4512 ergo
739 4459 858 4513 qure
895 4446 1157 4501 obtuleris
1190 4447 1322 4511 Deo,
1360 4447 1712 4516 multiplicata
1747 4451 1999 4519 recipies.
2035 4462 2079 4517 1)
2109 4459 2255 4513 addit
2285 4459 2420 4528 (51),
2446 4475 2550 4515 non
2587 4469 2670 4515 est
2699 4475 2916 4515 novum.
2959 4460 3092 4514 Nam
3135 4437 3438 4514 benedicens
3462 4461 3676 4514 benedi-

441 4529 570 4587 Tale
602 4534 828 4603 aliquid,
882 4537 1009 4592 licet
1053 4554 1149 4607 per
1179 4537 1336 4592 aliam
1379 4538 1630 4607 figuram,
1669 4539 1904 4595 refertur
1943 4543 2005 4595 in

436 4623 742 4696 Evangeliis
770 4629 836 4691 ⁷⁸,
870 4643 991 4683 cum
1020 4644 1116 4699 per
1143 4628 1455 4700 parabolam
1488 4630 1690 4685 dicitur
1724 4635 2005 4701 accepisse

438 4716 556 4785 quis
575 4732 756 4771 mnam
781 4726 839 4772 ut
862 4720 1071 4789 negotia
1082 4729 1230 4774 retur
1247 4729 1300 4774 et
1322 4721 1698 4790 patrifamilias
1714 4725 1996 4792 pecuniam

434 4818 718 4873 quaereret.
768 4809 872 4864 Sed
907 4811 950 4866 si
988 4810 1233 4866 attuleris
1267 4813 1505 4881 quinque
1537 4812 1889 4882 multiplicata
1943 4815 1993 4870 in

431 4897 642 4966 decem,
682 4900 776 4953 tibi
820 4902 917 4970 ipsi
965 4903 1253 4965 donantur,
1287 4904 1380 4957 tibi
1417 4905 1810 4959 canceduntur.
1859 4908 1996 4962 Audi

432 4989 572 5051 enim
606 4991 733 5057 quid
758 4991 874 5062 84
898 4993 1092 5047 dicit"
1119 5011 1131 5047 :
1163 4992 1369 5058 Tollite,
1391 4994 1587 5062 inquit,
1605 4997 1724 5050 huic
1738 5009 2000 5063 mnum,et

435 5079 550 5133 date
588 5081 671 5133 illi
702 5085 790 5150 qui
834 5084 984 5137 habet
1027 5085 1202 5138 decem
1248 5102 1416 5139 ninas.
1451 5084 1543 5139 Sic
1578 5101 1706 5158 ergo
1754 5088 2001 5142 videmur

434 5174 644 5243 quidem
689 5175 915 5229 Domino
959 5177 1240 5259 negotiari,
1292 5179 1386 5232 sed
1425 5178 1579 5233 nobis
1608 5180 1805 5232 cedunt
1833 5194 1998 5249 nego-

438 5264 672 5322 tiationis
710 5266 857 5321 lucra
884 5285 898 5322 :
931 5276 983 5322 et
1008 5268 1254 5323 videmur
1291 5269 1485 5324 offerre
1511 5269 1738 5325 Domino
1769 5269 1998 5338 hostias,

535 5419 581 5489 ⁷⁷
617 5421 776 5487 Joan,
801 5440 838 5489 ι,
860 5426 945 5480 14.
1020 5427 1065 5458 ⁸⁸
1096 5428 1223 5484 ibid.
1252 5427 1342 5483 29.

431 5486 476 5520 ⁷⁸
512 5487 668 5544 Joan.
715 5486 832 5552 mg
859 5497 924 5548 17
962 5507 1016 5551 et
1067 5497 1156 5552 22.

427 5557 519 5613 29.
593 5561 638 5592 ⁷⁹
673 5563 866 5619 Genes.
902 5582 1033 5632 χχιι,
1063 5567 1125 5620 15
1146 5577 1197 5622 et
1224 5584 1378 5637 seqq.

501 5699 617 5769 (5|)
656 5701 820 5767 Alias,
857 5703 1081 5760 addidit.
1115 5703 1264 5770 Mss.,
1297 5706 1464 5764 addit.

1446 5428 1489 5459 "
1530 5427 1667 5483 Psal.
1694 5444 1783 5488 cx.
1810 5431 1862 5487 4.

1961 5433 2006 5464 ⁷ο
2043 5430 2181 5486 Gen.
2219 5448 2353 5497 χχιι,
2396 5437 2482 5491 15.

1229 5497 1408 5554 "Luc.
1454 5499 1680 5554 κικΛὸ.
1752 5502 1796 5533 ⁷⁸
1848 5500 1976 5557 ibid.
2028 5501 2120 5556 2d.

2106 4566 2219 4605 cam
2244 4559 2312 4616 te,
2341 4561 2396 4606 et
2425 4551 2675 4621 anteiam
2712 4555 2912 4608 dictum
2945 4563 3050 4618 est;
3080 4562 3136 4609 et
3163 4553 3519 4623 multiplicans
3543 4551 3678 4605 ntul-

2107 4644 2357 4713 tiplicabo
2414 4654 2483 4712 te,
2539 4656 2664 4700 ante
2711 4647 3036 4716 promissum
3085 4657 3200 4713 est;
3247 4656 3301 4704 et
3357 4648 3460 4700 erit
3503 4660 3677 4699 semen

2106 4744 2254 4789 tuum
2277 4739 2410 4791 sicut
2441 4736 2607 4792 stellte
2629 4739 2763 4804 coeli,
2789 4749 2836 4793 et
2866 4740 2998 4793 sicut
3027 4755 3188 4792 arena
3225 4739 3408 4801 maris,
3437 4745 3489 4788 et
3523 4733 3675 4802 prius

2105 4828 2281 4882 fuerat
2313 4829 2736 4898 pronuntiatum.
2778 4831 2917 4897 Quid
2955 4847 3086 4900 ergo
3127 4844 3211 4888 est
3257 4844 3399 4884 nunc
3435 4825 3669 4894 amplius

2103 4920 2242 4987 quod
2271 4924 2510 4976 secundo
2536 4923 2802 4977 clamatur
2832 4938 2862 4977 e
2895 4925 3068 4978 caelo?
3112 4923 3251 4990 Quid
3304 4922 3425 4975 novi
3468 4918 3664 4972 veteri-

2103 5009 2204 5064 bus
2250 5012 2764 5072 repromissionibus
2798 5017 3055 5071 additur?
3096 5015 3232 5081 Quid
3289 5013 3406 5080 plus
3457 5010 3663 5080 praemii

2103 5093 2338 5149 daturin
2371 5111 2435 5150 eo
2458 5100 2603 5166 quod
2631 5101 2798 5155 dicit:
2851 5100 3136 5169 Propterea
3169 5101 3308 5170 quod
3352 5099 3522 5167 feciin
3560 5114 3672 5153 ver-

2104 5182 2224 5237 bum
2263 5185 2378 5251 hoc,
2432 5189 2485 5243 id
2538 5199 2620 5243 est
2669 5201 2954 5260 prapterea
3011 5195 3153 5261 quod
3197 5192 3364 5246 filium
3401 5189 3673 5257 obtulisti,

2109 5284 2394 5343 propterea
2421 5280 2564 5348 quod
2594 5295 2699 5336 non
2728 5282 3018 5351 pepercisti
3055 5284 3214 5341 unico
3248 5283 3357 5338 lilio
3391 5282 3518 5338 tuo?
3537 5280 3673 5336 nihil

2597 5439 2638 5470 “
2671 5439 2807 5494 Gen.
2833 5456 2984 5506 xvttt,
3025 5442 3111 5499 ll.

2681 5512 2724 5541 ⁷⁷
2751 5511 2850 5568 Job
2882 5529 3009 5582 sui,
3047 5513 3130 5567 10.

3215 5441 3259 5474 τ’
3305 5440 3492 5496 Jacob.
3532 5456 3574 5506 ι,
3613 5443 3673 5498 2.

2212 5504 2256 5536 ⁷⁸
2289 5503 2390 5562 Job
2415 5522 2451 5572 ι,
2495 5506 2584 5562 2|.
2681 5512 2724 5541 ⁷⁷
2751 5511 2850 5568 Job
2882 5503 3009 5576 χιιι,
3047 5513 3130 5567 10.
3235 5511 3279 5542 ⁷⁸
3323 5511 3514 5568 Matth.
3561 5503 3682 5576 ius,
