4122 6248
386 273 483 328 ‘le

1825 273 2143 331 ORiCENlS

3527 282 3632 337 ΞΙΞ).

386 387 533 443 aliud
564 387 804 444 additum
837 389 1015 455 video,
1049 388 1237 444 eadem
1270 398 1609 459 repetuntur,
1650 406 1771 460 quae
1806 391 1958 461 prius
1984 394 2034 453 Α
2062 392 2180 459 ﬁlio
2208 402 2319 446 tuo.
2346 390 2600 449 Ostendit
2625 409 2753 463 ergo
2779 394 2921 463 quod
2953 403 3175 464 propter
3196 394 3521 450 oblationem
3544 398 3627 452 vel

387 478 609 533 fuerant
645 480 991 549 repromissa.
1023 477 1164 547 Ergo
1193 477 1524 548 superﬂuum
1560 481 1831 536 videbitur
1861 496 1954 536 ea-

386 570 730 639 demssepius
760 568 1090 624 retractari?
1135 568 1242 624 imo
1298 572 1664 631 necessarium
1711 571 1847 643 (52).
1895 571 1953 626 in

387 659 744 715 sacramentis
770 656 913 711 enim
954 657 1084 711 liunt
1126 668 1319 712 cuncta
1346 673 1466 728 quae
1494 659 1647 715 ﬁunt.
1680 661 1955 715 Abraham

385 755 431 807 si
464 762 670 808 tantum
698 750 992 805 secundum
1018 765 1239 807 carnem
1274 753 1520 819 vixisset,
1565 761 1621 808 et
1660 753 1821 809 unius
1861 768 1960 822 po-

388 845 495 914 puli
530 858 691 913 quem
726 843 1026 898 sccundum
1060 858 1283 900 carnem
1321 845 1532 914 genuit,
1562 853 1716 915 pater
1742 845 1955 911 fuisset,

388 949 495 989 una
526 931 797 989 sufﬁceret
818 934 1188 1002 repromissio.
1220 933 1372 988 Nunc
1392 948 1524 989 vero
1556 942 1613 989 ut
1646 935 1959 991 ostenderet

384 1040 510 1079 eum
540 1025 718 1095 primo
745 1033 955 1094 patrem
983 1025 1217 1079 futurum
1266 1040 1478 1090 eorum,
1527 1028 1619 1094 qui
1658 1026 1956 1081 secundum

385 1125 606 1166 carnem
645 1112 953 1167 circumcisi
1004 1122 1151 1179 sunt,
1192 1114 1624 1170 circumcisionis
1667 1130 1779 1170 sua:
1821 1124 1958 1170 tem-

384 1216 519 1269 pore
579 1202 740 1257 datur
784 1203 832 1257 ei
890 1204 1264 1274 repromissio,
1304 1219 1423 1273 quas
1465 1206 1531 1261 ad
1568 1205 1825 1276 populum
1852 1206 1961 1262 cir-

383 1291 741 1347 cumcisionis
784 1293 1059 1361 pertinere
1087 1293 1328 1348 deberet.
1362 1292 1614 1348 Secundo
1654 1294 1780 1363 quia
1805 1302 1961 1362 pater

385 1391 531 1436 esset
554 1381 766 1437 futurus
792 1383 957 1437 etiam
994 1397 1181 1438 eorum
1229 1384 1321 1452 qui
1352 1397 1416 1439 ex
1473 1383 1576 1438 ﬁde
1610 1393 1757 1451 sunt,
1791 1394 1846 1440 et
1868 1384 1962 1453 qui

387 1488 483 1541 per
505 1474 809 1543 passionem
833 1474 1033 1530 Christi
1062 1474 1289 1529 veniunt
1307 1476 1374 1529 ad
1403 1474 1803 1541 hrcreditatem,
1836 1485 1958 1530 tem-

386 1581 515 1634 pore
558 1566 903 1622 nihilominus
940 1570 1208 1639 passionis
1247 1570 1419 1633 Isaac,
1465 1569 1758 1638 promissio
1801 1584 1964 1624 reno-

387 1666 564 1722 vatur,
598 1670 717 1726 quaa
752 1659 1023 1727 pertinere
1066 1659 1257 1716 debeat
1288 1660 1355 1714 ad
1391 1675 1514 1714 cum
1550 1660 1828 1729 populum,
1864 1661 1957 1728 qui

2056 484 2361 553 passionem
2395 483 2512 551 ﬁlii,
2543 485 2833 554 promissio
2882 482 3036 538 ﬁrma
3080 484 3149 538 sit
3182 501 3197 538 :
3229 486 3506 540 evidenter
3535 486 3632 543 de-

2055 572 2279 640 signans
2309 574 2456 643 quod
2497 582 2721 644 propter
2767 572 3076 642 passionem
3107 572 3308 629 Christi
3335 573 3529 643 populo
3563 590 3629 633 ex

2057 665 2326 733 gentibus,
2349 665 2438 734 qui
2467 679 2533 720 ex
2561 664 2664 719 ﬁde
2685 671 2769 720 est
2795 664 3048 728 Abrahae,
3077 672 3292 719 maneat
3321 666 3475 717 tirma
3505 680 3629 733 pro-

2057 754 2264 811 missio.
2317 756 2380 810 Et
2426 755 2668 825 nunquid
2715 756 2769 809 iu
2824 754 2927 808 hoc
2962 753 3075 809 solo
3112 753 3351 809 secunda
3382 754 3626 810 ﬁrmiora

2057 849 2183 899 sunt
2209 845 2429 916 primis?
2458 846 2513 900 in
2565 843 2747 899 multis
2771 842 3140 913 hujuscemodi
3188 843 3505 897 adumbrata
3542 842 3625 896 in-

2056 935 2242 990 venies
2266 946 2627 991 sacramenta.
2656 931 2866 987 Primas
2905 932 3112 987 tabulas
3165 932 3299 1003 legis
3347 932 3401 987 in
3441 931 3625 987 littera

2059 1025 2327 1095 confregit
2385 1026 2597 1097 Moyses
2640 1035 2694 1081 et
2747 1025 2975 1097 abiecit;
3031 1025 3320 1079 secundam
3362 1023 3533 1093 legem
3569 1025 3623 1080 in

2060 1113 2249 1182 Spiritu
2290 1115 2547 1183 suscepit,
2603 1123 2654 1170 et
2701 1123 2830 1170 sunt
2892 1113 3131 1167 ﬁrmiora
3182 1110 3420 1169 secunda
3461 1127 3624 1182 quam

2060 1205 2254 1273 prima.
2287 1205 2496 1262 Rursus
2524 1206 2665 1261 idem
2693 1207 2807 1276 ipse
2829 1223 2951 1263 cum
2973 1220 3185 1263 omnem
3206 1206 3376 1274 legem
3407 1204 3460 1258 in
3492 1219 3629 1273 qua-

2063 1303 2188 1350 tuor
2287 1295 2441 1353 libris
2537 1299 3081 1368 comprehendisset,
3154 1294 3625 1351 Deuteronomium

2061 1386 2282 1456 scripsit
2310 1387 2447 1457 (54),
2477 1389 2621 1455 quod
2648 1391 2884 1444 secunda
2911 1389 2994 1443 lex
3035 1389 3254 1444 dicitur.
3280 1384 3473 1440 lsmael
3508 1384 3629 1455 pri-

2064 1491 2183 1533 mus
2212 1487 2316 1543 est,
2348 1479 2618 1534 secundus
2648 1477 2821 1544 Isaac,
2846 1489 2899 1533 et
2922 1478 3115 1533 similis
3144 1477 3198 1531 in
3223 1475 3460 1531 secundo
3486 1488 3628 1543 prae-

2066 1567 2288 1625 lationis
2314 1568 2487 1624 forma
2516 1577 2785 1624 servatur.
2812 1568 2924 1625 Hoc
2944 1581 3000 1623 et
3025 1569 3078 1622 in
3114 1567 3254 1622 Esau
3277 1575 3332 1622 et
3358 1565 3411 1621 in
3437 1564 3627 1631 Jacob,

2067 1660 2121 1713 iu
2146 1659 2381 1729 Ephrem
2420 1670 2475 1716 et
2509 1659 2774 1727 Manasse,
2820 1660 2875 1716 in
2921 1659 3065 1716 mille
3108 1658 3229 1714 aliis
3260 1657 3510 1713 similiter
3547 1658 3628 1712 in-

383 1749 634 1818 passione
661 1749 861 1806 Christi
913 1766 979 1806 ac
1022 1752 1416 1807 resurrectione
1462 1728 1725 1806 salvatur.
1760 1751 1826 1805 Et
1861 1767 1955 1807 ea-
1988 1728 2029 1781 Β
2061 1728 2246 1807 venies
2272 1750 2670 1806 adumbratam.

384 1841 504 1895 dem
566 1840 782 1910 quidem
826 1843 994 1910 repeti
1051 1843 1324 1908 videntur,
1380 1842 1478 1897 sed
1532 1842 1689 1913 longe
1740 1842 1956 1898 diversa

382 1938 527 1983 sunt.
560 1929 651 1984 illa
686 1930 833 1985 enim
859 1946 977 1999 qua:
1004 1932 1153 2001 prius
1179 1931 1321 1985 dicta
1351 1941 1500 1994 sunt,
1538 1941 1592 1985 et
1619 1932 1684 1985 ad
1719 1931 1955 1998 priorem

383 2019 636 2088 populum
684 2023 977 2090 pertinent,
1034 2024 1087 2077 in
1130 2024 1292 2079 terris
1334 2024 1481 2079 dicta
1511 2030 1660 2078 sunt.
1693 2020 1786 2078 Sic
1810 2023 1953 2078 enim

383 2110 516 2165 dicit
537 2109 819 2182 Scriptura
841 2113 885 2145 ⁸ο
921 2134 933 2167 ;
969 2113 1036 2167 Et
1064 2114 1242 2168 eduxit
1282 2129 1401 2168 eum
1447 2114 1616 2182 foras,
1664 2113 1732 2168 de
1775 2114 1958 2170 taber-

382 2204 581 2262 naculo
613 2205 843 2271 scilicet,
866 2214 915 2261 et
941 2204 1074 2259 dixit
1102 2206 1191 2259 ei:
1221 2204 1440 2274 Respice
1481 2205 1665 2259 stellas
1718 2204 1859 2269 caeli,
1910 2206 1959 2259 si

381 2297 705 2351 dinumerari
729 2305 951 2363 possunt
980 2313 1011 2351 a
1043 2296 1407 2351 multitudine.
1448 2295 1516 2351 Et
1548 2296 1754 2351 addidit
1805 2312 1821 2350 :
1864 2295 1957 2351 Sic

382 2388 478 2441 erit
511 2402 687 2441 semen
719 2396 887 2441 tuum.
928 2384 1031 2442 Ubi
1070 2396 1251 2442 autem
1301 2386 1542 2442 secundo
1575 2388 1839 2455 repetitur
1869 2402 1955 2442 re-

385 2478 696 2551 promissio,
727 2477 971 2548 designat
1000 2478 1126 2547 quia
1159 2478 1370 2534 loeutus
1407 2486 1493 2533 est
1536 2479 1586 2534 ei
1623 2479 1690 2535 de
1728 2478 1958 2549 ccelo,et

384 2569 545 2623 datur
589 2566 876 2637 promissio
919 2568 984 2623 de
1014 2578 1158 2623 terra
1186 2571 1381 2639 prima,
1415 2571 1655 2627 secunda
1695 2571 1763 2626 de
1793 2569 1952 2626 caelo.

383 2658 575 2715 Nonne
634 2667 822 2728 aperte
874 2658 963 2714 hic
1010 2660 1139 2715 illud
1193 2661 1478 2732 designare
1526 2662 1758 2729 videtur,
1810 2663 1959 2732 quod

382 2750 671 2820 Apostolus
702 2751 833 2808 dicit
855 2751 901 2784 ⁸⁸
933 2768 947 2806 :
984 2751 1200 2808 Primus
1229 2754 1385 2809 homo
1422 2754 1486 2809 de
1515 2764 1659 2809 terra
1692 2765 1952 2824 terrenus,

385 2844 642 2897 secundus
675 2843 827 2896 homo
851 2844 915 2897 de
941 2843 1067 2899 caelo
1109 2845 1368 2901 ctzlestis?
1409 2844 1516 2900 Ista
1549 2860 1678 2917 ergo
1722 2847 1956 2915 promis-

385 2933 489 2999 sio,
529 2947 650 3003 qua:
677 2933 745 2988 ad
776 2934 984 2990 ﬁdelem
1015 2932 1265 3005 p0pulum
1295 2937 1551 3005 pertinet,
1587 2938 1655 2991 de
1684 2938 1824 2992 caelo
1851 2946 1952 3004 est,

386 3021 477 3076 illa
504 3023 570 3077 de
597 3032 765 3079 terra.
790 3025 845 3079 In
874 3024 963 3080 illa
992 3039 1170 3080 sermo
1200 3027 1573 3082 tantummodo
1604 3025 1727 3091 fuit,
1756 3027 1844 3081 hic
1868 3026 1954 3080 iu-
1982 3046 2026 3103 ο

388 3116 692 3184 terponitur
714 3117 1112 3186 jusjurandum,
1140 3118 1281 3187 quod
1315 3116 1706 3188 interpretatur
1737 3118 1805 3172 ad
1849 3118 1961 3172 lle-

387 3211 563 3267 braeos
607 3210 860 3267 scribens
907 3220 1126 3265 sanctus
1166 3209 1452 3279 Apmtolus
1503 3211 1606 3266 hoc
1660 3211 1819 3265 modo
1876 3210 1961 3265 di-

386 3316 565 3360 cens:
616 3301 828 3368 Valens,
880 3301 1058 3372 inquit
1088 3302 1154 3365 ⁸¹.
1208 3300 1348 3356 Deus
1388 3303 1661 3356 ostendere
1699 3300 1966 3364 pollicita-

389 3392 547 3447 tionis
577 3392 871 3448 hatredibus
914 3391 1335 3446 immobilitatem
1367 3392 1479 3463 (55l
1511 3391 1721 3445 consilii
1743 3391 1849 3453 sui,
1880 3390 1964 3442 in-

388 3485 638 3553 terposuit
668 3483 1069 3552 jusjurandum.
1105 3482 1384 3537 Etiterum
1416 3500 1431 3536 :
1462 3481 1739 3545 Homines,
1766 3480 1962 3549 inquit,

387 3592 482 3646 per
508 3575 765 3645 majorem
793 3576 875 3629 sui
884 3574 1099 3644 jurant,
1129 3574 1267 3629 Deus
1297 3584 1474 3629 autem
1508 3573 1762 3645 quoniam
1801 3574 1966 3627 nemi-

389 3682 507 3721 nem
555 3666 737 3720 [tabuit
785 3681 878 3734 per
904 3681 1055 3735 quem
1081 3665 1293 3735 juraret
1319 3664 1596 3734 majorem,
1628 3680 1719 3733 per
1749 3674 1964 3719 memet-

391 3760 556 3825 ipsunt
585 3758 735 3827 jura,
764 3758 890 3811 dicit
924 3756 1201 3812 Dominus.
1253 3757 1370 3812 Non
1416 3757 1558 3827 quod
1594 3757 1760 3812 Deum
1801 3756 1965 3825 juris-

385 3849 600 3919 iurandi
629 3847 930 3904 necessitas
970 3854 1208 3917 urgeret.
1250 3847 1385 3912 Quis
1413 3847 1556 3901 enim
1588 3847 1656 3903 ab
1683 3862 1749 3902 eo
1775 3846 1961 3917 exige-

394 3946 477 3993 ret
507 3936 948 3993 sacramentum?
986 3934 1094 3990 Sed
1126 3935 1265 3990 sicut
1298 3935 1686 4004 interpretatus
1717 3944 1800 3991 est
1833 3950 1967 4004 apo-

392 4031 565 4085 stolus
602 4027 824 4094 Paulus,
857 4041 964 4096 quo
1010 4041 1109 4096 per
1146 4027 1247 4082 hoc
1277 4025 1709 4082 immobilitatem
1748 4027 1963 4083 consilii

393 4119 477 4175 sui
502 4118 807 4173 cultoribus
843 4117 1172 4186 designaret.
1205 4118 1296 4173 Sic
1339 4125 1395 4173 et
1424 4117 1551 4174 alibi
1591 4132 1689 4187 per
1726 4119 1967 4187 Prophe-

394 4221 502 4266 tatu
536 4211 730 4266 dicitur
749 4210 795 4242 ⁸⁸
822 4228 835 4264 :
861 4209 1074 4264 Juravit
1106 4209 1386 4278 Dominus,
1413 4226 1505 4265 nec
1528 4210 1793 4281 pmnitebit
1823 4226 1964 4276 eum,

394 4312 446 4360 tu
473 4318 526 4357 es
555 4304 800 4358 sacerdos
840 4304 894 4357 in
947 4313 1197 4359 internum
1232 4306 1514 4360 secundum
1559 4306 1797 4361 ordinem
1830 4303 1965 4360 Mel-

2125 1840 2183 1894 2.
2222 1840 2330 1896 Sed
2361 1842 2644 1900 redeamus
2681 1857 2825 1898 nunc
2854 1843 2923 1897 ad
2955 1841 3346 1912 nosmetipsos,
3371 1849 3424 1897 et
3450 1855 3628 1896 mora-

2036 1930 2163 1986 lem
2184 1930 2361 1986 locum
2393 1946 2491 2001 per
2506 1933 2751 2003 singulos
2771 1945 3015 2003 quosque
3048 1940 3362 1987 tractemus.
3393 1932 3627 2001 Aposto-

2058 2021 2141 2077 lus
2158 2022 2306 2085 dicit.
2325 2023 2466 2079 sicut
2481 2021 2593 2092 jam
2617 2023 2870 2094 superius
2890 2022 3310 2078 memoravimus
3325 2023 3372 2056 ⁸⁸
3391 2022 3627 2077 :Primus

2057 2115 2208 2168 homo
2232 2115 2295 2169 de
2319 2125 2461 2170 terra
2491 2130 2750 2178 terrenus,
2782 2114 3041 2169 secundus
3061 2114 3215 2168 homo
3245 2114 3309 2168 de
3333 2114 3462 2169 creto
3480 2114 3628 2169 caele-

2056 2204 2171 2259 stis.
2208 2203 2394 2271 Qualis
2425 2215 2681 2271 terrenus,
2714 2203 2844 2259 tales
2871 2214 2919 2258 et
2948 2204 3179 2270 terreni;
3207 2214 3257 2257 et
3279 2204 3451 2269 qualis
3473 2206 3624 2258 crete-

2056 2298 2172 2362 stis,
2204 2296 2335 2350 tales
2358 2306 2407 2351 et
2425 2296 2672 2352 calestes.
2694 2295 2840 2351 Sicut
2865 2296 3183 2364 portavimus
3208 2296 3486 2365 imaginem
3520 2304 3629 2350 ter-

2057 2386 2190 2452 reni,
2208 2396 2469 2455 portemus
2495 2395 2547 2442 et
2564 2388 2840 2457 imaginem
2863 2384 3099 2441 caelestis.
3117 2386 3279 2443 Vides
3294 2387 3421 2457 quid
3443 2389 3628 2443 osten-

2058 2477 2153 2544 dit,
2171 2479 2319 2547 quia,
2346 2479 2390 2534 si
2408 2480 2774 2550 permanseris
2795 2479 2847 2534 in
2864 2494 2929 2535 eo
2945 2481 3086 2551 quod
3108 2482 3337 2549 primum
3352 2489 3455 2546 est,
3479 2482 3623 2549 quod

2056 2566 2124 2623 de
2163 2576 2305 2623 terra
2334 2576 2442 2633 est,
2477 2568 2877 2638 reprobaberis,
2909 2571 3015 2626 nisi
3073 2580 3126 2626 te
3157 2579 3479 2637 commutes,
3516 2572 3622 2627 nisi

2059 2670 2350 2714 conversus
2374 2658 2563 2725 fueris,
2583 2660 2683 2715 nisi
2702 2660 2938 2717 caelestis
2955 2661 3175 2719 eﬁ‘ectus
3192 2664 3475 2733 imaginem
3504 2677 3589 2717 eo:
3604 2692 3622 2705 ο

2061 2745 2215 2804 lestis
2244 2752 2539 2819 acceperis.
2574 2750 2687 2807 Hoc
2716 2753 2858 2806 idem
2907 2761 3011 2817 est,
3045 2754 3187 2823 quod
3220 2754 3348 2809 alibi
3379 2755 3505 2811 dicit
3526 2754 3571 2787 ⁸⁸
3608 2776 3621 2809 :

2060 2834 2327 2891 Etruentes
2354 2839 2463 2911 (55)
2487 2856 2577 2894 vos
2604 2851 2818 2896 veterem
2843 2842 3102 2896 hominem
3120 2860 3236 2897 cum
3265 2844 3466 2898 actibus
3490 2846 3623 2911 suis,

2060 2936 2106 2982 ct
2140 2928 2415 2983 induentes
2444 2946 2655 2997 novum,
2681 2934 2768 3002 qui
2792 2934 3076 2987 secundum
3100 2933 3268 2989 Deum
3294 2948 3501 2990 creatus
3527 2947 3623 2990 est.

2058 3015 2294 3087 ldipsum
2313 3026 2368 3071 et
2396 3018 2505 3072 alio
2530 3018 2648 3073 loco
2677 3020 2867 3074 scribit
2886 3022 2935 3056 “
2960 3037 2974 3075 :
3014 3020 3150 3074 Ecce
3186 3032 3362 3075 vetera
3405 3022 3628 3075 transie-

2065 3115 2212 3174 runt,
2254 3107 2399 3174 facta
2438 3117 2562 3162 sunt
2590 3109 2766 3163 omnia
2802 3125 2957 3165 noro.
2996 3109 3201 3166 Idcirco
3230 3127 3361 3180 ergo
3406 3107 3633 3182 promis-

2064 3197 2247 3254 sioues
2281 3212 2411 3254 suas
2439 3209 2663 3253 renovat
2691 3199 2853 3265 Deus,
2884 3210 2942 3256 ut
2966 3202 3217 3256 ostendat
3246 3202 3341 3256 tibi
3377 3202 3502 3271 quia
3530 3204 3628 3257 de-

2064 3289 2160 3343 bes
2185 3296 2240 3343 et
2264 3299 2321 3343 tu
2352 3289 2621 3344 renovari.
2658 3288 2774 3343 Non
2818 3301 3105 3358 permanet
3133 3290 3222 3347 ille
3247 3291 3300 3346 in
3328 3292 3627 3356 veteribus,

2066 3394 2134 3433 ne
2162 3387 2215 3433 et
2240 3386 2296 3433 tu
2322 3390 2477 3435 vetus
2499 3380 2661 3436 homo
2692 3395 3034 3451 permaneas.
3055 3382 3130 3437 De
3156 3381 3295 3438 ctelo
3318 3382 3429 3437 hinc
3455 3382 3632 3451 loqui-

2067 3480 2173 3534 tur,
2207 3481 2266 3526 ut
2303 3481 2357 3526 et
2395 3481 2449 3526 tu
2482 3472 2771 3543 imaginem
2795 3474 3032 3530 caelestis
3052 3474 3305 3544 accipias.
3338 3473 3469 3527 Nam
3502 3474 3631 3544 quid

2067 3561 2163 3616 tibi
2192 3563 2412 3630 prodest
2439 3562 2552 3632 (56)
2581 3564 2626 3618 si
2648 3565 2787 3621 Deus
2810 3564 3025 3620 innovet
3058 3565 3469 3635 promissiones,
3495 3575 3552 3621 et
3575 3575 3633 3621 tu

2067 3666 2174 3707 non
2214 3652 2529 3709 innoveris?
2563 3655 2608 3711 si
2656 3655 2747 3710 ille
2781 3656 2848 3711 de
2898 3655 3040 3711 crelo
3078 3656 3354 3726 loquatur,
3380 3667 3434 3711 et
3473 3666 3528 3710 tu
3559 3657 3628 3711 dc

2065 3751 2212 3798 terra
2253 3742 2630 3810 audias‘IQuid
2661 3745 2757 3800 tibi
2782 3745 2999 3814 prodest
3022 3745 3064 3800 si
3092 3745 3233 3801 Deus
3258 3746 3632 3814 sejuramento

2066 3835 2414 3903 constringit,
2456 3842 2513 3888 et
2555 3844 2612 3889 tu
2654 3834 2769 3890 haec
2809 3839 2963 3906 quasi
3023 3852 3357 3894 communem
3401 3839 3633 3895 audiens

2069 3922 2306 3977 fabulam
2333 3925 2615 3979 transeas?
2644 3924 2825 3992 Quare
2854 3944 2958 3984 non
2985 3930 3300 3986 consideras
3329 3930 3476 4001 quod
3504 3945 3635 4000 pro-

2065 4022 2184 4081 pter
2210 4023 2261 4068 te
2292 4013 2432 4068 Deus
2457 4013 2621 4067 etiam
2645 4029 2707 4069 ea
2735 4030 2858 4084 qua
2877 4014 3087 4073 natura;
3114 4032 3225 4073 suae
3258 4027 3380 4089 apta
3412 4018 3637 4073 minime

2065 4105 2343 4171 videntur,
2386 4104 2772 4174 ampleCtitur?
2806 4104 3000 4162 Jurare
3039 4108 3239 4163 dicitur
3279 4108 3441 4173 Deus,
3476 4118 3535 4163 ut
3578 4117 3634 4162 tu

2068 4196 2295 4253 audiens
2325 4209 2521 4265 paveas
2551 4204 2606 4251 et
2644 4195 3011 4263 intremiscas,
3037 4208 3092 4253 et
3124 4209 3272 4254 metu
3314 4209 3633 4254 consterna-

2068 4294 2158 4343 tus
2194 4287 2463 4357 inquiras,
2498 4285 2629 4355 quid
2668 4285 2795 4341 illud
2843 4295 3053 4342 tantum
3102 4298 3186 4343 est
3225 4303 3322 4358 pro
3354 4303 3461 4358 quo
3494 4289 3636 4344 Deus

391 4392 681 4448 chisedeclt.
716 4393 827 4463 35
861 4391 1013 4449 Tunc
1037 4394 1231 4449 deinde
1254 4395 1305 4448 in
1333 4395 1505 4463 prima
1543 4394 1964 4464 repromissione
1994 4368 2043 4429 ο
2066 4379 2255 4449 iurare
2282 4379 2486 4433 dicitur
2518 4378 2654 4448 (5⁷)-
2686 4376 2846 4434 Fiunt
2875 4393 3007 4449 ergo
3046 4379 3182 4445 haec.
3212 4390 3271 4433 ιιι
3306 4389 3359 4435 ιιι
3398 4390 3635 4435 attentus

394 4498 500 4539 non
526 4483 690 4539 habet
715 4484 942 4552 positam
974 4499 1196 4540 causam
1227 4501 1325 4542 cur
1374 4486 1501 4542 data
1559 4487 1631 4541 sit
1674 4488 1968 4556 repromis-

394 4574 496 4639 sio,
528 4574 636 4631 ttisi
665 4584 869 4629 tantum
904 4575 1045 4644 quod
1073 4575 1260 4631 eduxit
1285 4590 1408 4633 eum
1442 4576 1610 4640 foras,
1638 4587 1687 4631 et
1718 4577 1964 4643 ostendit,

395 4667 593 4738 inquit,
627 4668 676 4723 ei
708 4667 886 4722 stellas
916 4666 1056 4735 rceli,
1085 4678 1132 4723 et
1168 4669 1325 4733 dixit,
1347 4668 1440 4724 Sic
1466 4668 1567 4722 erit
1591 4684 1764 4724 semen
1791 4681 1961 4723 tuum.

394 4758 551 4815 Nunc
599 4775 730 4816 vero
777 4759 928 4816 addit
969 4775 1188 4815 causam
1216 4768 1437 4830 propter
1463 4773 1623 4828 quam
1657 4758 1965 4827 iuramento

394 4852 685 4907 conﬁrmat
736 4852 1153 4923 promissionem
1219 4850 1431 4907 ﬁrmam
1502 4851 1762 4909 futuram.
1827 4850 1967 4905 Dicit

397 4944 578 4999 enim:
620 4943 762 5010 Quia
813 4944 987 5014 fecisti
1032 4946 1244 5001 uerbum
1282 4946 1402 5009 hoc,
1445 4953 1493 4997 et
1551 4957 1656 4997 non
1696 4940 1973 5011 pepercisti

491 5084 536 5116 “
570 5083 765 5140 Gcncs.
801 5103 891 5151 xv,
922 5085 971 5140 5.
1063 5085 1105 5116 '“
1143 5084 1161 5138 1
1209 5084 1333 5137 Cur.
1369 5098 1457 5147 xv,
1492 5082 1581 5135 47.

468 5320 580 5391 (52)
620 5321 791 5385 Alias,
826 5332 1109 5376 retractare
1140 5333 1187 5376 et
1222 5325 1395 5377 minus
1439 5321 1812 5381 necessarium,
1841 5333 1971 5373 mss.

1706 5081 1751 5114 ⁸²
1784 5080 1943 5135 Hebr.
1972 5096 2047 5143 vt,
2080 5078 2166 5143 15,
2199 5079 2282 5131 l7.

396 5151 442 5187 "
467 5153 679 5210 Coloss.
708 5170 791 5221 ιιι,
818 5150 885 5210 9.⁷
946 5156 992 5188 ⁸⁸
1016 5153 1057 5209 ll
1084 5156 1207 5210 Cor.
1246 5170 1297 5221 ν,
1338 5155 1423 5208 l7.
1495 5152 1538 5183 ⁸⁷
1574 5151 1751 5206 Galat.
1783 5167 1865 5218 ιιι,
1901 5150 1989 5205 10.

2071 4481 2129 4529 et
2164 4470 2435 4526 sollicitus
2485 4470 2606 4535 llas,
2643 4478 2698 4524 et
2744 4470 2966 4525 audiens
3011 4470 3102 4525 tibi
3157 4471 3632 4541 repromissionem

2072 4563 2252 4633 parari
2293 4562 2349 4617 in
2390 4560 2564 4627 caelis,
2595 4561 2789 4632 vigiles
2827 4570 2883 4615 et
2932 4563 3177 4630 requiras
3203 4569 3468 4630 quatenus
3493 4561 3635 4615 divi-

2073 4654 2159 4711 nis
2203 4651 2655 4724 promissionibus
2704 4653 2899 4722 dignus
2950 4653 3206 4707 essistas.
3253 4649 3637 4707 Verumtamen

2073 4747 2221 4805 hunc
2255 4748 2433 4802 locum
2476 4755 2529 4801 et
2576 4745 2866 4814 Apostolus
2916 4747 3324 4816 interpretatur,
3358 4747 3544 4801 dicens
3566 4744 3636 4809 ⁸⁷,

2076 4839 2202 4908 quia
2222 4838 2450 4892 Abraha:
2472 4838 2710 4906 promisit
2734 4836 2900 4901 Deus,
2923 4847 2972 4891 et
2994 4837 3180 4891 semini
3202 4837 3317 4906 ejus
3337 4851 3356 4889 :
3377 4853 3480 4891 non
3504 4835 3635 4889 dixit

2080 4944 2124 4985 et
2161 4931 2443 4987 seminibus
2471 4930 2625 5000 quasi
2656 4930 2711 4982 in
2741 4927 2941 4996 multis,
2972 4930 3062 4983 sed
3081 4939 3334 4999 tanquam
3358 4929 3413 4983 in
3438 4944 3564 4994 uno,
3589 4938 3635 4981 ct

2391 5077 2436 5109 ⁸³
2464 5072 2607 5128 Psal.
2639 5087 2728 5137 cx,
2752 5072 2805 5125 4.
2914 5069 2960 5102 ⁸⁵
2992 5068 3011 5123 1
3042 5070 3165 5125 Cor.
3195 5084 3286 5135 sv,
3307 5068 3396 5133 l7,
3429 5066 3519 5132 48,
3548 5064 3635 5121 69.

2074 5329 2204 5369 mss.
2227 5322 2286 5366 ut
2318 5312 2370 5366 in
2410 5318 2595 5365 nostro
2619 5315 2789 5362 textu.
2824 5304 2967 5358 inira
2999 5305 3161 5359 iidem
3196 5314 3349 5363 mss.,
3380 5299 3481 5352 nisi
3519 5308 3642 5352 tan-

398 5371 1199 5446 ut‘aii’mis‘ir’ii'tenuitenui,
1224 5371 1393 5446 "iiiis
1438 5371 1811 5451 iiii—ciiiilius...
1843 5371 1975 5440 iiuna
2077 5400 2183 5436 tum
2210 5383 2350 5453 quod
2374 5381 2552 5435 eduxit
2584 5394 2700 5453 eum
2724 5376 2892 5453 [oram
2922 5374 2978 5427 lu
3007 5373 3172 5453 editis
3199 5373 3350 5426 deest
3377 5384 3481 5424 vox
3515 5371 3637 5427 u.-si.

397 5461 650 5527 sufﬁceret
689 5463 1046 5530 repromissio.
1088 5462 1262 5527 Alias,
1309 5480 1415 5516 una
1467 5461 1742 5528 suﬂ'cccrat
1800 5473 1976 5525 repro-

401 5530 602 5582 missio.

472 5597 584 5667 (53)
623 5597 788 5659 Alias,
813 5600 1214 5663 pollicitationes
1245 5599 1539 5652 Itwredibus
1580 5614 1669 5664 per
1698 5595 1977 5667 immobili-

400 5665 577 5734 tatem,
609 5678 658 5723 et
685 5669 843 5737 paulo
866 5670 1026 5736 inira,
1055 5687 1144 5739 per
1173 5671 1424 5738 majorem
1454 5685 1601 5722 suum
1627 5668 1837 5735 jurant.
1871 5665 1975 5720 Sed

2146 5443 2258 5523 (Si)
2288 5451 2460 5523 ﬁlias,
2493 5450 2692 5501 scribit.
2725 5443 2880 5523 mss.,
2915 5443 3141 5523 scripsit.

2146 5515 2261 5591 (55)
2299 5520 2425 5591 Mss.
2459 5528 2738 5591 exuentes._
2761 5516 2931 5591 Alias,
2956 5515 3149 5591 eruite.

2146 5585 2261 5657 (56)
2296 5590 2464 5653 Alias,
2506 5587 2739 5655 nunquid
2770 5585 2863 5639 tibi
2891 5587 3119 5654 prodest.

2146 5662 2257 5733 (57)
2296 5660 2465 5725 Alias,
2498 5659 2722 5711 dicatur.
