4122 6248
463 228 572 307 eis

1657 224 1720 277 IN
1750 217 2043 278 GENESIM
2084 210 2366 268 llOMILIA
2404 210 2494 265 IX.

3603 202 3709 258 2H

466 348 654 403 semini
695 357 805 412 tuo,
835 350 924 415 qui
960 355 1034 401 est
1071 344 1336 401 Christus.
1384 344 1459 398 De
1509 341 1726 398 Christo
1756 354 1885 409 ergo
1912 336 2046 392 dici-
2074 336 2126 396 Α
2152 347 2244 388 nos
2276 340 2465 393 teme;
2499 324 2781 415 depellens
2806 322 2951 415 ipsos
2992 319 3210 415 angelos
3245 324 3509 415 potestate
3540 324 3594 370 cl
3621 316 3718 368 d0-

473 438 624 495 tttr”
679 456 694 492 :
741 436 1101 502 Hultiplicans
1152 436 1510 505 multiplicabo
1561 450 1733 488 semen
1781 442 1950 493 tuum,
1993 436 2044 481 et

472 530 577 584 erit
613 527 727 599 (58)
757 528 885 581 sicut
924 528 1088 582 stella:
1137 528 1252 582 cali
1310 529 1367 582 in
1415 525 1776 590 multitudine,
1808 530 1856 577 et
1910 522 2045 576 sicut

475 636 641 673 arena
662 636 777 689 qua!
801 628 877 673 est
905 620 973 671 ad
1000 636 1147 675 oram
1173 621 1357 674 maris.
1399 618 1532 686 Quis
1558 617 1670 686 jam
1707 614 2048 685 expositione

478 711 703 780 indiget,
736 718 794 764 ut
820 710 952 765 sciat
982 725 1165 766 semen
1197 711 1397 765 Christi
1420 710 1689 779 quomodo
1724 706 2049 777 multiplice-

481 810 586 867 tur,
609 799 699 869 qui
731 799 873 853 videt
917 814 947 852 a
998 799 1197 854 ﬁnibus
1227 809 1387 855 terrae
1422 812 1594 869 usque
1619 797 1688 852 ad
1722 798 1858 853 ﬁnes
1885 806 2046 850 terrae

476 899 827 962 propagatum
875 891 1314 959 praedicationem
1379 889 1680 960 Evangelii,
1729 897 1786 944 et
1841 886 2045 942 nullum

475 994 612 1049 pene
637 994 760 1036 esse
782 978 897 1050 jam
933 979 1109 1035 locum
1142 982 1235 1050 qui
1265 996 1373 1037 non
1401 995 1585 1037 semen
1616 979 1764 1035 verbi
1793 990 2047 1045 suscepe-

478 1070 580 1124 rit?
615 1068 728 1125 lloc
758 1084 990 1139 namque
1036 1080 1091 1126 et
1131 1070 1183 1125 in
1226 1070 1400 1126 initiis
1440 1070 1631 1125 mundi
1662 1067 2041 1139 prmﬁguraba-

475 1166 586 1223 tur,
624 1172 746 1213 cum
790 1159 1075 1215 diceretur
1120 1158 1248 1214 Adae
1270 1158 1315 1191 ⁸⁸
1344 1176 1359 1213 :
1385 1157 1613 1213 Crescite
1652 1167 1698 1211 et
1732 1155 2047 1222 multiplica-

473 1250 624 1303 mini.
654 1249 807 1316 Quod
847 1258 899 1304 et
944 1250 1118 1319 ipsum
1152 1250 1285 1305 dicit
1324 1250 1615 1318 Apostolus
1636 1250 1704 1315 9°,
1742 1250 1796 1303 in
1827 1247 2050 1303 Christo

472 1337 579 1392 dici
609 1347 663 1394 et
690 1338 745 1392 in
780 1339 1044 1395 Ecclesia.
1076 1339 1231 1408 Quod
1270 1349 1458 1395 autem
1492 1340 1670 1393 dixit:
1702 1337 1852 1392 Sicut
1883 1336 2054 1391 stella?

472 1428 589 1483 cali
621 1430 675 1482 in
708 1430 1073 1495 multitudine,
1107 1441 1163 1486 et
1195 1431 1415 1500 adjecit,
1462 1430 1600 1482 sicut
1641 1445 1802 1482 arena
1832 1442 1946 1498 qut?
1975 1437 2054 1482 est

470 1520 541 1575 ad
570 1535 719 1574 oram
772 1522 935 1573 maris
974 1519 1415 1583 innumerabilis,
1456 1518 1687 1573 fortasse
1717 1519 1929 1588 quidem
1963 1517 2053 1571 di-

471 1618 560 1662 cat
587 1608 785 1676 aliquis
825 1609 1071 1665 caelestis
1118 1607 1326 1663 numeri
1356 1608 1581 1679 ﬁguram
1613 1608 2047 1663 Christianorum

476 1697 699 1765 populo,
733 1712 918 1754 arente
948 1700 1116 1755 maris
1145 1698 1369 1754 Judaieo
1395 1699 1704 1754 convenire.
1722 1700 1831 1773 Ego
1861 1708 2047 1755 tamen

461 1783 581 1841 'boc
612 1786 787 1856 magis
835 1796 965 1857 puto
1003 1789 1147 1859 quod
1188 1798 1475 1859 utrumque
1498 1790 1803 1859 exemplum
1831 1791 2051 1860 utrique

479 1875 675 1944 populo
706 1878 875 1946 possit
902 1880 1098 1950 aptari.
1130 1877 1271 1934 Nam
1295 1890 1351 1935 et
1391 1879 1444 1934 in
1480 1880 1571 1934 illo
1603 1880 1799 1952 populo
1830 1881 2053 1938 luerunt

480 1966 633 2022 multi
664 1967 797 2038 justi
827 1977 881 2025 et
908 1972 1205 2040 prophetae,
1232 1972 1435 2040 quibus
1466 1972 1753 2028 stellarum
1782 1973 1904 2029 ereti
1932 1988 2047 2029 me-

482 2058 587 2113 rito
635 2070 982 2131 comparatur
1018 2062 1329 2133 exemplum
1374 2073 1478 2120 :et
1509 2065 1562 2119 in
1620 2073 1810 2122 nostro
1852 2066 2053 2135 populo

476 2158 601 2203 sunt
629 2151 781 2205 multi
807 2152 897 2220 qui
933 2160 1151 2208 terrena
1179 2154 1424 2224 sapiunt,
1455 2164 1515 2211 et
1540 2170 1777 2226 quorum
1820 2157 2049 2211 stultitia

475 2241 693 2308 gravior
721 2252 803 2297 est
828 2257 998 2298 arena
1023 2244 1223 2312 maris;
1254 2245 1307 2299 in
1335 2246 1536 2316 quibus
1570 2248 1844 2318 praecipue
1876 2249 2049 2303 luere-

471 2332 703 2388 ticorum
753 2336 941 2391 turbas
988 2336 1233 2392 arbitror
1287 2337 1644 2407 deputandas.
1694 2340 1803 2397 Sed
1839 2356 1905 2396 ne
1950 2354 2051 2403 nos

467 2422 686 2490 quidem
729 2426 908 2480 securi
955 2427 1165 2493 simus;
1230 2428 1404 2485 donec
1459 2432 1603 2487 enim
1636 2434 1759 2502 quis
1800 2444 2048 2489 nostrum

469 2528 579 2567 non
608 2514 823 2584 deponit
858 2517 1148 2588 imaginem
1193 2522 1424 2587 terreni,
1451 2531 1505 2578 et
1536 2523 1710 2579 induit
1748 2525 2041 2594 imaginem

469 2604 737 2671 caelestis,
788 2610 1025 2665 terrenis
1059 2610 1413 2680 comparatur
1458 2615 1743 2686 exemplis.
1795 2616 1950 2674 Unde
1993 2631 2048 2678 et

471 2695 762 2766 Apostolus
784 2714 849 2753 es
869 2700 979 2768 his,
1012 2710 1071 2757 ut
1105 2703 1319 2772 opinor,
1355 2714 1535 2765 motus
1566 2706 1959 2767 inctelestibus
1991 2718 2048 2766 et

472 2789 836 2845 terrestribus
868 2793 1191 2861 corporibus
1226 2799 1645 2854 resurrectionis
1678 2799 1877 2856 format
1910 2801 2047 2856 ima-

471 2876 676 2947 ginem,
732 2879 1173 2938 dicens“:Alia
1231 2887 1440 2956 quidem
1489 2888 1777 2949 ctelestium
1841 2892 2040 2961 gloria,

472 2966 784 3065 aliaautem
827 2973 1172 3027 terrestrium.
1200 2973 1267 3029 Et
1291 2976 1444 3035 stella
1482 2978 1547 3032 ab
1588 2980 1739 3035 stella
1785 2981 1963 3050 cli/fert
1988 2983 2043 3036 in
2071 3004 2119 3065 α

472 3056 734 3124 claritate,
767 3060 843 3114 ita
887 3063 987 3115 erit
1027 3073 1074 3121 et
1120 3068 1434 3122 resurrectio
1476 3079 1829 3126 mortuorum.
1858 3072 1964 3128 Sed
1991 3083 2047 3129 et

475 3147 735 3206 Dominus
768 3164 891 3209 cum
924 3153 1059 3213 dicit
1077 3156 1121 3188 ⁹²
1151 3173 1165 3210 :
1193 3155 1284 3215 Ita
1329 3158 1500 3215 luceat
1541 3160 1636 3217 tua,
1666 3172 1836 3217 vestra
1867 3179 2046 3218 coram

474 3240 794 3308 hominibus,
826 3254 880 3298 ut
927 3248 1158 3303 videntes
1204 3249 1441 3307 homines
1486 3270 1645 3322 opera
1692 3264 1862 3308 uestra
1906 3256 2043 3309 bona

474 3328 770 3397 gloriﬁcent
828 3331 1043 3391 Patrem
1094 3352 1323 3394 uestrum
1374 3342 1463 3411 qui
1526 3344 1581 3397 in
1629 3344 1774 3400 ctelis
1820 3346 2045 3411 cst,boc

476 3415 619 3472 idem
650 3433 957 3478 commonet
976 3440 1100 3480 eum
1126 3430 1216 3496 qui
1250 3433 1397 3485 novit
1422 3435 1629 3490 audire.

548 3510 603 3564 3.
635 3508 791 3577 Quod
824 3523 1001 3569 autem
1034 3515 1280 3576 Christus
1324 3537 1510 3580 semen
1550 3526 1785 3584 Abrahae
1812 3540 1865 3586 et
1898 3532 2043 3588 ﬁlius

473 3597 709 3654 Abrabce
732 3600 825 3666 sit,
855 3601 902 3659 si
947 3603 1029 3659 vis
1067 3607 1373 3665 evidentius
1419 3612 1717 3683 Scriptura:
1748 3621 1930 3677 verbis
1956 3623 2041 3677 di-

474 3704 649 3757 scere,
682 3691 807 3746 audi
853 3694 1123 3762 quomodo
1164 3696 1214 3752 in
1276 3699 1571 3771 Evangelio
1609 3707 1872 3775 scriptum
1915 3721 2040 3766 est:

473 3775 934 3869 bibeginquit”,
964 3788 1315 3857 generationis
1331 3791 1461 3847 .Iesu
1486 3793 1687 3855 Christi
1715 3798 1816 3865 ﬁlii
1848 3800 2036 3869 David,

470 3864 570 3932 ﬁlii
597 3867 887 3924 Abraham.
923 3870 976 3927 ln
1012 3875 1117 3931 hoc
1151 3892 1281 3949 ergo
1310 3883 1618 3953 completur
1653 3864 1825 3944 etille
1858 3864 2037 3948 sermo

471 3972 630 4025 quem
663 3961 791 4016 dicit
816 3962 862 3994 9"
888 3980 904 4018 :
935 3963 1259 4024 ereditate
1296 3974 1463 4039 capiet
1483 3992 1657 4032 semen
1681 3988 1829 4034 tuum
1850 3983 2036 4037 ciuita-

470 4056 543 4098 tes
563 4048 1008 4140 adversariorum.
1039 4056 1319 4123 Quomodo
1354 4063 1669 4123 hmreditate
1708 4072 1851 4140 cepit
1875 4072 2035 4129 Chri-

469 4148 588 4193 etus
639 4139 890 4197 civitates
934 4146 1405 4208 adversariorum?
1439 4154 1545 4212 Per
1588 4158 1689 4214 hoc
1723 4163 1839 4216 sine
1869 4164 2032 4222 dubio

468 4230 610 4298 quod
638 4232 691 4285 in
714 4249 914 4287 onmem
933 4248 1123 4293 terram
1162 4244 1288 4296 exiit
1324 4263 1484 4302 sonus
1511 4252 1873 4319 apostolorum
1888 4256 1956 4322 ’3,
1982 4267 2030 4312 et

2153 422 2473 484 minatione,
2505 413 2667 488 quam
2699 411 2975 469 habebant
3015 411 3067 464 in
3104 409 3428 472 nationibus,
3454 419 3719 479 provoca-

2148 510 2224 564 vit
2253 525 2348 565 eos
2368 510 2436 563 ad
2460 506 2823 562 iracundiam.
2860 502 2927 557 Et
2957 500 3158 555 idcirco
3197 501 3402 566 dicit”,
3434 501 3560 570 quia
3589 499 3721 553 asti-

2149 609 2320 654 terunt
2345 615 2487 667 reges
2513 608 2687 664 terrtc,
2714 606 2763 650 et
2785 595 3044 666 principes
3080 600 3420 646 convenerunt
3450 594 3506 644 in
3532 605 3716 651 unum,

2149 690 2402 744 adversus
2426 689 2735 755 Dominum,
2760 698 2805 741 et
2820 687 3071 741 adversus
3088 682 3353 738 Christum
3367 682 3503 749 ejus.
3520 680 3719 734 Etidco

2148 781 2507 837 adversantur
2534 781 2700 835 etiam
2735 779 2914 843 nobis,
2948 786 3113 847 atque
3130 787 3331 845 agones
3348 781 3533 827 contra
3555 785 3649 826 nos
3665 781 3720 823 et

2147 875 2446 928 certamina
2470 871 2770 927 concitant.
2796 870 2934 927 Hinc
2950 877 3004 923 et
3022 865 3318 937 Apostolus
3339 862 3541 918 Christi
3572 878 3586 915 ε
3613 861 3718 914 Lu-

2149 971 2351 1017 ctamen
2380 972 2477 1027 est,
2503 961 2738 1031 inquiti,
2771 958 2917 1013 nobis
2970 973 3073 1011 non
3130 955 3407 1009 adversum
3440 967 3649 1006 carnem
3671 962 3720 1003 et

2149 1054 2481 1121 sanguinem,
2506 1054 2597 1106 sed
2620 1051 2900 1104 adversum
2929 1048 3257 1119 principatus
3285 1055 3330 1099 et
3348 1051 3652 1113 potestates,
3674 1054 3723 1095 et

2151 1140 2335 1195 mundi
2358 1141 2516 1211 hujus
2542 1152 2787 1195 rectores.
2806 1140 3101 1210 Propterea
3123 1152 3253 1207 ergo
3273 1134 3599 1206 vigilandum
3622 1149 3725 1188 no-

2153 1234 2235 1289 bis
2253 1244 2356 1301 est,
2391 1245 2443 1289 et
2461 1234 2695 1290 sollicite
2712 1235 2999 1306 agendum,
3024 1234 3148 1303 quia
3165 1230 3501 1284 adversarius
3523 1238 3722 1293 noster,

2152 1327 2287 1381 sicut
2324 1327 2405 1381 leo
2434 1327 2662 1396 rugiens,
2694 1327 2902 1390 circuit,
2927 1340 3164 1395 quwrens
3193 1339 3341 1394 quem
3371 1321 3720 1376 transvorct’.

2152 1417 2250 1473 Cui
2272 1416 2756 1472 nisirestiterimus
2784 1416 2949 1484 {artes
2972 1418 3025 1470 in
3051 1414 3174 1483 ﬁde,
3205 1430 3415 1471 rursum
3435 1426 3533 1467 nos
3556 1412 3608 1465 i'n
3633 1424 3723 1465 ca-

2152 1512 2453 1581 ptivitatem
2491 1511 2790 1566 revocabit.
2836 1510 2987 1576 Quod
3019 1510 3064 1565 si
3107 1507 3511 1572 nobiscveniat,
3543 1506 3721 1575 ingra-

2154 1610 2262 1657 tum
2296 1601 2562 1657 faciemus
2589 1617 2724 1672 opus
2741 1600 2882 1671 ejus,
2911 1602 3004 1671 qui
3028 1602 3175 1658 cruci
3204 1616 3315 1656 sua:
3330 1599 3495 1654 allixit
3516 1600 3719 1671 princi-

2146 1703 2387 1764 patuset
2413 1694 2774 1764 potestates’,
2806 1709 2928 1750 cum
2958 1694 3152 1750 ﬁducia
3186 1693 3521 1764 triumphans
3545 1707 3641 1749 eos
3664 1692 3720 1747 in

2146 1786 2523 1855 semetipsum,
2555 1794 2610 1841 et
2640 1786 2730 1855 qui
2764 1786 2909 1841 venit
2953 1788 3196 1856 captivos
3238 1786 3516 1841 dimittere
3547 1786 3599 1839 in
3632 1799 3721 1841 re-

2148 1876 2517 1933 missionem‘.
2565 1876 2708 1945 Quin
2736 1880 2921 1947 p0tius
2954 1877 3113 1933 ﬁdem
3160 1878 3363 1935 Christi
3406 1886 3719 1949 sequentes,

2150 1968 2243 2037 qui
2273 1968 2630 2039 triumphavit
2665 1984 2786 2036 eos,
2814 1971 3220 2040 disrumpamus
3264 1971 3477 2026 vincula
3509 1987 3721 2036 eorum,

2152 2058 2349 2126 quibus
2384 2072 2482 2113 nos
2511 2057 2875 2113 devinxerunt
2900 2061 3160 2129 potestati
3187 2075 3318 2116 suae.
3347 2061 3563 2117 Vincula
3592 2078 3722 2117 vero

2151 2148 2356 2220 quibus
2387 2164 2488 2204 nos
2528 2150 2932 2223 constringunt,
2974 2152 3258 2221 passiones
3290 2160 3346 2207 et
3370 2152 3504 2206 vitia
3540 2162 3721 2208 nostra

2149 2249 2297 2304 sunt,
2331 2240 2532 2309 quibus
2557 2241 2741 2296 tandiu
2780 2241 3127 2306 innectimur,
3166 2241 3340 2299 donec
3367 2257 3586 2298 carnem
3625 2258 3722 2298 no-

2149 2339 2317 2386 stram
2340 2330 2726 2401 eruciﬁgamus
2755 2347 2878 2388 cum
2906 2333 3051 2389 vitiis
3077 2342 3130 2390 et
3162 2335 3643 2403 concupiscentiis,
3664 2346 3719 2389 et

2149 2421 2224 2476 ita
2253 2423 2468 2477 demum
2496 2423 2886 2492 disrumpamus
2923 2425 3129 2480 vincula
3156 2440 3361 2495 eorum,
3389 2435 3437 2480 et
3467 2426 3719 2495 proiiciao

2147 2528 2262 2568 mus
2292 2531 2323 2567 a
2355 2514 2501 2569 nobis
2540 2514 2731 2584 jugum
2790 2518 3022 2585 ipsorum
3045 2518 3087 2572 ⁸.
3124 2515 3293 2589 Igitur
3319 2500 3603 2589 occupavit
3633 2532 3720 2574 se-

2150 2617 2272 2658 men
2316 2604 2547 2657 Abrabze
2575 2602 2823 2659 civitates
2848 2604 3313 2671 adversariorum,
3339 2605 3390 2660 id
3422 2615 3505 2661 est
3529 2619 3715 2660 semen

2148 2694 2323 2758 verbi,
2354 2694 2501 2764 quod
2548 2702 2631 2750 est
2661 2695 2976 2765 praedicatio
3003 2697 3287 2768 Evangelii
3313 2706 3368 2752 et
3392 2697 3524 2752 ﬁdes
3554 2697 3716 2751 Chri-

2148 2790 2240 2844 sti.
2275 2787 2381 2844 Sed
2414 2787 2537 2845 dico
2567 2804 2581 2841 :
2618 2786 2870 2859 Nunquid
2906 2790 3195 2860 iniquitate
3240 2803 3369 2847 usus
3409 2799 3495 2846 est
3530 2790 3715 2845 Domi-

2146 2893 2272 2944 nus,
2299 2887 2355 2932 ut
2378 2878 2613 2947 eriperet
2640 2889 2825 2948 gentes
2854 2880 2919 2934 de
2950 2888 3221 2949 potestate
3243 2880 3713 2944 adversariorum,

2147 2980 2201 3025 et
2232 2969 2299 3024 ad
2327 2969 2488 3024 ﬁdem
2520 2983 2677 3024 suam
2715 2969 3082 3040 ditionemque
3115 2981 3397 3027 revocaret
3421 2969 3571 3043 (60)?
3606 2969 3712 3025 Ne-

2147 3078 2442 3134 quaquam.
2472 3064 2606 3119 Erat
2628 3064 2772 3120 enim
2800 3063 3093 3133 aliquando
3124 3077 3251 3133 pars
3283 3064 3496 3120 Domini
3524 3064 3714 3129 Israel,

2145 3156 2238 3210 sed
2269 3154 2347 3209 illi
2376 3169 2604 3230 peccare
2642 3154 2891 3212 fecerunt
2930 3154 3098 3210 Israel
3136 3168 3166 3208 a
3207 3154 3317 3211 Deo
3349 3169 3471 3222 suo,
3503 3165 3558 3211 et
3582 3170 3714 3225 pro-

2145 3255 2265 3317 pter
2292 3255 2512 3314 peccata
2543 3261 2638 3302 sua
2668 3247 2803 3302 dixit
2829 3245 2910 3303 cis
2940 3245 3122 3303 Deus“
3155 3262 3171 3302 :
3201 3246 3337 3302 Ecce
3368 3247 3598 3316 peccatis
3622 3264 3711 3301 re.-

2144 3337 2269 3391 stris
2322 3336 2568 3405 distracti
2623 3340 2769 3403 estis,
2806 3346 2853 3391 et
2903 3326 3119 3405 prapter
3159 3347 3375 3406 peccata
3428 3348 3597 3391 uestra
3633 3339 3715 3391 di-

2142 3427 2309 3498 spersi
2349 3427 2475 3482 estis
2501 3428 2596 3483 sub
2631 3429 2872 3483 universo
2919 3428 3071 3482 aeto.
3107 3426 3213 3482 Sed
3258 3429 3455 3483 iterum
3482 3426 3612 3482 dicit
3644 3428 3711 3482 ad

2142 3521 2270 3576 eos"
2303 3518 2396 3575 :Si
2421 3520 2577 3589 fuerit
2615 3520 2872 3591 dispersio
2907 3530 3075 3576 vestra
3117 3521 3181 3574 ab
3229 3529 3459 3575 extremo
3482 3521 3597 3575 caeli
3626 3537 3715 3573 us-

2141 3627 2239 3682 que
2269 3610 2336 3664 ad
2359 3621 2647 3665 extremum
2669 3609 2801 3680 ejus,
2831 3610 2951 3665 inde
2975 3611 3294 3681 congregabo
3319 3626 3428 3677 vos,
3449 3610 3574 3664 dicit
3600 3608 3712 3664 Do.

2141 3699 2334 3753 minus.
2366 3698 2502 3766 Quia
2536 3712 2666 3770 ergo
2690 3699 2963 3774 principes
3000 3698 3160 3767 hujus
3188 3699 3371 3753 mundi
3400 3700 3713 3754 invaserant

2141 3802 2351 3862 partem
2379 3790 2615 3858 Domini,
2646 3805 2871 3846 necesse
2910 3790 3096 3845 habuit
3132 3801 3320 3861 pastor
3364 3788 3544 3845 bonus
3579 3789 3711 3845 reli-

2137 3884 2242 3939 ctis
2269 3883 2321 3936 in
2356 3882 2606 3951 supernis
2635 3881 2930 3951 nonaginta
2970 3890 3025 3936 et
3049 3896 3241 3937 novem
3276 3881 3611 3937 descendere
3642 3883 3708 3937 ad

2138 3984 2335 4038 terras,
2361 3984 2416 4029 et
2438 3990 2599 4028 unam
2624 3989 2779 4031 ovem
2814 3989 2933 4043 qum
2959 3975 3196 4043 perierat
3219 3988 3485 4044 quaerere,
3515 3973 3706 4030 inven-

2136 4074 2355 4135 tamque
2382 4073 2438 4121 et
2467 4065 2712 4121 humeris
2752 4074 3049 4131 revectam,
3093 4067 3157 4121 ad
3201 4081 3498 4137 supernum
3527 4066 3707 4137 perfe-

2134 4156 2329 4213 ctionis
2365 4156 2507 4214 ovile
2556 4171 2815 4212 revocare
2832 4155 2876 4211 ⁸.
2907 4156 3012 4212 Sed
3065 4157 3190 4226 quid
3231 4158 3362 4213 mihi
3407 4161 3627 4230 prodest
3658 4160 3701 4212 si

2135 4263 2322 4304 semen
2370 4247 2601 4303 Abrahae
2632 4249 2725 4318 qui
2760 4257 2845 4303 est
2874 4249 3145 4315 Christus,
3178 4250 3495 4307 lnereditate
3534 4252 3704 4322 possi-

468 4322 524 4375 in
551 4322 724 4377 orbem
767 4335 922 4382 terra:
964 4330 1115 4386 verba
1140 4350 1319 4389 eorum
1342 4338 1409 4393 ".
1437 4338 1593 4397 Unde
1622 4351 1677 4398 et
1703 4346 1769 4400 ad
1806 4345 2027 4405 iracun-

2143 4338 2261 4393 deat
2300 4337 2555 4394 civitates
2596 4337 3059 4405 adversariorum,
3100 4348 3153 4394 et
3195 4355 3368 4396 meam
3419 4342 3695 4396 civitatem

466 4412 610 4510 diam
636 4417 861 4476 excitati
891 4429 1016 4473 sunt
1042 4424 1219 4493 angeli
1253 4427 1351 4495 illi,
1390 4432 1482 4499 qui
1516 4434 1756 4506 singulas
1782 4452 2034 4510 quasque

467 4505 857 4606 nationes‘sub
889 4521 1157 4580 potestate
1201 4519 1509 4579 retinebant
1561 4505 1694 4599 (59).
1895 4505 2026 4586 Cum

463 4599 602 4650 enim
638 4599 885 4657 divideret
927 4602 1179 4662 Eacelsus
1202 4621 1381 4679 gentes
1416 4619 1702 4672 secundum
1750 4599 2026 4679 numerum

462 4686 769 4785 angelorum
800 4691 915 4758 Dei,
951 4705 1075 4750 tunc
1096 4715 1221 4765 pars
1244 4701 1359 4771 ejus
1380 4703 1521 4771 facta
1549 4718 1621 4762 est
1648 4709 1836 4777 Jacob,
1866 4726 1913 4770 et
1935 4716 2027 4785 [u-

463 4778 668 4833 niculus
703 4781 1026 4842 Itwreditatis
1065 4789 1183 4858 ejus
1208 4789 1380 4848 Israel
1396 4795 1463 4850 ⁸⁷.
1491 4796 1744 4858 Christus
1770 4805 1917 4860 enim
1935 4778 2019 4864 'ad

461 4884 620 4969 quem
673 4871 884 4969 dixerat
912 4875 1073 4933 Pater
1093 4881 1139 4912 "
1166 4899 1179 4936 :
1207 4882 1335 4939 Pete
1360 4902 1391 4939 α
1420 4903 1520 4955 me,
1543 4900 1589 4943 et
1608 4893 1744 4948 dabo
1774 4898 1868 4951 tibi
1889 4916 2015 4969 geu-

460 4968 535 5013 tes
560 4960 921 5019 Itwreditatem
967 4979 1139 5035 tuam,
1172 4980 1220 5025 et
1250 4978 1627 5041 possessionem
1655 4991 1800 5038 luant
1834 4960 2016 5045 termi-

2133 4446 2242 4487 non
2272 4430 2655 4501 possideati'si
2676 4431 2728 4487 in
2760 4445 2877 4488 mea
2907 4433 3149 4501 civitate,
3184 4434 3284 4492 hoc
3311 4445 3393 4492 est
3428 4437 3481 4493 in
3519 4437 3699 4493 anima

2134 4539 2272 4592 mea,
2299 4538 2422 4595 qua:
2448 4534 2533 4579 est
2550 4524 2745 4581 civitas
2772 4523 2937 4597 Regis
2958 4526 3161 4597 magni,
3191 4542 3364 4600 neque
3390 4528 3535 4601 leges
3552 4527 3691 4599 ejus,

2131 4631 2307 4687 neque
2341 4616 2587 4673 instituta
2614 4617 2937 4674 serventur?
2969 4618 3103 4687 Quid
3136 4623 3265 4679 mihi
3299 4624 3517 4693 prodest
3550 4627 3695 4693 quod

2131 4708 2442 4767 universum
2484 4711 2739 4767 mundum
2761 4713 3015 4785 subjecit,
3048 4726 3104 4770 et
3148 4716 3587 4774 adversariorum
3625 4720 3699 4775 ci-

2130 4802 2324 4859 vitates
2352 4804 2613 4873 possidet,
2661 4805 2707 4862 si
2745 4823 2851 4865 non
2894 4818 2949 4866 et
2990 4811 3047 4866 in
3080 4828 3164 4870 me
3190 4814 3535 4870 adversarios
3568 4828 3695 4872 suos

2125 4895 2327 4963 vincat,
2363 4894 2410 4951 si
2440 4910 2549 4951 non
2582 4900 2826 4955 destruat
2866 4900 3065 4973 legem,
3094 4922 3215 4978 qua:
3243 4908 3404 4965 estin
3437 4911 3696 4971 tneinbris

2124 4987 2259 5044 meis
2303 5001 2609 5060 repugnans
2649 4989 2751 5063 legi
2784 4993 2984 5051 mentis
3023 5014 3175 5063 mete,
3207 5008 3262 5056 et
3296 5005 3568 5074 captivqu
3604 5024 3693 5066 me

455 5144 499 5177 κ
527 5078 780 5136 "Cenes.
805 5097 941 5147 nn,
972 5085 1058 5139 ΓΙ.
1111 5088 1157 5121 ⁸³
1173 5088 1372 5148 Cenes.
1393 5111 1427 5160 ι,
1449 5097 1538 5154 28.
1580 5100 1625 5132 ⁵ο
1657 5100 1847 5170 Ephes.
1874 5121 1904 5160 ν
1949 5110 2038 5166 32.

520 5145 715 5203 Cenes.
749 5164 885 5229 xxii,
921 5154 1008 5211 Π.
1048 5159 1093 5189 π
1120 5159 1319 5216 Psalm.
1354 5179 1501 5233 xvtn,
1529 5168 1582 5223 5.
1619 5171 1665 5202 ’⁸
1695 5173 1849 5232 Rom.
1875 5149 1923 5233 χ’
1958 5180 2042 5236 l8.

455 5227 528 5280 vt.
558 5218 641 5273 l6.
679 5221 699 5251 ³
724 5220 744 5275 l
772 5220 996 5280 Petr.v.
1024 5226 1079 5280 8.
1155 5228 1400 5280 ’Coloss_
1437 5251 1492 5280 ιι.
1530 5240 1595 5280 ιι
1659 5243 1681 5273 ι
1710 5241 1818 5280 Lm.
1868 5219 1959 5280 ..ἲν
2014 5252 2035 5280 ι

2154 5113 2173 5167 ι
2203 5114 2327 5169 Cor.
2349 5129 2440 5177 xv,
2463 5112 2534 5168 40
2555 5121 2610 5169 et
2632 5129 2746 5188 seq.
2788 5120 2834 5151 ν’
2858 5118 3046 5175 Matth.
3072 5137 3122 5185 v,
3162 5120 3248 5180 l6.
3289 5124 3334 5158 ⁸³
3356 5126 3547 5186 Matth.
3577 5149 3614 5199 l,
3635 5137 3685 5193 t.

2143 5184 2330 5280 L991?
2356 5183 2795 5280 ἱ¹¹ὲ¹νὲιὲιῘῘ
2828 5188 3130 5280 ?”1','h§'
3154 5196 3238 5280 .°.’.
3259 5195 3385 5280 ibi.“-
3414 5204 3466 5261 2-
3508 5204 3685 5280 Ἐριι·

454 5227 528 5282 vt,
558 5218 641 5273 l6.
679 5221 699 5251 ³
724 5220 744 5275 l
772 5220 996 5290 Petr..v,
1024 5226 1079 5282 8.
1155 5228 1176 5260 ³
1198 5230 1401 5291 Coloss.
1426 5218 1501 5302 'ii,’
1530 5218 1615 5295 li.
1659 5218 2101 5317 VLL'EIﬁ'vIVis.

664 5359 908 5438 _et
932 5376 1106 5438 erunt.
1138 5368 1286 5435 Mss.,
1311 5385 1361 5429 et
1388 5379 1508 5438 erit.

448 5429 803 5566 5.
826 5429 1550 5560 ggit'iugg.0rigenianorum
1580 5452 1671 5511 lib.
1714 5471 1773 5525 tt,
1802 5460 2004 5531 quiest.

519 5568 635 5640 (60)
667 5571 760 5626 Sic
799 5588 930 5628 mss.
989 5578 1157 5644 Alias,
1219 5580 1628 5662 deditionemque
1687 5605 1991 5659 reuocaret?

2493 5295 2509 5313 α
2551 5255 2875 5316 6Nehem.t.
2929 5260 2949 5291 ⁷
2983 5255 3117 5323 ibid.
3153 5255 3384 5334 “Matth;
3410 5255 3682 5348 ﬁliifilii

2116 5392 2284 5493 [δῆξις
2306 5397 2776 5493 post‘iqframss"
2802 5406 3232 5493 sedillipgccare
3250 5418 3484 5493 fecerunt
3506 5427 3681 5486 Israel

2116 5482 2147 5518 a
2174 5466 2279 5521 Deo
2302 5484 2399 5523 suo
2419 5478 2466 5523 et
2488 5482 2701 5548 prgpter
2728 5466 2963 5548 peccata.

2116 5548 2431 5595 recesserant
2462 5555 2494 5595 α
2534 5540 2642 5601 Deo
2671 5540 2786 5617 ,ει-ο,
2823 5565 2859 5623 ρ

3450 5519 3510 5562 ae

3513 5521 3586 5561 ιέι

3587 5518 3621 5560 ιι

2868 5690 2919 5759 ,λέ
