4122 6248
405 236 516 292 215

1871 233 2191 291 ORIGL'MS

3557 232 3659 288 2l6

409 355 563 411 ducit
603 355 655 410 in
700 355 816 425 lege
856 352 1058 425 peccati
1083 354 1139 405 '?
1178 351 1269 406 Sic
1300 364 1430 420 ergo
1460 352 1835 423 unusquisque
1890 366 1981 408 no-
2013 356 2062 413 Α
2088 352 2307 406 auditis.
2348 351 2614 406 Abraham
2639 354 2775 406 enim
2809 350 2940 405 duos
2972 351 3114 419 filios
3161 350 3365 416 habuit,
3421 360 3475 405 et
3503 360 3664 404 eane-

410 455 586 501 strum
615 449 749 503 satis
786 456 933 514 agat,
965 454 1024 499 ut
1052 453 1107 497 et
1132 444 1184 497 in
1209 458 1304 498 sua
1336 444 1540 509 anima,
1567 454 1623 499 et
1649 444 1701 499 in
1726 461 1825 501 suo
1858 461 1981 499 eor-

409 554 545 610 pore
578 539 756 594 vincat
781 537 1027 593 Christus
1054 535 1401 592 adversarios
1433 551 1584 603 suos,
1610 545 1664 592 et
1686 537 1983 606 subiiciens

409 646 509 686 eos
536 645 600 685 ac
631 629 969 696 triumphans
1004 626 1169 682 etiam
1216 642 1329 682 sua:
1361 628 1555 683 anima:
1594 628 1867 697 possideat
1904 628 1982 683 cia

409 724 654 777 vitatem.
702 718 814 773 lloc
852 717 1191 773 enimmodo
1220 718 1286 773 de
1328 728 1483 789 parte
1528 718 1646 787 ejus
1696 718 1981 785 ellicimur,

406 817 477 869 de
507 819 660 881 parte
683 808 904 863 meliore
935 824 1061 879 quae
1091 818 1175 863 est
1207 809 1350 863 sicut
1387 809 1559 863 stellae
1590 808 1715 864 coeli
1746 809 1797 863 in
1823 808 1982 863 clari-

410 910 542 964 tate,
586 908 719 953 utet
744 913 843 952 nos
872 899 1305 953 benedictionem
1330 898 1558 954 Abraha:
1585 914 1777 969 capere
1807 901 1981 970 possi-

410 1003 551 1051 mus,
584 1001 680 1056 per
713 986 988 1041 Christum
1032 986 1320 1042 Dominum
1365 997 1632 1053 nostrum,
1662 989 1749 1043 cui
1777 998 1860 1044 est
1886 990 1980 1045 ho-

410 1095 511 1135 nor
534 1088 588 1132 et
626 1078 797 1148 gloria
830 1078 943 1149 (61)
971 1078 1024 1132 in
1051 1078 1249 1133 saecula
1275 1080 1616 1135 saeculorum.
1643 1080 1836 1135 Amen.

995 1168 1280 1225 HOMlLlA
1321 1170 1387 1226 X.

409 1259 487 1314 De
521 1260 773 1325 Rebecca,
812 1279 929 1315 cum
973 1263 1159 1316 exisset
1198 1263 1266 1315 atl
1300 1279 1490 1331 aquam
1535 1263 1903 1329 hauriendam,
1930 1272 1978 1318 et

783 1332 1093 1385 occurrisset
1124 1334 1171 1385 ei
1195 1348 1323 1399 puer
1350 1333 1592 1386 Abralttc.

485 1423 537 1474 l.
565 1421 739 1485 lsaac,
757 1422 1227 1495 inquitScriptura
1248 1424 1313 1488 ",
1339 1421 1977 1478 crcscebatetconforta-

411 1515 593 1578 batur,
647 1514 697 1568 id
740 1523 823 1569 est
863 1514 1121 1585 gaudium
1163 1514 1444 1568 crescebat
1504 1513 1738 1567 Abrahae
1802 1515 1978 1582 respi-

412 1605 582 1659 cienti
614 1621 721 1659 non
748 1606 815 1660 ad
846 1621 909 1660 ea
945 1620 1065 1674 qua:
1090 1604 1359 1669 videntur,
1387 1605 1480 1659 sed
1510 1618 1630 1673 qure
1656 1618 1760 1658 non
1792 1605 1978 1658 viden-

2088 455 2170 505 ra,
2210 443 2409 512 quibus
2436 443 2582 497 addit
2614 458 2628 495 :
2661 442 2792 508 Qua:
2814 454 2935 497 sunt
2965 443 3269 511 allegorica.
3299 440 3551 509 Nunquid
3576 456 3665 495 sa-

2085 542 2361 586 cramenta
2399 533 2531 603 legis
2565 534 2645 588 eis
2673 534 2906 602 aperuit,
2940 534 3031 602 qui
3063 548 3237 601 neque
3281 532 3533 596 audiunt,
3567 544 3662 589 ne-

2084 635 2192 689 que
2223 621 2404 693 legunt
2438 623 2646 693 legem?
2674 624 2780 678 Sed
2813 622 2985 693 legem
3053 623 3354 693 legentibus
3393 625 3609 679 dicebat
3641 642 3657 678 :

2089 709 2271 782 Legem
2304 730 2408 767 non
2437 715 2684 767 audistis.
2720 714 2999 780 Quomodo
3032 729 3163 783 ergo
3216 726 3407 783 potero
3456 728 3661 786 myste-

2084 803 2164 857 ria
2226 803 2359 875 legis
2420 814 2473 859 et
2513 804 2840 873 allegorias,
2897 820 3037 874 quas
3091 805 3160 859 ab
3189 805 3445 874 Apostolo
3478 808 3661 862 edocti

2082 892 2294 960 sumus,
2325 894 2538 963 aperire
2560 903 2617 950 et
2648 897 2874 964 prodere
2908 897 3014 963 his,
3047 896 3244 965 quibus
3273 905 3326 949 et
3361 897 3568 951 auditio
3600 907 3657 951 et

2081 982 2247 1037 lectio
2275 983 2408 1054 legis
2446 986 2723 1055 incognita
2748 986 2867 1040 est?
2913 987 3176 1055 Asperior
3226 986 3458 1041 fortasse
3500 987 3654 1042 vobis

2080 1076 2289 1141 videor,
2323 1076 2417 1133 sed
2450 1093 2557 1132 non
2590 1093 2809 1148 possum
2836 1078 2995 1132 linire
3029 1080 3295 1148 parietem
3330 1079 3653 1146 lapsantem.

2082 1166 2271 1223 Timeo
2296 1168 2436 1222 enim
2471 1169 2599 1223 illud
2654 1169 2799 1238 quod
2849 1170 3113 1238 scriptum
3169 1180 3255 1225 est
3285 1171 3327 1202 "
3367 1188 3379 1222 :
3418 1167 3655 1237 Populus

2080 1273 2247 1319 meus,
2280 1259 2369 1327 qui
2397 1258 2703 1326 beatiﬁcant
2730 1276 2839 1321 vos.
2873 1261 3129 1314 seducunt
3182 1276 3293 1323 vos,
3360 1268 3411 1313 et
3440 1260 3654 1312 semitas

2079 1348 2269 1416 pedum
2300 1358 2584 1403 vestrorum
2620 1352 2959 1415 conturbant,
3024 1360 3278 1420 tanquam
3313 1350 3453 1403 ﬁlios
3506 1362 3657 1402 meos

2080 1438 2438 1495 cbarissimos
2463 1455 2679 1495 moneo.
2699 1441 2867 1496 Miror
2890 1445 2933 1496 si
2963 1442 3199 1495 nondum
3238 1439 3393 1493 vobis
3422 1437 3658 1493 innotuit

2080 1531 2165 1585 via
2193 1530 2399 1585 Christi
2430 1546 2445 1583 :
2500 1531 2546 1587 si
2579 1545 2647 1586 ne
2700 1532 2803 1586 hoc
2834 1533 3051 1600 quidem
3077 1531 3325 1595 audistis,
3370 1528 3514 1598 quod
3546 1544 3654 1582 non

2080 1632 2163 1677 est
2194 1622 2302 1676 lata
2330 1631 2384 1678 et
2427 1626 2689 1692 spatiosa,
2742 1624 2838 1679 sed
2875 1633 3024 1679 arcta
3057 1630 3113 1678 et
3143 1630 3370 1692 angusta
3420 1621 3506 1674 via
3570 1630 3657 1674 est

413 1705 522 1750 tur.
556 1695 671 1751 Non
704 1697 847 1750 enim
881 1695 1153 1766 gaudebat
1187 1696 1252 1749 de
1289 1695 1649 1764 praesentibus
1676 1692 1975 1761 Abraham,
2010 1685 2053 1739 Β
2082 1728 2201 1783 qua,
2228 1713 2379 1768 dum
2405 1685 2472 1768 δέ
2503 1685 2765 1769 νῖωηιίε,
2797 1714 2864 1769 Et
2892 1730 2986 1770 vos
3012 1728 3143 1782 ergo
3186 1685 3389 1767 iam“,
3418 1725 3515 1780 ρει-
3557 1726 3653 1763 an-

409 1803 587 1858 neque
620 1789 686 1843 de
718 1788 921 1843 divitiis
964 1787 1151 1842 mundi
1190 1797 1242 1842 et
1272 1789 1485 1844 actibus
1521 1788 1725 1843 swculi.
1753 1787 1858 1841 Sed
1897 1788 1979 1843 vis

408 1883 598 1936 audire
626 1881 900 1936 Abraham
928 1882 1069 1935 unde
1093 1880 1387 1950 gauderet?
1419 1879 1563 1933 Audi
1595 1879 1879 1933 Dominum
1910 1879 1977 1932 ad

406 1974 623 2029 Judtnos
654 1973 920 2027 dicentem
943 1973 984 2003 “
1015 1989 1027 2026 :
1058 1973 1322 2026 Abraham
1349 1980 1499 2041 pater
1524 1980 1687 2026 vester
1710 1971 1979 2025 desidera-

407 2067 475 2119 vit
530 2077 582 2118 ut
617 2066 804 2118 videret
850 2065 987 2118 diem
1041 2073 1308 2129 meum,et
1340 2064 1490 2129 vidit,
1516 2074 1564 2118 et
1608 2064 1819 2134 gavisus
1878 2070 1976 2117 est.

405 2156 511 2210 Per
550 2157 652 2210 hoc
697 2170 828 2224 ergo
880 2156 1161 2210 crescebat
1202 2155 1378 2220 Isaac,
1425 2169 1523 2224 per
1556 2157 1700 2223 quod
1743 2155 1977 2209 Abrahae

405 2247 544 2301 visio
573 2247 661 2300 illa
708 2262 813 2316 qna
841 2246 1057 2300 videbat
1080 2246 1282 2302 Christi
1324 2247 1489 2313 diem,
1525 2255 1581 2300 et
1609 2261 1733 2316 spes
1761 2262 1881 2316 quae
1922 2246 1975 2302 in

405 2338 523 2406 ipso
555 2347 661 2401 est,
694 2337 891 2402 gaudia
921 2338 1260 2393 cumulabat.
1291 2338 1468 2406 Atque
1499 2340 1706 2392 utinam
1732 2338 1975 2396 elIicere-

405 2430 539 2484 mini
581 2432 746 2489 etiam
796 2446 891 2485 vos
939 2430 1088 2487 Isaac
1132 2440 1186 2486 et
1235 2432 1429 2487 essetis
1478 2434 1731 2501 gaudium
1787 2434 1978 2489 matris

412 2532 613 2577 vestra:
648 2522 936 2577 Ecclesiae!
985 2522 1090 2579 Sed
1122 2538 1309 2577 vereor
1346 2538 1414 2578 ne
1443 2523 1620 2578 adhuc
1654 2524 1705 2577 in
1757 2522 1976 2578 tristitia

403 2626 458 2671 et
480 2614 679 2685 gemitu
704 2614 947 2669 Ecclesia
988 2613 1129 2668 ﬁlios
1158 2614 1353 2683 pariat.
1388 2615 1579 2668 Annon
1620 2622 1700 2669 est
1724 2614 1775 2669 ei
1803 2613 1974 2669 tristi-

404 2710 480 2763 tia
533 2719 588 2763 et
638 2708 892 2777 gemitus,
935 2722 1058 2761 cum
1104 2719 1200 2759 vos
1251 2720 1357 2759 non
1406 2705 1711 2759 convenitis
1742 2704 1855 2775 (62)
1907 2705 1975 2759 ad

405 2801 737 2857 audiendum
788 2800 881 2855 Dei
934 2799 1177 2860 verbum,
1212 2806 1269 2852 et
1318 2797 1405 2851 vix
1458 2796 1613 2852 festis
1668 2797 1859 2853 diebus
1906 2797 1975 2853 ad

403 2893 691 2951 ecclesiam
718 2893 1029 2963 proceditis,
1048 2900 1101 2945 et
1125 2892 1223 2946 hoc
1250 2905 1356 2944 non
1385 2901 1492 2943 tam
1514 2890 1780 2945 desiderio
1804 2890 1973 2957 verbi,

405 3003 567 3057 quam
593 2987 774 3041 swdio
811 2963 1193 3048 solemnitatis,
1223 2990 1277 3036 et
1312 2981 1543 3050 publicae
1573 2981 1975 3051 quodammodo

406 3077 749 3133 remissionis
790 3075 1051 3130 obtentu?
1092 3073 1231 3140 Quid
1282 3071 1448 3142 igitur
1489 3085 1590 3141 ego
1639 3071 1858 3137 faciam,
1885 3072 1971 3127 cui

408 3169 745 3241 dispensatio
780 3168 930 3222 verbi
968 3165 1173 3221 credita
1197 3164 1313 3220 est?
1338 3161 1438 3229 Qui
1469 3162 1592 3217 licet
1629 3163 1834 3219 inutilis
1865 3178 1977 3219 ser-

405 3278 503 3317 vus
551 3262 678 3327 sint,
740 3259 924 3328 accepi
973 3266 1153 3313 tamen
1196 3273 1224 3311 a
1263 3256 1490 3312 Domino
1544 3254 1972 3311 distribuendam

403 3355 628 3409 familiae
668 3350 959 3407 Dominicaa
992 3349 1157 3404 tritici
1190 3362 1525 3402 mensuram.
1561 3345 1667 3402 Sed
1694 3346 1816 3400 vide
1843 3346 1972 3415 quid

403 3447 551 3503 addit
599 3460 778 3501 sermo
828 3443 1042 3498 Domini
1076 3464 1087 3498 :
1116 3440 1573 3505 Distribuendam,
1628 3439 1889 3508 inquit“,
1919 3440 1972 3491 in

404 3548 633 3606 tempore
669 3537 829 3590 tritici
874 3550 1193 3589 mensuram.
1245 3532 1384 3599 Quid
1434 3546 1562 3601 ergo
1603 3529 1840 3585 faciam?
1867 3528 1970 3584 Ubi

400 3626 485 3681 vel
523 3625 739 3695 quando
778 3632 1013 3680 vestrum
1069 3631 1284 3692 tempus
1330 3620 1638 3676 inveniam?
1673 3617 1969 3672 Plurimum

401 3735 466 3774 ex
496 3719 623 3787 hoc,
659 3718 771 3773 imo
805 3732 946 3787 pene
976 3723 1148 3771 totum
1174 3725 1384 3783 tempus
1414 3713 1703 3769 mundanis
1740 3727 1973 3782 occupa-

402 3808 643 3863 tionibus
687 3808 864 3862 teritis
907 3808 959 3859 in
1003 3806 1142 3869 loro,
1184 3806 1330 3858 aliud
1363 3806 1415 3857 in
1450 3803 1823 3872 negotiatione
1849 3817 1973 3858 con-

401 3901 652 3967 sumitis;
702 3900 842 3953 alius
882 3913 1032 3967 agro,
1068 3896 1209 3950 alius
1248 3894 1435 3950 litibus
1478 3905 1654 3958 vacat,
1686 3903 1739 3947 et
1768 3894 1832 3947 ad
1871 3908 1970 3946 au-

402 3993 658 4048 diendum
697 3990 787 4045 Dei
838 3990 1059 4043 verbum
1114 4001 1297 4051 nemo,
1325 3995 1419 4039 aut
1473 3985 1630 4053 pauci
1682 3985 1968 4039 admodum

400 4091 622 4139 vacant.
651 4082 755 4137 Sed
790 4080 919 4151 quid
942 4095 1036 4135 vos
1059 4077 1125 4133 de
1149 4078 1594 4148 occupationibus
1618 4076 1774 4148 culpo
1792 4077 1815 4131 ?
1833 4076 1972 4143 Quid

400 4176 469 4229 de
513 4173 829 4228 absentibus
880 4170 1237 4242 conqueror?
1270 4168 1575 4224 Prmsentes
1612 4169 1776 4223 etiam
1826 4178 1879 4223 et
1917 4168 1969 4222 in

401 4266 643 4321 Ecclesia
689 4264 849 4336 positi
904 4280 1009 4318 non
1062 4262 1197 4318 estis
1235 4262 1466 4328 intenti,
1502 4261 1596 4317 sed
1653 4273 1972 4316 communes

2080 1811 2291 1871 gustam
2319 1810 2551 1873 portam,
2582 1805 2872 1875 relinquite
2896 1804 3252 1874 pereuntibus
3282 1801 3652 1857 latitudinem.

2082 1891 2207 1945 Non:
2227 1895 2512 1963 prwcessit,
2573 1893 2683 1947 dies
2716 1903 2891 1948 autem
2938 1892 3393 1963 appropinquavit,
3468 1900 3521 1944 ut
3552 1889 3651 1959 ﬁlii

2079 1980 2209 2035 lucis
2245 1982 2511 2036 ambulate
2541 1982 2605 2037 ⁸⁷.
2639 1982 2862 2051 Tempus
2908 1985 3057 2037 breve
3087 1993 3187 2046 est,
3235 1990 3467 2051 superest
3517 1990 3571 2033 ut
3603 1989 3650 2032 et

2077 2073 2167 2142 qui
2193 2072 2385 2127 habent
2421 2089 2610 2127 uxores
2646 2071 2783 2144 (64).
2818 2083 3068 2143 tanquam
3114 2089 3217 2127 non
3248 2073 3491 2124 habentes
3522 2069 3649 2133 sint,

2078 2171 2129 2217 et
2163 2164 2252 2231 qui
2282 2172 2505 2216 utuntur
2533 2165 2630 2217 Itoc
2661 2168 2879 2232 mundo,
2913 2174 3163 2234 tanquam
3196 2177 3298 2215 non
3332 2170 3551 2213 utantur
3580 2158 3648 2215 ¹⁸ο

2080 2253 2213 2309 Sine
2243 2253 2654 2309 intermissione
2684 2254 2957 2309 orandum
2989 2253 3280 2325 Apostolus
3310 2250 3552 2322 praecipit
3583 2248 3648 2303 ".

2078 2345 2189 2401 Vos
2220 2346 2311 2415 qui
2344 2346 2412 2401 ad
2441 2346 2720 2402 orationes
2746 2362 2852 2402 non
2891 2346 3218 2408 convenitis,
3251 2344 3519 2414 quomodo
3548 2342 3652 2396 im-

2077 2434 2237 2505 pletis
2269 2436 2388 2491 sine
2431 2436 2856 2501 intermissione,
2901 2437 3047 2506 quod
3108 2452 3323 2507 semper
3364 2433 3653 2491 omittilis?

2080 2527 2185 2582 Sed
2217 2537 2271 2582 et
2294 2527 2553 2583 Dominus
2582 2528 2827 2598 praecipit
2855 2528 2900 2560 '°
2930 2545 2943 2582 :
2983 2526 3210 2599 Vigilate
3234 2538 3281 2582 et
3310 2536 3458 2583 orate
3482 2542 3547 2582 ne
3566 2528 3648 2583 inp

2078 2620 2223 2672 tretis
2250 2619 2303 2671 in
2334 2620 2691 2677 tentationem.
2727 2619 2881 2687 Quod
2905 2619 2948 2674 si
2978 2618 3053 2673 illi
3090 2620 3378 2691 vigilantes
3407 2631 3460 2676 et
3484 2636 3646 2677 oran-

2081 2720 2178 2774 tes,
2221 2720 2276 2765 et
2304 2724 2523 2780 semper
2559 2712 2723 2767 verbo
2755 2712 2849 2765 Dei
2906 2713 3261 2776 adhaerentes,
3297 2712 3648 2768 tentationem

2080 2812 2259 2858 tamen
2295 2816 2640 2873 nequaquam
2668 2801 2998 2872 ellugerunt,
3027 2803 3155 2873 quid
3218 2801 3425 2858 faciunt
3478 2803 3530 2857 bi
3557 2804 3645 2870 qui

2078 2894 2266 2949 diebus
2318 2902 2525 2949 tantum
2592 2894 2927 2950 solemnibus
2978 2896 3047 2949 ad
3103 2895 3391 2950 ecclesiam
3451 2908 3650 2949 conve-

2080 2984 2274 3039 niunt?
2304 2984 2365 3039 Si
2412 2984 2594 3054 justus
2645 2988 2731 3039 vix
2763 2986 2939 3040 salvus
2968 2986 3078 3055 ﬁet,
3108 2995 3350 3053 peccator
3380 2994 3432 3040 et
3456 2985 3646 3054 impias

2027 3060 2043 3082 ⁸
2076 3077 2164 3131 ubi
2189 3076 2442 3146 parebunt
2468 3077 2552 3129 “?
2575 3076 2727 3147 Piget
2752 3093 2839 3133 me
2871 3079 3052 3134 dicere
3082 3077 3283 3147 aliquid
3315 3092 3380 3131 ex
3411 3077 3495 3131 bis
3526 3090 3649 3144 quae

2074 3171 2213 3227 lecta
2243 3179 2388 3225 sunt.
2420 3168 2556 3223 Nam
2583 3178 2637 3224 et
2666 3169 2962 3239 Apostolus
2997 3169 3128 3223 dicit
3172 3170 3237 3223 de
3271 3167 3645 3234 huiuscemodi

2074 3260 2444 3325 sermonibus,
2499 3258 2625 3328 quia
2667 3258 3140 3327 ininterpretabiles
3196 3265 3315 3311 sunt
3347 3256 3416 3309 ad
3453 3256 3639 3308 dicen-

2075 3355 2199 3407 dum
2224 3371 2243 3418 ;
2274 3354 2525 3424 quoniam
2550 3367 2658 3420 vos,
2687 3352 2864 3421 inquit
2896 3352 2965 3419 “,
3001 3349 3280 3404 imbecilles
3340 3348 3467 3417 facti
3520 3349 3647 3402 estis

2073 3448 2141 3499 ad
2175 3445 2519 3501 audiendum.

2144 3541 2200 3597 2.
2227 3539 2522 3595 Videamus
2552 3548 2729 3594 tamen
2752 3538 2855 3593 hoc
2880 3536 3022 3606 quod
3047 3535 3201 3590 nobis
3250 3533 3412 3589 modo
3443 3532 3644 3588 recita-

2076 3642 2190 3688 ttttn
2221 3641 2323 3689 est.
2362 3631 2608 3696 Rebecca,
2666 3630 2842 3701 inquit
2871 3630 2937 3694 ³³,
2971 3628 3206 3682 veniebat
3254 3641 3371 3679 cum
3416 3624 3633 3692 ﬁliabus

2071 3724 2299 3779 civitatis
2338 3723 2552 3777 haurire
2578 3738 2771 3791 aquam
2810 3721 2875 3775 de
2896 3729 3073 3788 puteo.
3121 3716 3366 3772 Rebecca
3395 3713 3642 3784 quotidie

2071 3815 2322 3871 veniebat
2352 3814 2418 3867 ad
2470 3822 2679 3882 puteos,
2730 3812 2975 3879 quotidie
3007 3808 3292 3865 hauriebat
3315 3819 3533 3875 aquam.
3578 3806 3644 3859 Et

2072 3907 2195 3977 quia
2221 3905 2459 3974 quotidie
2495 3904 2722 3958 vacabat
2763 3903 2830 3958 ad
2887 3912 3103 3972 puteos,
3155 3900 3360 3955 idcirco
3404 3897 3641 3952 inveniri

2073 3993 2247 4063 potuit
2275 4007 2304 4046 a
2337 4005 2504 4062 puero
2532 3991 2907 4058 Abraham,et
2931 3992 2984 4045 in
3012 3989 3417 4045 matrimonium
3445 3985 3644 4042 sociari

2074 4083 2245 4139 Isaac.
2277 4085 2403 4139 Haec
2429 4083 2636 4139 tabulas
2660 4085 2863 4153 putatis
2886 4098 3029 4148 esse,
3052 4092 3107 4137 et
3132 4081 3393 4155 historias
3417 4091 3643 4134 narrare

2073 4175 2127 4229 in
2175 4176 2477 4245 Scripturis
2529 4175 2793 4243 Spiritum
2843 4174 3136 4229 sanctum?
3187 4173 3508 4227 Animarum
3560 4178 3645 4224 est

2075 4267 2177 4322 ista
2233 4266 2488 4333 eruditio,
2531 4278 2587 4321 et
2623 4264 2886 4336 spiritalis
2937 4264 3208 4328 doctrina,
3243 4277 3362 4332 qua:
3398 4269 3448 4315 te
3488 4258 3644 4313 insti—

400 4373 466 4412 εἰ
512 4374 611 4412 usu
660 4356 873 4411 fabulas
920 4355 1115 4419 ιθτὶῐῖε,
1151 4354 1317 4408 Verbo
1370 4353 1463 4408 Dei
1508 4352 1593 4406 νει
1642 4352 1967 4408 [calonibus
2001 4363 2044 4418 D
2075 4360 2199 4424 luit,
2229 4366 2283 4413 et
2309 4356 2733 4425 docetquotidie
2765 4354 2950 4409 venire
2985 4352 3053 4408 ad
3106 4363 3300 4423 puteos
3330 4350 3641 4418 Scriptura-

400 4450 599 4506 divinis
650 4459 797 4519 terga
845 4447 1181 4502 convertitis.
1233 4446 1439 4502 Vereor
1488 4460 1555 4500 ne
1607 4455 1661 4499 ct
1693 4444 1845 4500 vobis
1878 4444 1965 4498 di-

399 4550 555 4597 catur
581 4541 690 4610 87
723 4556 753 4593 a
786 4538 1013 4594 Domino
1046 4538 1201 4604 illud,
1228 4538 1370 4607 quod
1401 4551 1499 4606 per
1527 4536 1847 4606 prophetam
1884 4536 1967 4589 di-

397 4644 546 4691 ctum
571 4647 654 4689 est
692 4633 737 4665 ¹³
765 4649 779 4684 :
811 4631 1184 4686 Converterunt
1211 4629 1279 4682 ad
1302 4644 1381 4680 me
1402 4628 1582 4690 dorsa,
1604 4637 1653 4680 et
1675 4643 1776 4681 non
1804 4627 1967 4696 facies

401 4743 551 4781 suas.
588 4725 730 4792 Quid
767 4724 934 4794 igitur
962 4736 1061 4788 ego
1091 4721 1305 4785 faciam,
1338 4719 1426 4774 cui
1459 4718 1820 4772 ministerium
1847 4733 1965 4772 ver-

402 4819 454 4872 bi
492 4817 585 4871 Dei
616 4816 880 4871 creditum
911 4815 1035 4869 est?
1071 4812 1201 4878 Qua:
1250 4812 1501 4881 leguntur
1541 4812 1768 4881 mystica
1817 4821 1967 4877 sunt,

399 4908 455 4965 in
479 4908 786 4979 allegoricis
812 4906 1129 4975 exponenda
1163 4917 1289 4961 sunt
1316 4906 1692 4962 sacramentis.
1712 4905 1971 4959 Possum-

401 5014 470 5054 ne
505 5001 686 5055 surdis
714 5008 767 5055 et
823 4998 1035 5054 aversis
1094 4999 1319 5052 auribus
1366 4999 1613 5068 ingerere
1646 4997 1971 5068 margaritas

399 5090 549 5144 verbi
583 5091 711 5145 Dei?
743 5089 857 5146 Non
887 5091 956 5144 ita
983 5088 1095 5158 egit
1125 5089 1239 5160 (65)
1295 5088 1601 5158 Apostolus.
1662 5088 1795 5143 Vide
1826 5088 1969 5142 enim

400 5178 529 5247 quid
556 5180 724 5233 dicit:
752 5181 857 5245 Qui
884 5181 1065 5251 legem,
1097 5180 1273 5252 inquit
1308 5181 1371 5247 “,
1399 5180 1592 5250 legitis,
1643 5179 1805 5249 legem
1868 5196 1969 5233 non

507 5271 528 5301 ⁹
558 5269 711 5324 Rom.
744 5284 838 5335 vn,
864 5269 957 5322 25.

1047 5270 1090 5301 ¹⁰
1115 5268 1312 5324 Genes.
1339 5285 1454 5333 ut,
1490 5269 1542 5325 8.
1614 5270 1653 5301 “
1683 5268 1839 5325 Joan.
1869 5285 1987 5333 vttt,
2021 5268 2111 5325 56.
2185 5271 2226 5303 ¹²
2255 5269 2387 5326 Luc.
2432 5284 2531 5336 xu,
2559 5270 2646 5324 42.
2726 5268 2768 5299 ¹⁸
2797 5266 2994 5322 Jerem.
3025 5280 3177 5326 xvtu.
3202 5262 3281 5336 l'i.

2077 4466 2217 4515 rum,
2243 4451 2309 4504 ad
2343 4464 2513 4520 aquas
2545 4446 2781 4518 Spiritus
2811 4446 3007 4510 sancti,
3063 4454 3117 4500 et
3153 4442 3371 4499 haurire
3427 4453 3643 4508 semper

2075 4553 2138 4593 ac
2189 4538 2404 4607 plenum
2440 4552 2536 4591 vas
2569 4538 2787 4592 domum
2850 4535 3082 4598 referre,
3120 4534 3261 4588 sicut
3313 4527 3548 4583 faciebat
3587 4535 3643 4581 et

2072 4639 2261 4683 sancta
2298 4628 2564 4695 Rebecca,
2593 4642 2713 4697 qua:
2736 4642 2843 4683 non
2874 4625 3198 4697 aliterjungi
3227 4622 3495 4693 potuisset
3524 4626 3639 4672 tan-

2074 4729 2130 4775 to
2181 4721 2507 4789 patriarchae
2563 4719 2738 4785 Isaac,
2792 4719 2884 4790 qui
2940 4733 3006 4775 ex
3039 4714 3457 4786 repromissione
3485 4718 3643 4764 natus

2075 4823 2179 4881 est,
2214 4812 2315 4869 nisi
2355 4812 2654 4867 hauriendo
2683 4827 2889 4881 aquas;
2920 4822 2974 4866 et
2994 4811 3047 4865 in
3079 4818 3288 4864 tantum
3315 4802 3637 4864 hauriendo,

2075 4919 2135 4963 ut
2163 4925 2267 4963 non
2293 4908 2465 4964 solum
2489 4916 2680 4978 potare
2709 4915 2892 4977 posset
2914 4920 3006 4960 eos
3039 4902 3131 4973 qui
3172 4900 3315 4956 domi
3351 4904 3498 4960 sunt,
3546 4892 3641 4948 sed

2075 5008 2128 5053 et
2160 5014 2384 5069 puerum
2407 4998 2673 5063 Abrahae;
2713 5007 2766 5050 et
2794 5011 2898 5050 non
2934 5002 3139 5048 tantum
3174 5003 3421 5060 puerum,
3458 4984 3551 5039 sed
3588 4991 3643 5035 et

2072 5104 2138 5144 co
2166 5104 2337 5159 usque
2365 5089 2667 5144 abundaret
2693 5086 2871 5155 aquis,
2924 5099 3058 5154 quas
3107 5081 3391 5137 hauriebat
3440 5076 3507 5129 de
3540 5087 3638 5141 pu-

2076 5181 2197 5245 teis,
2230 5191 2290 5236 ut
2319 5188 2373 5235 et
2409 5180 2644 5234 camelos
2672 5187 2854 5249 posset
2872 5178 3145 5245 adaquare
3169 5212 3185 5238 ,
3218 5184 3483 5241 atqueque
3530 5179 3640 5218 ces-

3392 5257 3435 5289 “‘
3459 5257 3636 5312 Gulat.

400 5351 476 5402 tv,
505 5340 618 5416 21..
674 5329 962 5416 ⁸⁸⁸159ᾎ-ιιι,
986 5338 1073 5393 12.
1133 5340 1194 5416 ff
1226 5339 1419 5416 Matth:
1441 5329 1536 5416 vlt,
1563 5339 1677 5416 l3._
1701 5341 1767 5416 _”
1794 5339 1947 5416 llam.

2078 5341 2197 5407 .te.
2277 5329 2748 5416 eieci-imae.
2827 5338 3127 5392 “l'l‘bcss.
3160 5349 3211 5400 ν,
3242 5332 3328 5387 l7.
3405 5329 3708 5416 “Malm.

402 5421 518 5472 xtv,
553 5408 639 5463 58.
720 5410 761 5441 ³¹
793 5407 811 5462 l
841 5409 990 5464 Petr.
1024 5424 1099 5475 tv,
1129 5410 1213 5463 l8.
1291 5411 1335 5442 ¹¹
1365 5409 1527 5465 llebr.
1558 5425 1613 5475 v,
1660 5410 1742 5466 ll.

472 5496 686 5568 (ﬁtilla
721 5513 850 5553 mss.
884 5499 1049 5562 Alias,
1084 5498 1257 5568 gloria
1282 5509 1329 5552 et
1362 5500 1657 5567 imperium.

475 5567 588 5633 (62)
618 5567 747 5621 Cum
777 5584 862 5621 vos
905 5585 1005 5622 non
1043 5568 1347 5631 convenitis,
1377 5579 1483 5621 etc.
1516 5570 1656 5623 Citat
1705 5570 1848 5624 hunc
1884 5570 1961 5623 lo-

396 5656 519 5697 cum
555 5638 717 5694 Jonas
744 5638 1020 5694 Aurelian.
1052 5639 1146 5694 lib.
1174 5638 1290 5694 tDc
1319 5640 1487 5694 instit.
1517 5639 1668 5707 laic.,
1716 5655 1837 5710 cap.
1873 5641 1957 5695 ll.

1820 5410 1866 5443 "
1888 5408 2084 5467 Cenes.
2111 5426 2260 5477 xxrv,
2295 5412 2383 5465 15.

2142 5501 2256 5568 (63)
2289 5499 2439 5567 Μέθη
2473 5499 2607 5563 egit,
2636 5497 2771 5551 alias
2801 5496 2896 5550 ait.
2927 5567 2931 5568 ν
3065 5564 3092 5568 r_
3125 5563 3137 5568 _
3317 5559 3331 5568 _
3528 5556 3538 5567 _

2072 5640 2082 5651 .
2141 5559 2253 5639 (64)
2294 5559 2438 5627 γυι’
2468 5559 2657 5623 uicies
2712 5568 2864 5625 deest
2922 5567 2974 5622 in
3011 5563 3189 5629 editis,
3240 5559 3333 5618 sed
3368 5559 3636 5630 reperitur

2070 5658 2123 5696 111
2153 5657 2280 5695 11185.
