4122 6248
491 307 597 362 217

1703 294 1769 353 ΙΝ
1794 295 2092 353 GENESIM
2126 292 2410 350 llOMlLlA
2445 291 2510 347 Χ.

3631 288 3737 343 218

493 436 692 492 sarem,
749 425 921 495 inquit
948 425 1012 491 ",
1045 423 1294 478 bibentes.
1362 419 1615 491 Mysteria
1677 429 1805 475 sunt
1861 426 2060 473 cuneta
2091 422 2135 477 Α
2164 431 2303 469 mus.
2330 414 2595 469 Habetote
2617 410 2962 481 patientiam,
3009 410 3131 479 quia
3157 410 3223 465 de
3260 409 3509 465 Rebecca
3554 410 3733 473 nobis,

498 533 619 588 qua;
649 518 846 585 scripta
877 524 1033 570 sunt:
1065 513 1177 566 vult
1207 522 1257 567 te
1279 510 1529 565 Christus
1556 509 1659 564 sibi
1686 510 2058 576 desponsare:

500 610 567 663 ad
606 619 656 663 te
677 607 817 661 enim
849 605 1085 674 loquitur
1114 619 1211 674 per
1253 602 1599 671 prophetam,
1628 600 1814 654 dicens
1840 599 1886 630 ’⁵
1913 615 1929 653 :
1954 597 2063 651 De-

501 699 755 768 sponsabo
781 708 829 752 te
853 697 980 750 mihi
1008 697 1063 749 in
1085 705 1359 757 a’ternum,
1387 702 1433 745 et
1479 692 1802 762 desponsabo
1834 700 1882 743 te
1938 688 2063 743 milii

500 791 553 843 in
580 790 683 857 ﬁde
711 798 757 842 et
788 788 1173 850 misericordia,
1198 796 1244 839 et
1268 801 1547 854 cognosces
1578 783 1886 837 Dominum.
1927 780 2063 846 Quia

497 895 625 947 ergo
656 878 769 932 vult
801 887 855 933 et
885 887 935 933 te
965 877 1068 932 sibi
1102 876 1351 932 Christus
1378 875 1712 944 despondere
1735 873 1871 939 (65),
1900 871 1952 925 id
1984 880 2067 926 est

498 971 847 1039 desponsare,
883 967 1164 1036 praemittit
1219 967 1288 1021 ad
1333 976 1383 1021 te
1416 966 1577 1021 istum
1630 979 1879 1034 puerum.
1922 961 2067 1016 Puer

498 1059 600 1114 iste
626 1073 804 1113 sermo
835 1059 1187 1126 propheticus
1232 1065 1335 1121 est,
1369 1072 1529 1126 quem
1560 1056 1665 1110 nisi
1694 1055 1850 1124 prius
1876 1069 2065 1109 susce-

499 1149 667 1219 peris,
694 1149 898 1203 nubere
918 1148 1137 1204 Christo
1160 1162 1264 1200 non
1296 1146 1519 1215 poteris.
1549 1144 1700 1199 Scito
1726 1155 1902 1199 tamen
1938 1144 2066 1212 quia

497 1254 656 1293 nemo
694 1240 1081 1295 inexercitatus
1105 1238 1462 1306 etimperitus
1496 1250 1800 1292 sermonem
1834 1235 2071 1305 prophe«

496 1331 662 1385 ticum
685 1330 931 1400 suscipit,
954 1331 1047 1386 sed
1078 1330 1171 1399 qui
1207 1328 1311 1382 scit
1339 1328 1559 1381 haurire
1589 1341 1786 1395 aquam
1836 1326 1901 1381 de
1940 1341 2072 1394 pro~

500 1419 664 1475 fundo
688 1421 855 1489 putei,
886 1429 942 1475 et
970 1420 1061 1488 qui
1088 1419 1141 1473 in
1174 1426 1383 1470 tantum
1412 1416 1517 1469 scit
1547 1415 1795 1477 haurire,
1823 1423 1881 1467 ut
1904 1414 2071 1468 etiam

499 1511 585 1565 his
613 1511 838 1566 suﬂieiat
864 1510 955 1579 qui
980 1505 1387 1562 irrationabiles
1438 1513 1494 1558 et
1522 1504 1765 1573 perversi
1798 1504 2070 1568 videntur,

497 1617 730 1671 quorum
780 1603 1009 1667 ﬁguram
1050 1604 1237 1652 tenent
1292 1593 1519 1649 cameli:
1570 1602 1627 1648 ut
1671 1603 1725 1647 et
1758 1594 1869 1663 ipse
1894 1596 2070 1663 possit

498 1692 721 1753 dicere,
779 1688 909 1758 quia
975 1685 1297 1755 sapientibus
1347 1691 1395 1737 et
1452 1683 1811 1751 insipientibus
1862 1684 2068 1738 debitor

2166 505 2217 558 id
2241 515 2326 557 est
2356 505 2421 557 de
2455 502 2738 572 patientia,
2767 515 2948 555 sermo
2974 509 3078 555 est.
3123 500 3188 553 Et
3232 515 3454 556 necesse
3488 508 3572 555 est
3626 515 3729 553 nos

2165 609 2259 648 eos
2294 594 2384 663 qui
2427 592 2714 648 collectam
2775 590 3090 660 negligunt,
3145 598 3199 643 et
3252 591 3435 643 audire
3461 590 3735 644 declinant

2164 685 2388 738 verbum
2443 684 2561 747 Dei,
2606 682 2881 751 paululum
2942 696 3040 749 per
3094 680 3413 749 patientiam
3442 683 3732 751 castigare,

2164 775 2254 845 qui
2298 791 2402 828 non
2434 774 2741 829 desiderant
2778 788 2969 841 panem
3001 772 3147 836 vitze,
3183 785 3284 825 nec
3313 784 3505 838 aquam
3538 772 3733 834 vivam,

2166 865 2253 932 qui
2288 881 2392 919 non
2422 875 2622 919 exeunt
2648 865 2715 918 de
2747 864 2962 928 castris,
2997 877 3095 918 nec
3126 862 3432 931 procedunt
3463 862 3527 915 de
3564 862 3735 915 domi-

2168 954 2268 1009 bus
2290 956 2471 1019 luteis,
2504 965 2560 1009 ut
2586 956 2841 1024 colligant
2864 955 2963 1009 sibi
2997 968 3220 1017 manna,
3250 953 3343 1021 qui
3376 968 3483 1006 non
3517 953 3743 1008 veniunt

2169 1047 2236 1100 ad
2274 1056 2501 1116 petram,
2535 1057 2592 1101 ut
2628 1047 2815 1101 bibant
2837 1048 2902 1101 de
2930 1047 3163 1116 spiritali
3188 1055 3359 1114 petra.
3402 1042 3562 1096 Petra
3596 1044 3740 1096 enim

2171 1146 2254 1193 est
2281 1137 2555 1203 Christus,
2584 1148 2643 1192 ut
2670 1137 2958 1207 Apostolus
2990 1138 3066 1192 ait
3086 1139 3152 1191 ³².
3188 1137 3470 1199 llabetote,
3500 1136 3741 1204 inquam,

2174 1244 2268 1284 vos
2300 1229 2580 1299 paululum
2615 1231 2954 1299 patientiam.
2989 1228 3182 1283 Sermo
3200 1227 3346 1282 enim
3378 1226 3534 1279 nobis
3558 1234 3644 1279 est
3676 1224 3745 1277 ad

2172 1321 2526 1390 negligentes,
2562 1330 2617 1375 et
2647 1336 2741 1376 eos
2771 1322 2860 1390 qui
2894 1320 3036 1374 male
3061 1320 3276 1374 habent.
3311 1317 3441 1371 Sani
3466 1317 3608 1370 enim
3640 1331 3746 1367 non

2174 1412 2407 1483 indigent
2436 1414 2660 1480 medico,
2686 1415 2775 1467 sed
2823 1413 2957 1466 male
2984 1412 3231 1464 habentes
3262 1411 3326 1464 ³³.
3385 1409 3559 1466 Dicite
3611 1408 3743 1463 mihi

2174 1521 2267 1560 vos
2297 1507 2410 1575 (68)
2442 1507 2530 1576 qui
2561 1506 2932 1561 tantummodo
2961 1504 3115 1558 festis
3150 1504 3339 1558 diebus
3369 1503 3435 1557 ad
3461 1502 3745 1557 ecclesiam

2172 1598 2494 1662 convenitis,
2530 1597 2710 1651 caeteri
2743 1596 2855 1651 dies
2884 1610 2987 1650 non
3014 1604 3140 1649 sunt
3168 1592 3320 1648 festi?
3348 1609 3451 1647 non
3483 1600 3605 1645 sunt
3632 1591 3748 1646 dies

2171 1688 2429 1743 Domini?
2459 1688 2771 1743 Jutlzeorttm
2802 1697 2904 1753 ρει,
2935 1688 3052 1742 dies
3080 1697 3255 1742 certos
3284 1697 3334 1739 et
3365 1700 3518 1739 raros
3546 1684 3746 1739 obser-

499 1796 617 1834 sum
643 1780 709 1830 ³⁸.
740 1776 983 1845 Denique
1005 1775 1087 1829 sic
1119 1775 1327 1829 dixerat
1370 1774 1419 1826 ill
1451 1774 1613 1826 corde
1644 1788 1742 1828 SlIO
1774 1790 1906 1843 puer
1941 1776 2065 1830 iste:
2102 1767 2141 1821 Β
2177 1797 2301 1835 vare
2336 1781 2629 1836 solemnes,
2681 1779 2745 1833 Ει
2798 1780 2915 1835 ideo
2956 1780 3023 1833 ad
3060 1794 3153 1833 eos
3180 1778 3309 1831 dicit
3356 1775 3495 1831 Deus
3520 1775 3585 1842 ³⁸,
3618 1775 3744 1844 quia

506 1868 590 1921 Ea:
614 1868 719 1931 his,
755 1867 930 1937 inquit
952 1867 1015 1931 ’⁷,
1042 1864 1345 1933 virginibus,
1369 1881 1485 1927 qua:
1516 1866 1723 1918 veniunt
1748 1867 1815 1918 ad
1851 1884 2067 1936 aquam,

501 1974 826 2027 quamam/ue
854 1956 1042 2010 dixerit
1071 1956 1195 2008 mihi
1223 1970 1241 2008 :
1271 1952 1399 2007 Bibe
1453 1965 1535 2019 tu,
1587 1965 1632 2009 et
1681 1957 1907 2011 camelos
1954 1968 2071 2011 tuos

502 2049 801 2117 adaquabo,
839 2050 953 2115 ipsa
1006 2048 1106 2101 erit
1135 2062 1320 2113 sponsa
1374 2046 1577 2100 domini
1636 2049 1758 2100 mei.
1806 2048 1895 2103 Sic
1946 2064 2076 2118 ergo

503 2142 771 2208 Rebecca,
801 2158 917 2212 qua:
946 2145 1335 2212 interpretatur
1371 2143 1630 2209 patientia
1686 2141 1822 2212 (66),
1855 2151 1911 2196 ιιι
1938 2145 2076 2197 vidit

502 2249 753 2303 puerum,
779 2244 833 2288 et
868 2234 1104 2303 inSpexit
1129 2233 1503 2304 propheticum
1556 2234 1802 2299 verbum,
1854 2233 2076 2302 deponit

497 2324 565 2376 de
602 2323 828 2376 humero
857 2322 1127 2392 hydriam.
1176 2322 1405 2390 Deponit
1445 2321 1591 2375 enim
1642 2322 1835 2376 elatam
1871 2322 2075 2377 Cra-ere

497 2410 765 2465 facundiae
795 2412 1187 2482 arrogantiam,
1220 2420 1272 2464 et
1297 2410 1362 2463 ad
1390 2419 1496 2463 tam
1545 2411 1805 2465 humilem
1859 2427 1923 2465 ac
1960 2420 2070 2464 tam

497 2502 798 2571 simplicem
832 2517 891 2558 se
931 2501 1200 2556 inclinans
1227 2500 1604 2571 propheticum
1646 2516 1945 2557 sermonem
1989 2504 2072 2557 di-

498 2595 575 2650 cit
605 2612 620 2648 :
650 2594 777 2648 Bibe
799 2605 880 2659 tu,
909 2603 955 2649 et
984 2593 1207 2647 camelos
1237 2603 1355 2647 tuos
1386 2592 1682 2663 adaquabo.

568 2687 624 2741 '5.
654 2686 758 2741 Sed
788 2685 923 2740 dicis
951 2685 1197 2751 fortasse,
1219 2683 1277 2739 Si
1303 2700 1437 2754 puer
1467 2684 1766 2754 prophetici
1799 2683 2072 2739 sermonis

499 2787 650 2833 tenet
678 2776 930 2847 ﬁguram,
969 2777 1244 2847 quomodo
1272 2784 1488 2845 potatur
1514 2792 1543 2828 a
1570 2774 1843 2839 Rebecca,
1901 2791 2065 2845 quam

496 2874 613 2943 ipse
646 2869 815 2938 magis
840 2878 1031 2938 potare
1061 2868 1320 2923 deberet?
1361 2866 1496 2922 Vide
1518 2880 1645 2937 ergo
1676 2883 1741 2921 ne
1767 2867 1904 2920 forte
1929 2867 2070 2921 sicut

499 2969 557 3016 et
595 2960 855 3015 Dominus
899 2959 1074 3025 Jesus,
1101 2974 1221 3013 eum
1249 2959 1367 3029 ipse
1401 2960 1471 3013 sit
1499 2945 1652 3030 panis
1706 2959 1853 3021 vitm,
1876 2969 1928 3011 et
1955 2959 2069 3027 ipse

496 3062 686 3125 pascat
734 3055 948 3108 animas
977 3052 1301 3119 esurientes,
1355 3053 1470 3122 ipse
1521 3068 1736 3107 rursum
1765 3053 1978 3107 esurire
2008 3068 2067 3106 se

500 3148 702 3205 fatetur
729 3166 851 3206 cum
878 3149 1011 3203 dicit
1045 3149 1089 3181 ’⁸
1115 3167 1128 3202 :
1159 3148 1392 3212 Esurivi,
1418 3156 1466 3201 et
1498 3148 1717 3201 dedistis
1746 3147 1876 3200 milii
1911 3164 2063 3200 man-

500 3239 715 3301 ducare,
745 3248 800 3293 et
836 3240 1029 3293 iterum
1056 3253 1176 3291 cum
1205 3236 1321 3305 ipse
1348 3237 1417 3291 sit
1452 3251 1587 3305 aqua
1639 3238 1757 3289 viva
1795 3245 1848 3291 et
1883 3247 2064 3305 potum

501 3331 590 3383 det
609 3332 859 3383 omnibus
891 3329 1221 3394 sitientibus,
1261 3343 1475 3382 rursum
1507 3329 1620 3396 ipse
1635 3327 1765 3382 dicit
1785 3329 1850 3383 ad
1878 3328 2059 3383 Sama-

505 3420 735 3473 ritanam
764 3422 809 3451 "
836 3437 851 3472 :
883 3421 959 3473 Da
992 3423 1114 3475 mihi
1145 3425 1351 3489 bibere;
1378 3424 1457 3478 sic
1488 3431 1540 3476 et
1578 3422 1928 3490 propheticus
1953 3438 2069 3476 ser-

506 3524 614 3569 mo,
645 3524 766 3562 cum
793 3510 909 3578 ipse
960 3522 1144 3579 potum
1185 3514 1275 3568 det
1338 3514 1671 3577 sitientibus,
1714 3512 2066 3567 nihilominus

503 3602 618 3669 ipse
651 3603 719 3655 ab
751 3603 833 3657 his
861 3603 1037 3672 potari
1073 3606 1303 3668 dicatur,
1359 3620 1480 3660 cum
1512 3606 1874 3660 studiosorum
1904 3622 2065 3662 exer-

501 3693 629 3747 citia
657 3703 713 3747 et
742 3694 1079 3763 vigilantiam
1105 3695 1356 3765 suscipit.
1399 3696 1500 3751 lsta
1538 3712 1669 3765 ergo
1711 3697 1833 3750 talis
1864 3700 2065 3761 anima,

498 3799 616 3853 qua:
645 3786 758 3853 agit
788 3794 985 3839 cuncta
1017 3790 1308 3854 patienter,
1359 3802 1477 3855 qua:
1537 3797 1645 3842 tam
1699 3798 1946 3857 prompta
1983 3798 2068 3843 est

497 3884 549 3929 et
573 3882 724 3929 tanta
754 3874 1059 3928 eruditione
1089 3875 1341 3940 subnixa,
1373 3892 1494 3945 qua:
1520 3877 1589 3932 de
1615 3878 1897 3947 profundis
1925 3878 2064 3932 haus

500 3966 605 4019 rire
631 3965 869 4020 scientia:
912 3964 1113 4020 ﬂuenta
1150 3968 1448 4032 consuevit,
1474 3968 1585 4037 ipsa
1618 3978 1796 4038 potest
1819 3969 2059 4039 copulari

500 4056 696 4126 nuptiis
747 4056 968 4110 Christi.
1002 4054 1117 4111 Nisi
1149 4072 1279 4128 ergo
1335 4057 1580 4127 quotidie
1628 4060 1814 4115 venias
1862 4063 1929 4115 ad
1962 4078 2061 4130 pu-

498 4156 635 4210 teos,
687 4147 787 4201 nisi
817 4148 1059 4216 quotidie
1082 4148 1304 4204 haurias
1331 4166 1522 4219 aquas,
1574 4167 1680 4207 non
1724 4151 1895 4206 solum
1924 4151 2060 4206 alios

498 4246 685 4305 potare
720 4252 823 4291 non
852 4238 1080 4307 poteris,
1107 4239 1201 4293 sed
1239 4248 1292 4295 et
1339 4241 1453 4310 ipse
1476 4257 1692 4312 quoque
1724 4241 1872 4297 sitim
1906 4242 2057 4298 verbi

499 4326 595 4380 Dei
628 4326 871 4395 patieris.
903 4328 1038 4381 Audi
1063 4337 1119 4383 et
1150 4328 1432 4385 Dominum
1465 4333 1736 4387 dicentem
1789 4333 1842 4387 in
1883 4333 2057 4387 Evan-

2174 1875 2475 1925 neomenias
2513 1882 2732 1937 vestras,
2757 1882 2802 1926 et
2835 1872 3078 1935 sabbata,
3104 1880 3151 1923 et
3174 1871 3312 1922 diem
3350 1883 3596 1936 magnum
3640 1883 3747 1919 non

2174 1964 2433 2014 sustineo.
2464 1961 2766 2029 Jejunium,
2797 1971 2841 2013 et
2879 1960 3059 2027 ferias,
3100 1971 3144 2012 et
3193 1962 3302 2011 dies
3334 1958 3494 2025 festos
3553 1964 3748 2009 vestros

2176 2052 2288 2105 odit
2320 2052 2497 2103 anima
2527 2066 2663 2104 mea.
2695 2050 2967 2117 Oditcrgo
2998 2050 3137 2103 Deus
3160 2064 3251 2103 eos
3284 2049 3375 2117 qui
3408 2065 3571 2102 unum
3607 2048 3749 2101 diem

2177 2152 2376 2213 putant
2406 2142 2600 2196 festum
2627 2141 2769 2195 diem
2800 2155 2917 2194 esse
2968 2138 3207 2193 Domini.
3273 2137 3568 2191 Christiani
3602 2135 3749 2188 omni

2180 2236 2268 2289 die
2291 2248 2486 2289 carnes
2517 2233 2642 2301 agni
2682 2232 2997 2296 comedunt,
3036 2229 3087 2284 id
3111 2238 3193 2283 est
3238 2242 3435 2282 carnes
3468 2226 3615 2281 verbi
3656 2224 3750 2278 Dei

2178 2326 2418 2396 quotidie
2454 2332 2696 2379 sumunt.
2743 2321 2951 2375 Pascha
2999 2322 3136 2374 enim
3174 2330 3411 2373 nostrum
3447 2317 3750 2370 immolatus

2175 2429 2247 2472 est
2271 2416 2509 2471 Christus
2539 2416 2606 2470 ³⁸.
2637 2415 2703 2469 Ει
2729 2414 2854 2485 quia
2888 2413 2971 2467 lex
3021 2412 3244 2466 Pascha:
3304 2410 3428 2463 talis
3455 2397 3563 2474 est,
3601 2418 3661 2461 ut
3693 2409 3746 2463 in

2176 2524 2405 2577 vespera
2431 2506 2773 2570 comedatur,
2824 2519 3106 2575 propterea
3176 2502 3227 2555 in
3280 2516 3506 2569 vespera
3562 2500 3747 2553 mundi

2174 2617 2368 2672 passus
2413 2610 2497 2654 est
2549 2597 2831 2661 Dominus,
2878 2607 2936 2650 ut
2988 2606 3042 2648 tu
3095 2607 3308 2661 semper
3359 2592 3653 2645 manduces
3682 2592 3748 2645 de

2173 2692 2435 2748 carnibus
2458 2689 2656 2755 Verbi,
2680 2692 2806 2758 quia
2833 2701 3049 2755 semper
3089 2684 3140 2737 in
3183 2698 3405 2752 vespera
3438 2698 3518 2746 es,
3544 2697 3745 2750 usque-

2173 2796 2279 2849 quo
2305 2780 2488 2834 veniat
2510 2792 2691 2833 mane.
2723 2778 2787 2833 Et
2819 2777 2861 2832 si
2894 2778 2945 2830 in
2975 2776 3073 2830 hac
3098 2788 3318 2842 vespera
3344 2773 3607 2827 sollicitus
3630 2773 3747 2825 fue-

2173 2872 2269 2936 ris,
2299 2883 2351 2925 et
2379 2871 2432 2924 in
2467 2869 2590 2924 ﬂetu
2628 2885 2691 2924 ac
2718 2869 2965 2939 jejuniis,
2994 2878 3159 2936 atque
3190 2864 3335 2919 omni
3381 2864 3565 2919 labore
3592 2864 3749 2933 justi-

2176 2965 2261 3016 tite
2292 2961 2452 3015 vitam
2487 2961 2730 3026 duxeris,
2766 2959 2969 3031 poteris
3003 2969 3056 3014 et
3105 2968 3160 3013 tu
3201 2957 3385 3012 dicere
3430 2956 3475 2988 ³⁸
3504 2974 3518 3009 :
3552 2956 3634 3008 Ad
3661 2972 3744 3010 ve-

2171 3072 2375 3126 speram
2398 3053 2760 3107 demorabitur
2786 3054 2965 3122 ﬂetus,
2996 3062 3044 3106 et
3077 3053 3146 3105 ad
3173 3051 3494 3105 matutinum
3530 3050 3738 3104 la’titia.

2169 3149 2465 3206 Lmtaberis
2486 3147 2632 3202 enim
2663 3162 2843 3212 mane,
2869 3147 2921 3201 id
2953 3155 3037 3201 est
3067 3147 3117 3200 in
3150 3145 3345 3199 Steculo
3374 3143 3578 3209 futuro,
3607 3144 3650 3198 si
3690 3143 3744 3196 in

2169 3244 2273 3298 hoc
2303 3243 2501 3298 sa-culo
2526 3242 2758 3296 fructum
2781 3237 3005 3306 iustitia:
3042 3238 3093 3292 in
3129 3237 3250 3291 ﬂetu
3281 3245 3334 3291 et
3367 3236 3551 3288 labore
3577 3235 3745 3289 colle--

2170 3337 2334 3407 geris.
2368 3336 2557 3390 Venite
2583 3351 2713 3406 ergo
2748 3347 2802 3389 et
2826 3348 2922 3388 vos
2947 3334 3071 3387 dum
3117 3341 3327 3400 tempus
3357 3338 3460 3392 cst,
3494 3329 3745 3381 bibamus

2168 3431 2235 3484 de
2287 3436 2449 3496 puteo
2498 3426 2725 3481 visionis
2785 3424 2875 3478 ubi
2916 3424 3065 3477 Isaae
3093 3419 3500 3482 deambulabat,
3562 3428 3615 3473 et
3649 3418 3740 3469 ubi

2167 3519 2414 3590 procedit
2446 3518 2511 3571 ad
2547 3516 2890 3572 exercitium.
2949 3514 3189 3570 Observa
3227 3520 3428 3583 quanta
3476 3519 3739 3579 geruntur

2167 3612 2234 3664 ad
2255 3623 2441 3678 aquas.
2473 3608 2538 3662 Et
2568 3616 2621 3661 tu
2661 3606 2910 3662 invitaris
2962 3605 3202 3675 quotidie
3258 3602 3440 3657 venire
3466 3602 3531 3655 ad
3567 3615 3737 3668 aquas

2167 3702 2323 3754 verbi
2369 3699 2482 3764 Dei,
2544 3708 2599 3752 et
2627 3697 2889 3752 assistere
2925 3696 3103 3765 puteis
3147 3695 3284 3763 ejus,
3334 3694 3473 3746 sicut
3510 3690 3736 3744 faciebat

2168 3793 2437 3857 Rebecca,
2465 3791 2529 3845 de
2552 3805 2657 3860 qua
2696 3789 2891 3844 dicitur
2924 3786 2967 3817 ³⁷
2998 3804 3010 3839 :
3066 3783 3220 3855 Virgo
3260 3794 3371 3838 erat
3400 3785 3591 3837 decora
3626 3788 3736 3835 vat~

2165 3885 2230 3937 de
2257 3893 2306 3937 et
2332 3887 2406 3935 vir
2428 3898 2529 3936 non
2556 3888 2866 3951 cognoverat
2916 3893 3051 3932 eam.
3089 3875 3157 3930 Et
3183 3876 3317 3940 lucc,
3376 3874 3581 3945 inquit,
3610 3873 3739 3926 exiit

2162 3989 2281 4029 sero
2308 3970 2520 4025 haurire
2551 3986 2762 4040 aquam.

2231 4062 2287 4116 4.
2322 4060 2429 4114 Nec
2462 4059 2564 4114 hoc
2595 4059 2795 4113 frustra
2821 4056 3080 4125 scriptum
3116 4062 3198 4109 est
3234 4053 3300 4108 de
3327 4068 3410 4108 ea.
3448 4054 3737 4109 Verumta-

2159 4167 2285 4206 men
2317 4159 2497 4205 movet
2521 4165 2629 4215 me,
2654 4149 2784 4218 quid
2809 4155 2894 4203 est
2921 4147 3065 4216 quod
3097 4144 3296 4201 dicitur
3332 4159 3346 4202 :
3383 4144 3539 4218 Virgo
3593 4156 3729 4212 crat,

2160 4244 2240 4299 vir
2268 4259 2370 4296 non
2393 4251 2699 4312 cognoverat
2750 4256 2904 4304 eam;
2933 4237 3084 4307 quasi
3138 4253 3270 4292 vero
3302 4238 3444 4293 aliud
3472 4239 3545 4294 sit
3578 4238 3732 4308 virgo

2160 4336 2262 4390 nisi
2289 4348 2449 4403 quam
2482 4332 2564 4385 vir
2585 4345 2692 4385 non
2717 4328 2945 4399 contigit
2974 4328 3105 4400 (69).
3134 4328 3195 4382 Et
3235 4329 3363 4398 quid
3388 4328 3488 4384 sibi
3518 4328 3731 4383 videtur

496 4417 649 4486 geliis
680 4418 761 4470 ³⁰ε
808 4417 913 4484 Qui
937 4421 1075 4484 sitit,
1106 4422 1301 4486 veniat,
1363 4434 1411 4477 et
1458 4423 1619 4477 bibat.
1648 4422 1753 4477 Sed
1780 4433 1857 4489 tu,
1888 4432 1946 4476 ut
1973 4424 2043 4476 vi.
2089 4423 2133 4477 D
2164 4426 2591 4479 additamentum
2618 4422 2670 4475 in
2703 4419 2991 4489 virginem,
3028 4428 3085 4474 ut
3107 4420 3319 4475 dicatur
3344 4419 3469 4491 quia
3513 4418 3598 4474 vir
3620 4434 3725 4475 non

496 4511 617 4577 deo,
644 4526 745 4566 nec
774 4512 972 4575 esuris,
1000 4526 1101 4567 nec
1130 4513 1248 4568 sitis
1270 4512 1558 4580 justitiam,
1584 4524 1637 4569 et
1660 4514 1927 4584 quomodo
1945 4514 2058 4584 88

498 4604 698 4671 poteris
718 4603 898 4659 dicere
921 4603 963 4635 ³¹
992 4623 1006 4659 :
1057 4604 1208 4659 Sicut
1236 4623 1413 4662 cervus
1463 4608 1725 4662 desiderat
1756 4609 1827 4661 ad
1888 4608 2056 4677 fontes

496 4710 770 4765 aquarum,
796 4697 870 4750 ita
897 4697 1158 4751 desiderat
1183 4699 1360 4752 anima
1387 4716 1501 4755 mea
1538 4701 1606 4753 ad
1634 4711 1703 4765 te,
1739 4700 1901 4758 Deus.
1930 4700 2058 4756 Siti-

493 4783 568 4835 vit
589 4783 764 4864 quinia
801 4800 914 4837 mea
940 4786 1007 4838 ad
1032 4785 1194 4839 Deum
1218 4789 1384 4841 vivum
1419 4788 1532 4858 (67)
1562 4804 1572 4836 :
1608 4792 1818 4859 quando
1849 4792 2054 4845 veniam

491 4884 539 4929 et
562 4874 752 4942 parebo
788 4887 908 4931 ante
970 4890 1298 4947 conspectum
1334 4880 1490 4948 ejus?
1542 4882 1782 4938 Obsecro
1825 4898 1921 4939 vos
1963 4884 2054 4952 qui

493 4967 762 5023 auditorio
791 4970 938 5024 verbi
964 4985 1180 5038 semper
1204 4970 1481 5037 assistitis,
1506 4976 1772 5044 patienter
1800 4975 2049 5045 accipite,

493 5058 663 5113 donec
697 5060 969 5129 paululum
1002 5066 1337 5142 negligeptes
1376 5075 1427 5123 et
1458 5068 1672 5122 desides
1710 5082 2052 5123 commonea-

558 5146 775 5227 "16811.
810 5169 963 5227 μιν,
991 5156 1074 5211 l9.
1172 5160 1217 5189 ’³
1245 5159 1370 5215 Ose.
1408 5175 1470 5227 ιι,
1504 5161 1590 5224 19,
1617 5159 1707 5213 20.

491 5217 644 5291 tv,_'l.
710 5220 763 5291 7”
799 5217 959 5277 Joan.
988 5241 1082 5291 vn,
1115 5228 1203 5282 37.

489 5303 542 5347 v,
579 5288 631 5345 7.
704 5290 750 5322 “
770 5291 917 5348 Psal.
947 5288 1094 5361 xxttt,
1128 5298 1180 5352 5.
1255 5301 1298 5340 ³⁷
1334 5301 1469 5357 Gen.
1514 5288 1756 5367 xxvﬂb‘.

697 5376 796 5458 Sic
823 5396 954 5435 mss.
994 5382 1159 5458 Alias,
1184 5387 1291 5439 vult
1322 5399 1371 5442 te
1399 5391 1497 5443 sibi
1522 5393 1856 5458 desponsare.

695 5447 932 5531 ﬂebecca
948 5469 1065 5521 qua:
1086 5453 1456 5531 interpretatur
1474 5447 1756 5531 patientia,
1774 5479 1803 5516 a
1820 5476 1895 5526 3'1
1911 5477 2047 5520 mut-

486 5518 606 5587 tutn
617 5527 666 5587 et
694 5526 795 5581 τηρ
819 5518 1151 5587 exspectavit.

557 5583 666 5653 (67)
694 5588 861 5665 Alias,
913 5583 995 5644 ad
1052 5593 1215 5650 Deum
1265 5594 1455 5665 fontem
1484 5604 1673 5657 vivum.
1701 5603 1804 5662 Sed
1834 5607 1885 5663 in
1908 5622 2039 5665 mss.

489 5651 630 5707 deest
650 5651 760 5709 vox
790 5651 1003 5730 ﬂuitent.

2164 4521 2495 4586 cognoverat
2532 4511 2690 4567 eam?
2715 4510 2810 4565 Est
2831 4509 2970 4563 enim
3007 4508 3184 4578 aliqua
3215 4512 3367 4583 virgo
3399 4526 3560 4581 quam
3590 4527 3725 4567 eon-

2169 4606 2350 4676 tigerit
2380 4604 2498 4658 vir?
2530 4603 2681 4675 Smpe
2704 4602 2816 4673 jam
2842 4604 2951 4659 dixi
2983 4603 3128 4674 quod
3158 4602 3210 4657 in
3240 4605 3324 4662 his
3349 4620 3455 4659 non
3480 4604 3729 4659 historiae

2162 4707 2478 4763 narrantur,
2513 4698 2607 4754 sed
2638 4698 2896 4767 mysteria
2930 4707 3317 4754 contexuntur.
3352 4696 3485 4751 Tale
3510 4712 3639 4767 ergo
3672 4698 3726 4752 in

2163 4791 2265 4847 hoc
2314 4790 2515 4860 aliquid
2574 4789 2798 4846 indicari
2836 4801 2985 4861 puto.
3020 4789 3175 4845 Sicut
3230 4790 3479 4847 Christus
3531 4788 3729 4845 attinne

2160 4885 2244 4940 vir
2268 4885 2485 4947 dicitur,
2537 4884 2625 4941 cui
2660 4885 2815 4940 nubit
2844 4886 3021 4940 anima
3053 4900 3175 4941 cum
3229 4883 3380 4941 venit
3421 4882 3486 4939 ad
3523 4883 3678 4939 (idem
3710 4900 3725 4940 :

2156 4975 2227 5032 ita
2260 4985 2314 5031 et
2344 4975 2472 5031 huic
2519 4976 2827 5033 contrarius
2860 4978 2942 5032 vir
2980 4978 3071 5033 ille
3106 4987 3210 5045 est,
3244 4980 3328 5035 cui
3362 4975 3513 5033 nubit
3542 4978 3726 5034 anima

2156 5086 2277 5126 cum
2304 5069 2539 5125 declinat
2561 5072 2625 5125 ad
2650 5070 2951 5141 perﬁdiam.
2981 5071 3213 5160 lpseille
3239 5074 3331 5145 qui
3372 5082 3425 5129 et
3471 5075 3724 5133 inimicus

1799 5162 1843 5193 '°
1881 5161 2034 5239 89!".-

2168 5165 2204 5220 l.
2258 5165 2325 5239 1"
2354 5164 2497 5239 Gen.
2519 5182 2666 5239 xxiv,
2694 5165 2780 5221 Η.
2858 5168 2903 5199 ⁸⁸
2935 5168 3121 5222 Matth.
3160 5185 3288 5239 xxv,
3333 5170 3421 5232 55.
3496 5176 3539 5211 ’θ
3562 5174 3723 5233 Joan.

1281 5231 1320 5262 ³¹
1344 5231 1492 5307 ξἐειι.
1528 5232 1739 5307 sunt,
1765 5231 1814 5285 2.
1894 5233 1937 5264 ³⁸
1960 5232 2120 5291 lCor.
2160 5234 2334 5304 tv,10.
2412 5231 2607 5294 “Luc.
2637 5255 2687 5307 ν,
2718 5239 2808 5293 3t.

2883 5239 2928 5272 ιδ
2964 5240 3067 5295 lsa.
3102 5254 3140 5309 ι,
3173 5244 3261 5315 ιδ,
3294 5244 3381 5305 ιι.
3457 5248 3500 5285 ιε
3539 5251 3558 5310 ι
3592 5248 3725 5308 Cor.

2869 5570 3095 5727 gr

2226 5395 2335 5473 (68)
2367 5396 2539 5473 Dicite
2570 5402 2695 5455 mihi
2725 5419 2835 5466 vos,
2864 5412 2972 5464 etc.
3001 5403 3143 5473 (litat

2152 5468 2562 5551 Aurelian-ensis
2602 5475 2693 5551 lib.
2732 5491 2749 5531 ι
2780 5473 2856 5533 De
2882 5468 3149 5551 imm

2225 5538 2335 5619 (69)
2363 5540 2528 5607 Alias,
2590 5547 2769 5619 aliqua
2816 5550 2921 5617 sit)

2153 5612 2277 5670 Sed.
2312 5629 2440 5671 mss.
2474 5625 2530 5672 ut
2568 5619 2619 5676 in
2653 5612 2840 5681 nostro
2872 5612 2919 5691 tit

3314 5417 3522 5487 :locum
3553 5423 3723 5482 Jonas

3314 5482 3376 5559 *ιι
3403 5499 3488 5559 ιι.
3680 5532 3681 5535 ~

3443 5568 3721 5653 nnfigcrilo
