4122 6248
432 255 539 311 219

1921 248 2241 309 ORIGENIS

3580 249 3686 305 220

438 373 600 428 homo
628 370 850 435 dicitur,
886 383 1005 426 cum
1036 368 1220 424 lolium
1245 365 1546 435 superscrit
1572 364 1754 420 tritico
1792 366 1861 419 ³⁸.
1893 364 2008 420 Νοιι
2041 370 2085 425 Α
2114 366 2320 438 Raguel
2375 367 2439 423 “.
2491 363 2736 419 Nominat
2796 363 3032 420 moveris
3057 403 3073 429 ,
3127 371 3185 416 ut
3247 362 3362 417 lure
3413 359 3683 432 intelligas

439 476 571 531 ergo
603 458 800 514 snﬂicit
823 461 1017 512 anima:
1063 466 1121 510 ιιι
1174 462 1326 509 casta
1366 456 1439 509 sit
1476 470 1727 526 corpore,
1759 469 1895 525 opus
1925 463 2011 508 est

441 564 500 608 ιιι
529 564 585 608 ct
616 552 700 607 vir
735 554 824 606 hic
856 551 1124 620 pessimus
1158 565 1263 604 non
1300 550 1617 620 cognoverit
1648 564 1790 604 eam.
1828 546 2013 603 Potest

439 647 585 699 enim
622 644 733 699 lieri
766 653 821 697 ut
874 643 1073 696 habeat
1112 644 1234 709 quis
1263 642 1316 694 in
1358 656 1590 709 corpore
1616 640 2011 711 virginitatem,

439 746 493 791 ct
542 748 881 805 cognoscens
943 734 1105 787 istum
1152 734 1326 786 virum
1393 733 1686 801 pessimum
1736 731 2011 785 diabolum

439 837 600 896 atque
627 826 694 879 ab
732 840 797 878 eo
827 824 1287 894 concupiscentiae
1329 823 1506 893 iacula
1564 824 1615 877 in
1644 825 1807 878 corde
1838 822 2013 877 susci-

440 918 613 986 piens,
655 916 849 968 animae
883 915 1178 985 perdiderit
1212 915 1544 969 castitatem.
1584 914 1717 982 Quia
1742 928 1872 983 ergo
1906 914 2012 967 Re-

439 1008 600 1062 becca
634 1007 787 1076 virgo
815 1016 931 1060 erat
963 1014 1155 1061 sancta
1177 1021 1407 1075 corpore
1439 1015 1493 1061 et
1544 1005 1760 1075 spiritu,
1812 1005 2015 1060 idcirco

438 1097 555 1167 eius
580 1096 815 1166 duplicat
856 1097 1064 1151 laudem
1098 1107 1149 1151 et
1175 1098 1305 1153 dicit
1332 1115 1345 1150 :
1382 1097 1537 1167 Virgo
1566 1107 1698 1163 erat,
1730 1107 1777 1151 et
1810 1097 1888 1150 vir
1912 1113 2014 1149 non

438 1196 749 1256 cognoverat
802 1204 941 1241 eam.
996 1187 1232 1257 Vespere
1278 1203 1407 1257 ergo
1436 1190 1583 1243 venit
1612 1189 1678 1242 ad
1726 1202 1912 1257 aquas.
1944 1185 2017 1240 De

439 1293 664 1345 vespera
690 1278 799 1346 iam
827 1293 989 1348 supra
1015 1280 1274 1335 diximus.
1306 1279 1438 1335 Vide
1463 1288 1641 1334 autem
1670 1262 2014 1349 prudentiam

442 1368 613 1436 pueri,
664 1384 768 1422 non
828 1370 944 1423 vult
994 1385 1275 1427 assumere
1338 1386 1589 1441 sponsam
1643 1371 1863 1426 domino
1917 1384 2016 1425 suo

444 1459 615 1525 Isaac,
647 1460 750 1513 nisi
772 1474 936 1528 quam
962 1460 1229 1516 invenerit
1260 1447 1510 1517 decoram
1545 1474 1599 1518 ct
1625 1462 1903 1531 pulchram
1933 1460 2013 1514 fa-i

445 1548 527 1603 cie
572 1549 862 1618 virginem,
916 1560 969 1605 et
1006 1567 1110 1605 non
1170 1551 1345 1607 solum
1390 1552 1677 1621 virginem,
1713 1554 1809 1606 sed
1852 1565 2016 1620 qttam

444 1656 549 1696 non
596 1643 882 1711 contigerit
932 1643 1036 1705 vir,
1103 1651 1159 1697 et
1208 1644 1310 1698 nisi
1339 1658 1500 1712 quam
1554 1642 1819 1714 repererit
1850 1656 2017 1712 aquas

2114 456 2434 526 spiritaliter
2457 455 2602 511 dici?
2628 454 2733 507 Aut
2765 462 2923 523 putas
2952 468 3166 522 semper
3183 466 3311 505 casu
3344 451 3685 521 contingere,

2116 556 2175 600 ut
2229 545 2555 614 patriarcha:
2597 544 2664 598 ad
2697 553 2886 614 puteos
2920 544 3143 598 veniant
3181 552 3234 597 et
3265 542 3331 595 ad
3359 556 3527 611 aquas
3555 557 3685 598 con-

2110 635 2256 705 iugia
2276 634 2613 691 sortiantur?
2646 633 2747 701 Qui
2777 638 2888 688 tunc
2920 634 2992 688 ita
3026 641 3213 703 putat,
3244 632 3496 686 animalis
3526 632 3691 686 homo

2114 736 2216 789 est,
2250 736 2303 783 et
2342 743 2445 780 non
2467 726 2684 795 percipit
2715 741 2832 796 qua:
2861 726 2963 779 sint
2995 724 3206 793 spiritus
3238 723 3331 777 Dei
3360 722 3429 776 “.
3462 720 3569 775 Sed
3594 722 3688 790 qui

2116 819 2229 872 vult
2259 827 2475 872 maneat
2504 819 2555 871 in
2583 818 2691 883 his,
2722 825 2937 871 maneat
2964 815 3216 870 animalis
3248 815 3389 885 (7i):
3422 828 3523 882 ego
3549 811 3693 867 Pau-

2115 908 2223 963 Ium
2262 908 2563 978 apostolum
2600 922 2831 979 sequens
2857 946 2871 973 ,
2907 906 3029 960 dico
3064 904 3177 958 haec
3206 919 3327 959 esse
3355 903 3649 974 allegorica
3670 943 3695 969 ν

2115 1010 2170 1055 et
2205 1009 2521 1056 sanctorum
2560 1000 2776 1069 nuptias
2806 998 3242 1068 coniunctionem
3270 998 3392 1052 dico
3428 1012 3547 1052 esse
3573 996 3694 1052 ani-

2117 1107 2217 1148 ma:
2259 1109 2379 1149 cum
2410 1094 2576 1147 verbo
2622 1092 2738 1149 Dei.
2790 1091 2896 1157 Qui
2934 1090 3080 1146 enim
3124 1090 3303 1161 jungit
3339 1105 3394 1143 se
3424 1088 3649 1144 Domino
3672 1128 3689 1155 ,

2118 1201 2254 1238 unus
2295 1187 2513 1254 spiritus
2566 1195 2643 1240 est
2695 1184 2761 1239 ”.
2822 1183 2973 1239 lianc
3022 1192 3202 1238 autem
3252 1181 3691 1247 coniunctionem

2118 1275 2313 1330 animm
2339 1293 2459 1331 cum
2492 1278 2679 1341 verbo,
2701 1286 2906 1331 certum
2934 1284 3144 1333 estnon
3172 1274 3331 1329 aliter
3363 1273 3482 1330 ﬁeri
3508 1289 3692 1344 posse,

2120 1366 2220 1421 nisi
2285 1382 2382 1437 per
2432 1368 2848 1425 instructionem
2903 1368 3211 1424 divinorum
3256 1367 3556 1429 librorum,
3596 1368 3693 1436 qui

2122 1458 2419 1528 ﬁguraliter
2463 1459 2605 1528 putei
2654 1459 3012 1528 appellantur.
3054 1459 3134 1514 Ad
3179 1472 3318 1528 quos
3369 1456 3413 1512 si
3444 1457 3564 1527 quis
3603 1474 3699 1511 ve-

2121 1549 2255 1615 niat,
2284 1559 2339 1604 et
2373 1549 2590 1603 hauriat
2628 1565 2693 1604 ex
2724 1550 2811 1605 his
2856 1565 3048 1619 aquas,
3080 1549 3132 1603 id
3175 1558 3259 1604 est
3291 1548 3601 1602 meditando
3640 1548 3693 1602 in

2121 1640 2237 1707 his,
2272 1654 2490 1694 sensum
2528 1649 2584 1694 et
2621 1639 2952 1696 intellectum
2980 1640 3245 1711 percipiat
3276 1639 3564 1706 altiorem,
3610 1639 3697 1693 in-

444 1731 802 1799 haurientem,
828 1748 934 1786 non
966 1732 1080 1787 vult
1102 1732 1265 1788 aliam
1293 1711 1632 1801 despondere
1648 1734 1869 1789 domino
1895 1711 2013 1801 suo,
2047 1711 2091 1765 Β
2123 1733 2297 1787 veniet
2324 1732 2542 1802 nuptias
2573 1732 2682 1785 Deo
2705 1732 2918 1802 dignas.
2953 1731 3314 1802 Coniungitur
3344 1730 3492 1785 enim
3516 1731 3701 1786 anima

442 1840 549 1879 non
578 1824 624 1879 ei
659 1824 751 1878 dat
777 1833 1117 1891 ornamenta,
1148 1826 1246 1879 nisi
1277 1826 1396 1879 talis
1435 1827 1522 1879 sit.
1561 1824 1674 1879 Non
1715 1824 1808 1878 dat
1862 1826 2018 1879 inatt-

442 1927 552 1977 res,
588 1930 693 1969 non
722 1913 1074 1968 braccnialia.
1108 1914 1285 1969 Manet
1315 1915 1696 1984 incomposita,
1720 1914 2015 1983 inerudite,

443 2005 734 2073 incompta.
786 2003 1046 2058 Puiamus
1082 2004 1210 2074 quia
1260 2014 1418 2075 pater
1474 2006 1733 2059 Rebeccae
1758 2004 1839 2059 vir
1868 2007 2019 2062 dives

442 2111 547 2153 non
575 2095 810 2150 habebat
855 2096 1183 2150 bracchialia
1231 2106 1286 2150 et
1344 2098 1582 2164 inaures,
1613 2112 1747 2167 quas
1773 2099 2017 2168 impone-

441 2201 524 2247 ret
551 2191 675 2246 tiliae
696 2190 842 2245 suae?
868 2189 1038 2243 Tanta
1074 2190 1190 2261 ejus
1216 2190 1546 2262 negligentia
1571 2203 1716 2255 erat,
1750 2200 1843 2246 aut
1886 2207 2017 2245 ava-

441 2281 583 2344 ritia,
614 2291 672 2335 ut
705 2280 827 2334 lilia:
877 2289 1195 2333 ornamenta
1231 2296 1335 2335 nun
1392 2282 1586 2337 daret?
1632 2280 1739 2337 Sed
1772 2282 2017 2337 Rebecca

442 2387 546 2426 non
580 2372 692 2425 vult
720 2373 787 2426 dc
813 2387 946 2426 auro
979 2371 1257 2426 Bathuelis
1283 2372 1494 2426 ornari.
1520 2370 1635 2428 Non
1659 2383 1783 2428 sunt
1816 2373 1864 2428 ei
1891 2389 2017 2428 con-

438 2463 599 2533 digna
655 2476 975 2517 ornamenta
1029 2463 1265 2517 hominis
1293 2462 1511 2517 barbari
1544 2474 1599 2518 et
1649 2465 1905 2534 imperiti.
1946 2466 2019 2520 De

439 2552 601 2606 domo
650 2553 880 2607 Abraha:
912 2555 1141 2624 requirit
1196 2554 1436 2623 monilia,
1493 2556 1619 2625 quia
1658 2557 1917 2625 patientia
1951 2558 2020 2612 de

440 2641 599 2694 domo
624 2643 887 2710 sapientis
914 2657 1161 2699 ornatur.
1215 2644 1329 2699 Non
1371 2653 1663 2715 potuerunt
1701 2662 1830 2717 ergo
1856 2662 2018 2703 aures

444 2732 698 2786 Rebecca:
726 2733 966 2803 recipere
992 2735 1244 2790 decorem
1270 2751 1431 2791 suum
1452 2775 1468 2801 ,
1504 2736 1607 2791 nisi
1644 2738 1856 2793 veniret
1883 2754 2021 2806 puer

439 2822 695 2886 Abrahae,
732 2830 784 2877 et
838 2824 955 2892 ipse
992 2839 1086 2880 eas
1123 2838 1370 2880 ornaret.
1410 2825 1522 2881 Nec
1554 2842 1745 2881 manus
1790 2830 1906 2898 ejus
1937 2843 2024 2883 or-

439 2925 695 2970 namenta
752 2917 1077 2987 suscipiunt,
1136 2919 1236 2973 nisi
1293 2934 1413 2989 qua:
1441 2920 1653 2975 miserit
1686 2920 1855 2975 Isaac.
1897 2920 2020 2975 Vult

2118 1824 2236 1893 eius
2266 1839 2387 1878 cum
2430 1825 2557 1879 Deo.
2594 1824 2783 1878 Desilit
2814 1825 2978 1879 etiam
3009 1824 3077 1879 de
3105 1824 3327 1878 camelis
3348 1864 3364 1891 ,
3394 1824 3446 1879 id
3476 1833 3563 1879 est
3585 1824 3697 1881 dis»

2119 1917 2261 1972 cedit
2312 1932 2341 1969 a
2388 1915 2570 1980 vitiis,
2602 1915 2789 1983 abiicit
2816 1914 2926 1986 (72)
2956 1914 3357 1970 irrationabiles
3393 1930 3609 1982 sensus,
3640 1924 3700 1972 et

2119 2005 2466 2076 coniungitur
2512 2006 2685 2059 Isaac.
2740 2004 2966 2075 Dignum
3014 2020 3246 2075 namque
3290 2013 3374 2060 est
3439 2014 3495 2059 ut
3547 2006 3698 2060 Isaac

2119 2106 2359 2152 transeat
2410 2098 2477 2153 dc
2510 2098 2710 2152 virtute
2747 2096 2816 2151 ad
2851 2097 3129 2152 virtutem.
3164 2096 3267 2163 Qui
3299 2096 3519 2152 virtutis
3555 2100 3697 2153 Iilins

2120 2201 2204 2243 est
2237 2186 2424 2253 Saraa,
2460 2203 2605 2242 nunc
2643 2187 2990 2257 coniungitur
3016 2197 3071 2242 et
3102 2188 3345 2246 sociatur
3382 2189 3694 2258 patientiae,

2120 2297 2240 2351 qua:
2265 2291 2350 2337 est
2380 2281 2645 2336 Rebecca.
2692 2281 2757 2335 Et
2789 2280 2892 2336 hoc
2923 2291 3007 2337 est
3040 2281 3274 2337 transire
3302 2282 3370 2336 de
3400 2281 3598 2337 virtute
3627 2283 3695 2335 ad

2121 2372 2401 2437 virtutem,
2430 2382 2485 2426 et
2513 2387 2577 2426 ex
2611 2372 2713 2425 ﬁde
2747 2373 2815 2429 ad
2850 2373 3034 2428 ﬁdem.
3076 2371 3180 2427 Sed
3210 2381 3266 2426 et
3295 2372 3361 2426 ad
3403 2372 3693 2442 Evangelia

2121 2465 2403 2519 veniamus
2430 2462 2496 2518 “.
2523 2464 2643 2533 Ipse
2681 2465 2942 2520 Dominus
2968 2479 3094 2519 cum
3121 2479 3187 2519 ex
3217 2465 3409 2519 itinere
3439 2464 3694 2535 fatigatus

2122 2555 2331 2621 luisset,
2356 2556 2635 2611 videamus
2664 2556 2752 2610 ubi
2782 2557 3019 2626 requiem
3044 2557 3260 2627 quaerit.
3294 2555 3473 2620 Venit,
3499 2556 3696 2625 inquit,

2121 2648 2187 2702 ad
2220 2655 2466 2717 puteum,
2499 2656 2553 2702 et
2574 2648 2801 2703 sedebat
2828 2662 2990 2717 super
3010 2663 3155 2702 eum.
3181 2646 3345 2701 Vides
3374 2647 3572 2716 ubique
3592 2648 3696 2703 sibi

2121 2738 2458 2794 concordare
2481 2739 2765 2809 mysteria,
2793 2737 2946 2793 vides
2977 2736 3111 2792 Novi
3166 2746 3221 2793 et
3262 2736 3471 2792 Veteris
3504 2736 3696 2792 Testa—

2122 2830 2294 2886 menti
2324 2844 2597 2886 consonas
2632 2829 2858 2883 formas.
2910 2827 2984 2883 lbi
3011 2829 3076 2881 ad
3108 2835 3305 2898 puteos
3342 2837 3397 2881 et
3425 2827 3489 2881 ad
3527 2841 3696 2896 aquas

2120 2922 2375 2986 venitur,
2427 2930 2486 2975 ut
2536 2920 2886 2976 inveniantur
2935 2934 3148 2989 sponsae
3188 2919 3323 2989 (75),
3355 2926 3409 2973 et
3455 2915 3697 2971 Ecclesia

440 3011 584 3062 enim
616 3024 779 3063 aurea
811 3008 922 3080 ('70)
961 3010 1011 3063 in
1048 3010 1271 3064 auribus
1301 3011 1581 3081 suscipere
1612 3013 1799 3077 verba,
1833 3024 1883 3067 ct
1918 3029 2018 3068 au-
2045 3033 2089 3093 ο
2123 3014 2340 3069 Christo
2374 3000 2426 3067 in
2461 3012 2684 3067 lavacro
2719 3025 2875 3082 aqua:
2910 3010 3278 3080 coniungitur.
3324 3008 3485 3064 Vides
3524 3023 3699 3078 quan-

442 3116 566 3155 reos
589 3111 746 3156 actus
774 3103 827 3155 in
860 3102 1111 3158 manibus
1149 3103 1370 3156 habere.
1405 3102 1512 3157 Sed
1542 3103 1657 3160 haec
1689 3104 1840 3175 prius
1869 3105 2016 3161 acci-

441 3207 571 3261 pere
607 3209 710 3246 non
758 3192 952 3262 potuit,
990 3207 1088 3247 nec
1143 3193 1365 3258 mereri,
1416 3194 1517 3247 nisi
1556 3196 1792 3251 venisset
1823 3196 1889 3249 ad
1922 3211 2021 3266 pu-

444 3295 558 3339 teos
578 3284 793 3338 haurire
820 3298 1009 3354 aquas.
1041 3284 1118 3337 Tu
1141 3285 1231 3354 qui
1262 3300 1369 3340 non
1400 3286 1482 3339 vis
1512 3287 1698 3341 venire
1728 3289 1793 3340 ad
1828 3303 2016 3357 aquas,

441 3375 532 3443 qui
568 3391 672 3428 non
706 3374 786 3429 vis
813 3374 866 3428 in
896 3376 1123 3431 auribus
1149 3375 1254 3430 tuis
1275 3389 1439 3430 aurea
1480 3378 1868 3446 prephetarum
1897 3393 2018 3433 ver-

444 3467 509 3519 ba
534 3466 835 3537 suscipere,
882 3466 1153 3537 quomodo
1183 3467 1389 3536 poteris
1436 3478 1667 3522 ornatus
1693 3482 1813 3523 esse
1836 3469 1889 3521 in
1922 3468 2020 3525 do-

442 3558 640 3623 ctrina,
667 3568 890 3613 ornatus
920 3558 974 3612 in
999 3558 1234 3623 actibus,
1264 3567 1493 3612 ornatus
1518 3558 1571 3612 in
1601 3559 1880 3613 moribus?

510 3647 567 3703 5.
594 3648 718 3711 Sed.
755 3657 812 3702 ut
844 3649 1162 3704 omittamus
1202 3648 1456 3719 plurima,
1490 3663 1662 3719 neque
1701 3649 1842 3705 enim
1873 3664 2021 3704 com-

442 3740 716 3794 mentandi
749 3755 889 3795 nunc
936 3750 1148 3811 tempus
1202 3749 1306 3807 est,
1341 3743 1433 3796 sed
1480 3741 1781 3797 mditicandi
1830 3740 2022 3797 Eccle-

442 3829 579 3883 siam
608 3828 726 3893 Dei,
774 3838 830 3884 et
861 3831 1125 3900 pigriores
1176 3844 1240 3886 ac
1270 3832 1481 3886 desides
1527 3832 1797 3888 auditores
1829 3848 2021 3887 exemo

441 3921 545 3990 plis
574 3931 882 3976 sanctorum
930 3932 984 3975 et
1024 3921 1268 3991 mysticis
1301 3922 1775 3991 explanationibus
1826 3938 2024 3992 provo-

442 4014 601 4068 caudi
630 4030 645 4068 :
672 4024 857 4068 secuta
884 4028 1109 4083 puerum
1138 4012 1408 4087 Rebecca,
1433 4013 1583 4067 venit
1608 4015 1674 4068 ad
1702 4012 1876 4068 Isaac.
1924 4014 2023 4069 Se-

443 4112 565 4157 cuta
588 4103 730 4157 enim
757 4118 1059 4157 sermonem
1094 4102 1469 4171 propheticum
1496 4100 1741 4155 Ecclesia
1771 4100 1918 4153 venit
1954 4101 2021 4155 ad

440 4191 743 4247 Christum.
795 4191 861 4247 Et
912 4192 1001 4247 ubi
1050 4206 1175 4247 eum
1224 4190 1468 4245 invenit?
1524 4190 1604 4246 Ad
1648 4200 1886 4257 puteum,
1941 4190 2024 4244 in-

444 4281 563 4352 quit
603 4280 671 4347 ”,
724 4281 1012 4352 juramenti
1076 4279 1524 4336 deambulantem.
1591 4278 1870 4348 Nusquam
1938 4295 2025 4334 re-

443 4372 651 4427 ceditur
715 4388 746 4426 a
804 4372 1002 4439 puteis,
1068 4386 1345 4442 nunquam
1396 4371 1680 4427 desistitur
1726 4369 1795 4423 ab
1838 4371 2012 4439 aquis.
2046 4366 2094 4425 Ι)

442 4463 690 4518 Rebecca
740 4465 1014 4519 invenitur
1064 4464 1133 4519 ad
1191 4473 1433 4533 puteum.
1497 4463 1736 4519 Rursum
1806 4463 2019 4519 Rebec-

440 4571 503 4610 ca
556 4556 624 4609 ad
703 4566 921 4625 puteum
972 4556 1177 4611 invenit
1241 4556 1414 4611 Isaac.
1466 4555 1541 4610 Ibi
1622 4556 1829 4626 primos
1903 4557 2021 4627 eius

440 4647 841 4717 contemplatur
898 4659 1184 4717 aspectus,
1264 4646 1337 4701 ibi
1394 4648 1577 4703 desilit
1634 4649 1700 4703 de
1734 4649 2019 4715 ecamelis,

439 4740 553 4815 89
587 4741 656 4796 ibi
685 4756 714 4794 a
758 4755 925 4810 puero
962 4740 1061 4795 sibi
1091 4742 1523 4797 demonstratum
1543 4741 1675 4796 vidit
1699 4742 1865 4797 Isaac.
1893 4742 2021 4798 Ilaec

441 4844 601 4899 putas
661 4833 776 4887 sola
827 4833 1024 4888 referri
1081 4832 1152 4889 de
1194 4833 1414 4904 puteis?
1466 4843 1524 4889 et
1576 4834 1749 4890 Iacob
1801 4837 1867 4890 ad
1919 4851 2017 4906 pu-

442 4932 586 4980 teum
635 4927 825 4991 venit,
874 4938 929 4982 et
999 4926 1071 4981 ibi
1133 4926 1337 4981 invenit
1389 4925 1629 5001 Rachel,
1671 4936 1725 4980 et
1779 4927 1852 4981 ibi
1933 4929 2016 4981 in-

444 5020 674 5074 notescit
707 5020 755 5075 ei
792 5019 991 5077 Rachel
1017 5020 1156 5075 bona
1190 5018 1361 5075 oculis
1394 5026 1448 5073 ct
1475 5018 1670 5073 decora
1699 5029 1925 5089 aspectu.
1952 5021 2018 5075 ⁸ο.

442 5109 549 5165 Sed
587 5119 641 5165 et
678 5111 886 5183 Moyses
922 5112 987 5166 ad
1024 5119 1247 5182 puteum
1296 5110 1501 5166 invenit
1541 5109 1804 5165 Seﬂ'oram
1853 5109 2019 5171 ﬁliam

551 5204 598 5237 ⁸⁸
620 5205 810 5260 Matth.
842 5223 959 5262 xm.
1036 5207 1081 5239 ³⁹
1110 5206 1307 5263 Cenes.
1345 5221 1495 5273 xxw,
1527 5204 1616 5260 62.

445 5272 492 5307 “
518 5273 675 5330 Joan.
709 5292 785 5338 tv,
822 5278 876 5331 6.
950 5277 995 5308 ⁸⁸
1024 5277 1182 5332 Rom.
1215 5293 1289 5341 tv,
1325 5276 1411 5332 I9.

516 5368 637 5443 (70_)_
663 5368 785 5423 Vult
805 5371 941 5424 enim
955 5387 1148 5443 aurea,
1176 5381 1283 5427 etc.
1314 5369 1467 5443 [Iuno
1487 5371 1665 5427 locum
1687 5372 1861 5443 carpit
1889 5388 2019 5429 san-

447 5438 918 5511 ctusilfluslathius
953 5442 1004 5494 in
1030 5450 1272 5511 tractatu
1312 5441 1385 5495 De
1416 5443 1742 5511 pythonissa.
1785 5438 1799 5443 ’
1854 5460 1857 5461 ⁷

520 5507 635 5577 (7i)
665 5510 809 5563 Alias
837 5510 1059 5577 animal,
1090 5512 1183 5565 scil
1220 5526 1349 5568 Inss.
1382 5507 1651 5567 animalis.
1685 5512 1853 5568 Paulo
1880 5513 2018 5568 infra

449 5595 601 5643 ness.,
635 5594 770 5633 unus
802 5582 1018 5649 spiritus
1047 5591 1143 5637 est.
1181 5580 1344 5649 Editi,
1384 5598 1518 5636 unm
1544 5592 1617 5636 est
1659 5583 1872 5654 spiritus
1901 5599 2020 5639 cum

443 5666 524 5706 σο.

1693 5204 1737 5239 ⁸ο
1766 5204 1964 5264 Cenes.
1998 5224 2152 5267 uix.

2123 3116 2209 3162 tus
2248 3120 2348 3161 IIOS
2391 3114 2856 3160 sacramentorum
2887 3102 3134 3158 cumulus
3176 3110 3465 3173 perurget,
3497 3108 3698 3169 quanta

2120 3206 2247 3254 sunt
2264 3213 2383 3268 qua:
2401 3205 2717 3261 occurrunt,
2746 3194 3020 3264 explicare
3041 3209 3146 3248 non
3172 3208 3484 3263 possumus,
3507 3192 3699 3247 saltem

2121 3287 2234 3343 hmc
2273 3287 2503 3342 incitare
2533 3296 2585 3339 te
2627 3286 2825 3341 debent
2861 3286 2928 3340 ad
2974 3287 3336 3349 audiendum,
3382 3286 3451 3339 ad
3497 3301 3694 3342 convc-

2123 3379 2403 3445 niendum,
2436 3388 2494 3433 ut
2523 3378 2683 3433 etiam
2704 3378 2747 3433 si
2770 3392 2869 3431 nos
2896 3376 3075 3447 aliqua
3104 3391 3199 3446 pro
3229 3376 3492 3432 brevitate
3520 3387 3701 3434 trans-

2122 3471 2390 3526 currimus
2414 3511 2429 3536 ,
2471 3478 2525 3523 tu
2568 3484 2691 3524 cum
2747 3468 2941 3538 retegis
2980 3476 3035 3523 et
3069 3468 3342 3537 requiris,
3396 3470 3560 3523 etiam
3587 3470 3702 3539 ipse

2123 3560 2384 3617 discutias
2424 3568 2480 3614 et
2513 3559 2793 3625 invenias,
2829 3567 2979 3613 certe
3025 3559 3111 3613 vel
3158 3560 3210 3614 in
3247 3562 3441 3615 horum
3477 3561 3701 3629 inquisi-

2126 3651 2271 3707 tione
2301 3664 2659 3721 permaneas,
2695 3658 2753 3704 ιιι
2784 3659 2840 3705 et
2867 3657 2917 3703 te
2944 3649 3168 3709 verbum
3203 3648 3297 3705 Dei
3325 3650 3606 3705 inveniens
3632 3651 3698 3703 ad

2124 3760 2321 3815 aquam
2349 3752 2617 3810 assumat,
2643 3749 2696 3799 et
2718 3742 3018 3812 coniungat
3056 3742 3181 3807 sibi,
3216 3751 3273 3795 ut
3293 3740 3547 3795 eﬂiciaris
3578 3757 3699 3794 tum

2123 3851 2190 3891 eo
2241 3851 2382 3891 unus
2428 3835 2656 3904 spiritus
2714 3833 2767 3887 in
2818 3832 3039 3887 Christo
3067 3830 3195 3885 Jesu
3240 3830 3467 3885 Domino
3511 3838 3699 3883 nostro

2124 3927 2208 3981 cui
2240 3937 2326 3981 est
2371 3924 2541 3997 gloria
2591 3932 2648 3979 et
2689 3923 2974 3993 imperium
3014 3921 3068 3976 in
3111 3920 3306 3977 saacula
3348 3919 3695 3975 saeculorum.

2123 4018 2321 4074 Amen.

2702 4149 2986 4207 HOMILIA
3024 4149 3118 4206 XI.

2127 4285 2202 4342 De
2230 4302 2290 4342 eo
2324 4286 2463 4356 quod
2492 4285 2763 4339 Abraham
2804 4284 3089 4339 Cethuram
3122 4283 3325 4356 accepit
3354 4296 3571 4356 uxorem
3591 4319 3607 4347 ,
3646 4286 3695 4337 at

2279 4352 2420 4427 quod
2450 4356 2606 4411 Isaac
2634 4356 2891 4410 habitavit
2928 4356 2997 4410 ad
3026 4352 3509 4425 puteum’visiom‘s.

2198 4473 2251 4527 I.
2297 4470 2524 4540 Semper
2556 4470 2713 4525 nobis
2741 4479 2966 4525 sanctus
3001 4469 3202 4524 Paulus
3232 4466 3509 4539 apostolus
3537 4479 3702 4520 occa-

2123 4562 2304 4617 siones
2327 4561 2533 4629 przebet
2558 4559 2929 4630 intelligentia:
2958 4558 3239 4629 spiritalis,
3271 4566 3324 4612 et
3356 4570 3527 4626 pauca
3551 4555 3698 4618 licet,

2127 4665 2309 4710 tamen
2353 4653 2662 4709 necessaria
2703 4652 2961 4708 studiosis
2992 4650 3229 4706 ostendit
3259 4649 3477 4715 indicia,
3504 4647 3700 4716 quibus

2124 4747 2268 4817 quod
2308 4745 2393 4800 lex
2422 4744 2683 4814 spiritalis
2712 4745 2802 4809 sit,
2832 4743 2885 4797 in
2919 4742 3172 4799 omnibus
3203 4748 3553 4811 agnoscatur.
3584 4737 3699 4806 Ipse

2127 4838 2295 4910 igitur
2333 4836 2400 4891 de
2422 4836 2702 4890 Abraham
2739 4845 2794 4889 et
2830 4831 2967 4888 Sara
2996 4833 3282 4901 disputans
3312 4830 3545 4898 quodam
3560 4829 3700 4882 Iloco

2126 4929 2204 4982 ait
2222 4927 2299 4983 "z
2331 4925 2477 5002 Non,
2501 4926 2696 4997 inquit,
2715 4925 3015 4993 inﬁrmatus
3043 4922 3148 4992 fide
3173 4920 3523 4975 consideravit
3547 4933 3700 4972 suum

2126 5034 2315 5088 corpus
2347 5027 2655 5081 emortuum,
2675 5033 2794 5071 cum
2822 5014 2933 5084 fere
2982 5021 3188 5067 centum
3228 5025 3489 5065 annorum
3526 5015 3659 5061 88881
3682 5045 3697 5069 ,

2127 5125 2174 5169 et
2201 5122 2494 5169 emortuam
2520 5110 2723 5166 vulvam
2741 5108 2913 5163 Saraz.
2932 5106 3083 5161 Hunc
3100 5118 3232 5177 ergo
3262 5118 3422 5174 quem
3456 5101 3547 5157 ille
3569 5098 3703 5154 dicit

2228 5210 2271 5243 “
2305 5207 2477 5264 Exod.
2512 5221 2579 5262 ιι.
2654 5200 2750 5257 "1
2786 5202 2913 5258 Cor.
2950 5217 3015 5268 ιι,
3044 5200 3131 5256 Η.
3207 5198 3254 5230 ⁸³
3293 5198 3312 5253 I
3346 5196 3474 5254 Cor.
3504 5208 3583 5264 vr,
3610 5194 3700 5250 I7.

2199 5373 2313 5445 (72)
2342 5368 2488 5445 Aiias
2507 5405 2523 5432 ,
2557 5364 2784 5435 abjiciet.
2806 5403 2818 5418 .
2841 5407 2855 5420 .
2876 5401 2892 5418 .
2929 5374 2977 5419 et
3012 5363 3360 5433 conjungetur
3388 5358 3566 5414 Isaac.
3595 5355 3705 5415 Sed

2128 5440 2264 5501 mss.
2296 5440 2355 5497 ut
2383 5440 2434 5494 in
2469 5446 2656 5491 nostro
2703 5445 2869 5489 textu.

2201 5515 2313 5585 (75)
2346 5509 2437 5585 Sic
2471 5521 2625 5568 mss.,
2658 5506 2788 5560 editi
2819 5520 2943 5563 vero
2958 5510 3303 5561 consonantes
3335 5499 3558 5573 formas.
3580 5535 3598 5553 .
3647 5533 3702 5557 ..

2131 5598 2183 5642 ιιι
2211 5582 2509 5640 inveniatur
2547 5591 2761 5646 sponsa.
