4122 6248
438 315 540 371 22!

1667 310 1737 366 IN
1768 309 2069 366 GENESIM
2103 308 2393 367 IIOMILIA
2424 307 2523 364 XI.

3590 313 3700 368 222’.

439 424 673 485 emortui
720 426 966 497 corporis
1012 428 1065 482 in
1108 425 1428 482 centenario
1470 440 1738 482 annorum
1790 438 2019 481 numero
2046 424 2093 481 A
2121 430 2339 477 calores
2382 417 2567 490 porcis
2606 423 3021 485 comparantur,
3061 417 3151 485 qni
3188 418 3241 471 in
3282 420 3520 488 peccatis
3546 423 3697 478 velut

442 520 644 575 fuisse.
674 528 730 574 et
761 519 910 574 Isaac
957 517 1129 587 magis
1166 517 1525 571 virtute‘ﬁdei
1569 532 1731 588 quam
1769 516 2020 586 corporis

441 609 779 665 fecunditate
817 608 1065 677 genuisse
1092 648 1107 672 ,
1137 607 1425 677 Scriptura
1478 623 1623 663 nunc
1658 607 1829 662 refert
1860 622 2019 662 acce-

439 700 589 769 pisse
620 713 840 753 uxorem
867 698 1166 753 Cethuram
1200 698 1442 762 nomine,
1475 708 1531 753 et
1555 699 1694 753 ﬁlios
1716 712 1783 753 ex
1816 712 1878 753 ea
1908 696 2022 766 plu-

436 788 608 843 rimos
629 787 900 858 genuisse,
928 802 1053 843 eum
1078 787 1193 843 fere
1228 796 1448 842 centum
1477 788 1694 859 triginta
1731 795 1787 842 et
1808 796 2017 856 septem

437 879 716 934 videretur
745 893 1039 934 annorum.
1073 878 1210 934 Nam
1246 878 1382 935 Sara
1414 895 1551 933 uxor
1579 878 1696 948 ejus
1725 879 1916 933 decem
1950 876 2021 931 ab

436 984 505 1024 eo
535 968 695 1024 anuis
721 968 909 1037 jnnior
946 969 1205 1025 scribitur
1226 1009 1244 1036 ,
1279 985 1402 1040 qure
1432 970 1732 1025 centesimo
1759 968 2019 1023 vicesimo

436 1064 491 1109 et
516 1055 752 1125 septimo
791 1070 935 1111 anno
966 1054 1221 1112 defuncta
1248 1094 1264 1115 .
1308 1056 1512 1112 indicat
1544 1056 1821 1110 Abraham
1856 1066 2022 1121 super

437 1156 658 1200 centum
684 1145 906 1217 triginta
926 1154 1128 1217 septem
1155 1161 1420 1201 annorum
1447 1146 1640 1213 fuisse,
1666 1161 1787 1202 cum
1811 1145 2017 1201 Cethu-

437 1249 557 1290 ram
585 1237 795 1307 accepit
822 1252 1072 1293 uxorem.
1114 1237 1257 1305 Quid
1283 1238 1459 1309 ergo?
1492 1249 1748 1309 putamus
1774 1238 1919 1307 quod
1948 1237 2018 1309 in

438 1335 587 1382 tanto
614 1327 922 1395 patriarcha
954 1343 1052 1395 per
1083 1328 1222 1384 idem
1272 1337 1484 1396 tempus
1511 1329 1859 1382 incitamenta
1890 1341 2018 1380 car-

435 1417 521 1472 nis
560 1417 880 1488 viguerint?
938 1418 1005 1473 Et
1051 1419 1145 1488 qui
1196 1418 1323 1474 olim
1382 1418 1725 1473 naturalibus
1779 1417 2020 1470 motibus

432 1514 714 1561 emortuus
742 1507 966 1571 dicitur,
1003 1522 1148 1562 nunc
1185 1507 1254 1560 ad
1286 1507 1570 1561 libidinem
1600 1504 1713 1576 (74)
1748 1505 2021 1563 redivivus

430 1596 746 1665 potabitur?
773 1595 881 1659 An,
910 1604 970 1649 ut
991 1610 1137 1664 serpe
1160 1596 1272 1662 jam
1292 1595 1554 1659 diximus,
1574 1599 2014 1665 patriarcharum

431 1687 679 1757 conjugia
711 1687 1007 1754 mysticum
1038 1685 1258 1755 aliquod
1296 1686 1540 1741 indicant
1574 1689 2014 1742 sacramentum?

2122 513 2175 565 in
2204 519 2450 565 stercore
2499 506 2672 564 fetido
2702 505 3040 560 volutantur.
3081 506 3147 558 Et
3177 507 3338 562 David
3366 525 3429 564 ex
3466 527 3692 580 persona

2121 600 2432 670 peccatoris
2476 598 2801 670 paenitentis
2850 596 2979 651 dicit
3023 595 3114 649 ἰε
3153 593 3587 665 Computruerunt
3640 615 3690 658 et

2120 707 2289 747 exeam
2314 700 2435 745 sunt
2464 691 2736 744 cicatrices
2778 703 2929 742 metu.

2187 784 2243 838 2.
2275 782 2331 837 Si
2358 783 2482 852 quis
2503 795 2638 852 ergo
2670 788 2915 833 vestrum
2952 786 3036 832 est
3059 817 3074 840 ,
3111 777 3164 831 in
3188 791 3298 847 quo
3330 779 3463 831 odor
3489 782 3695 847 peccati

2112 873 2224 944 jam
2257 874 2437 929 nullus
2467 882 2589 937 est,
2622 872 2713 926 sed
2747 871 2885 924 odor
2906 868 3131 937 justitite
3153 908 3168 931 ,
3202 868 3445 922 suavitas
3480 871 3696 925 miseri-

2118 965 2337 1029 cordiae,
2367 964 2413 1019 si
2443 963 2567 1033 quis
2591 964 2709 1016 sine
2748 959 3153 1016 intermissione
3184 960 3393 1014 orando
3420 959 3573 1013 oﬁ‘ert
3606 961 3701 1016 Do-

2119 1057 2269 1112 mino
2304 1069 2519 1125 semper
2550 1055 2857 1115 incensum,
2886 1056 2941 1105 et
2971 1050 3106 1104 dicit
3127 1050 3176 1081 ⁸⁸
3203 1067 3217 1101 :
3255 1048 3541 1118 Dirigatur
3564 1065 3692 1102 ora—

2119 1148 2193 1201 tio
2227 1162 2344 1200 mea
2391 1146 2524 1199 sicut
2576 1146 2843 1197 incensum
2874 1144 2929 1196 in
2980 1148 3264 1209 conspectu
3302 1150 3394 1193 tuo
3419 1179 3434 1205 ,
3484 1140 3700 1193 elevatio

2120 1252 2381 1289 manuum
2420 1249 2657 1288 mearum
2686 1233 3009 1300 sacri/icium
3046 1230 3393 1299 uespertinum
3417 1268 3432 1293 ,
3476 1229 3565 1282 hic
3595 1227 3702 1282 Ce-

2120 1327 2339 1381 thuram
2369 1325 2525 1380 duxit
2555 1339 2803 1379 uxorem.
2844 1324 2937 1379 Sic
2962 1336 3094 1392 ergo
3136 1336 3322 1375 senum
3374 1319 3591 1388 nuptias
3622 1317 3701 1371 in-

2121 1417 2409 1487 terpretari
2455 1414 2672 1485 dignius
2707 1423 2835 1484 puto
2859 1455 2875 1479 ,
2914 1414 2993 1469 sic
3040 1412 3265 1483 pulchre
3299 1410 3431 1465 inita
3467 1408 3701 1479 patriar-

2119 1510 2347 1566 charum
2380 1509 2433 1563 in
2464 1508 2654 1562 ultima
2682 1508 2789 1577 iam
2816 1514 2872 1561 et
2899 1505 3104 1560 deiecta
3128 1512 3286 1560 mtate
3312 1503 3583 1574 conjugia,
3616 1502 3698 1557 sic

2115 1599 2455 1654 necessarias
2485 1597 2719 1652 ﬁliorum
2763 1595 3172 1666 procreationes
3209 1592 3466 1648 existimo
3499 1607 3695 1647 nume-

2115 1691 2330 1744 randas.
2360 1689 2442 1743 Ad
2479 1689 2615 1743 tales
2641 1689 2786 1743 enim
2814 1690 3030 1759 nuptias
3055 1696 3108 1742 et
3137 1684 3511 1753 hujuscemodi
3542 1684 3697 1738 sobo-

434 1754 666 1833 Sicut-et
691 1776 812 1841 ille,
859 1776 950 1846 qui
980 1776 1196 1832 dicebat
1222 1778 1288 1833 de
1313 1777 1582 1846 sapientia
1617 1778 1693 1832 “:
1728 1778 1885 1832 Hane
1912 1796 2010 1850 ego
2042 1754 2083 1809 Β
2112 1780 2217 1836 lem
2244 1823 2261 1850 ,
2314 1797 2422 1837 non
2460 1782 2533 1837 ita
2568 1781 2798 1850 juvenes
2831 1754 2903 1836 ut.
2929 1794 3090 1857 senes
3121 1779 3231 1850 apti
3282 1786 3432 1833 sunt.
3479 1775 3696 1842 Quanto

436 1868 659 1936 rogitavi
687 1883 905 1922 uxorem
932 1867 1194 1921 adducere
1230 1868 1381 1921 mihi.
1421 1866 1693 1924 Fortassis
1725 1883 1862 1939 ergo
1894 1870 2008 1940 jam

439 1969 567 2015 tunc
595 1969 649 2017 et
672 1961 945 2016 Abraham
974 1961 1152 2017 simile
1179 1961 1381 2031 aliquid
1416 1963 1695 2033 cogitavit,
1727 1972 1782 2018 et
1815 1979 2010 2033 quam-

436 2052 521 2105 vis
542 2063 685 2107 esset
714 2052 952 2120 sapiens,
993 2052 1098 2108 hoc
1125 2052 1238 2122 ipso
1268 2060 1449 2108 tamen
1479 2052 1707 2119 sciebat,
1744 2054 1891 2125 quod
1924 2069 2014 2110 sa-

434 2141 648 2213 pientiae
665 2143 842 2199 nullus
865 2152 946 2199 est
966 2143 1111 2210 ﬁnis,
1144 2159 1241 2199 nec
1271 2144 1513 2199 discendi
1545 2144 1837 2201 terminum
1863 2160 2015 2203 sene.

430 2241 552 2287 ctus
592 2232 836 2300 imponit.
872 2231 973 2298 Qui
1020 2232 1165 2287 enim
1197 2234 1486 2289 consuevit
1521 2248 1588 2289 eo
1630 2234 1792 2290 modo
1825 2233 2011 2290 sortiri

428 2320 862 2386 matrimonium,
887 2335 996 2391 quo
1019 2322 1087 2377 de
1116 2323 1232 2393 ipso
1259 2324 1514 2394 superius
1543 2324 1929 2393 indicavimus,
1957 2325 2009 2381 id

431 2418 517 2464 est
560 2410 653 2479 qui
686 2411 952 2466 virtutem
984 2412 1187 2468 habere
1219 2414 1273 2468 in
1305 2414 1561 2484 conjugio
1598 2416 1765 2481 solet,
1790 2418 2009 2486 quando

424 2508 604 2569 potest
629 2501 698 2557 ab
719 2500 1099 2573 hujuscemodi
1126 2518 1343 2561 cessare
1371 2506 1664 2577 coniugio?
1692 2506 1840 2562 Sarac
1862 2524 2011 2562 nam-

422 2603 533 2660 que
557 2592 833 2659 dormitio,
864 2593 1083 2664 virtutis
1106 2604 1189 2651 est
1216 2597 1561 2667 intelligenda
1585 2600 2005 2654 consummatio.

425 2682 527 2749 Qui
592 2698 721 2739 vero
765 2695 1156 2743 consummatae
1196 2700 1251 2743 et
1306 2688 1562 2758 perfecta:
1611 2690 1831 2744 virtutis
1880 2700 2005 2759 est,

425 2788 645 2843 semper
669 2790 893 2831 necesse
920 2785 1001 2832 est
1027 2786 1087 2832 ut
1119 2778 1172 2832 in
1205 2778 1383 2849 aliqua
1408 2781 1712 2837 eruditione
1736 2794 2003 2841 versetur.

426 2858 601 2927 Quam
652 2862 1012 2917 eruditionem
1073 2863 1353 2935 coniugem
1408 2866 1530 2936 ejus
1561 2882 1745 2924 sermo
1786 2870 2005 2927 divinus

426 2950 680 3021 appellat.
706 2952 1013 3009 Secundum
1041 2955 1143 3010 hoc
1170 2965 1299 3024 puto
1329 2959 1473 3027 quod
1504 2969 1559 3013 et
1584 2961 1635 3015 in
1659 2961 1776 3032 lege
1806 2964 2004 3019 caelebs

426 3050 481 3096 et
511 3043 713 3099 sterilis
738 3045 1023 3102 maledicto
1058 3047 1331 3113 subiacet.
1365 3049 1507 3104 Dicit
1539 3055 1720 3108 enim:
1776 3056 2007 3111 Maledi-

2110 1875 2256 1930 enim
2291 1875 2417 1944 quis
2461 1889 2632 1929 carne
2663 1872 2783 1943 plus
2822 1872 2998 1928 fessus
3044 1880 3157 1934 est,
3194 1878 3347 1924 tanto
3391 1867 3497 1923 erit
3525 1865 3694 1920 animi

2111 1968 2313 2022 virtute
2349 1964 2631 2021 robustior
2656 2004 2672 2028 ,
2699 1975 2756 2020 et
2783 1963 3064 2031 sapientia:
3091 1959 3459 2031 complexibus
3496 1958 3693 2027 aptior.

2115 2057 2209 2114 Sic
2251 2066 2305 2113 et
2327 2057 2416 2112 ille
2456 2056 2512 2109 iu
2557 2055 2858 2124 Scripturis
2888 2055 2935 2125 ’ξ
2966 2055 3049 2106 vir
3072 2054 3248 2122 justus
3289 2052 3528 2105 Elehana
3559 2051 3696 2105 duas

2115 2150 2277 2207 simul
2328 2149 2567 2206 refertur
2593 2147 2852 2203 habuisse
2898 2159 3131 2211 uxores,
3176 2158 3405 2213 quarum
3454 2158 3557 2196 una
3594 2142 3698 2196 Fe-

2114 2256 2333 2309 nenna,
2383 2239 2487 2294 alia
2554 2238 2710 2292 Anna
2777 2234 3103 2296 dicebatur,
3159 2234 3211 2288 id
3265 2240 3351 2287 est
3411 2231 3696 2286 conversio

2113 2343 2169 2389 et
2224 2331 2397 2402 gratia
2447 2328 2586 2403 (76).
2627 2328 2695 2383 Et
2736 2328 2913 2396 primo
2952 2324 3170 2394 quidem
3229 2322 3429 2377 dicitur
3478 2323 3544 2378 de
3590 2320 3697 2376 Fe-

2114 2438 2290 2480 neuna
2334 2423 2475 2478 ﬁlios
2528 2419 2859 2489 suscepisse,
2904 2416 2958 2471 id
3000 2425 3084 2471 est
3122 2415 3190 2471 de
3228 2415 3604 2479 conversione,
3636 2420 3693 2466 et

2110 2516 2452 2589 postmodum
2513 2514 2580 2569 de
2622 2512 2813 2576 Anna,
2868 2524 2988 2581 qua:
3034 2519 3117 2565 est
3166 2507 3363 2579 gratia.
3407 2505 3693 2560 Profectus

2108 2607 2307 2663 etenim
2351 2614 2669 2661 sanctorum
2712 2604 2993 2671 Scriptura
3063 2599 3364 2671 ﬁguraliter
3419 2611 3518 2668 per
3559 2610 3691 2651 con-

2103 2698 2252 2769 iugia
2296 2699 2565 2768 designat.
2609 2696 2762 2753 Unde
2804 2703 2860 2749 et
2897 2703 2952 2747 tu
2982 2700 3156 2762 potes,
3192 2691 3236 2747 si
3278 2692 3383 2756 vis,
3437 2690 3692 2760 hujusce-

2108 2791 2254 2847 modi
2284 2790 2605 2861 nuptiarum
2638 2787 2867 2841 maritus
2891 2782 3181 2847 exsistere,
3222 2790 3297 2848 et,
3323 2780 3473 2835 verbi
3500 2794 3689 2844 causa,

2106 2885 2151 2940 si
2202 2881 2625 2952 hospitalitatem
2667 2877 2901 2932 libenter
2935 2887 3179 2935 exerces,
3229 2872 3369 2925 hanc
3414 2869 3511 2923 tibi
3559 2882 3692 2922 cou-

2100 2974 2282 3045 jugem
2334 2969 2607 3027 videberis
2666 2964 3054 3035 assumpsisse.
3118 2961 3255 3015 lluic
3312 2960 3356 3016 si
3412 2956 3690 3013 addideris

2097 3080 2391 3139 pauperum
2452 3075 2635 3117 curam
2682 3098 2700 3125 ,
2758 3057 3052 3114 secundam
3118 3052 3395 3108 videberis
3459 3052 3690 3105 sortitus

426 3143 540 3189 ctus
562 3136 653 3204 qui
681 3153 784 3191 non
811 3138 1077 3209 reliquerit
1103 3156 1276 3195 semen
1305 3142 1361 3196 in
1398 3140 1590 3200 Israel.
1624 3144 1777 3211 Quod
1806 3149 1851 3203 si
1883 3151 1997 3205 haec
2025 3128 2068 3186 (ἶ
2102 3128 2351 3213 iugi-em,
2380 3152 2538 3220 Quod
2564 3152 2610 3207 si
2651 3160 2706 3206 et
2747 3148 3064 3219 patientiam
3094 3145 3192 3200 tibi
3215 3144 3414 3213 iungas
3449 3152 3504 3199 et
3534 3158 3689 3198 man-

426 3225 492 3280 de
526 3227 734 3282 carnali
778 3231 983 3285 semine
1016 3231 1122 3285 dici
1165 3240 1464 3300 putentur,
1510 3250 1699 3292 omnes
1737 3237 1999 3295 Ecclesia:

424 3316 664 3385 virgines
695 3320 798 3374 sub
843 3321 1132 3378 maledicto
1168 3324 1357 3393 positae
1387 3326 1736 3384 videbuntur.
1769 3332 1837 3386 Et
1865 3331 1997 3400 quid

423 3406 494 3461 de
516 3406 771 3464 Ecclesiae
798 3409 1095 3480 virginibus
1122 3415 1275 3471 dico?
1306 3415 1427 3486 Ipse
1453 3416 1711 3487 Joannes,
1741 3437 1849 3491 quo
1879 3437 1999 3477 ma.

420 3493 511 3562 jor
536 3495 679 3550 inter
713 3508 870 3553 natos
899 3501 1185 3557 mulierum
1215 3520 1376 3561 nemo
1409 3508 1511 3561 fuit
1539 3508 1616 3573 ‘7,
1654 3519 1710 3564 et
1738 3511 1831 3566 alii
1872 3527 1998 3567 san-

423 3596 637 3643 ctorum
664 3587 882 3657 plurimi
905 3629 923 3652 .
949 3605 1134 3646 semen
1155 3599 1448 3653 secundum
1475 3613 1695 3654 carnem
1732 3616 1835 3656 non
1868 3604 1996 3659 reli-

426 3686 685 3743 querunt,
711 3679 907 3749 quippe
937 3680 1028 3748 qui
1067 3696 1168 3736 nec
1198 3683 1383 3741 iniisse
1408 3687 1625 3756 quidem
1651 3692 1999 3748 matrimonia

428 3768 757 3825 referuntur.
793 3769 902 3827 Sed
935 3779 993 3826 et
1026 3781 1237 3829 certum
1271 3784 1355 3831 est
1390 3777 1512 3834 illos
1543 3781 1788 3847 spiritale
1814 3797 1998 3837 semen

424 3868 476 3911 et
492 3858 767 3929 Spiritales
794 3860 935 3917 ﬁlios
953 3862 1265 3931 reliquisse,
1281 3875 1336 3921 et
1361 3867 1617 3924 habuisse
1641 3886 1998 3940 unumquem-

418 3961 524 4040 que
577 3949 862 4040 conjugem
914 3954 1276 4023 sapientiam,
1337 3958 1479 4015 sicut
1534 3970 1588 4016 et
1642 3963 1843 4023 Paulus
1898 3985 1997 4040 per

418 4036 764 4108 Evangelium
804 4042 942 4099 ﬁlios
980 4045 1275 4115 generabat
1300 4047 1364 4101 ⁵⁸.
1403 4049 1627 4121 Accepit
1662 4069 1792 4128 ergo
1826 4036 1992 4119 senex

416 4130 645 4185 emortui
685 4132 797 4200 jam
843 4136 1087 4205 corporis
1114 4136 1390 4193 Abraham
1423 4140 1713 4199 Cethuram
1745 4164 1992 4209 uxorem.

423 4216 538 4288 Ego
566 4228 697 4288 puto
732 4224 1025 4280 secundum
1058 4225 1219 4293 hanc,
1254 4244 1416 4301 quam
1445 4247 1606 4302 supra
1644 4239 1995 4304 exposuimus

427 4308 714 4374 rationem,
741 4314 883 4380 quod
913 4316 1105 4372 melius
1130 4326 1256 4374 tunc
1292 4337 1430 4381 uxor
1451 4324 1744 4393 accipitur,
1776 4330 1995 4395 quando

422 4408 733 4456 emortuum
797 4419 996 4474 corpus
1048 4417 1169 4476 est,
1226 4413 1448 4481 quando
1493 4415 1821 4471 mortiﬁcata
1867 4430 1993 4474 sunt

425 4494 684 4549 membra.
710 4492 879 4565 Major
900 4498 1045 4552 enim
1066 4501 1133 4554 ad
1162 4502 1484 4571 sapientiam
1513 4505 1768 4562 sensibus
1792 4510 1994 4565 nostris

420 4584 693 4649 capacitas
719 4585 830 4656 90
852 4586 1014 4655 inest,
1040 4592 1258 4660 quando
1279 4595 1628 4652 mortiﬁcatio
1651 4597 1856 4653 Christi
1884 4601 1994 4655 cir-

421 4671 726 4731 cumfertur
770 4678 827 4731 in
859 4693 1086 4750 corpore
1134 4692 1325 4738 nostro
1370 4688 1588 4742 mortali
1639 4688 1706 4744 ι’.
1751 4690 1994 4761 Denique

419 4761 661 4821 Cethura
690 4781 850 4836 quam
882 4785 1024 4826 nunc
1049 4786 1214 4829 senex
1233 4775 1510 4832 Abraham
1537 4779 1765 4834 sortitur
1789 4782 1841 4836 in
1874 4800 1991 4837 ma-
2057 4771 2069 4782 ’

422 4854 770 4923 trimouium,
800 4860 1087 4928 thymiama
1137 4863 1530 4934 interpretatur
1561 4868 1706 4940 (75),
1736 4872 1878 4941 quod
1908 4882 1991 4928 est

421 4942 703 5001 incensum
735 4988 753 5012 ,
785 4950 868 5004 vel
918 4951 1087 5008 bonus
1113 4955 1268 5010 odor.
1313 4957 1379 5011 Et
1424 4958 1538 5028 ipse
1586 4962 1729 5016 enim
1777 4963 1991 5018 dicebat

421 5037 560 5091 sicut
590 5038 789 5097 Paulus
815 5042 952 5098 dixit
976 5044 1042 5111 ⁸⁸),
1067 5047 1192 5115 quia
1223 5048 1424 5105 Christi
1446 5052 1610 5107 bonus
1632 5055 1765 5108 odor
1789 5071 1991 5110 sumus.

417 5129 700 5195 Quomodo
738 5143 918 5189 autem
966 5138 1087 5206 quis
1129 5140 1334 5196 Christi
1362 5143 1537 5199 bonus
1579 5145 1716 5200 odor
1743 5146 1994 5212 eﬁlcitur,

416 5220 715 5277 videamus.
761 5224 1050 5282 Peccatum
1100 5244 1189 5284 res
1226 5238 1311 5286 est
1357 5232 1543 5291 fetida.
1599 5236 1839 5307 Denique
1868 5253 1994 5308 pce-

484 5331 688 5417 “_Sa_p.
721 5352 843 5417 vlli,
872 5338 924 5394 9.
959 5340 1048 5417 _""
1065 5340 1253 5417 Matth.
1288 5361 1364 5410 xl,
1398 5347 1483 5401 12.
1561 5348 1604 5379 ⁸⁸
1632 5347 1651 5400 I
1678 5350 1803 5403 Cor.
1834 5367 1905 5416 tv,
1945 5351 2030 5406 15.
2072 5352 2116 5383 ⁸³
2141 5350 2179 5406 ll
2210 5351 2338 5405 Cur.
2379 5366 2451 5417 Iv,
2487 5350 2575 5405 10.
2650 5351 2697 5384 ⁸⁸
2725 5350 2766 5404 Il
2791 5349 2919 5406 Cor.
2949 5350 3122 5416 11,15.

409 5400 467 5458 6.
541 5400 1010 5473 "l’sal.cxt.i,2.
1089 5400 1418 5483 ntuegﬁi.
1474 5400 1539 5449 ⁷³η
1568 5418 1630 5471 ιιι
1660 5400 2079 5489 Ρ⁷η’τ”ειίί“ρ.ἰζϊυὶ.

484 5496 596 5581 (ii)
628 5497 701 5551 Ita
741 5516 875 5581 mss.
902 5503 1056 5581 editi,
1110 5520 1141 5557 a
1170 5504 1408 5563 libidine.
1458 5510 1624 5566 Paulo
1659 5524 1776 5581 post
1807 5516 1936 5570 editi
1967 5556 1983 5581 ,

413 5570 685 5642 mysticum
712 5570 913 5640 aliquid
942 5573 1181 5627 iudicant
1212 5586 1259 5629 et
1300 5593 1589 5636 sacratum.
1626 5570 1731 5640 Sed
1767 5603 1897 5640 mss.
1926 5570 1985 5639 ui.

412 5648 468 5689 ιιι
507 5648 690 5690 11051Γο
724 5650 893 5692 textu.

480 5703 594 5777 (75)
647 5707 880 5763 Ccthura
939 5711 1227 5781 thymiama
1273 5715 1662 5787 interpretatur
1722 5738 1751 5775 a
1804 5723 1983 5779 radice

2105 3248 2469 3308 suetudinem,
2516 3252 2852 3309 exterasque
2894 3240 3144 3301 virtutes,
3189 3247 3269 3293 tot
3293 3238 3563 3292 videberis
3597 3251 3692 3291 ac-

2104 3339 2315 3408 cepisse
2361 3347 2585 3395 uxores,
2631 3338 2765 3399 quot
2807 3328 3103 3383 virtutibus
3142 3328 3365 3397 gaudes.
3396 3326 3523 3381 Inde
3558 3340 3688 3395 ergo

2102 3441 2187 3487 est
2240 3428 2382 3496 quod
2432 3422 2723 3478 nonnullos
2778 3419 3216 3488 patriarcharum
3280 3416 3442 3469 simul
3502 3418 3688 3485 plures

2105 3519 2358 3577 habuisse
2399 3513 2680 3583 coniuges,
2727 3511 2864 3567 alios
2907 3508 3180 3565 defunctis
3224 3508 3500 3579 prioribus
3530 3526 3687 3565 accc-

2102 3615 2250 3684 pisse
2323 3611 2503 3674 alias,
2575 3605 2859 3674 Scriptura
2931 3611 3323 3657 commemorat
3376 3620 3391 3656 :
3444 3613 3502 3657 ut
3554 3601 3683 3656 illud

2106 3703 2404 3774 ﬁguraliter
2432 3699 2725 3760 indicetur,
2757 3694 2898 3763 quod
2924 3694 3140 3763 quidam
3178 3694 3358 3761 plures
3382 3693 3537 3747 simul
3562 3708 3684 3762 pos-

2107 3802 2236 3849 sunt
2280 3802 2540 3846 exercere
2603 3787 2879 3848 virtutes,
2931 3783 3023 3837 alii
3070 3798 3176 3837 non
3234 3783 3383 3851 prius
3437 3798 3556 3851 qua:
3596 3798 3683 3836 se-

2103 3891 2343 3955 quuntur
2396 3879 2635 3949 incipere
2668 3915 2684 3941 ,
2744 3889 2905 3945 quam
2971 3872 3152 3942 priora
3213 3873 3570 3941 perduxerint
3615 3873 3682 3925 ad

2102 3972 2428 4043 perfectum.
2458 3969 2585 4024 Inde
2616 3967 2852 4036 denique
2892 3965 3148 4021 Salomon
3190 3964 3371 4032 plures
3395 3963 3558 4018 simul
3588 3964 3679 4017 lia--

2100 4065 2284 4120 buisse
2330 4061 2565 4117 refertur
2608 4072 2807 4112 uxores
2841 4096 2856 4121 ,
2902 4057 2988 4112 cui
3031 4056 3246 4111 dixerat
3290 4054 3551 4109 Dominus
3589 4053 3681 4107 “z

2102 4148 2324 4219 Sapiens
2358 4155 2479 4200 ante
2518 4157 2565 4199 te
2608 4161 2712 4199 non
2760 4145 2859 4213 fuit
2903 4143 3063 4207 talis,
3090 4154 3136 4198 et
3180 4154 3294 4212 post
3338 4155 3387 4197 te
3430 4160 3531 4198 non
3557 4144 3677 4198 erit.

2101 4237 2238 4304 Quia
2277 4253 2409 4307 ergo
2450 4236 2675 4292 dederat
2730 4237 2780 4289 ei
2824 4235 3082 4291 Dominus
3122 4234 3516 4289 multitudinem
3551 4250 3681 4303 pru-

2101 4330 2300 4385 dentia:
2326 4370 2340 4395 ,
2379 4330 2523 4385 sicut
2568 4344 2735 4384 arena
2782 4338 2865 4383 est
2913 4329 3081 4383 maris
3106 4367 3122 4394 ,
3176 4336 3235 4382 ut
3274 4326 3543 4395 iudicaret
3582 4345 3680 4399 pu-

2102 4424 2284 4492 pulum
2327 4438 2485 4478 sumu
2530 4422 2583 4476 in
2630 4421 2935 4490 sapientia,
2984 4421 3108 4476 ideo
3149 4420 3331 4492 plures
3374 4421 3537 4476 simul
3584 4437 3679 4492 po-

2100 4522 2244 4570 terat
2287 4529 2546 4570 exercere
2604 4514 2854 4569 virtutes.
2922 4513 3065 4570 Sane
3108 4525 3310 4585 praeter
3349 4514 3485 4580 hoc,
3533 4516 3679 4583 quod

2100 4622 2165 4661 ex
2203 4606 2322 4675 lege
2355 4606 2451 4661 Dei
2494 4607 2820 4671 edocemur,
2869 4607 2917 4661 si
2958 4607 3123 4662 etiam
3165 4626 3233 4664 ex
3274 4605 3360 4662 his
3409 4606 3677 4661 eruditio-

2099 4697 2294 4760 nibus,
2336 4710 2456 4765 qu:e
2500 4695 2842 4751 extrinsecus
2887 4696 3142 4752 videntur
3184 4713 3305 4754 esse
3353 4698 3404 4751 iu
3454 4697 3674 4759 saeculo,

2098 4788 2309 4856 aliquas
2348 4788 2720 4858 contigimus;
2770 4788 2919 4843 verbi
2962 4802 3150 4853 causa,
3202 4798 3262 4843 ut
3306 4797 3391 4842 est
3439 4787 3678 4841 eruditio

2098 4878 2425 4942 litterarum,
2451 4880 2534 4936 vel
2568 4879 2702 4934 artis
2720 4880 3122 4949 grammatice,
3149 4888 3209 4932 ut
3230 4886 3313 4933 est
3345 4879 3675 4945 geometrica

2097 4972 2371 5038 doctrina,
2416 4972 2500 5025 vel
2546 4971 2688 5026 ratio
2740 4987 3115 5037 numerorum,
3159 4970 3244 5025 vel
3289 4971 3453 5024 etiam
3501 4970 3674 5023 diale-

2097 5066 2235 5116 ctica
2276 5060 2605 5131 disciplina;
2657 5069 2712 5115 et
2755 5062 2868 5115 lucc
2912 5061 3095 5115 omnia
3145 5059 3488 5114 extrinsecus
3526 5074 3675 5124 qua.»

2098 5152 2241 5214 sita,
2296 5150 2364 5204 ad
2424 5160 2611 5205 nostra
2670 5150 2919 5205 instituta
2967 5148 3354 5218 perducimus,
3405 5158 3571 5218 atque
3616 5150 3672 5205 in

2099 5242 2457 5298 assertionem
2508 5249 2711 5295 nostra:
2760 5240 2896 5310 legis
2944 5239 3268 5296 aseiscimus
3294 5280 3311 5305 ,
3352 5250 3480 5298 tunc
3520 5240 3672 5297 vide-

3220 5352 3264 5386 ⁵⁸
3292 5352 3434 5409 Psal.
3460 5368 3666 5421 xxxvii.

2090 5515 2360 5600 Hebraicg
2370 5524 2523 5600 113p,
2552 5513 2801 5600 adoieuit,
2825 5516 3031 5600 sufﬁcit.

2163 5586 2274 5653 (7m
2323 5584 2574 5639 Feueima
2622 5586 2821 5639 dicitur
2870 5584 3091 5655 Urigcui
3129 5588 3394 5643 conversio
3422 5603 3452 5644 a
3496 5594 3666 5649 verbo

2095 5664 2222 5715 ηδε).
2266 5656 2489 5728 aspexit,
2524 5656 2809 5728 convertit,
2849 5660 3003 5711 Anna
3047 5672 3176 5711 vero
3210 5661 3381 5728 gratia
3422 5677 3449 5714 a
3486 5665 3661 5719 radice

2097 5735 2231 5808 nn.
2254 5726 2476 5796 gratiam
2507 5726 2629 5795 fecit
2650 5765 2665 5795 ,
2698 5728 3010 5799 misericors,
3039 5726 3300 5798 gratiosus
3329 5729 3452 5801 fuit.
