4122 6248
446 214 558 271 225

1943 230 2265 287 ORIGENIS

3591 240 3695 304 225

452 344 635 400 himur
672 343 757 417 vel
788 343 1119 415 alienigenas
1156 344 1206 398 in
1254 344 1664 401 matrimonium
1710 349 2029 418 sumpsisse,
2059 353 2107 409 Α
2138 348 2302 400 donet
2331 343 2471 399 hanc
2504 341 2959 410 benedictionem,
3008 354 3065 399 ut
3100 343 3343 400 habitare
3379 360 3588 405 merear
3620 356 3695 413 ad

451 434 538 490 vel
576 436 742 489 etiam
786 436 1145 491 concubinas.
1195 436 1262 490 Et
1302 439 1346 492 si
1387 438 1453 493 de
1503 439 1868 507 hujuscemodi
1898 455 2025 495 con-

448 527 613 597 jugiis
653 528 1009 595 disputando,
1049 527 1370 584 disserendo:
1406 530 1541 600 (77),
1586 532 2027 587 contradicentes

452 617 859 685 redarguendo,
923 628 1244 673 convertere
1310 620 1521 690 aliquos
1592 624 1891 691 poterimus
1956 624 2024 678 ad

455 706 634 769 ﬁdem,
675 715 730 760 et
776 706 820 759 si
866 708 981 761 suis
1026 722 1119 763 eos
1160 709 1461 765 rationibus
1502 720 1557 765 et
1603 712 1813 767 artibus
1860 728 2025 783 supe-

454 805 670 861 rantes,
706 810 886 849 veram
923 798 1322 868 philosophiam
1367 802 1565 858 Christi
1611 812 1667 857 et
1689 818 1873 859 veram
1908 807 2025 874 pie-

455 894 615 940 tatem
645 887 735 941 Dei
769 889 1047 957 suscipere
1077 893 1440 948 suascrimus:
1489 904 1615 951 tunc
1637 912 1702 952 ex
1737 899 2023 953 dialectica

450 977 537 1030 vel
582 978 854 1033 rhetorica
902 980 1210 1036 videbimur
1254 986 1406 1051 quasi
1448 1001 1514 1041 ex
1561 988 1861 1060 alienigena
1896 1006 2025 1060 qua-

451 1067 570 1121 dam
602 1108 617 1133 ,
677 1070 762 1125 vel
804 1072 1149 1138 concubina,
1207 1074 1348 1130 lilios
1400 1079 1676 1146 genuisse.
1727 1080 1899 1151 Igitur
1956 1084 2022 1137 ad

455 1160 589 1214 tales
636 1163 850 1231 nuptias
880 1204 894 1229 ,
939 1165 1021 1218 vel
1078 1166 1144 1219 ad
1190 1166 1566 1236 hujuscemodi
1618 1172 1759 1227 lilios
1801 1188 2023 1243 procre-

452 1252 657 1315 andos,
697 1266 793 1321 per
838 1265 1113 1310 senectam
1169 1259 1345 1315 nullus
1394 1261 1724 1325 excluditur,
1772 1264 1881 1319 imo
1924 1280 2020 1334 po-

456 1341 559 1395 tius
602 1343 715 1397 lizec
744 1359 893 1399 casta
942 1351 1226 1418 progenies
1272 1362 1499 1406 matura:
1538 1355 1683 1409 aetati
1730 1356 1850 1425 plus
1889 1371 2022 1411 con-

451 1434 616 1486 venit.
657 1435 806 1490 Sicut
849 1448 906 1493 et
947 1455 1086 1495 nunc
1122 1442 1393 1497 Abraham
1435 1446 1760 1514 grandaevus
1788 1487 1804 1511 ,
1853 1457 1931 1513 et,
1963 1457 2022 1504 ut

455 1524 733 1595 Scriptura
768 1529 903 1583 dicit
921 1532 968 1563 ³⁸
994 1571 1008 1595 ,
1028 1549 1186 1588 senex
1206 1544 1251 1589 et
1269 1535 1456 1605 plenus
1490 1539 1696 1592 dierum
1726 1539 2023 1597 Cethuram

451 1618 599 1672 ducit
635 1635 881 1676 uxorem.
917 1623 1023 1678 Sed
1073 1641 1140 1680 ne
1176 1627 1276 1682 hoc
1309 1629 1524 1697 quidem
1567 1631 1737 1686 latere
1784 1648 1883 1687 nos
1927 1632 2023 1688 de-

451 1708 544 1763 bet
587 1726 650 1764 ex
684 1711 767 1766 his
801 1728 921 1782 qua:
954 1729 1049 1782 per
1084 1716 1369 1772 historiam
1426 1719 1778 1786 referuntur,
1811 1738 1930 1792 qua:
1967 1733 2023 1778 et

451 1801 641 1867 quales
670 1803 777 1856 sint
804 1806 1182 1874 generationes
1202 1850 1217 1874 ,
1246 1826 1366 1879 qua:
1397 1825 1459 1865 ex
1494 1813 1608 1881 ipsa
1634 1825 2019 1885 propagantur.

454 1890 511 1945 Si
543 1895 685 1947 enim
722 1894 913 1950 horum
959 1900 1366 1957 meminerimus
1392 1942 1407 1967 ,
1447 1903 1661 1959 facilius
1699 1906 1764 1960 de
1798 1908 2023 1963 diversis

452 1984 706 2052 gentibus
754 2000 874 2054 qua:
927 1988 979 2040 in
1030 1987 1329 2057 Scripturis
1377 1992 1672 2058 dicuntur,
1725 1996 2024 2064 poterimus

452 2088 789 2142 agnoscere:
827 2078 978 2132 verbi
1004 2095 1186 2146 causa,
1224 2091 1281 2136 ut
1313 2097 1434 2137 eum
1469 2085 1667 2140 dicitur
1698 2090 1839 2156 quod
1878 2089 2025 2162 Moy-

449 2182 538 2221 ses
561 2168 769 2236 accepit
800 2185 1021 2225 uxorem
1053 2172 1215 2225 tiliam
1246 2171 1436 2229 Jetbro
1464 2177 1759 2233 sacerdotis
1789 2178 2020 2248 Madian,

452 2257 542 2323 qui
574 2256 785 2312 Madian
816 2260 1088 2315 invenitur
1118 2262 1263 2316 ﬁlius
1294 2263 1463 2318 fuisse
1488 2264 1739 2322 Cethurze
1767 2278 1824 2323 et
1851 2269 2025 2324 Abra-

452 2345 576 2399 ham
607 2346 673 2400 “.
705 2347 1064 2416 Agnoscimus
1097 2364 1249 2419 ergo,
1292 2354 1435 2422 quod
1470 2370 1609 2409 uxor
1644 2356 1813 2428 Moysi
1841 2373 1905 2413 ex
1940 2375 2025 2415 se-

457 2438 602 2489 mine
632 2436 906 2492 Abraham
939 2440 1030 2505 sit,
1060 2451 1112 2494 et
1148 2457 1253 2496 non
1288 2443 1451 2499 fuerit
1482 2446 1804 2515 alienigena.
1835 2451 1938 2505 Sed
1970 2460 2025 2506 et

453 2541 578 2580 cum
612 2531 875 2585 scribitur
908 2534 1091 2603 regina
1131 2536 1326 2603 Cedar,
1363 2540 1643 2594 sciendum
1676 2542 2025 2599 nihilominus

457 2628 563 2682 est,
598 2623 742 2689 quod
771 2632 824 2677 et
853 2624 1029 2678 Cedar
1057 2641 1121 2681 ex
1158 2628 1271 2696 ipso
1298 2643 1494 2700 genere
1519 2632 1771 2687 Cethuraa
1801 2635 2027 2690 descen-

455 2713 547 2766 dat
591 2723 648 2768 et
696 2716 990 2771 Abraham.
1027 2720 1132 2773 Sed
1165 2730 1218 2775 et
1264 2722 1317 2775 in
1357 2726 1800 2792 generationibus
1832 2728 2024 2784 lsmael

451 2803 644 2857 similia
687 2806 951 2862 invenies.
988 2809 1135 2875 Quas
1168 2812 1212 2865 si
1251 2814 1535 2884 diligenter
1566 2815 1865 2883 intuearis,
1905 2819 2026 2888 plu-

454 2895 621 2949 rimas
658 2896 710 2951 in
747 2899 831 2953 his
870 2914 987 2966 qua:
1030 2912 1255 2957 caeteros
1302 2902 1474 2959 latent
1528 2906 1780 2962 historias
1835 2910 2025 2978 depre-

2126 439 2347 500 puteum
2396 430 2648 486 visionis!
2689 431 2820 498 Quis
2876 440 3053 502 potest
3110 435 3252 489 scire
3297 445 3352 491 et
3403 436 3694 508 intelligere

2126 538 2246 593 quae
2283 532 2365 577 est
2397 523 2553 590 visio,
2587 537 2745 592 quam
2780 524 2913 577 vidit
2939 524 3101 579 Isaias
3136 526 3279 580 illius
3310 527 3523 582 Amos?
3563 530 3695 595 Quis

2126 622 2304 683 potest
2322 615 2465 669 scire
2492 630 2611 685 qua:
2647 624 2731 669 est
2754 615 2891 669 visio
2931 615 3139 670 Namn?
3160 617 3295 684 Quis
3323 627 3499 687 potest
3532 620 3694 673 inteb-

2126 706 2294 774 ligere
2327 706 2456 775 quid
2482 705 2756 760 contineat
2788 705 2877 758 illa
2914 706 3052 761 visio
3082 721 3241 775 quam
3274 708 3407 761 vidit
3434 706 3602 763 Iacob
3641 710 3694 765 in

2125 800 2337 865 Bethel,
2361 816 2483 854 cum
2514 801 2693 855 abiret
2718 801 2770 854 in
2796 800 3262 869 Mesopotamiam,
3310 804 3398 859 ubi
3428 805 3565 859 dixit
3602 806 3648 837 ‘°
3677 822 3693 859 :

2128 889 2258 945 Hac
2286 900 2359 944 est
2384 890 2571 945 domus
2601 890 2718 955 Dei,
2752 901 2801 945 et
2829 902 2979 961 porta
3009 893 3165 947 mli?
3191 894 3255 948 Et
3284 895 3329 949 si
3369 895 3493 965 quis
3519 907 3699 965 potést

2125 983 2363 1053 singulas
2393 998 2638 1053 quasque
2675 984 2933 1051 visiones,
2988 986 3071 1040 vel
3122 1002 3241 1055 qua:
3278 990 3332 1042 in
3383 988 3500 1057 lege
3542 999 3692 1054 sunt,

2124 1074 2208 1128 vel
2241 1089 2361 1143 quae
2393 1075 2445 1128 in
2470 1074 2767 1151 prophetis,
2799 1076 2942 1131 scire
2963 1085 3016 1130 et
3052 1077 3353 1146 intelligere
3375 1119 3391 1144 ,
3427 1079 3512 1135 ille
3539 1079 3694 1135 habi-

2125 1173 2205 1219 tat
2254 1166 2321 1219 ad
2380 1178 2599 1236 puteum
2657 1166 2904 1222 visionis.
2966 1167 3071 1223 Sed
3116 1178 3171 1224 et
3222 1169 3324 1224 hoc
3382 1170 3692 1238 diligentius

2123 1255 2396 1325 perspice,
2421 1257 2563 1324 quod
2593 1257 2665 1311 ita
2699 1271 2947 1327 magnam
2969 1257 3406 1313 benedictionem
3442 1260 3691 1328 accipere

2126 1347 2413 1401 aliomino
2444 1346 2641 1401 meruit
2679 1347 2862 1411 Isaae,
2919 1356 2980 1402 ut
3034 1348 3306 1403 habitaret
3358 1350 3425 1403 ad
3472 1356 3691 1418 puteum

2125 1437 2371 1493 visionis.
2402 1436 2511 1492 Nos
2544 1451 2674 1492 vero
2721 1439 2941 1506 quando
2982 1438 3117 1494 satis
3152 1440 3349 1494 mereri
3395 1440 3693 1508 poterimus

2124 1530 2169 1584 si
2220 1528 2366 1584 forte
2412 1528 2699 1583 transitum
2764 1528 2967 1584 habere
3016 1530 3287 1599 possimus
3332 1545 3428 1600 per
3472 1540 3692 1599 puteum

2124 1620 2368 1674 visionis.
2415 1618 2508 1678 Ille
2538 1628 2717 1673 tamen
2749 1635 3070 1689 permanere
3096 1621 3290 1676 meruit
3322 1624 3372 1676 in
3400 1622 3609 1678 visione
3638 1630 3699 1679 et

2126 1708 2391 1775 habitare,
2427 1724 2524 1764 nos
2554 1722 2742 1778 parum
2767 1708 2894 1777 quid
2922 1709 3206 1764 illuminati
3233 1725 3327 1777 per
3357 1710 3450 1766 Dei
3479 1710 3692 1766 miseri-

2125 1802 2364 1856 cordiam
2389 1801 2612 1867 sentire,
2641 1800 2721 1856 vel
2744 1802 3017 1870 suspicari
3038 1805 3103 1856 de
3128 1816 3453 1873 unaquaque
3481 1803 3691 1857 visione

2124 1891 2211 1945 vix
2256 1906 2560 1961 possumus.
2630 1890 2687 1946 Si
2739 1903 2917 1947 tamen
2967 1904 3193 1962 potuero
3240 1910 3403 1948 unum
3454 1895 3697 1965 aliquem

2127 1982 2459 2036 intellectum
2501 1982 2701 2037 sentire
2745 1982 2811 2036 de
2859 1982 3159 2037 visionibus
3191 1984 3306 2050 Dei,
3347 1999 3509 2040 unam
3549 1986 3699 2039 diem

2122 2072 2348 2127 videbor
2386 2072 2582 2128 fecisse
2632 2073 2699 2126 ad
2745 2082 2963 2141 putemn
3007 2074 3249 2129 visionis.
3308 2075 3364 2129 Si
3417 2090 3543 2131 vero
3585 2091 3691 2131 non

2124 2163 2299 2218 solum
2326 2164 2621 2219 secundum
2651 2166 2883 2220 litteram
2908 2209 2923 2233 ,
2955 2169 3047 2221 sed
3079 2166 3285 2235 aliquid
3311 2174 3365 2221 ct
3394 2169 3688 2223 secundum

2124 2254 2374 2321 Spiritum
2419 2257 2716 2325 attingere,
2776 2258 2995 2312 biduum
3036 2257 3261 2312 videbor
3314 2257 3510 2313 fecisse
3555 2261 3693 2328 apud

2124 2357 2348 2416 puteum
2379 2348 2621 2404 visionis.
2654 2350 2809 2416 Quod
2852 2358 2906 2404 et
2948 2350 2992 2403 si
3026 2350 3285 2405 moralem
3309 2349 3485 2404 locum
3514 2349 3695 2404 conti-

2125 2454 2293 2510 gero,
2350 2439 2571 2495 fecerim
2609 2440 2875 2507 triduum,
2939 2442 3024 2496 vel
3075 2451 3225 2497 eerte
3269 2443 3429 2496 etiam
3482 2443 3527 2497 si
3586 2457 3694 2497 non

2125 2541 2354 2599 potuero
2380 2533 2564 2586 omnia
2609 2532 2915 2602 intelligere
2938 2574 2953 2597 ,
2987 2532 3209 2602 assideo.
3234 2542 3412 2587 tamen
3448 2531 3699 2603 Scriptu-

2128 2624 2201 2678 ris
2240 2624 2381 2694 (79)
2416 2625 2638 2691 divinis,
2689 2636 2742 2681 et
2777 2627 2830 2679 in
2878 2626 2996 2696 lege
3048 2627 3139 2681 Dei
3196 2625 3428 2680 meditor
3484 2626 3571 2680 die
3630 2639 3696 2681 ac

2126 2728 2308 2786 nocte,
2364 2727 2420 2774 et
2469 2719 2692 2774 omnino
2746 2735 3022 2790 nunquam
3077 2720 3303 2784 desino,
3352 2718 3693 2788 inquirendo.

2128 2811 2486 2876 discutiendo,
2533 2811 2837 2877 tractando,
2893 2820 2948 2866 et
2982 2820 3151 2877 certe,
3207 2811 3351 2882 quod
3402 2813 3695 2867 maximum

2127 2911 2231 2967 est,
2255 2903 2464 2958 orando
2494 2902 2683 2968 Deum,
2712 2910 2766 2957 et
2793 2901 2858 2957 ab
2886 2902 3003 2970 ipso
3028 2902 3298 2971 poscendo
3329 2902 3686 2966 intellectum,

455 2986 677 3041 hendes.
729 2987 833 3043 Sed
876 3000 931 3044 et
977 3006 1075 3047 nos
1112 2993 1325 3048 interim
1375 2996 1490 3052 hac
1539 2998 1590 3052 in
1629 2999 1771 3053 aliud
1816 3009 2027 3071 tempus

2130 2996 2224 3065 qui
2261 2995 2419 3051 docet
2461 2993 2731 3047 hominem
2777 2992 3086 3058 scientiam,
3126 2991 3348 3046 videbor
3387 2993 3549 3047 etiam
3599 3006 3698 3062 ego

455 3079 794 3135 remittentes
822 3082 967 3152 (78),
1003 3086 1068 3138 ad
1098 3099 1159 3139 ea
1196 3102 1315 3157 qua:
1343 3089 1396 3142 in
1438 3093 1895 3163 consequentibus
1936 3111 2024 3151 re-

453 3167 617 3222 citata
647 3179 771 3223 sunt
807 3186 1179 3240 properemus.

522 3261 577 3314 5.
611 3259 677 3312 Et
712 3261 910 3330 factum
941 3276 1036 3330 est,
1073 3266 1246 3335 inquit
1272 3269 1339 3334 ⁸⁷,
1370 3280 1644 3341 postquam
1677 3285 1915 3331 mortuus
1951 3286 2026 3332 est

453 3350 716 3403 Abraham
746 3390 762 3416 ,
804 3354 1061 3408 benedixit
1105 3355 1362 3413 Dominus
1394 3359 1551 3414 Isaac
1578 3363 1747 3431 ﬁlium
1778 3367 1893 3434 ejus
1922 3409 1937 3433 ,
1976 3377 2027 3423 et

452 3441 703 3496 habitavit
738 3444 805 3496 ad
856 3456 1068 3513 puteum
1119 3450 1353 3506 visionis.
1406 3452 1481 3507 De
1532 3466 1705 3510 morte
1753 3460 2025 3515 Abraham

453 3532 581 3599 quid
614 3533 769 3587 nobis
806 3535 1035 3603 amplius
1058 3537 1340 3593 dicendum
1372 3554 1489 3609 est,
1524 3559 1683 3611 quam
1715 3561 1895 3602 sermo
1926 3550 2030 3605 Do-

455 3621 585 3674 mini
617 3621 668 3675 in
701 3622 1002 3693 Evangeliis
1038 3629 1300 3697 continet,
1336 3631 1525 3687 dicens
1555 3633 1641 3689 ⁸⁸2
1676 3634 1752 3689 De
1797 3652 2028 3693 resurre-

455 3713 628 3766 ctione
665 3726 837 3769 aulem
865 3728 1191 3774 mortuorum
1222 3739 1323 3776 non
1372 3722 1573 3794 legistis
1604 3730 1866 3796 quom-ode
1898 3732 2027 3784 dicit

454 3805 511 3858 in
552 3806 699 3872 rubo,
732 3805 872 3860 Deus
905 3808 1194 3878 Abraham,
1226 3823 1274 3866 et
1307 3813 1446 3866 Deus
1478 3815 1657 3883 Isaac,
1684 3828 1730 3871 et
1769 3818 1907 3872 Deus
1930 3821 2030 3874 Ja-

456 3900 548 3950 τοῦ
577 3899 601 3951 2’
630 3897 766 3953 Deus
804 3907 977 3953 autem
1009 3917 1112 3954 non
1151 3912 1226 3957 est
1264 3914 1619 3969 mortuorum,
1650 3910 1741 3962 sed
1770 3910 2025 3966 vivorum.

458 3985 649 4041 Omnes
677 3991 812 4042 enim
843 3990 919 4043 illi
949 3991 1126 4044 vivunt
1146 3993 1171 4046 Ρ
1190 3993 1449 4062 Optemus
1464 4010 1593 4065 ergo
1624 4006 1678 4051 et
1709 4013 1807 4052 nos
1835 4001 2022 4069 hujus.

460 4078 605 4133 modi
666 4089 891 4135 mortem
918 4121 933 4147 ,
978 4084 1119 4138 sicut
1153 4095 1206 4140 et
1234 4086 1526 4155 Apostolus
1552 4087 1685 4142 dicit
1715 4090 1761 4121 "
1785 4131 1799 4153 ,
1831 4101 1889 4145 ut
1916 4108 2031 4147 mo-

460 4172 671 4225 riamur
699 4182 939 4241 peccato,
969 4175 1215 4232 vivamus
1242 4188 1423 4233 autem
1456 4179 1585 4236 Deo.
1623 4182 1770 4238 Talis
1797 4200 2031 4255 namque

459 4262 691 4317 Abrahae
713 4279 859 4319 mors
890 4266 1230 4337 intelligenda
1262 4279 1380 4337 est,
1413 4286 1533 4341 qua:
1565 4274 1617 4327 in
1656 4283 1861 4329 tantum
1895 4276 2031 4331 dila-

463 4354 656 4407 laverit
690 4355 844 4410 sinus
883 4357 1019 4423 ejus,
1059 4368 1117 4413 ut
1152 4375 1340 4419 omnes
1369 4364 1543 4419 sancti
1576 4365 1666 4435 qui
1698 4366 1762 4421 de
1790 4377 2031 4436 quatuor
2063 4349 2107 4405 D

460 4446 729 4516 91terr2e
752 4451 994 4518 partibus
1016 4454 1260 4519 veniunt,
1288 4456 1337 4508 in
1360 4457 1536 4511 sinum
1556 4458 1786 4513 Abraha‘
1809 4470 2026 4528 porten-

464 4548 549 4592 tur
575 4540 641 4593 ah
665 4542 885 4612 angelis.
904 4543 1006 4598 Sed
1027 4545 1426 4614 videamusjam
1453 4553 1723 4617 quomodo
1747 4561 1867 4622 post
1885 4568 2029 4607 niur-

463 4638 570 4685 tem
597 4632 715 4701 ejus
758 4632 1089 4688 beuedixerit
1117 4636 1375 4691 Dominus
1407 4637 1558 4692 Isaac
1594 4639 1760 4694 [illum
1803 4639 1942 4708 ejus,
1975 4651 2029 4695 et

463 4738 584 4792 qute
615 4732 698 4777 est
723 4723 822 4779 ista
854 4725 1180 4781 benedictio.
1217 4727 1516 4796 Benedixit,
1547 4729 1740 4799 inquit,
1772 4731 2029 4786 Dominus

464 4810 643 4879 Isaac,
667 4824 712 4868 et
741 4816 992 4871 habitavit
1024 4819 1093 4871 ad
1119 4829 1330 4889 puteum
1359 4821 1591 4875 visionis.
1634 4822 1755 4879 llzec
1782 4832 1864 4878 est
1885 4826 2030 4879 enim

463 4903 644 4959 omnis
670 4905 991 4973 benedictio,
1027 4924 1127 4978 qua
1157 4911 1432 4966 benedixit
1482 4912 1739 4968 Dominus
1777 4913 1946 4978 Isaac,
1976 4925 2034 4970 ut

472 4995 741 5052 habitaret
771 5000 836 5052 ad
865 5010 1080 5068 puteum
1118 5000 1360 5056 visionis.
1407 5002 1830 5074 lntelligentibns
1864 5021 2031 5075 gran-

469 5086 552 5139 dis
590 5100 676 5143 est
721 5089 821 5144 ista
870 5092 1197 5147 benedictio.
1228 5092 1445 5149 Utinam
1486 5104 1540 5149 et
1589 5096 1847 5151 Dominus
1903 5096 2033 5151 mihi

544 5201 589 5232 "
620 5206 815 5262 Genes.
840 5223 990 5273 xxiv,
1024 5210 1113 5267 45.
1189 5211 1235 5243 ⁵⁸
1264 5210 1433 5264 Exod.
1470 5226 1526 5264 ιι.

2134 3089 2380 3143 habitare
2423 3088 2490 3141 ad
2534 3096 2751 3157 puteum
2801 3084 3049 3139 visionis.
3119 3083 3215 3138 Sin
3268 3098 3397 3139 vero
3433 3084 3699 3154 negligam

2134 3195 2311 3250 neque
2341 3174 2484 3235 domi
2513 3191 2772 3234 exercear
2810 3177 2863 3231 in
2907 3177 3073 3231 verbo
3130 3172 3250 3238 Dei,
3301 3187 3474 3242 neque
3519 3171 3705 3228 eccle-

2133 3275 2267 3329 siam
2297 3273 2361 3329 ad
2394 3273 2716 3327 audiendum
2760 3272 2986 3325 verhum
3015 3269 3110 3322 Dei
3159 3266 3469 3335 frequenter
3512 3266 3700 3331 ingre-

2134 3368 2272 3431 diar,
2321 3366 2463 3420 sicut
2508 3363 2793 3419 nonnullos
2853 3363 2904 3416 in
2959 3361 3110 3414 vobis
3156 3359 3332 3424 video,
3371 3357 3460 3426 qni
3510 3356 3701 3412 diebus

2136 3457 2510 3512 tantummodo
2539 3453 2878 3510 solemnibus
2909 3453 2975 3505 ad
3004 3449 3295 3504 ecclesiam
3322 3448 3579 3512 veniunt,
3610 3446 3698 3514 qui

2136 3547 2511 3618 hujuscemodi
2578 3554 2754 3612 sunt,
2825 3560 2931 3599 non
2996 3542 3244 3597 habitant
3290 3539 3430 3607 apud
3483 3546 3709 3607 puteum-

2134 3641 2381 3697 visionis.
2408 3639 2521 3709 Ego
2560 3648 2743 3693 autem
2768 3650 2958 3693 vereor
2997 3649 3063 3689 ne
3092 3632 3233 3688 forte
3275 3631 3365 3701 qui
3420 3631 3491 3684 ita
3528 3629 3699 3697 negli-

2135 3743 2327 3803 gentes
2355 3739 2501 3797 sunt,
2526 3730 2688 3785 etiam
2720 3744 2844 3784 cum
2876 3727 2941 3781 ad
2980 3725 3268 3781 ecclesiam
3316 3722 3564 3784 veniunt,
3595 3732 3699 3772 non

2135 3824 2321 3877 bibant
2348 3824 2414 3877 de
2446 3832 2609 3889 puteo
2643 3821 2789 3883 vitae,
2832 3832 2932 3873 nec
2972 3816 3304 3879 reliciantur,
3348 3813 3439 3867 sed
3468 3825 3703 3878 occupa-

2138 3913 2373 3967 tionibus
2421 3920 2616 3966 vacent
2661 3909 2841 3965 cordis
2881 3910 2963 3965 sui
3012 3918 3069 3965 et
3113 3904 3534 3978 cogitationibus
3564 3915 3703 3971 quas

2136 4022 2317 4062 secum
2350 4006 2620 4071 deferunt,
2663 4014 2718 4060 et
2760 4005 3044 4061 discedant
3069 4002 3423 4059 nihilominus
3453 3999 3521 4054 ah
3551 3996 3703 4052 Scri-

2141 4108 2429 4168 pturarum
2475 4098 2655 4164 puteis
2688 4096 2961 4152 sitientes.
3005 4094 3283 4150 Festinate
3331 4105 3461 4161 ergo
3506 4102 3625 4152 vos,
3651 4093 3706 4139 et

2137 4188 2272 4244 satis
2326 4187 2516 4257 agite,
2578 4194 2636 4241 ut
2694 4186 2799 4241 ista
2850 4184 2915 4239 ad
2966 4198 3067 4239 vos
3126 4180 3336 4237 Domini
3396 4176 3705 4234 benedictio

2143 4278 2343 4342 veniat,
2367 4291 2473 4344 qua
2502 4274 2641 4343 apud
2666 4283 2885 4343 puteum
2910 4272 3137 4327 visionis
3173 4269 3423 4324 habitare
3459 4264 3703 4336 possitis,

2138 4377 2196 4423 ut
2261 4368 2472 4437 aperiat
2518 4366 2776 4421 Dominus
2832 4363 3021 4419 oculos
3073 4369 3325 4425 vestros,
3375 4366 3431 4413 et
3479 4353 3708 4411 videatis

2136 4468 2353 4529 puteum
2381 4456 2627 4521 visionis,
2661 4464 2717 4511 et
2748 4453 3060 4526 percipiatis
3080 4467 3145 4508 ex
3186 4466 3253 4505 eo
3285 4462 3477 4518 aquam
3503 4445 3705 4509 vivam,

2137 4566 2257 4620 qua:
2285 4548 2377 4604 llat
2406 4549 2457 4603 in
2482 4547 2635 4603 vobis
2658 4546 2776 4601 fons
2804 4561 2957 4615 aqua:
2999 4543 3241 4599 salientis
3271 4541 3324 4595 in
3356 4541 3522 4595 vitam
3548 4547 3708 4592 aeter-

2138 4656 2264 4695 nam
2297 4640 2365 4692 ⁶¹.
2415 4638 2471 4692 Si
2498 4638 2619 4707 quis
2671 4646 2852 4691 autem
2888 4650 3014 4689 raro
3071 4635 3137 4688 ad
3181 4634 3468 4689 ecclesiam
3507 4631 3709 4700 veniat,

2141 4744 2267 4784 raro
2309 4728 2376 4784 de
2418 4727 2827 4797 Scripturarum
2882 4724 3126 4781 fontibus
3166 4724 3423 4789 hauriat,
3488 4731 3541 4775 et
3590 4735 3712 4789 qua:

2138 4821 2310 4885 audit,
2339 4820 2600 4876 continuo
2624 4818 2913 4874 discedens
2933 4856 2949 4881 ,
2988 4826 3042 4872 et
3070 4815 3191 4870 aliis
3223 4812 3451 4884 negotiis
3478 4822 3713 4877 occupa-

2139 4922 2223 4968 tus
2251 4914 2491 4977 omittat,
2518 4910 2606 4967 hic
2654 4926 2759 4965 non
2796 4910 3013 4965 habitat
3044 4907 3184 4977 apud
3213 4915 3434 4974 puteum
3465 4900 3711 4956 visionis.

2138 5002 2232 5061 Vis
2257 5003 2351 5058 tibi
2380 5002 2658 5057 ostendam
2691 5001 2813 5070 quis
2842 5010 2944 5063 est,
2990 4999 3084 5069 qui
3126 5012 3401 5068 nunquam
3446 4991 3650 5047 recedit
3681 5004 3711 5042 a

2138 5102 2301 5165 puteo
2331 5091 2604 5147 visionis?
2643 5089 2937 5160 Apostolus
2978 5088 3204 5153 Paulus,
3250 5086 3341 5155 qui
3379 5083 3594 5138 dicebat
3623 5078 3668 5110 “
3699 5092 3715 5131 :

1603 5214 1647 5247 ⁸⁷
1680 5212 1875 5268 Genes.
1953 5228 2077 5271 xxv,
2122 5213 2208 5266 11.
2274 5208 2321 5241 ⁸⁸
2354 5207 2521 5262 Marc.
2556 5221 2654 5272 xu,
2680 5204 2845 5270 '26,et
2879 5204 3011 5260 Luc.
3052 5218 3143 5269 xx,
3180 5201 3271 5257 37.
3344 5198 3391 5231 "
3419 5196 3717 5260 lPetr.'tt,

470 5268 561 5326 ει.
674 5274 719 5306 ⁸⁸
756 5274 949 5332 Genes.
978 5268 1169 5345 sunt,
1198 5282 1282 5335 17.
1360 5283 1401 5314 ⁸⁸
1440 5280 1597 5336 Joan.
1625 5298 1697 5349 Iv,
1726 5283 1815 5342 M.
1887 5284 1929 5316 "
1968 5282 2012 5336 ll

2130 5298 2164 5336 Γ.
2191 5297 2271 5343 nt,
2297 5278 2386 5335 l8.

544 5409 655 5486 (77)
698 5411 1034 5486 Disserendo,
1067 5415 1217 5469 deest
1244 5415 1297 5470 in
1332 5427 1487 5472 antea
1534 5417 1716 5484 editis,
1748 5418 1841 5471 sed
1880 5432 2032 5486 repe-

472 5477 611 5555 ritur
639 5481 691 5532 in
723 5498 854 5555 mss.
888 5483 1055 5555 Paulo
1088 5495 1205 5552 post
1232 5487 1380 5549 editi,
1423 5477 1746 5555 superantes,
1773 5487 1839 5540 ad
1867 5477 2037 5541 veram

472 5548 855 5621 philosophiam
902 5548 1127 5618 Christi,
1177 5564 1224 5607 et
1265 5548 1436 5608 veram
1487 5548 1786 5609 ὶυεὶειιιιὸιη
1822 5558 2038 5621 Christi,

480 5620 725 5681 pietatem
775 5621 899 5689 Dei;
944 5636 997 5678 at
1051 5640 1179 5678 mss.
1225 5634 1280 5678 ut
1316 5628 1364 5679 in
1401 5637 1585 5680 nostro
1619 5636 1787 5681 textu.

2216 5410 2327 5483 (78)
2393 5411 2483 5466 Sic
2540 5407 2883 5490 mssxiAlias.
2945 5397 3515 5477 deprehendas....in
3568 5393 3719 5449 aliud

2147 5494 2345 5543 tempus
2394 5489 2864 5551 prwtermitteutes.
3156 5544 3168 5551 _
3264 5544 3294 5551 _
3361 5540 3424 5551 ,Α
3500 5538 3512 5549 .

2219 5529 2360 5621 {'75)
2394 5529 2861 5611 ‘Aiia;~,""a.;idéa
2924 5555 3096 5601 tamen
3152 5544 3205 5599 in
3256 5538 3559 5609 Scripturis.
3614 5529 3721 5589 Sed

2154 5620 2285 5680 mss.
2321 5634 2379 5676 ut
2408 5620 2460 5675 iu
2494 5628 2680 5675 nostro
2713 5626 2879 5673 textu.
