4086 6206
288 308 398 364 225

1521 311 1584 364 ΙΝ
1620 310 1919 366 GENESIM
1958 310 2240 366 IIOMILIA
2283 310 2395 365 XII.

3441 319 3547 371 9‘26

291 424 404 478 Nos
459 431 643 477 autent
692 439 870 480 omnes
922 423 1149 478 relevata
1199 424 1335 493 facie
1386 425 1610 496 gloriam
1659 428 1870 481 Domini
1901 438 1944 494 Α
1980 428 2120 480 Abiit
2160 427 2391 480 Rebecca
2418 426 2744 496 interrogare
2770 431 2838 481 ad
2883 426 3184 482 Dominum.
3219 429 3381 482 Abiit.
3431 431 3548 496 Quo

286 513 647 580 speculamur.
725 513 789 566 Et
846 523 896 566 tu
944 528 1074 583 ergo
1141 514 1186 566 si
1235 530 1454 584 semper
1503 517 1870 586 perscruteris

285 603 646 673 prOpbeticas
681 603 939 666 visiones,
994 605 1041 658 si
1084 617 1298 671 semper
1345 605 1624 673 inquiras,
1656 621 1871 674 semper

287 695 500 748 discere
543 695 758 765 cupias,
787 696 902 749 luec
960 696 1272 760 mediteris,
1318 697 1369 750 in
1419 697 1484 751 iis
1527 712 1867 766 permaneas,

287 786 522 854 percipis
557 796 614 839 et
657 797 710 839 tu
742 786 1179 842 benedictionem
1224 801 1253 841 a
1282 788 1529 851 Domino,
1563 798 1614 840 et
1655 788 1866 842 habitas

286 878 420 944 apud
445 887 676 945 puteum
702 878 942 932 visionis.
979 878 1043 932 Et
1070 877 1164 932 libi
1195 879 1336 932 enim
1369 880 1655 949 apparebit
1689 879 1868 932 Domi-

287 984 380 1022 nus
405 967 572 1022 Jesus
606 970 658 1022 in
689 969 773 1022 via
803 1010 818 1034 ,
849 979 904 1024 et
926 970 1137 1040 aperiet
1161 970 1252 1024 tibi
1287 970 1623 1040 Scripturas,
1682 972 1755 1025 ita
1808 981 1866 1026 ut

285 1061 430 1114 dicas
483 1059 529 1090 ⁸³
564 1077 577 1111 :
609 1059 800 1113 Nonne
837 1077 929 1114 cor
960 1073 1196 1116 nostrum
1235 1064 1424 1116 ardens
1471 1072 1582 1116 erat
1613 1063 1664 1116 in
1696 1064 1863 1129 nobis,

285 1169 393 1212 cum
422 1153 660 1219 aperiret
694 1153 838 1209 nobis
874 1153 1226 1222 Scripturas?
1255 1157 1487 1226 Apparet
1540 1164 1719 1209 autem
1754 1156 1860 1221 his,

281 1245 367 1311 qui
405 1244 475 1297 de
508 1244 626 1310 ipso
652 1244 925 1313 cogitant,
959 1255 1014 1299 et
1045 1247 1097 1299 in
1132 1247 1249 1316 ipso
1295 1246 1652 1309 meditantur,
1699 1254 1862 1314 atque

282 1335 328 1388 in
362 1335 486 1404 lege
516 1335 637 1404 ejus
696 1336 784 1390 die
817 1351 879 1390 ac
918 1347 1076 1392 nocte
1106 1346 1413 1393 versantur.
1454 1337 1558 1408 Ipsi
1606 1337 1776 1407 gloria
1809 1347 1864 1392 et

279 1426 574 1495 imperium
604 1427 657 1482 iu
692 1429 887 1482 saecula
916 1428 1264 1484 saeculorum.
1291 1430 1482 1485 Amen.

856 1562 1131 1619 IIOMILIA
1173 1565 1290 1621 XII.

601 1677 676 1730 De
707 1687 956 1746 conceptu
996 1676 1240 1732 Rebecca:
1281 1689 1330 1732 et
1360 1689 1538 1748 partu.

1972 520 2145 574 abiit?
2172 519 2245 572 Ex
2277 535 2340 573 eo
2380 519 2499 573 loco
2551 518 2601 572 in
2641 535 2746 588 quo
2794 535 2898 571 non
2931 529 3048 573 erat
3083 522 3340 575 Dominus
3366 564 3380 586 ,
3416 523 3546 576 abiit

1971 614 2035 664 ad
2072 627 2194 665 cum
2227 615 2400 665 locum
2433 612 2484 663 in
2514 626 2623 679 quo
2653 612 2810 664 erat?
2839 611 2949 666 Iloc
2980 613 3123 664 enim
3163 613 3376 667 videtur
3407 614 3547 667 iudi-

1971 716 2094 755 care
2143 718 2263 756 cum
2323 702 2525 756 dicitur
2584 720 2596 755 :
2666 705 2804 756 Abiit
2864 704 3189 772 interrogare
3245 704 3546 760 Dominum.

1969 790 2159 845 Nonne
2217 792 2414 860 ubique
2475 805 2560 847 est
2624 794 2812 848 Deus?
2872 793 3058 848 Nonne
3116 795 3228 862 ipse
3270 794 3407 848 dixit
3451 794 3547 849 ‘9:

1968 881 2166 936 Cwlum
2211 893 2258 936 et
2305 893 2501 937 terram
2532 886 2706 952 repleo
2728 925 2740 948 ,
2775 887 2900 937 dicit
2931 887 3181 938 Dominus
3208 886 3233 938 .’
3268 885 3384 951 Quo
3416 899 3546 953 ergo

1968 974 2101 1026 abiit
2129 973 2412 1028 Rebecca?
2441 975 2552 1043 Ego
2583 983 2710 1044 puto
2738 978 2879 1043 quod
2904 991 3009 1029 non
3043 977 3110 1030 de
3137 977 3254 1030 loco
3279 981 3343 1028 ad
3368 975 3544 1031 locum

1967 1060 2184 1125 abierit,
2216 1063 2308 1116 sed
2346 1064 2410 1117 de
2433 1064 2544 1116 vita
2572 1065 2636 1116 ad
2671 1065 2860 1130 vitam,
2908 1065 2974 1118 de
3005 1075 3125 1118 actu
3159 1066 3225 1119 ad
3253 1073 3451 1130 actum,
3481 1067 3549 1122 de

1968 1153 2124 1208 bouis
2158 1155 2223 1207 ad
2271 1154 2492 1208 meliora
2530 1156 2826 1216 transierit,
2877 1155 2944 1209 de
2975 1154 3196 1209 utilibus
3225 1156 3290 1210 ad
3329 1157 3547 1212 utiliora

1965 1246 2290 1314 perrexerit,
2347 1247 2412 1300 de
2459 1248 2667 1301 sanctis
2713 1249 2780 1301 ad
2824 1249 3100 1301 sanctiora
3143 1249 3544 1316 properaverit.

1964 1335 2273 1388 Absurdum
2333 1351 2566 1404 namque
2614 1339 2770 1390 estsi
2814 1337 2891 1389 ita
2943 1346 3191 1405 putemus
3240 1337 3546 1406 imperitam

1965 1425 2128 1479 fuisse
2147 1426 2454 1480 Reheccam
2480 1437 2533 1481 et
2559 1426 2856 1491 indoctam,
2881 1443 3000 1496 qua:
3025 1430 3076 1482 in
3103 1429 3262 1484 domo
3285 1432 3547 1498 sapientis

1961 1517 2196 1572 Abrahae
2224 1520 2325 1571 sub
2346 1520 2464 1573 viro
2487 1521 2862 1576 eruditissimo
2889 1519 3036 1575 Isaac
3064 1521 3242 1576 fuerat
3268 1523 3543 1590 instituta,

1965 1619 2022 1661 ut
2059 1611 2199 1663 intra
2245 1611 2480 1679 aliquem
2531 1611 2704 1665 locum
2765 1612 3051 1666 Dominum
3099 1615 3373 1682 putaverit
3423 1629 3544 1669 esse

1965 1699 2301 1764 conclusum,
2334 1711 2386 1754 et
2422 1702 2548 1756 illuc
2579 1703 2683 1756 iret
2725 1704 3086 1773 interrogare,
3132 1705 3259 1774 quid
3289 1705 3542 1774 parvulo-

351 1788 400 1842 I.
444 1788 554 1844 Pcr
606 1791 846 1860 singulas
897 1806 1141 1860 quasque
1185 1793 1445 1848 lectiones
1482 1809 1603 1848 cum
1667 1794 1863 1862 legitur
1895 1797 1935 1851 Β
1968 1807 2084 1846 rtnn
2112 1793 2255 1846 intra
2289 1801 2499 1847 uterum
2532 1794 2824 1848 exsultatio
2862 1797 3191 1864 designaret.
3231 1794 3322 1849 Vis
3360 1805 3538 1850 autem

277 1881 509 1952 Moyses,
543 1884 786 1936 orandus
807 1894 892 1936 est
928 1885 1083 1939 nobis
1124 1883 1286 1939 Pater
1323 1884 1508 1948 Verbi,
1539 1896 1597 1940 ut
1636 1886 1858 1955 impleat

275 1977 436 2027 etiam
499 1976 551 2026 in
617 1975 772 2028 nobis
834 1975 983 2039 illud,
1033 1977 1175 2044 quod
1231 1977 1282 2030 in
1338 1977 1545 2046 psalmo
1593 1978 1855 2046 scriptum

272 2077 352 2120 est
384 2067 427 2097 ⁵⁸
468 2084 481 2120 :
521 2065 712 2120 Revela
743 2067 922 2120 oculos
947 2084 1107 2132 meos,
1140 2079 1186 2121 et
1218 2070 1560 2122 considerabo
1587 2070 1856 2122 mirabilia

271 2161 333 2212 de
362 2160 473 2229 lege
508 2171 627 2212 tua.
662 2159 773 2213 Nisi
799 2161 942 2214 enim
984 2161 1097 2229 ipse
1131 2163 1341 2231 aperiat
1386 2163 1572 2218 oculos
1616 2173 1850 2226 nostros,

270 2251 546 2316 quomodo
583 2249 770 2303 videre
803 2251 1103 2317 poterimus
1146 2261 1293 2306 tanta
1326 2251 1438 2306 [nec
1459 2293 1474 2318 ,
1528 2269 1648 2322 qum
1678 2255 1728 2307 in
1759 2270 1856 2323 pa-

270 2339 529 2393 triarchis
553 2348 892 2394 sacramenta
919 2338 1236 2406 formantur,
1265 2358 1383 2412 qua:
1412 2347 1625 2398 nuncin
1654 2346 1848 2414 puteis,

268 2444 413 2483 nunc
474 2429 529 2482 in
593 2430 821 2495 nuptiis,
876 2445 1018 2484 nunc
1071 2433 1122 2486 in
1183 2435 1658 2502 parturitiouibus,
1710 2452 1851 2490 nunc

267 2520 430 2573 etiam
483 2521 540 2574 in
577 2521 969 2578 sterilitatibus
1008 2523 1332 2593 figurantur.
1373 2525 1560 2580 Refert
1616 2542 1851 2595 namque

267 2627 522 2681 praseus
566 2613 733 2668 lectio
786 2613 852 2676 ⁸⁵,
881 2615 1023 2682 quod
1075 2615 1232 2668 Isaac
1294 2618 1492 2684 rogavit
1535 2615 1698 2670 Deum
1751 2634 1847 2684 pro

265 2699 497 2757 Rebecca
549 2721 713 2758 uxore
747 2723 867 2768 sua,
919 2707 1042 2776 quia
1085 2708 1280 2761 sterilis
1321 2717 1457 2776 erat,
1493 2723 1539 2763 et
1581 2712 1846 2764 exaudivit

266 2795 409 2846 illum
437 2793 606 2856 Deus,
638 2805 687 2848 et
715 2797 973 2865 concepit,
1000 2806 1049 2850 et
1078 2799 1434 2865 exsultabant,
1469 2800 1665 2870 inquit,
1698 2802 1848 2870 pueri

265 2887 316 2937 in
336 2897 486 2940 utero
519 2888 657 2950 eius.
689 2885 870 2941 Primo
903 2889 1140 2942 omnium
1170 2890 1400 2955 intuere,
1430 2893 1557 2959 quid
1591 2893 1730 2946 istud
1762 2901 1844 2945 est

265 2977 402 3043 quod
453 2977 710 3045 plurima:
749 2988 1060 3033 sanctarum
1115 2980 1400 3034 mulierum
1442 2983 1495 3036 in
1545 2982 1843 3052 Scripturis

264 3067 475 3123 steriles
514 3069 684 3123 fuisse
721 3069 1047 3134 referuntur,
1098 3071 1239 3125 sicut
1281 3072 1394 3142 ipsa
1429 3072 1586 3138 Sara,
1620 3089 1745 3128 ecce
1788 3085 1842 3128 et

267 3175 404 3214 nunc
434 3159 708 3215 Rebecca.
740 3161 843 3214 Sed
877 3170 930 3214 ct
969 3161 1168 3216 Rachel
1213 3162 1406 3217 dilecta
1448 3164 1608 3219 Israel
1636 3164 1842 3218 sterilis

263 3250 377 3306 fuit.
412 3254 570 3306 Anna
595 3267 812 3322 quoque
848 3264 1022 3310 mater
1067 3253 1339 3310 Samuelis
1362 3295 1376 3319 ,
1409 3256 1609 3311 sterilis
1643 3257 1842 3312 scribi-

267 3352 366 3396 tur.
408 3345 520 3398 Sed
559 3355 615 3398 et
642 3345 692 3397 iu
725 3345 1031 3414 Evattgcliis
1088 3345 1365 3400 Elisabeth
1423 3347 1623 3400 sterilis
1673 3346 1842 3404 fuisse

264 3447 622 3488 memoratur.
657 3435 714 3489 Iu
739 3435 994 3499 erunibus
1019 3444 1199 3489 autem
1227 3437 1344 3490 istis
1367 3451 1504 3489 unus
1532 3435 1619 3491 hic
1654 3437 1840 3492 titulus

259 3528 592 3597 designatur,
621 3528 761 3594 quod
805 3535 922 3595 post
962 3527 1312 3581 sterilitatem
1359 3536 1606 3580 sanctum
1649 3542 1840 3583 omnes

259 3618 531 3672 ediderint
566 3628 800 3686 partum.
861 3617 954 3672 Sic
999 3632 1131 3688 ergo
1175 3626 1227 3671 et
1263 3618 1376 3672 haec
1420 3633 1559 3673 nunc
1589 3618 1837 3674 Rebecca

257 3708 462 3762 sterilis
511 3707 681 3762 fuisse
710 3708 912 3761 dicitur
945 3726 959 3761 :
989 3709 1084 3763 sed
1133 3710 1323 3771 oravit,
1386 3709 1585 3778 inquit,
1639 3710 1834 3778 Isaac,

251 3815 350 3867 pro
379 3812 442 3851 ca
479 3798 761 3852 Dominum
784 3841 800 3866 ,
832 3810 880 3854 et
907 3799 1175 3854 exaudivit
1214 3801 1363 3854 illum
1403 3812 1448 3855 et
1477 3803 1733 3871 concepit,
1784 3812 1833 3856 et

253 3893 592 3945 exsultabant
613 3895 764 3961 pueri
812 3895 869 3948 in
910 3903 1056 3948 utero
1101 3894 1234 3963 ejus.
1299 3893 1516 3950 Stcrilis
1563 3896 1678 3950 haec
1707 3911 1836 3952 ecce

252 3983 378 4048 quid
431 3983 704 4050 concepit.
756 3984 874 4036 Filii
911 3984 1114 4039 sterilis
1175 3993 1464 4055 antequam
1515 3998 1830 4054 nascantur,

251 4071 552 4136 exsultant,
581 4081 636 4125 et
672 4087 790 4140 quae
819 4073 1205 4141 desperaverat
1253 4075 1518 4140 sobolem,
1557 4087 1748 4146 gentes
1777 4086 1832 4131 et

248 4161 481 4228 pepulos
529 4170 703 4230 gestat
766 4162 816 4215 in
887 4172 1058 4217 utero.
1121 4163 1212 4218 Sic
1265 4164 1410 4218 enim
1460 4166 1828 4232 dicit:Abiit,

249 4249 426 4318 inquit
462 4251 531 4313 “,
571 4250 793 4304 Rebecca
819 4254 1154 4322 interrogare
1193 4254 1472 4309 Dominum
1493 4297 1507 4321 ,
1535 4267 1581 4310 et
1620 4259 1749 4311 dixit
1782 4261 1830 4313 ei

246 4340 515 4395 Dominus
550 4358 568 4393 :
601 4341 725 4394 Dure
771 4355 945 4412 gentes
991 4346 1047 4397 in
1101 4356 1248 4399 utero
1285 4356 1376 4400 tuo
1435 4359 1582 4412 sunt,
1623 4359 1670 4401 et
1723 4352 1828 4404 duo

1969 1883 2173 1943 videre,
2217 1883 2341 1952 quia
2386 1899 2449 1937 ex
2499 1899 2648 1938 more
2687 1886 2833 1938 venit
2871 1885 2972 1938 hoc
3007 1887 3250 1952 sanctis,
3300 1895 3377 1953 ut,
3415 1903 3539 1940 cum

1967 1975 2171 2043 aliquid
2203 1991 2230 2027 a
2272 1976 2378 2030 Deo
2404 1977 2612 2030 ostendi
2660 1977 2761 2031 sibi
2793 1979 3063 2043 viderint,
3109 1979 3190 2032 vel
3231 1979 3382 2032 abire
3405 2019 3422 2044 ,
3456 1979 3541 2033 vel

1968 2066 2201 2119 transire
2244 2081 2302 2121 se
2360 2068 2581 2120 dicant?
2640 2067 2850 2136 Moyses
2893 2083 3016 2121 cum
3077 2071 3300 2124 vidisset
3344 2073 3538 2126 rubum

1964 2159 2160 2214 ardere
2204 2167 2259 2212 et
2303 2174 2408 2213 non
2465 2160 2642 2222 exuri,
2698 2161 3002 2213 admiratus
3055 2162 3228 2214 visum
3287 2163 3417 2216 dixit
3446 2164 3537 2219 "°:

1966 2247 2272 2312 Transeam,
2312 2261 2356 2302 ct
2392 2249 2570 2302 ridebo
2603 2251 2766 2303 visum
2793 2251 2911 2303 hoc.
2951 2248 3065 2303 Non
3110 2251 3298 2319 utique
3334 2261 3387 2306 cl
3421 2253 3539 2322 ipse

1961 2340 2303 2410 significabat
2346 2356 2403 2394 se
2447 2341 2664 2410 aliquod
2701 2350 2858 2394 terra:
2892 2342 3126 2409 spatium
3157 2343 3534 2410 transiturum,

1961 2449 2068 2486 non
2127 2444 2340 2488 montes
2397 2434 2806 2497 conscendere,
2850 2449 2952 2486 nec
2998 2435 3205 2503 digredi
3263 2446 3535 2506 praerupta

1959 2524 2310 2578 convallium.
2362 2525 2538 2593 Prope
2577 2525 2748 2594 ipsum
2787 2534 2906 2578 erat
2935 2525 3072 2579 visio
3100 2564 3114 2588 ,
3171 2525 3222 2578 in
3256 2541 3350 2580 ore
3391 2538 3444 2580 ct
3483 2529 3534 2580 iu

1957 2614 2130 2668 oculis
2179 2616 2316 2682 ejus.
2383 2614 2489 2669 Sed
2541 2615 2691 2679 dicit,
2745 2625 3031 2679 transeam,
3086 2628 3142 2670 ut
3179 2619 3434 2671 ostendat
3477 2633 3536 2672 se

1957 2707 2348 2759 eommonitum
2381 2707 2588 2760 visione
2625 2705 2836 2760 cmlesti
2881 2706 2946 2758 ad
2993 2706 3331 2774 superiorem
3367 2707 3532 2759 vitam

1957 2795 2161 2850 debere
2202 2799 2572 2851 conscendere
2602 2841 2615 2860 ,
2661 2799 2728 2850 ab
2792 2796 2876 2851 his
2920 2796 2974 2849 in
3025 2797 3223 2865 quibus
3278 2804 3420 2858 erat,
3464 2796 3534 2851 ad

1956 2886 2178 2939 meliora
2236 2888 2493 2941 transire.
2568 2885 2660 2942 Sic
2708 2903 2839 2951 ergo
2883 2896 2937 2942 et
2985 2903 3126 2942 uuuc
3183 2889 3416 2942 refertur
3467 2888 3534 2942 de

1954 2977 2236 3044 Rebecca,
2285 2980 2426 3048 quod
2459 2979 2592 3032 abiit
2635 2979 2974 3049 interrogare
3021 2978 3303 3032 Dominum
3339 2993 3354 3032 :
3388 2993 3529 3047 quze,

1954 3078 2011 3122 ut
2040 3070 2298 3130 diximus,
2329 3069 2530 3123 abiisse
2563 3087 2668 3123 non
2697 3071 2947 3138 passibus
2985 3072 3206 3139 pedum,
3249 3071 3341 3125 sed
3374 3085 3529 3125 men-

1870 3143 1911 3200 (ί
1951 3161 2016 3211 tis
2046 3160 2384 3226 profectibus
2425 3161 2790 3213 existimanda
2821 3172 2928 3216 est.
2960 3160 3024 3214 Et
3065 3172 3117 3214 tu
3149 3175 3301 3231 ergo,
3338 3162 3382 3216 si
3415 3174 3529 3216 ea:-

1947 3250 2096 3317 peris
2145 3251 2347 3305 intueri
2399 3268 2506 3305 non
2537 3267 2596 3304 ea
2634 3267 2751 3320 qua:
2787 3253 3061 3319 videntur,
3117 3255 3212 3306 sed
3265 3268 3384 3320 qua:
3417 3268 3520 3306 non

1946 3342 2219 3405 videnlur,
2267 3343 2320 3396 id
2356 3353 2441 3397 est
2494 3358 2596 3395 non
2644 3343 2882 3396 carnalia
2909 3384 2923 3409 ,
2967 3343 3061 3396 sed
3090 3343 3385 3410 spiritalia,
3420 3359 3524 3397 non

1945 3437 2256 3500 praesentia,
2306 3436 2403 3488 sed
2457 3433 2662 3498 futura,
2695 3434 2900 3488 abiisse
2954 3434 3152 3488 diceris
3185 3434 3526 3504 interrogare

1944 3524 2255 3581 Dominum.
2305 3525 2361 3580 Si
2397 3541 2562 3581 eruas
2597 3537 2646 3580 te
2683 3528 2748 3580 de
2779 3527 3197 3581 conversatione
3231 3529 3420 3591 veteri,
3469 3537 3523 3582 et

1942 3633 1970 3670 a
2006 3620 2282 3673 consortio
2325 3634 2512 3673 eorum
2549 3633 2670 3673 cum
2709 3619 2910 3687 quibus
2945 3620 3175 3688 turpiter
3218 3631 3272 3674 et
3313 3621 3526 3674 notabi-

1939 3705 2064 3761 liter
2109 3710 2347 3774 viseras,
2405 3710 2651 3763 honestis
2682 3724 2809 3763 vero
2841 3718 2890 3763 te
2920 3725 2983 3763 ac
3015 3709 3283 3778 religiosis
3310 3711 3524 3764 actibus

1939 3797 2152 3863 socios;
2202 3815 2325 3853 cum
2372 3800 2673 3868 requisitas
2712 3799 2887 3854 fueris
2933 3801 3074 3853 inter
3106 3800 3320 3856 sodales
3352 3802 3524 3871 turpi-

1940 3886 2164 3953 tudinis,
2212 3897 2266 3941 et
2304 3887 2357 3940 in
2387 3888 2624 3942 catervis
2657 3888 2945 3942 noxiorum
2979 3904 3324 3958 nequaquam
3357 3891 3523 3948 fueris

1937 3987 2207 4046 repertus,
2261 3978 2474 4032 dicetur
2503 3988 2559 4033 et
2591 3979 2656 4033 de
2709 3989 2759 4034 te
2811 3981 2936 4048 quia
2993 3981 3130 4034 abiit
3181 3983 3521 4052 interrogare

1936 4069 2243 4126 Dominum.
2285 4070 2377 4125 Sic
2409 4071 2573 4141 igitur
2600 4073 2772 4126 sancti
2811 4089 2916 4127 non
2957 4074 3024 4127 de
3067 4073 3184 4128 loco
3214 4075 3279 4127 ad
3317 4074 3516 4140 locum,

1933 4162 2028 4215 sed
2058 4163 2124 4215 de
2153 4163 2264 4215 vita
2292 4163 2356 4214 ad
2384 4163 2570 4223 vitam,
2606 4163 2670 4218 de
2704 4164 2969 4219 institutis
2995 4165 3188 4234 primis
3216 4166 3419 4222 abeunt
3449 4169 3516 4222 ad

1933 4250 2181 4304 instituta
2209 4251 2447 4320 potiora.

2003 4343 2059 4395 5.
2103 4343 2248 4396 Dixit
2269 4358 2402 4411 ergo
2432 4346 2481 4398 ei
2518 4343 2777 4399 Dominus
2801 4345 2844 4375 ⁷⁸
2883 4344 3054 4398 :Dua:
3083 4357 3258 4415 gentes
3282 4350 3333 4402 in
3364 4359 3512 4403 utero

246 4432 428 4497 pepuli
466 4431 533 4482 de
568 4442 732 4486 centre
763 4444 852 4486 tuo
897 4437 1303 4503 separabantur.
1367 4437 1608 4510 Longum
1655 4451 1737 4496 εει
1781 4443 1824 4497 εί
1857 4477 1904 4534 D
1932 4443 2020 4487 tuo
2049 4447 2186 4500 sunt,
2226 4447 2272 4490 et
2313 4437 2421 4490 duo
2445 4437 2627 4504 papuli
2658 4437 2723 4488 de
2758 4447 2932 4490 uentre
2956 4448 3046 4491 tuo
3072 4443 3508 4509 segregabunlur.

249 4523 482 4576 velimus
520 4539 662 4578 nunc
711 4526 1130 4582 exsultationem
1183 4545 1472 4598 puerorum
1543 4533 1720 4587 adhuc
1771 4535 1823 4588 iu

245 4613 352 4682 92
399 4623 556 4668 utero
604 4615 964 4672 habitantium
1001 4621 1356 4688 perscrutari.
1396 4620 1636 4692 Longqu
1669 4635 1750 4679 est
1780 4625 1823 4679 si

247 4703 311 4756 de
360 4703 446 4757 his
485 4704 965 4773 interpretationes
1020 4718 1078 4762 et
1121 4710 1405 4778 aenigmata
1459 4727 1580 4781 qua:
1631 4715 1824 4769 scribit

244 4795 535 4864 Apostolus
585 4796 921 4865 proferamus
945 4839 960 4863 ,
989 4801 1117 4869 quid
1153 4803 1394 4872 mysterii
1422 4844 1437 4870 ,
1485 4805 1614 4874 quid
1644 4821 1823 4860 causas

245 4887 584 4951 contineant,
639 4903 775 4954 cur,
819 4900 1112 4960 antequam
1156 4903 1455 4948 nascantur
1503 4897 1676 4964 pueri,
1730 4907 1822 4951 aut

242 4976 443 5046 aliquid
478 4977 532 5030 in
582 4977 686 5032 hoc
713 4981 910 5035 sarculo
943 4993 1108 5052 agant
1141 4984 1264 5038 b0ui
1304 4985 1390 5039 vel
1421 4986 1586 5053 mali,
1619 4987 1820 5041 dicitur

243 5068 307 5120 de
334 5069 419 5122 his
440 5069 509 5134 ",
547 5069 674 5138 quia
703 5075 928 5138 populus
955 5077 1205 5142 populum
1242 5076 1530 5143 superabit,
1559 5087 1606 5130 et
1647 5078 1819 5146 major

241 5162 425 5213 seri-iet
455 5161 685 5226 minori;
720 5179 851 5230 cur,
879 5176 1169 5235 antequam
1196 5168 1261 5222 de
1302 5169 1490 5223 matris
1518 5178 1671 5222 utero
1693 5185 1818 5238 pro-

242 5250 522 5313 cederent,
581 5252 786 5306 dicitur
836 5268 931 5323 per
979 5257 1298 5326 prophetam
1331 5258 1395 5323 ⁸⁸,
1460 5259 1583 5327 quia
1643 5257 1816 5311 Jacob

239 5341 423 5407 dilexi,
467 5341 618 5396 Esau
643 5355 818 5398 autem
845 5347 964 5399 odio
993 5348 1174 5402 habui.
1211 5348 1335 5404 Haec
1362 5364 1526 5418 supra
1566 5359 1814 5404 nostram

241 5427 479 5499 linguam
506 5442 656 5496 sunt,
688 5443 740 5488 et
766 5449 924 5505 supra
966 5437 1211 5492 auditum
1246 5449 1508 5495 vestrum.

304 5521 359 5577 2.
398 5521 553 5579 Nunc
582 5525 798 5580 interim
830 5528 1109 5585 videamus
1137 5532 1264 5602 quid
1299 5541 1381 5587 est
1411 5531 1551 5602 quod
1583 5532 1814 5588 dicitur:

305 5641 351 5673 ⁸³
404 5645 540 5701 Luc.
584 5661 738 5709 xxrv,
802 5649 890 5702 52.

237 5728 272 5780 ι,
303 5713 360 5780 2,
398 5714 452 5768 5.

994 5651 1039 5682 ⁵⁵
1079 5651 1223 5707 Psal.
1273 5669 1471 5720 exvut,
1523 5654 1612 5709 I8.

515 5717 580 5801 f’
636 5714 747 5773 Jcr.
810 5735 964 5788 χχιιι,
1017 5721 1106 5776 24.
1185 5726 1231 5758 ὀ
1285 5714 1571 5791 Εχοάξιιι,
1622 5726 1675 5780 5.

1725 5656 1771 5686 ⁸⁸
1810 5653 2009 5710 Cenes.
2061 5671 2210 5719 xxv,,
2240 5655 2330 5708 2|.

1756 5727 1800 5758 '”
1834 5725 2051 5801 _Gencs.
2101 5741 2230 5794 xxv,
2275 5725 2366 5780 23.

1932 4525 1999 4578 Et
2051 4529 2274 4595 populus
2326 4529 2582 4597 pepulrtm
2633 4531 2934 4596 superabit,
3002 4543 3048 4584 et
3105 4533 3279 4600 major
3327 4537 3509 4589 serviet

1927 4617 2136 4697 minori.
2191 4617 2471 4682 Quomodo
2512 4621 2739 4689 populus
2765 4623 3028 4689 populum
3061 4630 3420 4694 superaverit,
3456 4628 3509 4681 id

1927 4717 2010 4761 est
2051 4708 2291 4763 Ecclesia
2337 4709 2703 4780 Synagogam,
2728 4723 2781 4766 et
2809 4716 3079 4780 quomodo
3107 4717 3277 4785 major
3307 4720 3510 4772 serviat

1927 4800 2160 4864 minori,
2213 4803 2379 4856 etiam
2413 4803 2543 4870 ipsis
2585 4802 2786 4858 Judasis
2830 4803 2958 4857 licet
3008 4821 3112 4858 non
3159 4808 3506 4862 credentibus

1927 4904 2115 4948 notum
2162 4905 2263 4948 est.
2318 4894 2391 4949 De
2434 4895 2518 4949 his
2563 4910 2692 4965 ergo
2727 4911 2846 4965 quae
2881 4896 3058 4964 palam
3102 4907 3310 4952 suntet
3349 4899 3504 4952 valde

1924 4987 2176 5040 omnibus
2214 4987 2372 5049 trita,
2423 4986 2608 5041 dicere
2657 4987 2993 5056 superﬂuum
3043 5000 3196 5057 puto.
3227 4989 3397 5055 Illud,
3454 4997 3497 5046 si

1926 5077 2157 5145 placeat,
2205 5077 2488 5144 addamus,
2551 5078 2696 5145 quod
2746 5092 3182 5146 unumquemque
3231 5089 3498 5143 nostrum,

1923 5169 2015 5236 qui
2057 5169 2170 5223 haec
2209 5170 2396 5233 audit,
2435 5169 2712 5224 aedificare
2761 5177 2814 5223 et
2849 5170 3122 5224 instruere
3163 5181 3344 5240 queat.
3390 5172 3502 5243 Ego

1920 5269 2052 5326 puto
2089 5262 2234 5328 quod
2270 5269 2325 5313 et
2351 5261 2415 5313 de
2447 5259 2677 5329 singulis
2706 5261 2864 5314 nobis
2896 5261 2998 5314 hoc
3021 5261 3127 5316 dici
3153 5275 3352 5332 potest,
3375 5268 3498 5334 quia

1922 5349 2040 5403 dua:
2092 5360 2280 5419 gentes
2310 5362 2364 5404 et
2410 5352 2517 5406 duo
2559 5352 2741 5421 populi
2780 5339 3056 5408 intra’nos
3089 5365 3234 5409 sunt.
3268 5354 3403 5410 Nam
3445 5367 3496 5412 et

1921 5438 2186 5492 virtutum
2217 5441 2445 5510 populus
2480 5441 2618 5494 intra
2657 5454 2756 5496 nos
2789 5449 2896 5507 est,
2924 5451 2978 5496 et
3008 5443 3262 5497 vitiorum
3296 5443 3498 5499 nihilo-

1925 5533 2105 5587 minus
2149 5533 2374 5602 populus
2409 5533 2552 5586 intra
2583 5546 2680 5587 uos
2713 5544 2814 5587 cst.
2848 5532 2925 5588 De
2952 5535 3107 5587 corde
3137 5535 3271 5587 enim
3311 5544 3499 5591 nostro

2430 5657 2475 5688 ⁸⁸
2529 5657 2657 5713 ibid.
2701 5659 2792 5715 23.
2897 5659 2940 5690 ⁸⁷
2993 5657 3125 5716 ibid.
3233 5659 3491 5717 “Malae.
