4122 6248
580 265 685 320 227

2057 266 2214 323 0Pth
2224 267 2377 323 F.le

3716 283 3819 340 228

580 382 865 452 procedunt
916 383 1259 453 cogitationes
1285 381 1460 446 malw,
1492 382 1780 450 adulteria,
1814 385 1982 454 furta,
2002 385 2140 454 falsa
2173 389 2222 445 Α
2250 385 2366 439 nias
2395 388 2828 457 commovebunt,
2862 400 2916 446 et
2953 391 3209 462 incipient
3244 392 3451 465 replere
3478 403 3619 451 terra
3648 412 3743 452 sua
3767 410 3822 453 et

586 476 977 537 testimonia",
1010 474 1137 537 doli,
1178 474 1586 539 contentiones,
1613 475 1868 539 hmreses,
1908 475 2145 540 invidiae,

580 566 1018 629 comessationes,
1047 574 1102 618 et
1136 564 1218 619 his
1250 564 1471 619 similia.
1525 565 1686 621 Vides
1713 576 1953 637 quantus
1980 567 2150 621 malo-

581 672 698 710 rum
728 655 952 724 populus
980 654 1120 708 intra
1142 668 1241 709 nos
1271 666 1354 709 est
1374 656 1397 708 Ἰ
1421 654 1478 709 Si
1512 671 1638 710 vero
1672 671 1977 711 mercamur
2002 655 2149 711 illam

577 760 761 798 vocem
820 745 1001 797 dicere
1057 752 1246 797 sancto
1301 743 1527 811 Spiritui
1572 744 1618 775 ⁷³
1653 762 1666 797 :
1699 746 1741 797 A
1790 746 1978 798 timore
2034 754 2147 809 tuo,

574 835 820 897 Domine,
845 835 899 887 in
926 844 1072 887 utero
1096 835 1448 899 concepimus,
1479 843 1527 887 et
1556 834 1872 902 peperimus,
1902 834 2146 900 spiritum

575 927 763 980 salutis
788 937 891 980 tua:
914 926 1133 994 fecimus
1174 941 1328 992 super
1364 936 1582 990 terram;
1617 933 1742 979 tunc
1764 935 1818 980 et
1843 925 1982 979 alius
2006 926 2147 980 intra

577 1032 675 1069 nos
703 1017 929 1085 populus
963 1017 1241 1069 invenitur
1268 1017 1319 1070 in
1341 1016 1534 1077 spiritu
1564 1025 1877 1084 generatus.
1914 1013 2149 1070 Fructus

577 1106 722 1159 etaim
753 1107 969 1172 spiritus
999 1116 1072 1158 est
1103 1106 1368 1172 charitas,
1398 1106 1653 1176 gaudium
1672 1147 1688 1174 ,
1716 1122 1845 1176 pax,
1870 1106 2148 1175 patientia,

575 1195 869 1257 humilitas,
911 1197 1282 1261 mansuetudo,
1332 1197 1679 1259 continentia,
1726 1198 1944 1251 castitas
1976 1196 2045 1263 ⁷⁵,
2093 1204 2149 1251 ει

573 1287 660 1339 his
696 1286 918 1339 similia.
978 1286 1139 1341 Vides
1181 1296 1234 1341 et
1284 1286 1446 1341 alium
1500 1287 1757 1358 populum
1815 1286 1906 1354 qui
1942 1296 1998 1342 et
2033 1287 2148 1354 ipse

575 1377 713 1429 intra
745 1391 840 1430 nos
864 1385 946 1431 est
981 1395 995 1430 :
1024 1379 1117 1431 sed
1151 1377 1251 1431 iste
1278 1378 1456 1435 miuor
1482 1392 1585 1444 est,
1632 1379 1724 1433 ille
1766 1378 1958 1446 major.
1993 1377 2148 1432 Sem-

572 1482 667 1535 per
721 1469 865 1522 enim
916 1468 1099 1537 plures
1154 1478 1281 1524 sunt
1335 1471 1460 1526 mali
1510 1486 1672 1541 quam
1713 1469 1882 1535 boni,
1928 1478 1983 1525 et
2015 1468 2145 1521 vitia

573 1562 947 1617 numerosiora
985 1564 1300 1619 virtutibus.
1350 1565 1456 1619 Sed
1488 1564 1533 1619 si
1570 1564 1708 1618 tales
1744 1563 1939 1629 simus,
1967 1561 2144 1631 qualis

573 1654 817 1709 Rebecca
838 1692 853 1718 ,
880 1662 933 1707 et
964 1668 1271 1709 mereamur
1299 1654 1364 1708 de
1393 1657 1544 1708 Isaae
1569 1693 1583 1717 ,
1637 1653 1688 1706 id
1735 1661 1817 1707 est
1872 1653 1937 1707 de
1982 1653 2143 1706 verbo

572 1744 664 1798 Dei
719 1743 918 1796 habere
970 1750 1323 1810 conceptum,
1380 1744 1545 1797 etiam
1599 1743 1651 1796 in
1712 1742 1869 1796 nobis
1920 1741 2146 1811 populus

569 1835 823 1904 populum
854 1835 1151 1903 superabit,
1183 1842 1237 1888 et
1262 1832 1435 1902 major
1458 1832 1660 1889 serviet
1684 1831 1879 1886 minori
1906 1850 1918 1885 :
1946 1831 2143 1886 serviet

566 1927 773 1980 etenim
814 1940 943 1980 caro
979 1925 1218 1995 spiritui,
1247 1936 1302 1979 et
1333 1925 1463 1979 vitia
1502 1924 1794 1978 virtutibus
1818 1922 2031 1980 cedent.
2075 1920 2145 1975 Et

570 2017 767 2085 impleti
797 2025 941 2081 sunt,
977 2016 1236 2084 inquit",
1268 2017 1379 2069 dies
1409 2016 1523 2079 eius
1554 2026 1608 2069 ut
1649 2024 1882 2084 pareret,
1917 2024 1963 2069 et
1994 2026 2142 2069 erant

566 2110 761 2177 gemini
808 2111 863 2162 in
906 2120 1077 2163 ventre
1117 2110 1249 2178 ejus.
1313 2108 1413 2163 Hic
1468 2122 1673 2175 sermo,
1739 2107 1792 2162 id
1826 2116 1908 2163 est
1946 2106 2144 2176 impleti

564 2214 688 2256 sunt
732 2203 842 2256 dies
884 2204 999 2271 ejus
1052 2214 1107 2257 ut
1136 2213 1364 2272 pareret,
1401 2218 1681 2270 nunquam
1743 2202 1858 2257 fere
1920 2201 2021 2255 nisi
2076 2202 2143 2253 tle

568 2295 773 2349 sanctis
809 2292 1129 2347 mulieribus
1175 2291 1455 2347 scribitur.
1509 2291 1583 2343 De
1615 2290 1717 2344 hac
1748 2304 1982 2357 namque
2033 2288 2143 2343 Re-

566 2384 730 2440 becca
762 2384 962 2437 dictum
987 2390 1071 2436 est
1110 2381 1211 2434 hoc
1233 2419 1248 2442 ,
1278 2388 1331 2433 et
1360 2381 1425 2433 de
1451 2378 1733 2432 Elisabeth
1764 2385 1936 2432 matre
1977 2375 2145 2432 Joan-

568 2475 677 2537 nis,
720 2481 775 2526 et
820 2472 985 2525 Maria
1035 2480 1211 2525 matre
1253 2469 1464 2525 Domini
1524 2469 1693 2522 nostri
1742 2467 1867 2523 Jesu
1916 2466 2138 2523 Christi.

572 2563 723 2618 Unde
746 2562 875 2616 mihi
909 2561 1121 2615 videtur
1137 2559 1396 2614 eximium
1435 2559 1638 2629 aliquid
1664 2599 1679 2625 ,
1710 2569 1764 2614 et
1798 2570 1994 2629 praeter
2032 2574 2141 2615 ca:-

569 2661 716 2707 teros
761 2651 1014 2707 homines
1056 2649 1437 2719 hujuscemodi
1490 2658 1675 2719 partus
1718 2651 2031 2718 ostendere,
2087 2660 2143 2705 et

567 2741 793 2812 repletio
831 2742 1039 2796 dierum
1084 2751 1265 2808 ortum
1314 2739 1573 2809 perfectae
1620 2741 1825 2795 sobolis
1878 2741 2139 2797 indicare.

637 2834 691 2888 4.
723 2830 868 2886 Exiit
887 2843 1057 2886 autem
1080 2832 1246 2901 filius,
1276 2831 1457 2901 inquit
1479 2832 1546 2896 ⁷⁸,
1572 2834 1893 2902 primitivus,
1922 2835 2137 2901 rubens,

565 2933 614 2977 et
677 2932 819 2977 totus
881 2933 1129 2993 tanquam
1191 2922 1341 2991 pellis
1414 2922 1669 2976 hirsutus.
1739 2921 2137 2993 Cognominavit

2250 478 2361 532 luto
2392 490 2584 549 puteos
2612 497 2782 539 meos.
2819 484 2953 539 Nam
2984 487 3169 556 utique
3208 488 3254 542 si
3307 486 3687 556 permitterent
3732 487 3818 543 isti

2246 567 2577 635 Philistbini,
2618 580 2672 625 et
2712 587 2811 642 ego
2854 573 3099 629 volebam
3136 576 3395 630 accedere
3435 576 3501 627 ad
3529 571 3816 628 Dominum

2250 676 2422 715 meum
2438 662 2891 731 patientissimum
2915 664 3123 731 Jcsum,
3145 666 3234 735 qui
3254 664 3464 739 dicit",
3477 664 3603 733 quia
3628 681 3723 734 ego
3745 682 3802 721 ve

2248 753 2471 807 nientem
2491 753 2560 806 ad
2579 769 2659 808 me
2679 769 2787 808 non
2818 755 3044 821 repello:
3060 755 3304 811 volebam
3326 755 3616 821 accedere,
3639 766 3694 810 et
3714 756 3818 811 sic-

2248 851 2309 896 ut
2329 843 2583 898 dixerunt
2608 844 2659 899 ei
2681 844 2928 914 discipuli
2946 835 2991 877 τδ
3019 845 3289 911 :Domine,
3318 846 3440 916 quis
3470 848 3818 914 peccavitJtic

2247 950 2315 987 an
2341 944 2582 1002 parentes
2607 936 2746 1005 ejus,
2768 945 2822 990 ut
2852 952 3022 991 ctecus
3074 948 3377 991 nasceretur
3397 940 3423 993 7
3455 935 3520 990 Ει
3538 952 3639 1009 ego
3676 939 3818 994 vole-

2248 1020 2372 1076 bam
2411 1025 2752 1094 interrogare
2783 1039 2907 1079 eum
2930 1034 2984 1080 et
3015 1026 3194 1081 dicere
3226 1042 3241 1080 :
3273 1027 3522 1091 Domine,
3558 1028 3682 1094 quis
3698 1044 3820 1096 pec-

2248 1114 2409 1180 cavit,
2436 1116 2523 1170 hic
2553 1117 2798 1185 Esau,an
2828 1125 3082 1186 parentes
3108 1117 3321 1187 ejus,ut
3350 1117 3421 1172 sit
3450 1126 3594 1173 totus
3634 1120 3817 1175 hirsu-

2249 1213 2354 1268 tus,
2373 1213 2425 1260 et
2440 1206 2693 1262 horridus
2708 1216 3042 1274 nasceretur,
3060 1215 3112 1263 ut
3134 1208 3188 1263 in
3206 1216 3359 1263 utero
3381 1208 3816 1278 supplantaretur

2247 1311 2275 1349 a
2304 1296 2517 1352 fratre?
2547 1296 2650 1353 Sed
2683 1300 2727 1354 si
2758 1299 2980 1356 voluero
3013 1300 3350 1370 interrogare
3377 1298 3445 1353 de
3487 1298 3573 1354 his
3594 1302 3809 1356 verbum

2248 1386 2437 1453 Dei,et
2465 1389 2762 1458 inquirere,
2791 1392 2973 1445 statim
3000 1391 3133 1446 mihi
3163 1390 3284 1447 lites
3312 1389 3624 1446 Philisthini
3642 1403 3694 1446 et
3720 1407 3808 1446 ca-

2247 1477 2481 1537 lumnias
2516 1482 2834 1536 movent.Et
2869 1484 2989 1538 ideo
3009 1498 3110 1538 nos
3140 1477 3511 1552 relinquentes
3544 1484 3683 1541 hunc
3713 1498 3809 1553 pu-

2250 1582 2392 1628 teum
2418 1582 2473 1627 et
2505 1581 2763 1628 vocantes
2784 1587 2909 1627 eum
2934 1572 3247 1629 inimicitias
3268 1612 3282 1638 ,
3315 1572 3476 1627 alium
3520 1573 3801 1629 fodiamus.

2317 1662 2372 1719 5.
2418 1661 2545 1717 Post
2588 1664 2722 1728 htec,
2763 1663 2935 1733 inquit
2958 1663 3026 1731 θ’),
3060 1664 3330 1720 seminavit
3354 1664 3505 1717 Isaac
3530 1664 3797 1729 hordeum,

2247 1765 2294 1808 et
2324 1754 2513 1807 invenit
2535 1754 2852 1821 centuplum.
2870 1755 3144 1810 Benedixit
3167 1765 3343 1809 autem
3360 1752 3502 1808 illum
3527 1753 3792 1819 Dominus,

2247 1851 2295 1894 et
2325 1839 2692 1909 magniﬁcatus
2721 1849 2796 1892 est
2847 1840 3001 1894 homo
3047 1852 3095 1896 et
3140 1858 3385 1911 processu
3435 1842 3597 1911 major
3622 1844 3791 1911 ﬁebat,

2243 1931 2582 2001 quoadusque
2616 1944 2835 2000 magnus
2867 1928 3039 1996 factus
3085 1940 3161 1984 est
3199 1933 3368 1987 valde.
3391 1932 3529 2001 Quid
3552 1941 3629 1987 est
3664 1932 3796 2001 quod

2243 2021 2395 2077 Isaac
2426 2022 2684 2077 hordeum
2706 2018 3012 2082 seminavit,
3043 2030 3097 2073 et
3130 2033 3239 2074 non
3268 2019 3621 2087 frumentum,
3650 2020 3805 2075 etbe-

2243 2112 2512 2168 ncdicitur
2535 2112 2590 2165 in
2615 2125 2680 2165 eo
2720 2108 2861 2178 quod
2890 2107 3150 2162 hordeum
3184 2110 3438 2177 seminat,
3476 2123 3533 2168 et
3571 2109 3809 2180 magniﬁ-

2243 2211 2398 2257 catur
2439 2216 2720 2272 quousque
2762 2212 2989 2269 magnus
3036 2197 3173 2253 ﬁat?
3212 2200 3454 2269 Apparet
3487 2218 3655 2272 ergo,
3692 2200 3811 2271 quia

2244 2293 2483 2347 nondum
2532 2305 2761 2362 magnus
2808 2298 2927 2345 erat
2955 2307 2969 2356 ;
2996 2289 3093 2345 sed
3122 2298 3471 2360 posteaquam
3526 2292 3815 2348 seminavit

2243 2382 2505 2437 hordeum
2539 2391 2596 2437 et
2625 2382 2842 2450 collegit
2865 2378 3193 2450 centuplum,
3230 2389 3360 2435 tunc
3384 2381 3562 2436 factus
3586 2394 3678 2439 est
3707 2398 3818 2438 ma-

2243 2488 2380 2544 gnus
2421 2472 2600 2530 valde.
2662 2473 2937 2529 Ilordeum
2979 2472 3340 2541 iumentorum
3389 2474 3625 2530 maxime
3671 2476 3822 2530 cibus

2242 2574 2345 2630 est,
2391 2572 2485 2618 aut
2540 2578 2825 2620 servorum
2880 2562 3230 2618 rusticorum.
3288 2561 3383 2617 Est
3428 2561 3573 2617 enim
3608 2567 3824 2634 species

2242 2654 2508 2723 asperior,
2580 2662 2636 2709 et
2704 2668 2824 2723 qua:
2884 2652 3032 2706 velut
3100 2650 3439 2706 acuminibus
3494 2651 3819 2720 quibusdam

2242 2742 2649 2812 contingentem
2725 2742 3011 2798 stimulare
3083 2742 3351 2797 videatur.
3418 2737 3572 2796 Isaac
3640 2756 3822 2796 sermo

2241 2832 2337 2888 Dei
2374 2844 2480 2898 est,
2548 2832 2641 2901 qui
2698 2846 2879 2887 sermo
2942 2831 2997 2886 in
3064 2830 3181 2902 lege
3235 2831 3500 2887 hordeum
3559 2834 3820 2899 seminat,

2243 2936 2300 2983 et
2340 2926 2393 2981 in
2432 2923 2741 2997 Evangeliis
2779 2923 3040 2979 triticum.
3071 2922 3223 2977 illum
3268 2922 3413 2977 enim
3458 2921 3640 2977 cibum
3699 2939 3821 2994 pcr-

564 3026 740 3069 autem
790 3032 973 3068 nomen
1018 3014 1165 3067 illius
1223 3012 1388 3067 Esau.
1453 3013 1521 3067 Et
1572 3023 1755 3083 postea
1796 3016 1925 3069 exiit
1973 3015 2141 3085 frater
2170 3042 2215 3104 C
2247 3015 2561 3073 fectioribus
2607 3025 2661 3071 et
2694 3013 3065 3085 spiritalibus,
3103 3013 3248 3069 hunc
3306 3012 3737 3082 imperitioribus
3769 3023 3821 3067 ct

563 3106 702 3176 ejus,
752 3116 797 3159 et
839 3122 1025 3160 manus
1065 3108 1179 3174 ejus
1228 3106 1455 3174 implexa
1500 3116 1612 3159 erat
1658 3106 1912 3160 ealcaneo
1962 3103 2134 3173 Esau,

562 3210 609 3251 et
643 3197 913 3266 appellavit
952 3214 1138 3250 nomen
1174 3196 1318 3249 illius
1356 3195 1548 3250 Iacob.
1583 3195 1773 3251 Refert
1810 3197 1876 3251 de
1919 3198 2001 3251 his
2032 3198 2136 3252 alia

564 3289 855 3358 scriptura,
906 3286 1047 3356 quod
1090 3286 1261 3341 Jacob
1302 3287 1672 3357 supplantavit
1714 3290 1769 3343 in
1800 3301 1993 3345 ventre
2024 3290 2137 3344 fra-

567 3390 705 3435 trem
780 3393 978 3445 suum,
1051 3387 1105 3433 et
1153 3378 1313 3448 hujus
1371 3380 1448 3434 rei
1524 3380 1782 3434 indicium
1843 3381 1938 3445 sit,
1996 3382 2138 3450 quod

566 3482 759 3523 manus
787 3468 904 3539 ejus
939 3467 1172 3538 implexa
1200 3477 1317 3522 erat
1350 3468 1611 3523 ealcaneo
1643 3467 1832 3523 fratris
1860 3468 1941 3523 sui
1978 3468 2136 3523 Esau.

566 3560 670 3627 Qui
717 3560 861 3615 Esau
896 3561 962 3614 de
992 3568 1146 3615 utero
1191 3559 1384 3614 matris
1424 3574 1535 3614 sua:
1582 3559 1854 3629 processit
1894 3559 2141 3614 hirsutus

567 3659 716 3708 totus
753 3660 1006 3721 tanquam
1038 3650 1214 3723 pellis,
1272 3648 1443 3704 Iacob
1496 3660 1675 3704 autem
1720 3649 1856 3704 levis
1908 3658 1963 3705 ct
2010 3650 2144 3705 sim-

566 3747 713 3818 plex.
768 3744 922 3803 Unde
980 3754 1036 3799 et
1077 3742 1249 3800 Jacob
1298 3758 1328 3798 a
1368 3741 1627 3799 luctando
1658 3755 1854 3797 nomen
1880 3724 1895 3738 ’
1932 3742 2142 3813 accepit

568 3838 732 3910 (80).
792 3837 933 3891 Esau
981 3851 1150 3900 vero,
1203 3844 1262 3887 ut
1314 3833 1466 3886 aiunt
1512 3832 1603 3902 qui
1650 3831 1870 3887 Hebraea
1923 3831 2141 3886 nomina

566 3927 1012 3997 interpretantur,
1085 3924 1170 3977 vel
1242 3938 1273 3975 a
1354 3923 1592 3986 rubore,
1666 3921 1753 3977 vel
1831 3937 1860 3973 a
1947 3933 2139 3987 terra,

562 4018 670 4090 93
697 4017 750 4073 id
795 4026 878 4073 est
906 4015 1119 4082 rubrus,
1153 4012 1237 4067 vel
1282 4021 1554 4075 terrenus,
1588 4010 1695 4079 vel,
1727 4021 1787 4065 ut
1815 4011 1935 4066 aliis
1968 4013 2141 4067 visum

564 4119 648 4164 cst
672 4148 690 4173 ,
723 4107 929 4162 factura
965 4107 1142 4161 dictus
1170 4105 1405 4159 videtur.
1436 4103 1638 4158 Verum
1682 4118 1802 4172 quae
1831 4103 1939 4157 sint
1988 4103 2145 4158 istius

565 4199 863 4253 nativitatis
895 4197 1199 4269 privilegia,
1226 4211 1323 4251 cur
1363 4204 1543 4249 autem
1589 4192 1678 4249 ille
1712 4192 2147 4263 supplantaverit

563 4290 805 4359 fratrem,
839 4300 893 4346 et
922 4290 1057 4347 levis
1103 4305 1167 4345 ac
1196 4287 1422 4358 simplex
1456 4297 1611 4342 natus
1638 4287 1729 4354 sit,
1772 4300 1895 4341 cum
1935 4287 2144 4356 utique,

2246 3108 2570 3165 animalibus
2603 3117 2755 3179 parat
2782 3124 2796 3161 :
2830 3106 2953 3177 quia
2986 3106 3247 3175 scriptum
3274 3106 3416 3161 est”
3445 3105 3739 3162 :Homines
3775 3116 3819 3160 et

2237 3200 2482 3269 jttmenta
2522 3197 2695 3250 salvos
2742 3196 2926 3265 facies,
2972 3194 3216 3250 Domine.
3277 3195 3429 3251 Isaac
3474 3209 3659 3250 sermo
3690 3196 3820 3265 legis

2247 3288 2510 3343 hordeum
2538 3286 2791 3349 seminat,
2811 3293 2864 3339 et
2903 3291 3085 3339 tamen
3116 3284 3171 3339 in
3206 3284 3323 3355 ipso
3361 3285 3566 3341 hordeo
3613 3286 3822 3340 invenit

2247 3381 2605 3436 centesimum
2635 3377 2892 3431 fructum.
2926 3375 3145 3432 Iuvenis
3188 3376 3331 3431 enim
3354 3386 3407 3431 et
3438 3377 3490 3430 in
3520 3377 3640 3445 lege
3677 3392 3820 3432 mar-

2250 3481 2416 3544 tyres,
2440 3485 2670 3541 quorum
2694 3478 2781 3525 est
2806 3469 3131 3526 centesimus
3161 3467 3393 3524 fructus.
3414 3468 3519 3524 Sed
3551 3479 3605 3524 et
3631 3470 3820 3525 Domi--

2250 3577 2355 3618 nus
2377 3570 2564 3617 noster
2598 3561 2651 3616 in
2684 3558 2992 3631 Evangeliis
3037 3556 3208 3623 Isaac,
3242 3558 3566 3628 perfectiora
3591 3573 3818 3629 quaeque

2249 3652 2534 3724 apostolis,
2556 3651 2731 3706 turbis
2761 3658 2940 3705 autem
2972 3648 3181 3721 plebeia
3210 3656 3263 3703 et
3292 3650 3600 3704 communia
3630 3650 3817 3720 loque-

2249 3746 2433 3802 batur.
2460 3743 2557 3799 Vis
2592 3752 2773 3799 autem
2808 3742 3014 3805 videre,
3038 3740 3181 3810 quod
3216 3740 3379 3795 etiam
3424 3739 3590 3810 ipsius
3629 3739 3817 3794 hordei

2250 3838 2403 3893 cibos
2432 3834 2813 3904 incipientibus
2834 3832 3124 3888 exhibuit?
3145 3831 3416 3901 Scriptum
3447 3840 3528 3885 est
3564 3832 3617 3885 in
3644 3832 3817 3886 Evan-

2250 3925 2458 3997 geliis"
2480 3966 2493 3990 ,
2510 3924 2656 3992 quod
2678 3922 2919 3977 secundo
2945 3922 3157 3992 paverit
3181 3921 3383 3976 turbas.
3411 3920 3514 3976 Sed
3542 3920 3661 3977 illos
3683 3937 3821 3992 quos

2252 4016 2428 4087 primo
2473 4014 2667 4082 pascit,
2700 4012 2754 4067 id
2796 4021 2879 4068 est
2917 4012 3238 4082 incipientes
3263 4052 3278 4078 ,
3302 4011 3621 4067 hordeaceis
3668 4014 3820 4082 pani-

2252 4106 2352 4160 bus
2406 4103 2601 4174 pascit.
2640 4101 2829 4157 Postea
2874 4114 3025 4165 vero,
3053 4115 3177 4156 cum
3223 4102 3335 4172 jam
3385 4100 3742 4171 profecissent
3767 4102 3817 4155 in

2252 4190 2418 4247 verbo
2450 4199 2505 4245 et
2533 4188 2800 4250 doctrina,
2848 4186 3090 4242 triticeos
3116 4187 3196 4242 eis
3236 4188 3525 4243 exhibebat
3570 4186 3813 4256 panes".

2256 4284 2362 4340 Sed
2390 4290 2514 4352 post
2553 4282 2655 4335 hoc
2689 4280 2973 4344 Dominus,
3022 4279 3220 4349 inquit.
3252 4278 3527 4334 benedixit
3560 4278 3731 4344 Isaac,
3764 4286 3819 4331 et

563 4383 706 4438 sicut
755 4383 887 4438 dicit
934 4382 1222 4452 Apostolus
1251 4382 1319 4447 ⁷⁷,
1359 4396 1426 4434 ex
1464 4395 1572 4435 uno
1604 4378 1763 4432 fuerit
1794 4376 1945 4432 Isaac
1988 4387 2143 4450 patre
2178 4389 2222 4444 ι)
2256 4390 2485 4445 magnus
2512 4373 2685 4429 factus
2715 4381 2798 4427 est
2829 4371 3002 4426 valde.
3030 4368 3237 4425 Parvus
3261 4379 3381 4425 erat
3414 4370 3565 4426 Isaac
3594 4371 3648 4424 in
3683 4369 3815 4440 lege,

530 4472 747 4525 ‘nostro
803 4472 1087 4539 utriusque
1134 4470 1224 4524 lilii
1274 4479 1597 4539 conceptus,
1628 4468 1714 4523 vel
1754 4483 1851 4523 cur
1885 4467 1975 4521 ille
2000 4476 2144 4524 totus

565 4558 805 4614 hirsutus
832 4568 889 4614 et
940 4558 1216 4622 horridus,
1261 4567 1335 4622 et,
1381 4568 1439 4612 ut
1474 4558 1549 4613 ita
1587 4558 1788 4622 dicam,
1836 4557 2044 4625 peccati
2090 4564 2145 4611 et

567 4650 819 4719 nequitiae
852 4649 1105 4718 squalore
1134 4648 1499 4702 circumdatus
1526 4688 1540 4713 ,
1576 4663 1681 4702 non
1713 4657 1796 4702 est
1823 4662 2001 4702 meum
2032 4647 2141 4703 dis-

564 4751 767 4796 cutere.
815 4739 873 4795 Si
933 4739 1077 4794 enim
1120 4737 1342 4792 voluero
1375 4738 1427 4791 in
1464 4738 1631 4793 altum
1666 4739 1868 4803 fodere,
1901 4746 1956 4792 et
1985 4752 2140 4808 aqua:

564 4834 701 4887 viva:
724 4832 951 4887 latentes
985 4845 1151 4886 venas
1185 4829 1397 4900 aperire
1426 4831 1683 4885 continuo
1710 4830 1940 4884 aderunt
1970 4829 2141 4883 Phili-

564 4925 726 4979 sthini
747 4964 762 4990 ,
800 4934 852 4979 et
883 4924 1166 4992 litigabunt
1191 4937 1423 4991 mecum,
1445 4933 1499 4977 et
1521 4923 1667 4978 rixas
1699 4922 1829 4977 mihi
1857 4930 1912 4976 et
1934 4921 2141 4977 calum-

678 5064 724 5099 ⁷³
775 5062 967 5118 Matth.
1022 5077 1112 5129 xv,
1156 5063 1254 5121 l9:
1314 5060 1431 5116 Gal.
1481 5076 1538 5124 v,
1586 5058 1677 5113 20.

563 5133 610 5163 ’⁸
650 5134 782 5188 ibid.
815 5135 886 5188 25
909 5144 963 5188 et
994 5127 1104 5187 ‘26.
1162 5134 1204 5164 "
1232 5132 1386 5187 Rom.
1436 5145 1513 5184 ιι.
1612 5130 1657 5160 ⁷⁸
1697 5127 1856 5183 Joan.
1885 5143 1962 5193 VI.
1985 5129 2073 5183 57.

563 5200 610 5233 ⁸³
644 5203 835 5257 Matth.
862 5219 970 5258 xiv.
1015 5203 1090 5234 "3°
1116 5202 1303 5258 Matth.
1344 5216 1432 5255 xv.

638 5361 830 5439 (SGlA
873 5367 1041 5447 verbo
1084 5323 1215 5488 ἦν,
1257 5364 1559 5446 calcaneum
1608 5359 1988 5439 apprehendi“.
2026 5358 2142 5441 cal-

638 5455 740 5488 neo.
773 5446 1040 5488 sunaostto
1095 5438 1367 5488 ltcttttorts
1432 5445 1601 5487 mstnr
1660 5430 2034 5488 nessumdedtt,
2084 5430 2142 5482 ltt

564 5429 740 5501 cuneo,
773 5437 1040 5508 supposito
1095 5429 1367 5508 dictatoris
1432 5437 1601 5487 instar
1632 5430 2034 5508 _pessut‘nded_it,
2084 5429 2145 5508 lit

566 5497 761 5560 nomen
806 5497 997 5570 Jacob,
1047 5506 1191 5573 quod
1241 5507 1292 5558 in
1345 5513 1502 5573 partu
1563 5497 1770 5573 coloem
1815 5497 2002 5573 fratris
2056 5499 2141 5552 sui

568 5577 762 5645 tenuit,
798 5576 954 5645 quasi
985 5568 1167 5644 ips-um
1211 5575 1264 5627 in
1310 5568 1739 5645 primogenitum
1788 5568 2143 5638 supplantare

566 5644 773 5700 volens.
815 5640 955 5697 'Non
1008 5640 1149 5699 male
1187 5640 1321 5713 ergo
1370 5640 1568 5697 asserit
1610 5640 1879 5708 Origenes
1926 5652 2054 5693 eum
2111 5652 2142 5690 a

1790 5059 1837 5089 ⁷³
1892 5056 1998 5114 lsa.
2047 5075 2195 5122 xxvr.
2252 5064 2336 5117 18.

2161 5134 2206 5163 ⁷³
2228 5132 2388 5188 Joan.
2442 5146 2519 5197 tx,
2551 5130 2606 5183 2.
2681 5129 2727 5159 ⁸ο
2755 5126 2952 5182 Genes.
2977 5124 3237 5191 xxvi,12.

2248 4469 2344 4524 sed
2385 4480 2641 4537 processu
2670 4465 2927 4534 temporis
2962 4464 3022 4517 iit
3059 4478 3310 4531 magnus.
3339 4461 3425 4516 Fit
3446 4476 3671 4530 magnus
3694 4476 3817 4530 pro-

2246 4574 2405 4615 cessu
2433 4557 2691 4627 temporis
2720 4556 2773 4610 in
2806 4555 3105 4626 prophetis.
3138 4554 3271 4608 Nam
3302 4555 3352 4607 in
3394 4552 3505 4609 sola
3544 4552 3658 4622 lege
3684 4566 3812 4606 non-

2246 4655 2375 4709 dum
2413 4666 2638 4722 magnus
2668 4658 2769 4715 est,
2800 4650 2996 4718 quippe
3029 4662 3147 4717 qua:
3172 4657 3228 4701 et
3252 4645 3517 4700 velamine
3541 4651 3684 4699 tecta
3715 4650 3813 4695 est.

2245 4744 2456 4801 Crescit
2480 4741 2738 4813 ergojam
2764 4741 2815 4794 in
2848 4738 3148 4808 prophetis.
3171 4735 3309 4791 Cum
3343 4749 3472 4790 vero
3514 4730 3816 4803 pervenerit

2252 4836 2319 4889 ad
2346 4835 2448 4888 hoc
2482 4846 2671 4901 usque,
2705 4839 2766 4885 ut
2792 4837 2848 4884 et
2874 4827 3115 4882 velamen
3144 4826 3385 4894 abjiciat,
3409 4836 3538 4878 tunc
3565 4822 3671 4877 erit
3709 4836 3818 4874 ma-

2252 4940 2389 4995 gnus
2436 4924 2612 4980 valde.
2641 4922 2776 4977 Cum
2813 4919 3047 4991 cmperit
3092 4918 3273 4972 littera
3308 4916 3443 4986 legis
3480 4914 3627 4968 velut
3667 4914 3818 4984 palea

2453 5061 2498 5093 ⁷⁸
2549 5058 2726 5115 Gatat.
2772 5073 2825 5122 v,
2874 5055 2973 5115 22,
3013 5054 3105 5111 25.
3220 5054 3266 5085 ⁷⁸
3302 5051 3503 5122 Cenes.
3562 5064 3689 5112 xxv,
3728 5045 3819 5122 ἓξ.

3317 5123 3360 5152 ⁸³
3381 5120 3528 5177 l’sal.
3564 5134 3727 5184 xxxv,
3767 5114 3816 5168 8.

2254 5361 2510 5417 luctando
2540 5371 2735 5411 nomen
2768 5354 3067 5423 accepisse,
3106 5354 3199 5409 sed
3244 5352 3438 5407 miscet
3462 5346 3819 5423 etymologiae

2254 5432 2395 5485 Esau
2430 5440 2485 5485 et
2528 5428 2718 5481 Edom.
2758 5417 3079 5479 Esau'enim
3118 5440 3147 5476 a
3199 5424 3380 5478 radice
3405 5417 3555 5484 mni.
3587 5417 3818 5487 factura,

2252 5502 2356 5557 dici
2390 5506 2589 5569 potest,
2618 5495 2785 5569 Edom
2811 5508 2937 5549 vero
2983 5494 3052 5547 ab
3099 5501 3221 5556 om,
3266 5495 3442 5557 ruber,
3469 5489 3812 5550 rubicundus,

2253 5566 2475 5637 dicitur,
2514 5575 2606 5624 aut
2641 5566 2800 5621 homo
2832 5578 2861 5619 e
2899 5573 3043 5619 terra
3067 5574 3305 5618 creatus.
