4122 6248
464 318 572 374 229

1634 316 1701 372 1N
1739 317 2038 375 GENESIM
2082 319 2374 378 llOMlLlA
2413 323 2553 380 XIII.

3603 342 3726 399 ’230

461 431 653 489 hordei
686 431 805 501 ejus
853 434 1100 499 secerni,
1139 443 1195 489 et
1232 433 1549 502 apparuerit
1586 436 1733 504 quod
1780 437 2048 507 spiritalis
2078 443 2123 499 Α
2150 439 2401 495 venimus
2456 440 2747 495 exercitia.
2804 442 2943 499 Ecce
2991 447 3158 516 enim,
3217 453 3383 510 refert
3417 453 3718 525 Scriptura.

459 534 547 578 est
578 522 689 587 lex,
725 532 853 578 tunc
897 524 1047 579 Isaae
1101 524 1559 596 magnificabitur,
1589 537 1647 580 et
1679 526 1771 581 fiet
1815 543 2047 598 magnus

461 616 640 670 valde.
681 613 820 669 Vide
843 616 989 670 enim
1018 616 1144 685 quia
1175 626 1229 670 et
1257 614 1519 672 Dominus
1560 619 1613 671 in
1655 617 1970 687 Evangeliis
1999 620 2047 652 “

461 717 665 774 paucos
691 717 859 771 panes
898 703 1121 774 frangit,
1157 714 1209 759 et
1233 707 1381 774 quod
1413 705 1581 759 millia
1615 706 1791 761 reficit
1821 707 2047 777 populo-

461 812 604 863 rum,
641 808 695 850 et
718 797 905 867 quanti
935 800 1151 867 cephitti
1189 799 1539 869 reliquiarum
1587 812 1900 870 supersunt.
1934 802 2043 856 Do-

465 899 564 939 nec
600 885 798 953 integri
826 896 955 940 sunt
982 901 1167 955 panes,
1200 902 1364 942 nemo
1390 896 1688 949 saturatur,
1721 904 1882 944 nemo
1916 888 2041 942 reti-

459 975 629 1041 citur,
666 990 768 1030 nec
819 975 919 1045 ipsi
971 991 1137 1046 panes
1183 978 1437 1033 videntur
1484 979 1695 1049 augeri.
1744 979 2040 1034 Considera

454 1080 594 1134 ergo
620 1082 781 1131 nunc,
828 1070 1099 1136 quomodo
1146 1084 1349 1138 paucos
1398 1086 1568 1140 panes
1614 1069 1947 1141 frangimus;
1974 1072 2040 1124 de

462 1158 763 1228 Scripturis
787 1159 984 1214 divinis
1004 1176 1204 1230 paucos
1226 1176 1509 1217 sermones
1538 1163 1887 1226 assumimus,
1908 1174 2042 1230 quot

461 1249 628 1305 millia
650 1250 929 1304 hominum
949 1262 1289 1306 saturantur.
1336 1253 1439 1307 Sed
1478 1253 1582 1307 nisi
1638 1253 1792 1307 l'racti
1838 1252 2043 1307 fuerint

460 1343 547 1397 isti
577 1355 766 1413 panes,
813 1342 914 1397 nisi
966 1342 1020 1395 in
1069 1354 1259 1411 partes
1303 1344 1619 1398 comminuti
1651 1358 1682 1397 a
1731 1343 2036 1411 discipulis,

454 1432 560 1485 hoc
587 1440 692 1498 est,
727 1431 829 1485 nisi
880 1431 1189 1486 minutatim
1239 1433 1417 1487 littera
1479 1431 1646 1486 fuerit
1695 1433 1939 1486 discussa
1986 1442 2040 1486 et

449 1524 651 1590 fracta,
683 1539 880 1580 sensus
901 1524 1021 1592 ejus
1051 1524 1121 1579 ad
1152 1539 1345 1579 omnes
1366 1537 1472 1578 non
1512 1532 1690 1592 potest
1733 1524 2036 1594 pervenire.

452 1614 591 1668 Cum
618 1621 801 1667 autem
834 1620 1181 1683 pertractare
1216 1613 1543 1682 coeperimus
1570 1621 1625 1667 et
1663 1613 1872 1683 singula
1896 1628 2039 1682 qua:-

454 1725 565 1778 que
592 1710 889 1773 discutere,
924 1717 1059 1761 tunc
1110 1708 1284 1761 turbae
1323 1707 1535 1776 quidem
1577 1719 1836 1776 quantum
1892 1718 2040 1777 pote-

2149 528 2295 596 quod
2329 529 2499 595 Isaac,
2544 541 2827 601 postquam
2870 535 3149 594 benedixit
3178 542 3324 598 illum
3373 548 3633 605 Dominus
3663 563 3723 608 et

2150 620 2534 689 magnificatus
2562 631 2643 677 est
2667 623 2841 687 valde,
2869 640 3155 695 aggressus
3181 642 3265 686 est
3290 648 3424 703 opus
3446 653 3720 711 magnum.

2148 705 2215 758 Et
2236 708 2421 776 capit,
2456 708 2649 777 inquit,
2682 710 2871 767 fodere
2918 726 3129 783 puteos,
3162 732 3352 788 puteos
3385 740 3520 794 quos
3537 705 3723 784 'l‘ode-

2149 807 2269 850 rant
2297 800 2452 866 pueri
2479 800 2598 869 ejus
2625 802 2678 855 in
2719 812 2959 873 tempore
2997 813 3168 877 patris
3196 814 3312 882 ejus
3350 816 3622 875 Abraham
3644 822 3720 887 θ’,

2146 888 2242 941 sed
2269 889 2648 956 oppilaverant
2671 908 2765 947 eos
2792 895 3103 955 Philisthini
3123 943 3137 967 ,
3167 916 3221 958 et
3249 905 3601 974 impleverant
3622 922 3725 966 ter-

2146 994 2202 1031 ra
2232 978 2365 1049 (81).
2400 979 2585 1035 Primo
2633 998 2764 1054 ergo
2796 986 3062 1043 habitavit
3108 995 3249 1062 apud
3285 1006 3508 1063 puteum
3557 1000 3721 1055 visio-

2142 1069 2253 1132 nis,
2281 1078 2335 1123 ct
2363 1071 2701 1127 illunzittatus
2732 1090 2763 1128 a
2802 1087 2967 1145 puteo
2995 1080 3217 1139 visionis
3243 1089 3557 1155 aggreditur
3587 1091 3722 1148 alios

2142 1167 2334 1226 puteos
2367 1161 2607 1227 aperire.
2644 1164 2711 1218 Et
2751 1181 2857 1220 non
2893 1169 3126 1237 primum
3177 1190 3345 1231 novos
3376 1190 3591 1246 puteos,
3625 1186 3721 1239 sed

2143 1264 2279 1317 quos
2306 1250 2517 1306 fuderat
2549 1264 2707 1323 pater
2759 1258 2876 1326 ejus
2903 1262 3200 1317 Abraham.
3237 1267 3305 1321 Et
3349 1283 3469 1322 cum
3500 1272 3723 1331 fodisset

2141 1340 2374 1407 primum
2398 1352 2643 1410 puteum,
2672 1347 2827 1401 κειαιί
2846 1364 2988 1413 sunt,
3012 1353 3209 1422 inquit,
3236 1373 3355 1411 eum
3379 1358 3710 1418 Philistltini.

2139 1428 2212 1481 At
2251 1429 2337 1483 ille
2358 1431 2476 1486 zelo
2504 1448 2693 1487 eorum
2718 1452 2828 1498 non
2860 1450 2942 1492 est
2982 1443 3296 1510 deterritus,
3324 1460 3424 1502 nec
3448 1452 3615 1505 cessit
3640 1454 3721 1505 in-

2139 1518 2298 1573 vidie
2330 1522 2466 1575 :sed
2503 1524 2713 1589 iterum,
2749 1528 3023 1597 inquit”,
3058 1534 3191 1600 [odit
3234 1547 3437 1603 puteos,
3468 1555 3600 1609 quos
3637 1541 3723 1609 fo-

2138 1610 2327 1663 derant
2368 1613 2519 1679 pueri
2564 1614 2831 1671 Abraham
2883 1624 3055 1686 patris
3092 1625 3227 1692 ejus,
3257 1637 3307 1681 et
3354 1631 3717 1697 oppilaverant

2137 1717 2225 1755 eos
2252 1700 2561 1759 Pliilistltini
2586 1718 2701 1775 post
2745 1722 2963 1767 mortem
3000 1717 3225 1771 Abraltte
3253 1722 3420 1788 patris
3466 1730 3579 1792 ejus
3608 1741 3629 1791 ;
3665 1735 3715 1779 et

457 1808 592 1851 runt
616 1806 853 1850 sumant.
888 1795 1044 1863 Quod
1070 1806 1253 1849 autem
1282 1809 1382 1848 non
1436 1796 1733 1863 potuerint,
1774 1796 2041 1865 colligen-
2070 1784 2114 1842 Β
2141 1795 2312 1861 posuit
2348 1794 2452 1847 illis
2480 1800 2720 1864 nomina,
2749 1805 3035 1858 secundum
3070 1809 3288 1863 nomina
3315 1829 3435 1882 qua?
3468 1829 3714 1882 posuerat

462 1888 595 1941 dum
627 1894 713 1940 est
738 1892 791 1941 et
811 1884 1219 1949 reservandum,
1250 1897 1315 1937 ne
1349 1883 1478 1952 quid
1506 1894 1715 1954 pereat.
1739 1885 2034 1941 Servamus

460 1987 595 2045 ergo
613 1984 669 2029 et
697 1987 815 2038 nos,
845 1974 889 2029 si
933 1972 1067 2042 quid
1104 1974 1274 2027 turba:
1299 1987 1494 2042 capere
1542 1989 1649 2030 non
1704 1987 1953 2046 possunt,
1980 1988 2034 2032 et

457 2064 765 2135 colligimus
784 2064 839 2117 in
859 2064 1105 2132 e0phinis
1128 2072 1184 2117 et
1206 2064 1429 2132 sportis.
1458 2064 1704 2134 Denique
1725 2082 1846 2120 cum
1870 2083 1934 2136 pa
1944 2068 2031 2122 nlo

452 2164 583 2209 ante
618 2154 973 2225 fregissemus
1013 2166 1207 2221 panem
1240 2154 1307 2208 de
1337 2153 1508 2211 Jacob
1534 2165 1589 2211 et
1622 2157 1787 2222 Esau,
1823 2169 2027 2227 quanta

449 2250 519 2302 de
552 2245 644 2300 illo
672 2258 810 2313 pane
850 2242 1161 2313 fragmenta
1206 2257 1603 2314 superaverunt
1631 2262 1754 2316 qua:
1784 2265 1880 2304 nos
1910 2250 2029 2305 dili-

445 2346 637 2407 genter
683 2334 1069 2404 recollegimus
1120 2349 1191 2390 ne
1241 2337 1505 2405 perirent,
1529 2348 1584 2393 et
1632 2354 1914 2397 servamus
1970 2343 2024 2397 in

445 2430 648 2499 sportis
696 2428 785 2484 vel
824 2430 1097 2498 cophinis,
1141 2444 1422 2499 usquequo
1470 2430 1727 2488 Dominus
1774 2434 1842 2489 de
1889 2435 2025 2505 ipsis

443 2520 573 2590 quid
596 2520 759 2575 etiam
785 2520 900 2575 tieri
919 2518 1133 2588 iubeat,
1151 2521 1452 2577 videamus.
1483 2519 1631 2577 Nunc
1654 2532 1835 2578 autem
1858 2540 2025 2594 quan-

449 2621 563 2667 tum
594 2612 853 2681 possibile
893 2621 1000 2677 est,
1032 2612 1113 2666 vel
1144 2613 1211 2666 de
1253 2614 1483 2682 panibus
1517 2616 1901 2684 comedamus,
1937 2617 2021 2672 vel

446 2702 512 2754 de
535 2701 714 2771 puteis
749 2701 1090 2755 hauriamus.
1138 2700 1430 2756 Tentemus
1467 2704 1646 2759 facere
1669 2705 1831 2758 etiam
1866 2706 2017 2771 illud,

446 2792 589 2862 quod
620 2792 885 2862 sapientia
908 2801 1233 2860 commonet,
1258 2794 1448 2849 dicens
1471 2794 1559 2849 “z
1597 2795 1722 2850 Bibe
1760 2813 1925 2868 aquas
1954 2800 2019 2854 de

436 2886 547 2938 tuis
567 2883 823 2951 fontibus,
866 2896 916 2938 et
946 2886 1011 2938 de
1055 2886 1161 2938 tuis
1201 2886 1397 2954 puteis,
1438 2899 1488 2941 et
1515 2888 1584 2941 sit
1627 2890 1721 2942 tibi
1752 2891 1869 2960 {ous
1895 2900 2015 2946 tuus

442 2975 705 3043 proprius.
741 2972 910 3029 Tenta
938 2990 1067 3045 ergo
1099 2986 1152 3030 et
1179 2985 1256 3042 tu,
1285 2991 1319 3030 ο
1364 2978 1601 3045 auditor,
1649 2979 1851 3036 habere
1886 2997 2015 3051 pro-

443 3068 617 3134 prium
650 3077 891 3135 puteum,
923 3076 973 3122 ct
1005 3069 1285 3137 prepriuni
1333 3069 1575 3137 fontem;
1615 3081 1671 3127 ut
1703 3083 1757 3128 et
1786 3083 1863 3139 tu,
1890 3090 2011 3129 cum

2139 1892 2291 1972 pater
2322 1885 2458 1953 ejus.
2490 1886 2797 1961 Foditcrgo
2834 1894 2955 1949 illos
2983 1907 3192 1965 puteos,
3228 1915 3367 1972 quos
3401 1914 3555 1971 pater
3584 1920 3715 1960 suns

2140 1971 2375 2038 foderat,
2412 1986 2467 2030 et
2516 1977 2606 2044 qui
2649 1994 2746 2047 per
2780 1984 3034 2039 malitiam
3073 1985 3529 2047 Philistbinorum
3569 2002 3714 2049 terra

2138 2064 2353 2119 fuerant
2382 2067 2591 2135 repleti.
2615 2069 2774 2125 Fodit
2801 2084 2853 2126 et
2883 2074 3017 2129 alios
3056 2094 3224 2133 novos
3269 2081 3322 2134 in
3360 2084 3498 2137 valle
3538 2084 3712 2139 Gera-

2138 2168 2321 2207 rarum
2365 2155 2500 2227 (82),
2552 2175 2656 2213 non
2724 2162 2941 2229 quidem
2985 2165 3121 2234 ipse,
3165 2169 3256 2222 sed
3297 2172 3449 2237 pueri
3474 2173 3591 2242 ejus
3619 2194 3631 2229 :
3659 2184 3713 2228 et

2134 2246 2327 2299 inrenit
2347 2286 2363 2311 ,
2393 2248 2569 2317 inquit
2592 2251 2661 2315 ",
2692 2253 2767 2305 ibi
2792 2263 3007 2321 puteum
3036 2273 3186 2326 aqua:
3236 2263 3379 2314 vivae.
3413 2260 3517 2315 Sed
3547 2266 3711 2318 rimati

2131 2346 2255 2389 sunt
2282 2348 2517 2405 pastores
2566 2340 2887 2397 Ceterarum
2936 2363 3055 2400 cum
3086 2352 3385 2417 pastoribus
3419 2348 3707 2417 Isaac,'dio

2130 2434 2300 2478 centes
2326 2442 2475 2480 suam
2497 2445 2607 2483 esse
2629 2447 2839 2499 aquam,
2859 2444 2908 2487 et
2925 2437 3201 2504 appellavit
3224 2456 3409 2495 nomen
3432 2447 3573 2511 putei
3596 2442 3710 2499 Ini-

2128 2514 2325 2582 quitas.
2352 2516 2542 2587 Inique
2566 2523 2703 2574 enim
2735 2535 3003 2591 gesserunt
3029 2542 3148 2580 eum
3183 2545 3262 2583 eo.
3306 2530 3411 2586 Sed
3446 2534 3594 2591 Isaac
3623 2553 3708 2594 re-

2125 2606 2271 2659 cedit
2303 2622 2332 2659 a
2362 2610 2561 2664 tnalitia
2590 2626 2803 2678 eorum,
2846 2624 2893 2668 et
2928 2618 3063 2684 fodit
3095 2620 3285 2673 iterum
3334 2623 3557 2677 alterunt
3606 2643 3707 2694 pu-

2126 2707 2289 2759 teum,
2320 2707 2369 2752 et
2394 2716 2487 2767 pro
2510 2702 2625 2767 ipso
2654 2702 3022 2771 nihilominus,
3055 2709 3252 2778 inquit,
3288 2714 3701 2781 altercabantur,

2123 2797 2172 2839 et
2200 2790 2478 2857 appellavit
2503 2808 2688 2846 nomen
2710 2794 2821 2863 ejus
2854 2796 3219 2855 Inimicitiam.
3238 2799 3307 2855 Et
3328 2807 3535 2858 recessit
3557 2809 3698 2870 inde,

2121 2890 2170 2932 et
2196 2879 2327 2947 [odit
2355 2883 2544 2934 iterant
2567 2895 2778 2951 puteum
2807 2888 2990 2955 alium,
3009 2900 3059 2945 et
3082 2908 3183 2946 non
3210 2906 3329 2947 sunt
3353 2899 3515 2951 rizati
3531 2898 3596 2952 a'e
3616 2916 3697 2953 eo.

2121 2970 2251 3027 Ideo
2289 2984 2337 3026 et
2375 2975 2655 3043 appellavit
2710 2995 2894 3034 nomen
2922 2982 3040 3051 ejus
3097 2986 3435 3054 Amplitudo,
3491 2992 3694 3056 dicens,

2119 3063 2241 3131 quia
2269 3080 2406 3118 nunc
2432 3063 2671 3121 dilatavit
2702 3086 2795 3123 nos
2826 3070 2988 3138 Deus,
3011 3086 3058 3127 et
3092 3077 3240 3129 aua‘it
3270 3094 3367 3133 nos
3396 3097 3552 3149 super
3585 3093 3695 3137 ter-

443 3134 864 3226 apprehgnderis
897 3134 1093 3213 libri’m
1107 3134 1553 3229 'Scripmramm’
1590 3164 1819 3233 incipias
1850 3166 2013 3222 etiam
2041 3134 2085 3194 ο
2119 3173 2252 3210 ram.
2279 3158 2422 3214 Bene
2439 3162 2491 3214 ἱιι
2520 3163 2761 3231 quodam
2801 3165 2920 3221 Ιοεο
2968 3178 3189 3224 sanctus
3224 3174 3531 3242 APOalOillS,
3562 3192 3694 3233 0011-

440 3260 507 3300 ex
537 3249 759 3317 preprio
799 3263 961 3303 sensu
1009 3250 1256 3319 proferre
1302 3252 1537 3321 aliquem
1578 3254 1927 3323 intellectum,
1959 3265 2015 3313 et

440 3338 735 3391 secundum
781 3352 843 3392 ea
894 3353 1015 3407 qua:
1044 3341 1097 3394 in
1130 3340 1365 3395 Ecclesia
1396 3344 1657 3411 didicisti,
1681 3355 1827 3401 tenta
1870 3359 1923 3403 et
1956 3360 2011 3403 tu

436 3426 629 3483 bibere
676 3427 743 3482 de
776 3430 925 3484 fonte
967 3430 1168 3501 ingenii
1226 3434 1322 3487 tui.
1364 3431 1461 3487 Est
1520 3435 1659 3490 intra
1712 3446 1765 3492 te
1815 3448 2010 3495 natura

443 3532 599 3586 aqua:
628 3518 779 3585 vivae,
803 3530 929 3574 sunt
958 3535 1106 3576 vente
1142 3537 1433 3592 perennes,
1461 3534 1518 3580 et
1565 3526 1772 3597 irrigua
1810 3527 2007 3585 ﬂuenta

441 3608 783 3664 rationabilis
810 3624 1020 3675 sensus,
1043 3612 1089 3665 si
1125 3613 1281 3667 modo
1304 3628 1410 3669 non
1444 3615 1558 3669 sint
1591 3625 1734 3669 terra
1768 3627 1820 3671 et
1845 3619 2008 3675 rude-

440 3701 595 3758 ribus
624 3702 856 3772 nppleta.
896 3704 1001 3758 Sed
1032 3707 1163 3762 satis
1188 3721 1287 3775 age
1326 3707 1511 3763 fodere
1536 3718 1736 3764 terram
1760 3720 1928 3779 tuam,
1950 3721 2006 3766 et

440 3807 673 3862 purgare
721 3796 943 3861 sordes,
982 3799 1034 3852 id
1069 3808 1153 3853 est
1190 3799 1392 3868 ingenii
1436 3801 1511 3855 tui
1566 3815 1816 3857 amovere
1859 3803 2003 3857 desi-

434 3884 603 3945 diam,
634 3895 690 3940 et
716 3896 983 3957 torporem
1009 3890 1190 3945 cordis
1211 3899 1493 3947 excutere.
1521 3892 1658 3947 Audi
1703 3894 1847 3948 enim
1872 3896 2001 3965 quid

429 3977 567 4030 dicit
604 3977 883 4048 Scriptura
909 3981 990 4036 “:
1027 3982 1210 4053 Punge
1249 3986 1458 4041 oculum
1478 4028 1492 4052 ,
1521 4002 1567 4043 et
1595 3989 1789 4059 profert
1830 3992 2002 4062 lacry—

432 4083 616 4133 mam;
648 4086 817 4141 punge
840 4089 950 4136 cor,
978 4084 1027 4127 et
1075 4074 1271 4143 profert
1307 4093 1540 4131 sensum.
1588 4080 1761 4150 Purga
1791 4098 1918 4152 ergo
1945 4093 2000 4137 et

434 4169 489 4213 tu
526 4162 798 4231 ingenium
828 4174 1005 4230 tuum,
1038 4176 1097 4221 ut
1123 4167 1414 4236 aliquando
1439 4171 1603 4224 etiam
1636 4173 1702 4225 de
1742 4176 1849 4228 tuis
1879 4173 1999 4228 fon-

431 4250 576 4305 tibus
606 4252 774 4318 bibas,
798 4262 855 4309 et
886 4253 952 4309 de
984 4256 1089 4310 tuis
1116 4257 1292 4327 puteis
1323 4259 1544 4315 haurias
1577 4275 1772 4331 aquam
1795 4263 1994 4317 vivam.

428 4337 488 4393 Si
510 4340 654 4395 enim
686 4344 973 4408 suscepisti
998 4344 1052 4397 in
1085 4354 1136 4400 te
1160 4346 1382 4402 verbum
1419 4349 1532 4416 Dei,
1564 4350 1610 4404 si
1641 4353 1896 4420 accepisti
1928 4352 1997 4408 ab

2114 3249 2363 3305 sideralis
2413 3256 2795 3323 mysteriorum
2843 3262 3292 3333 magnitudinem,
3344 3268 3585 3324 dicit":
3625 3270 3688 3324 Et

2112 3343 2182 3394 tul
2210 3342 2321 3396 lucc
2344 3346 2459 3409 quis
2490 3347 2705 3401 idoneus
2733 3352 2759 3403 ?
2785 3351 2960 3404 Simili
2989 3354 3173 3418 modo,
3203 3356 3313 3409 imo
3350 3359 3506 3427 longe
3532 3361 3678 3418 dissi-

2110 3432 2247 3496 mili,
2274 3442 2476 3500 qnanto
2510 3434 2599 3489 illo
2628 3435 2787 3506 longe
2815 3438 3106 3495 inferiores
3146 3458 3356 3509 sumus,
3390 3448 3555 3500 etiam
3591 3464 3689 3503 nos

2111 3525 2357 3581 videntes
2392 3535 2593 3581 tantam
2649 3528 2701 3582 in
2737 3532 3015 3601 mysteriis
3058 3531 3396 3589 altitudinem
3447 3536 3559 3607 (85)
3590 3555 3688 3608 pu.

2108 3624 2342 3680 teorum,
2389 3616 2622 3671 dicimus
2658 3634 2673 3671 :
2708 3618 2775 3672 Et
2811 3622 2879 3673 ad
2926 3620 3036 3675 lucc
3066 3623 3181 3692 quis
3233 3626 3503 3683 idoneus?
3555 3628 3687 3692 Quis

2106 3705 2251 3758 enim
2287 3706 2451 3773 digne
2492 3707 2670 3763 valeat
2714 3710 3023 3778 explicare,
3059 3705 3142 3767 vel
3186 3725 3468 3783 puteorum
3504 3734 3686 3772 sacra-

2106 3806 2286 3848 tnenta
2337 3804 2635 3861 tantorum,
2671 3797 2752 3852 vel
2803 3813 2989 3853 eorum
3025 3816 3145 3871 qua:
3192 3810 3342 3870 gesta
3380 3818 3477 3871 pro
3504 3805 3679 3874 puteis

2105 3886 2435 3953 referuntur,
2475 3886 2578 3941 nisi
2612 3888 2930 3945 invocemus
2975 3889 3196 3945 Patrem
3226 3892 3386 3945 Verbi
3429 3894 3678 3958 viventis,

2101 3989 2153 4034 et
2195 3977 2387 4046 ipsein
2413 3992 2509 4033 ore
2543 3988 2733 4034 nostro
2769 3980 3000 4034 verbum
3046 3982 3174 4037 dare
3209 3983 3482 4050 dignetur,
3521 3994 3577 4037 ut
3607 3986 3679 4039 si-

2103 4072 2360 4126 tientibus
2390 4074 2544 4129 vobis
2589 4087 2862 4143 pessumis
2916 4070 3311 4140 aliquantulum
3343 4087 3496 4143 aqua!
3543 4074 3679 4129 vivte

2100 4166 2320 4221 haurire
2351 4181 2417 4221 ex
2451 4167 2537 4221 his
2564 4174 2671 4219 tam
2694 4164 2929 4233 copiosis
2954 4171 3008 4217 et
3032 4164 3420 4231 multiplicibus
3452 4168 3627 4235 puteis
3652 4170 3677 4221 ἲ

2164 4255 2221 4306 2.
2264 4255 2405 4308 Sunt
2441 4267 2573 4321 ergo
2613 4252 2786 4320 putei,
2817 4265 2956 4318 quos
3008 4248 3261 4304 foderunt
3312 4252 3460 4319 pueri
3502 4250 3677 4305 Abra-

2097 4346 2247 4407 ham,
2272 4346 2365 4399 sed
2393 4345 2490 4398 hos
2510 4342 2823 4397 Philisthini
2856 4341 3194 4410 repleverunt
3221 4349 3383 4397 terra.
3408 4341 3516 4396 llos
3544 4358 3676 4411 ergo

426 4429 555 4486 Jcsu
590 4445 783 4501 aquam
817 4434 994 4488 vivam
1033 4444 1088 4489 et
1136 4435 1369 4493 ﬁdeliter
1399 4440 1677 4510 accepisti,
1712 4442 1804 4495 ﬁet
1832 4442 1884 4495 in
1940 4454 1991 4498 te
2023 4465 2069 4521 υ
2098 4437 2328 4507 primum
2356 4450 2591 4505 purgare
2612 4434 2922 4503 aggreditur
2949 4432 3122 4487 Isaac.
3158 4431 3469 4487 Philisthini
3501 4449 3671 4502 aquas

428 4524 551 4579 fons
583 4539 735 4594 aqua:
762 4524 1008 4580 salientis
1040 4526 1091 4580 in
1115 4527 1281 4581 vitam
1306 4541 1588 4594 aeternam,
1628 4531 1680 4585 in
1720 4531 1836 4600 ipso
1862 4530 1987 4587 Jesu

425 4614 645 4670 Christo
679 4615 905 4671 Domino
943 4626 1151 4681 nostro,
1176 4620 1260 4672 cui
1297 4630 1380 4674 est
1415 4620 1584 4689 gloria
1613 4631 1667 4676 et
1702 4622 1986 4693 imperium

425 4705 479 4759 in
515 4705 708 4761 sa'cnla
742 4705 1083 4761 saeculorum.
1118 4707 1313 4762 Amen.

842 4896 845 4899 Δ
911 4818 1022 4891 94
1058 4817 1340 4875 llOMlLIA
1367 4816 1503 4879 XII].

493 4909 573 4965 De
597 4910 766 4979 puteis
811 4928 940 4981 quos
980 4911 1348 4985 foditlsaac,
1392 4924 1440 4968 et
1483 4915 1667 4985 repleti
1717 4926 1837 4971 sunt
1885 4933 1918 4971 a

1024 4981 1377 5038 Philistltinis.

491 5072 541 5127 1.
584 5073 751 5128 Solita
773 5086 899 5144 erga
946 5083 1135 5144 puteos
1178 5091 1395 5147 semper
1426 5077 1855 5147 patriarcharum
1902 5081 1988 5134 in-

520 5167 564 5198 ⁸⁸
595 5167 791 5240 blatth'.
818 5182 929 5223 XIV.
1007 5170 1051 5201 ⁸⁸
1082 5171 1241 5227 Prov.
1268 5185 1321 5237 ν,
1346 5170 1540 5239 15,18.
1619 5174 1664 5205 ⁸⁸
1686 5174 1865 5230 Eccle.
1896 5190 2031 5240 xxii,
2051 5175 2139 5231 19.

417 5251 531 5306 seq.
607 5237 651 5268 ’°
678 5233 719 5291 ll
754 5238 878 5291 Cor.
908 5254 967 5302 ll,
998 5240 1085 5295 16.

486 5331 597 5405 (8|)
637 5332 801 5405 Editi,
818 5332 1131 5400 foderunt...
1163 5336 1590 5403 oppilaverunt...
1610 5336 1974 5405 impleverunt,

412 5403 505 5455 sed
542 5417 671 5455 mss.
703 5412 763 5454 nt
793 5404 842 5454 in
869 5410 1056 5454 nostro
1090 5412 1258 5457 textu.

483 5469 596 5543 (εξ)
636 5472 855 5538 Aliquot
880 5470 1518 5541 mss.,Geraris,quoties
1554 5473 1606 5527 in
1646 5474 1807 5531 editis
1848 5474 1978 5543 legi-

413 5538 500 5593 tur
523 5538 865 5595 Gerararum.

479 5609 590 5682 (85)
632 5609 726 5666 Sic
762 5624 917 5680 mss.,
948 5611 1078 5670 editi
1127 5625 1277 5679 vero,
1318 5618 1520 5666 tantum
1566 5612 1803 5682 mysterii
1847 5611 1973 5668 alti-

406 5680 660 5733 tudinem.

2094 4528 2349 4591 oder-nnt,
2376 4536 2574 4580 terram
2607 4524 2860 4595 diligunt.
2890 4524 3040 4579 Isaac
3060 4538 3229 4591 aquas
3258 4525 3452 4595 diligit,
3480 4534 3669 4593 puteos

2094 4634 2309 4689 semper
2342 4615 2555 4686 quaerit,
2581 4625 2790 4670 veteres
2812 4623 3030 4686 purgat,
3048 4629 3217 4669 novos
3245 4614 3669 4684 aperit.lntuere

2093 4721 2338 4767 nostrum
2392 4708 2567 4773 lsaac,
2607 4707 2698 4776 qui
2750 4722 2847 4775 pro
2885 4707 3043 4762 nobis
3074 4705 3291 4762 oblatus
3344 4716 3426 4760 est
3459 4706 3662 4769 hostia,

2092 4803 2398 4858 venientem
2451 4800 2504 4854 in
2555 4800 2749 4855 vallem
2787 4798 3141 4860 Gcrararum,
3186 4811 3347 4864 quam
3402 4796 3669 4863 interpre-

2093 4901 2280 4947 tantur
2335 4888 2618 4943 maceriam
2658 4887 2793 4959 (84),
2836 4888 2950 4942 sive
2984 4900 3185 4955 sepem;
3228 4882 3555 4946 venientem,
3588 4885 3667 4935 in-

2091 5002 2275 5058 quam,
2302 4996 2361 5041 ut
2403 4986 2637 5041 medium
2674 4983 2933 5054 parietem
2965 4979 3183 5047 sepieus
3213 4976 3391 5031 solvat
3422 4976 3661 5029 inimici-

2095 5082 2195 5135 tias
2225 5079 2279 5133 in
2329 5092 2493 5133 carne
2542 5092 2659 5139 sua,
2696 5073 3002 5128 venientem
3049 5066 3240 5121 tollere
3268 5066 3580 5125 maceriam,
3609 5063 3657 5117 id

2240 5174 2282 5205 ⁸⁷
2315 5172 2513 5229 Cenes.
2538 5185 2690 5235 xxvi,
2721 5167 2806 5221 t5.
2903 5165 2949 5196 ⁸⁸
2983 5162 3116 5217 ibid.
3138 5158 3223 5214 18.
3288 5158 3334 5190 ⁸⁸
3358 5158 3488 5214 ibid.
3521 5157 3582 5213 19
3605 5168 3657 5213 et

2157 5334 2268 5404 (Si)
2310 5332 2484 5404 Locus
2518 5332 2570 5385 iu
2615 5326 2773 5381 editis
2811 5334 3125 5404 porrigitus,
3161 5325 3250 5380 tibi
3298 5326 3498 5394 legitur
3527 5340 3652 5404 ina-

2081 5395 2310 5460 cltaara'm
2332 5403 2435 5456 sive
2480 5415 2671 5467 sepem,
2710 5395 2990 5449 venientem
3020 5396 3071 5449 in
3099 5413 3313 5465 aquam,
3339 5406 3393 5449 ut
3420 5396 3649 5447 medium

2082 5475 2331 5541 parietem
2386 5470 2523 5544 scpis
2576 5469 2764 5544 solvat,
2803 5474 2851 5518 et
2889 5467 3195 5544 inimicitias
3226 5467 3279 5518 in
3319 5480 3477 5518 carne
3527 5481 3648 5544 sua,

2082 5537 2370 5596 uenientem
2392 5540 2572 5592 tollere
2604 5537 2942 5612 murmurant,
2966 5538 3018 5612 id
3044 5546 3119 5588 est
3144 5544 3411 5600 peccatum
3437 5537 3651 5612 quoin-

2081 5622 2165 5667 ter
2202 5627 2294 5666 nos
2314 5618 2523 5678 separat
2558 5618 2605 5681 et
2638 5605 2830 5671 Deum,
2852 5607 3167 5659 ntaclia'ram
3196 5620 3309 5674 qua:
3337 5614 3413 5657 est
3450 5603 3646 5681 media,

2083 5690 2188 5737 etc.
2216 5682 2283 5736 At
2314 5694 2444 5736 mss.
2497 5689 2556 5735 ut
2583 5679 2634 5734 iu
2675 5689 2857 5733 nostro
2904 5686 3073 5741 textu,
3104 5686 3157 5729 et
3202 5684 3346 5730 recte
3388 5679 3646 5735 omnino;
