4122 6248
430 212 527 276 23‘
1916 200 2227 264 ORIGENIS
3566 213 3673 271 2H

425 347 510 395 est
538 342 849 408 peccatum,
881 331 1025 403 quod
1047 330 1192 386 inter
1222 339 1321 381 nos
1346 327 1578 396 separat
1584 336 1640 382 et
1672 327 1861 391 Deum,
1888 341 2003 380 ma-
2031 337 2077 389 Α
2106 325 2261 379 Isaac
2308 332 2363 380 et
2414 336 2583 379 novos
2615 332 2826 393 puteos,
2879 325 2988 381 imo
3045 322 3197 394 pueri
3244 320 3396 378 Isaac
3440 320 3674 383 fodiunt.

426 427 652 491 eeriam,
690 432 920 493 quaeest
951 423 1124 475 media
1157 421 1298 475 inter
1327 434 1425 473 nos
1472 418 1800 474 etcmlestes
1830 419 1999 471 virtu-
2107 415 2267 470 Pueri
2321 424 2447 471 sunt
2508 415 2674 479 Isaac,
2736 415 3046 480 Matthazus,
3098 412 3333 480 Marcus,
3385 412 3565 468 Lucas
3624 425 3681 469 et

425 525 529 580 tes,
561 524 620 569 ut
665 516 835 569 faciat
860 522 1092 580 utraque
1120 525 1306 576 unum,
1336 518 1390 565 et
1433 524 1587 564 ovem
1620 524 1740 579 qua:
1776 523 1998 563 errave-
2105 505 2362 561 Joannes.
2380 504 2540 560 Pueri
2574 506 2690 575 ejus
2712 516 2840 560 sunt
2884 505 3102 569 Petrus,
3131 504 3364 559 Jacobus
3393 513 3447 557 et
3471 502 3676 572 ludas;

425 614 531 672 rat,
573 603 813 659 humeris
843 600 956 656 suis
1000 608 1238 669 reportet
1271 599 1336 653 ad
1372 609 1606 665 montes,
1648 609 1702 653 ct
1747 600 2003 654 restituat
2105 612 2241 665 puer
2273 594 2391 661 ejus
2412 604 2497 649 est
2531 605 2584 650 et
2608 596 2881 665 apostolus
2923 594 3143 660 Paulus,
3181 594 3272 663 qui
3315 608 3512 649 omnes
3536 593 3669 649 Novi

425 698 493 751 ad
527 696 661 750 alias
695 694 985 761 nonaginta
1021 706 1235 757 novem,
1265 705 1385 759 quae
1406 707 1512 745 non
1534 699 1875 745 erraverunt.
1902 691 2000 745 llic
2108 686 3018 759 Testamentiputeosfodiunt.Sed
3043 695 3211 754 etpro
3237 684 3325 739 his
3344 684 3682 741 altercantur

426 800 556 856 ergo
581 786 732 839 Isaac
768 783 1020 837 Salvator
1056 792 1263 845 noster,
1314 796 1437 835 cum
1486 781 1721 835 venisset
1756 781 1808 834 in
1840 781 1996 836 istam
2107 780 2183 836 illi
2215 783 2304 851 qui
2340 793 2554 838 terrena
2588 781 2827 850 sapiunt,
2863 795 2962 835 nec
3004 794 3143 833 nova
3182 780 3345 834 condi
3378 779 3677 848 patiuntur,

424 876 621 929 vallem
649 874 999 934 Gerararum,
1025 870 1257 939 primum
1282 870 1521 925 onmium
1550 871 1669 925 illos
1690 881 1882 940 puteos
1917 874 2000 927 fo-
2106 889 2207 930 nec
2234 884 2420 931 vetera
2451 874 2694 946 purgari.
2715 872 3053 942 Evangelicis
3078 871 3253 941 puteis
3272 872 3676 936 contradicunt,

425 966 556 1021 dere
605 965 798 1027 voluit,
828 977 960 1031 quos
1012 961 1263 1015 foderant
1313 960 1466 1029 pueri
1504 960 1684 1015 Patris
1718 962 1830 1027 sui;
1867 962 1998 1033 legis
2106 966 2411 1035 apostolicis
2434 966 2810 1021 adversantur.
2842 962 3250 1033 thuoniamin
3270 962 3528 1017 omnibus
3549 977 3679 1017 con-

424 1057 633 1113 scilicet
664 1065 719 1109 et
746 1055 1132 1123 prophetarum
1160 1051 1329 1106 voluit
1358 1061 1547 1121 puteos
1569 1052 1830 1107 innovare
1859 1053 1996 1124 (85),
2104 1056 2397 1122 tradicunt,
2434 1057 2486 1111 in
2530 1054 2782 1110 omnibus
2818 1055 3053 1123 litigant,
3108 1053 3309 1107 dicitur
3340 1053 3409 1107 ad
3453 1065 3550 1107 eos
3574 1052 3619 1083 ’°
3661 1070 3675 1104 :

423 1162 561 1216 quos
585 1144 892 1198 Philisthini
928 1152 1071 1198 terra
1096 1145 1457 1214 repleverant.
1484 1143 1585 1210 Qui
1616 1153 1742 1198 sunt
1767 1144 1881 1209 isti,
1904 1144 1996 1214 qui
2107 1146 2370 1212 Quoniam
2399 1150 2646 1219 indignos
2676 1163 2767 1201 vos
2796 1147 2991 1215 fecistis
3014 1147 3193 1217 gratia
3226 1145 3346 1212 Dei,
3369 1143 3547 1199 exhoc
3561 1145 3681 1214 jam

421 1250 567 1294 terra
596 1246 787 1307 puteos
821 1238 1070 1308 replent?
1091 1238 1168 1295 llli
1200 1240 1317 1295 sine
1352 1238 1516 1295 dubio
1538 1240 1630 1309 qui
1667 1240 1718 1294 in
1743 1240 1861 1311 lege
1888 1250 1999 1295 tcr-
2103 1242 2174 1295 ad
2196 1251 2370 1310 gentes
2399 1242 2610 1295 ibimus.

421 1343 608 1383 renam
635 1336 691 1382 et
722 1328 997 1383 carnalem
1039 1327 1449 1400 intelligentiam
1483 1338 1706 1397 ponunt,
1733 1340 1788 1384 et
1833 1332 1998 1400 spiri-
2174 1334 2228 1387 3.
2267 1332 2393 1387 Post
2426 1334 2541 1387 haec
2577 1346 2708 1400 ergo
2754 1329 2888 1386 fodit
2922 1329 3139 1385 tertium
3175 1337 3391 1397 puteum
3423 1328 3597 1391 Isaac,
3630 1339 3680 1382 et

422 1418 582 1472 talem
619 1434 681 1473 ac
725 1419 1007 1490 mysticam
1038 1419 1321 1485 claudunt,
1356 1428 1417 1474 ut
1451 1435 1625 1490 neque.
1653 1421 1754 1489 ipsi
1784 1421 1993 1486 bibant,
2105 1422 2383 1490 appellavit
2432 1436 2618 1475 nomen
2665 1420 2769 1473 loci
2808 1420 2950 1473 illius
2978 1417 3301 1487 Amplitudo,
3337 1419 3514 1475 dicens
3546 1421 3675 1488 quia

419 1522 596 1577 neque
635 1509 767 1563 alios
800 1510 984 1564 bibere
1021 1510 1358 1577 permittunt.
1399 1510 1539 1563 Audi
1600 1509 1773 1572 Isaac,
1810 1510 1995 1563 Domi-
2104 1530 2242 1566 nunc
2268 1514 2511 1567 dilatavit
2542 1528 2634 1565 nos
2664 1511 2939 1575 Dominus,
2962 1520 3009 1564 et
3049 1508 3196 1562 auxit
3238 1524 3325 1562 nos
3370 1524 3527 1577 super
3566 1520 3675 1561 ter-

420 1615 549 1653 num
588 1609 832 1655 nostrum
882 1601 1066 1656 Jesum
1112 1600 1388 1655 Christum
1431 1600 1544 1669 (86)
1582 1601 1632 1653 in
1690 1600 1995 1669 Evangeliis
2102 1620 2215 1656 ram
2238 1605 2307 1657 9".
2346 1605 2486 1658 Vere
2514 1605 2658 1657 enim
2686 1605 2941 1658 dilatatus
2968 1610 3050 1658 est
3080 1599 3250 1667 Isaac,
3278 1609 3330 1654 et
3351 1611 3558 1654 auctum
3583 1609 3667 1654 est

420 1691 780 1745 dicentem":
812 1690 903 1745 Va:
938 1692 1096 1754 vobis,
1132 1692 1333 1746 Scriba:
1371 1701 1420 1745 et
1450 1689 1716 1744 l’harfswi
1755 1691 1995 1760 hypocri-
2030 1677 2071 1732 Β
2102 1705 2301 1745 nomen
2332 1690 2450 1758 ejus
2482 1704 2644 1757 super
2677 1698 2899 1752 terram,
2952 1704 3072 1745 cum
3103 1687 3491 1758 adimplevitin
3513 1689 3663 1743 nobis

419 1782 989 1850 ttr,quoniamtulistis
1013 1784 1209 1836 clavem
1238 1782 1489 1846 scientiae,
1507 1791 1555 1834 et
1604 1798 1767 1850 neque
1796 1782 1896 1849 ipsi
1926 1783 2004 1837 in-
2102 1784 2384 1839 scientiam
2420 1781 2736 1838 Trinitatis.
2778 1781 2932 1834 Tunc
2969 1782 3113 1835 enim
3160 1789 3367 1836 tantum
3398 1780 3450 1834 in
3490 1780 3664 1834 Judsea

419 1871 617 1923 troistis
640 1910 656 1937 ,
691 1886 854 1938 neque
881 1871 1081 1924 intrare
1108 1871 1334 1925 volentes
1368 1870 1702 1939 permisistis.
1738 1870 1831 1925 Isti
1878 1882 2004 1925 sunt
2105 1883 2266 1929 notus
2291 1882 2412 1929 erat
2462 1873 2628 1936 Deus,
2659 1881 2713 1926 et
2744 1873 2795 1926 in
2832 1870 2995 1925 Israel
3030 1885 3282 1940 magnum
3328 1886 3522 1926 nomen
3556 1870 3669 1938 ejus

418 1975 569 2030 ergo,
616 1961 706 2029 qui
744 1970 956 2029 puteos,
997 1974 1133 2030 quos
1190 1946 1444 2015 foderant
1493 1962 1649 2030 pueri
1699 1962 1999 2027 Abraham,
2102 1968 2486 2022 nominabatur
2521 1965 2591 2031 9';
2626 1978 2769 2018 nunc
2801 1970 2979 2015 autem
3012 1961 3065 2013 in
3083 1976 3285 2016 onmem
3302 1973 3497 2017 terram
3520 1961 3670 2014 exivit

421 2062 566 2107 lem
602 2052 971 2120 repleverunt.
1009 2052 1100 2121 (ιυῑ
1144 2050 1314 2119 ιθεεηι
1356 2050 1655 2107 cam-“liter
1699 2053 1917 2118 (locem.
1947 2063 2002 2107 el
2102 2075 2262 2113 sonus
2283 2074 2485 2123 eorum,
2519 2066 2565 2109 et
2595 2057 2648 2109 in
2692 2055 2821 2122 ﬁnes
2852 2052 2992 2106 orbis
3023 2060 3179 2105 terra:
3204 2056 3359 2108 verba
3391 2071 3575 2109 eorum
3604 2052 3669 2102 ”.

419 2158 590 2213 aquas
616 2143 789 2197 sancti
819 2143 1058 2211 Spiritus
1093 2142 1388 2198 maculant.
1416 2143 1519 2209 Qui
1575 2152 1767 2212 puteos
1807 2146 1873 2198 ad
1896 2144 2000 2201 hoc
2102 2149 2306 2204 Euntes
2332 2149 2473 2202 enim
2501 2146 2653 2216 pueri
2685 2145 2833 2199 Isaac
2855 2158 2949 2213 per
2976 2142 3282 2197 universum
3301 2145 3490 2198 orbem
3519 2152 3673 2197 terrae

419 2235 643 2298 habent,
668 2251 773 2289 non
802 2243 860 2288 ut
898 2248 1090 2303 aquam
1122 2232 1424 2302 proferant,
1456 2234 1549 2289 sed
1586 2242 1645 2289 ut
1682 2244 1882 2289 terram
1914 2251 2002 2304 po-

2102 2240 2357 2296 foderunt
2387 2246 2597 2307 puteos,
2631 2246 2685 2291 et
2710 2250 2904 2305 aquam
2939 2235 3113 2287 vivam
3141 2232 3391 2287 omnibus
3419 2231 3675 2286 ostende-

419 2333 573 2378 nant.
606 2322 715 2378 Hos
762 2338 891 2393 ergo
920 2330 1107 2391 puteos
1141 2324 1456 2393 aggreditur
1497 2323 1680 2379 fodere
1726 2325 1893 2381 Isaac.
1934 2326 2000 2380 Et
2102 2339 2251 2393 runt,
2276 2328 2603 2398 baptizantes
2631 2343 2809 2380 omnes
2846 2336 3019 2396 gentes
3060 2327 3115 2379 in
3154 2324 3360 2377 nomine
3393 2321 3596 2385 Patris,
3623 2332 3675 2374 et

416 2414 699 2494 videamus
728 2414 997 2480 quomodo
1036 2428 1130 2468 eos
1168 2413 1320 2468 fodit.
1347 2414 1480 2470 Cum
1508 2416 1659 2485 pueri
1688 2416 1839 2472 Isaac
1862 2458 1877 2485 ,
1906 2420 1997 2489 qui
2103 2421 2256 2486 Filii,
2289 2429 2340 2474 et
2370 2420 2601 2489 Spiritus
2640 2419 2807 2473 sancti
2840 2418 2878 2472 ¹.
2916 2416 3126 2470 Domini
3157 2414 3298 2470 enim
3330 2422 3407 2468 est
3429 2423 3593 2479 terra,
3622 2420 3673 2464 et

418 2514 547 2560 sunt
578 2504 806 2574 apostoli
854 2505 1062 2559 Domini
1098 2505 1267 2561 nostri
1301 2505 1617 2572 transirent,
1662 2507 1856 2577 inquit,
1904 2524 2001 2579 per
2100 2513 2371 2582 plenitudo
2399 2512 2514 2581 ejus
2542 2512 2583 2565 ³.
2619 2511 2724 2566 Sed
2762 2518 2816 2563 et
2841 2508 3209 2578 unusquisque
3259 2512 3528 2568 nostrum,
3578 2502 3670 2570 qui

417 2603 628 2666 segetes
670 2593 908 2649 Sabbato
960 2595 1230 2651 vellebant
1282 2596 1481 2666 spicas,
1523 2606 1579 2652 et
1632 2598 1999 2656 confricantes
2102 2606 2325 2659 verbum
2358 2605 2453 2658 Dei
2487 2603 2786 2667 ministrat,
2820 2610 3043 2670 puteum
3085 2598 3238 2663 fodit,
3281 2605 3333 2653 et
3370 2611 3563 2667 aquam
3595 2594 3672 2647 vi-

419 2687 667 2741 manibus
691 2686 1273 2741 manducabant.’l‘unc
1290 2702 1418 2757 ergo
1439 2688 1753 2745 dicebantei
1781 2692 1998 2762 iSti,qui
2102 2709 2222 2749 vam
2255 2694 2469 2763 quierit,
2504 2708 2568 2748 cx
2599 2708 2703 2762 qua
2736 2692 2945 2748 reliciat
2967 2691 3265 2746 auditores.
3291 2688 3348 2743 Si
3375 2702 3503 2756 ergo
3534 2687 3670 2739 inci-

421 2789 565 2831 terra
588 2777 932 2846 repleverant
956 2792 1146 2849 puteos
1171 2779 1350 2833 Patris
1374 2779 1494 2849 ejus
1517 2781 1586 2833 ἰε
1607 2780 1742 2836 Ecce
1757 2782 1999 2851 discipuli
2102 2785 2245 2855 piam
2261 2793 2425 2854 etego
2448 2793 2689 2839 veterum
2711 2783 2852 2838 dicta
2879 2784 3172 2846 discutere,
3195 2790 3249 2834 et
3271 2794 3487 2835 sensum
3514 2778 3566 2830 iu
3590 2777 3669 2831 eis

417 2870 493 2921 tui
521 2868 724 2937 faciunt
754 2868 999 2924 Sabbatis
1029 2872 1167 2941 quod
1195 2887 1297 2924 non
1324 2871 1470 2925 licet.
1512 2872 1605 2927 Ille
1639 2882 1697 2926 ut
1726 2883 1998 2929 terrenum
2103 2890 2353 2945 quaerere
2382 2874 2705 2945 spiritalem,
2739 2873 2783 2928 si
2823 2882 3054 2929 conatus
3086 2870 3241 2926 fuero
3268 2869 3509 2925 velamen
3538 2868 3671 2935 legis

418 2975 606 3013 eorum
664 2959 876 3016 foderet
934 2961 1269 3018 intellectum
1299 3003 1313 3029 ,
1347 2963 1482 3018 dicit
1523 2964 1589 3018 ad
1628 2979 1721 3020 eos
1748 2966 1793 2997 ”
1825 2983 1839 3019 :
1872 2965 1996 3021 Non
2028 3019 2065 3031 ,_
2106 2980 2379 3031 amovere,
2429 2974 2484 3020 et
2523 2964 2812 3019 ostendere
2844 2961 3129 3029 allegorica
3166 2974 3286 3015 esse
3329 2973 3447 3027 qua:
3471 2956 3669 3025 scripta

417 3049 617 3119 legistis
655 3052 781 3121 quid
820 3051 943 3121 fecit
988 3052 1182 3120 David,
1214 3070 1334 3107 cum
1372 3057 1594 3109 esuriret
1637 3057 1769 3125 ipse,
1813 3068 1860 3111 et
1903 3059 1994 3129 qui
2022 3019 2065 3078 ϐ
2101 3068 2250 3125 sunt,
2267 3055 2640 3125 fodioquidem
2658 3063 2872 3124 puteos,
2895 3054 2988 3108 sed
3012 3053 3192 3107 statim
3223 3049 3353 3104 mihi
3383 3048 3672 3102 movebunt

416 3153 535 3192 cum
562 3139 674 3208 ipso
703 3151 874 3206 erant,
895 3144 1156 3210 quomodo
1188 3144 1401 3198 intravit
1431 3146 1499 3198 ad
1524 3146 1781 3201 Abiathar
1815 3164 1995 3202 sacer-
2103 3149 2406 3204 calumnias
2439 3148 2600 3201 amici
2629 3147 2846 3211 litterae,
2870 3155 2926 3199 et
2958 3143 3363 3198 insidiabantur
3387 3138 3540 3204 mihi,
3566 3138 3672 3191 iui-

416 3232 613 3291 tlotem,
658 3240 706 3283 et
758 3247 917 3299 panes
970 3234 1344 3302 propositionis
1396 3236 1735 3291 manducavit
1782 3239 1893 3307 ipse
1946 3249 1993 3293 et
2102 3240 2336 3296 micitias
2368 3239 2624 3293 continuo
2655 3246 2711 3291 et
2756 3233 3164 3306 persecutiones
3194 3232 3481 3301 parabunt,
3524 3228 3671 3284 veri-

417 3321 566 3387 pueri
592 3321 697 3385 sui,
727 3336 856 3389 quos
891 3338 994 3376 non
1024 3322 1215 3377 licebat
1246 3326 1566 3380 manducare
1619 3328 1721 3381 nisi
1754 3329 1881 3400 solis
1908 3347 1997 3383 sa-
2104 3341 2267 3387 tatem
2306 3337 2568 3400 negantes
2604 3337 2753 3382 stare
2779 3341 2937 3395 posse
2972 3325 3079 3379 nisi
3107 3339 3269 3393 super
3293 3332 3514 3377 terram.
3561 3319 3669 3374 Sed

418 3408 714 3462 cerdatibus
744 3411 769 3463 .9
795 3410 859 3464 Et
893 3411 976 3467 his
1007 3413 1213 3469 addidit
1245 3432 1259 3467 :
1292 3414 1355 3469 Si
1395 3417 1596 3471 sciretis
1624 3418 1750 3485 quid
1779 3398 1876 3486 est,
1898 3422 1997 3473 mi-
2102 3439 2202 3479 nos
2234 3423 2280 3478 si
2309 3398 2459 3477 Isaac
2490 3419 2642 3488 pueri
2668 3433 2877 3483 sumus,
2903 3426 3096 3488 puteos
3122 3430 3275 3484 aquas
3312 3414 3444 3467 vivae
3480 3412 3671 3481 diliga-

418 3499 766 3551 sericordtam
802 3502 940 3567 volo,
971 3516 1018 3556 st
1062 3520 1166 3558 non
1207 3507 1553 3575 sacriﬁcium,
1592 3526 1859 3581 nunquam
1888 3513 1994 3566 uti-
2103 3528 2222 3568 u.us
2254 3523 2310 3566 et
2349 3511 2545 3573 fontes,
2573 3524 2602 3563 a
2633 3507 2884 3576 litigiosis
2928 3515 2981 3560 et
3015 3503 3493 3560 calumniatoribus
3522 3516 3671 3556 rece-

416 3605 516 3661 que
545 3593 985 3649 condemnassetis
1023 3596 1347 3655 innocentes.
1370 3600 1476 3656 Sed
1512 3601 1585 3655 illi
1619 3604 1684 3657 ad
1722 3605 1838 3658 huic
1866 3606 1994 3674 quid
2102 3604 2316 3666 damus,
2341 3610 2395 3655 et
2420 3600 2791 3668 relinquamus
2829 3612 2923 3652 eos
2951 3597 3005 3651 in
3046 3605 3192 3649 terra
3225 3610 3386 3662 quam
3422 3592 3667 3662 diligunt.

420 3681 703 3737 referunt?
724 3684 906 3740 ltixati
944 3695 1217 3743 suntcum
1250 3689 1432 3757 pueris
1471 3688 1609 3758 ejus,
1641 3699 1696 3746 et
1726 3691 1991 3747 dicunt":
2102 3692 2210 3750 Nos
2242 3707 2371 3747 vero
2404 3705 2680 3759 nunquam
2708 3702 2984 3744 cessemus
3016 3696 3211 3756 puteos
3242 3699 3397 3755 aquas
3426 3686 3560 3737 vivae
3584 3682 3668 3737 fo-

422 3768 548 3825 Non
579 3781 653 3825 est
680 3774 763 3826 hic
787 3776 940 3826 homo
963 3792 993 3827 a
1013 3775 1249 3845 Deo,qui
1283 3776 1573 3832 Sabbatum
1610 3796 1712 3834 non
1742 3783 1992 3836 custodit.
2102 3786 2303 3839 diendo
2330 3801 2343 3837 :
2374 3794 2427 3837 et
2450 3796 2595 3836 nunc
2622 3781 2842 3849 quidem
2880 3789 3086 3843 vetera,
3134 3792 3277 3833 nunc
3320 3778 3482 3831 etiam
3531 3789 3669 3829 nova

421 3859 535 3915 lloc
554 3861 806 3931 95ergo
829 3862 989 3917 modo
1008 3862 1143 3917 fodit
1166 3866 1543 3933 puteoslsaac,
1579 3884 1714 3937 quos
1747 3870 1994 3925 foderant
2100 3872 2457 3934 discutiendo,
2478 3869 2770 3925 efficiamur
2792 3867 2998 3925 similes
3022 3869 3096 3924 illi
3112 3868 3421 3939 evangelico
3458 3868 3669 3931 scribae,

419 3952 571 4016 pueri
603 3952 773 4019 patris
824 3953 929 4007 sui.
982 3952 1125 4008 Puer
1156 3954 1329 4023 patris
1358 3956 1438 4009 sui
1483 3968 1603 4012 erat
1635 3958 1868 4028 Moyses,
1900 3962 1992 4030 qui
2100 3962 2166 4016 de
2194 3977 2299 4032 quo
2324 3961 2581 4015 Dominus
2606 3958 2742 4012 dixit
2768 3958 2809 4024 ³,
2836 3960 2962 4029 quia
2987 3959 3186 4029 profert
3210 3960 3275 4013 de
3296 3957 3542 4012 thesauro
3574 3974 3671 4012 suo

420 4039 634 4094 foderat
657 4052 877 4111 puteum
914 4043 1066 4115 legis.
1121 4045 1279 4099 Pueri
1321 4047 1490 4116 patris
1520 4050 1601 4103 sui
1633 4059 1792 4104 erant
1829 4052 1991 4110 David
2100 4071 2229 4109 nova
2262 4062 2309 4107 et
2338 4060 2531 4107 vetera.
2563 4049 2670 4105 Sed
2705 4058 2761 4103 et
2790 4050 2834 4103 si
2859 4050 2980 4119 quis
3001 4064 3187 4105 eorum
3216 4065 3300 4104 me
3320 4065 3466 4104 nunc
3491 4050 3675 4103 audiat

420 4139 478 4185 et
521 4130 797 4200 Salomon,
827 4144 881 4190 et
918 4138 1217 4208 prophetas,
1254 4150 1310 4194 et
1339 4139 1383 4195 si
1415 4143 1506 4211 qui
1551 4142 1641 4196 alii
1692 4153 1843 4207 sunt,
1896 4147 1989 4214 qui
2099 4141 3117 4215 disputantem,quismculareslitteras
3133 4142 3302 4206 novit,
3322 4139 3672 4195 dicitfortas.

422 4220 591 4279 libros
618 4226 953 4296 scripserant
976 4228 1189 4287 Veteris
1213 4231 1572 4300 Testaincnti,
1604 4250 1739 4304 quos
1771 4245 1987 4292 terrena
2101 4252 2180 4303 se,
2198 4237 2393 4292 Nostra
2413 4237 2651 4292 suntista
2667 4248 2787 4303 qua:
2809 4232 2963 4298 dicis,
2982 4242 3035 4287 ct
3060 4242 3257 4287 nostrae
3285 4231 3420 4287 artis
3437 4230 3672 4286 eruditio

418 4323 476 4369 et
504 4317 718 4371 sordida
744 4318 1044 4388 repleverat
1075 4324 1427 4396 intelligentia
1449 4326 1783 4383 Judteorum.
1813 4329 1983 4396 Quam
2024 4371 2070 4426 υ
2099 4340 2202 4394 est;
2226 4331 2337 4384 haec
2356 4327 2467 4397 ipsa
2487 4342 2604 4396 qua:
2620 4326 2861 4395 disputas
2877 4333 2932 4379 et
2954 4327 3137 4390 doces,
3162 4332 3344 4379 nostra
3366 4322 3672 4392 eloquentia

420 4420 546 4458 cum
571 4408 729 4462 vellet
748 4424 977 4481 purgare
1001 4415 1172 4480 Isaac,
1200 4427 1255 4471 et
1278 4421 1564 4475 ostendere
1583 4422 1709 4490 quia
1732 4436 1989 4491 quzecun—
2026 4408 2069 4426 ν
2098 4428 2199 4473 est.
2234 4418 2299 4471 Et
2329 4425 2507 4470 movet
2552 4413 2682 4469 mihi
2724 4414 2844 4469 lites
2872 4414 3018 4468 velut
3048 4413 3402 4468 Philistliinus
3429 4412 3668 4480 quidam,

419 4508 528 4564 que
559 4495 645 4550 lex
692 4510 747 4552 et
783 4503 1059 4571 prolilictze
1091 4506 1369 4571 dixerunt,
1426 4508 1493 4562 de
1546 4510 1661 4578 ipso
1714 4512 1989 4577 dixerunt,
2101 4511 2305 4574 dicens,
2327 4508 2454 4577 quia
2479 4506 2532 4560 in
2567 4521 2688 4561 meo
2712 4505 2826 4561 solo
2856 4504 3041 4560 fodisti
3072 4514 3310 4574 puteum,
3329 4512 3384 4559 et
3407 4501 3673 4556 videbitur

423 4585 585 4639 rixati
619 4596 892 4643 suntcum
920 4605 985 4645 eo
1014 4592 1346 4648 Philisthini.
1385 4595 1488 4650 Sed
1518 4597 1749 4654 discedit
1786 4601 1854 4654 ab
1889 4601 1991 4656 eis.
2103 4603 2206 4658 sibi
2235 4601 2433 4656 merito
2468 4598 2775 4663 vindicare,
2812 4612 2931 4666 quae
2958 4596 3190 4666 propriae
3216 4605 3373 4651 terrae
3391 4604 3537 4649 sunt.
3569 4593 3673 4646 Ve-

420 4676 540 4733 Non
573 4680 716 4732 enim
749 4690 926 4749 potest
966 4697 1087 4739 esse
1108 4697 1226 4738 cum
1256 4686 1361 4749 eis,
1387 4689 1480 4755 qui
1511 4688 1561 4742 in
1597 4692 1774 4761 puteis
1804 4693 1995 4749 nolunt
2104 4709 2226 4750 rum
2268 4693 2335 4746 ad
2382 4692 2498 4747 haec
2535 4705 2634 4761 ego
2681 4689 3017 4760 respondebo
3040 4729 3055 4753 ,
3108 4688 3236 4758 quia
3287 4688 3447 4743 habet
3497 4685 3672 4740 οιιιιιίς

423 4783 619 4838 aquam
667 4772 892 4840 habere,
927 4777 1020 4830 sed
1062 4785 1287 4830 terram.
1318 4778 1386 4831 Et
1437 4781 1567 4835 dicit
1621 4783 1702 4837 eis
1729 4785 1773 4816 ⁸³
1809 4801 1821 4837 :
1857 4783 1993 4839 Ecce
2103 4794 2245 4841 terra
2296 4798 2499 4852 aquas,
2552 4780 2644 4837 sed
2679 4783 2769 4853 qui
2822 4781 3182 4836 Philisthinus
3211 4788 3318 4843 est,
3352 4787 3407 4833 et
3460 4787 3672 4831 terrena

425 4860 748 4930 relinquetur
788 4866 930 4921 vobis
962 4869 1149 4923 domus
1194 4884 1364 4927 vestra
1399 4872 1625 4928 deserta.
1663 4874 1822 4931 Fodit
1864 4891 1995 4947 ergo
2103 4875 2263 4945 sapit,
2300 4872 2476 4929 nescit
2507 4871 2562 4926 in
2601 4871 2752 4927 omni
2785 4880 2930 4925 terra
2960 4870 3207 4924 invenire
3238 4882 3460 4939 aquam,
3499 4866 3674 4920 nescit

494 5012 544 5101 ³]-
564 5018 692 5078 Luc.
729 5041 803 5089 xi,
838 5026 956 5101 59.:
1002 5030 1049 5069 θ’
1084 5029 1269 5101 Matth.
1294 5048 1391 5096 xu,
1432 5033 1485 5088 2.
1561 5034 1607 5066 ³³
1634 5036 1762 5090 ibid.
1877 5038 1923 5070 “
1946 5037 2106 5093 Joan.

2041 5054 2106 5093 in.
2155 5054 2232 5101 ιιι,
2266 5034 2350 5089 16.
2495 5034 2539 5065 ⁹⁸
2586 5032 2777 5087 Matth.
2808 5048 2965 5095 χχιιι,
2995 5030 3084 5085 '58.
3195 5030 3241 5062 ’⁸
3272 5029 3393 5084 Act.
3429 5046 3546 5093 xm,
3583 5029 3669 5085 46.

425 5090 700 5214 ζιηξὲρὲἑεε.
721 5110 870 5164 xxvn,
896 5098 985 5152 22.
1056 5100 1101 5132 ’⁸
1133 5099 1272 5157 Psal.
1300 5090 1458 5172 Lxsv,
1488 5104 1535 5158 Ι.
1613 5106 1659 5137 ⁹⁹
1699 5105 1841 5162 Psal.
1878 5090 2040 5176 xviii,

2052 5090 2109 5163 3.
2156 5090 2427 5162 rivMattlt.
2462 5118 2656 5168 xxvttt,
2690 5104 2773 5158 l9.
2852 5104 2871 5132 ⁸
2896 5090 3037 5156 Psal.
3070 5116 3231 5166 χχιιι,
3260 5101 3311 5154 1.
3426 5101 3445 5132 ³
3475 5090 3668 5154 Matth.

540 5198 553 5223 ,
583 5198 673 5214 uno

426 5302 532 5355 nisi
562 5301 701 5379 quod
730 5311 860 5379 γυ,
880 5296 1101 5379 Geram,
1127 5318 1231 5357 non
1261 5305 1530 5379 significet
1561 5308 1867 5379 maceriam,
1902 5308 1995 5362 sed
2177 5306 2493 5379 (85)_Alias,
2521 5306 2629 5361 vult
2653 5323 2784 5376 quos
2830 5305 3251 5375 foderant...vult
3299 5316 3483 5373 puteos
3516 5305 3673 5360 inno-

426 5372 892 5438 peregrinntionem
926 5388 954 5423 a
986 5377 1100 5497 Tu,
1130 5372 1456 5442 peregrinari
1474 5399 1493 5440 ,-
1536 5378 1621 5430 vel
1664 5376 1995 5437 conflictum,
2102 5372 2247 5430 vare.
2270 5372 2392 5430 'Sed
2428 5391 2559 5430 mss.
2592 5372 2733 5431 ut'in
2766 5372 2955 5431 nostro
2986 5387 3157 5432 textu.

426 5456 455 5491 a
483 5450 612 5497 rm.
645 5442 912 5497 conﬂixit:
943 5457 1005 5494 ve
1050 5442 1353 5497 sectionem.
1384 5458 1549 5497 a'a‘u.
1575 5449 1875 5497 secuitn'r:
1900 5462 1996 5497 au-
2174 5447 2288 5497 l8til
2336 5444 2442 5497 Vox
2471 5444 2743 5497 Christum
2773 5447 2922 5497 deest
2955 5447 3006 5497 in
3051 5459 3157 5497 antt

426 5456 455 5491 a
483 5450 612 5518 πυ,
645 5442 912 5518 conﬂixit;
943 5442 1025 5497 vel
1050 5442 1353 5518 scction_em,
1384 5449 1875 5518 a'T'u,secuit."1'r:t
1900 5462 1996 5499 au-
2174 5447 2288 5518 (86)
2336 5444 2442 5518 Vox
2471 5444 2743 5518 Christum
2773 5447 2922 5499 deest
2955 5447 3006 5499 in
3051 5459 3208 5501 antea
3236 5446 3560 5518 editis,_sedf
3585 5464 3674 5502 re-

428 5519 534 5560 tem
563 5510 829 5577 signifiCat
874 5511 1175 5570 maceriam.
1226 5512 1497 5585 Origenes
1540 5510 1727 5584 itaque
1782 5516 1995 5585 legebat
2099 5510 2308 5585 peritu'r
2342 5515 2393 5569 in
2433 5530 2561 5568 mss.
2590 5513 2732 5568 Infra
2764 5530 2918 5585 ιιιεεη
2953 5528 2999 5567 et
3027 5533 3189 5585 aquas
3216 5518 3387 5572 sanest“
3416 5514 3672 5585 Spiritus.

424 5586 508 5639 Ti:
537 5591 751 5648 prona:
1328 5583 1350 5585 “
1640 5583 1654 5584 ί
1838 5583 1848 5585 ’
2096 5583 2269 5652 Alias,
2301 5594 2349 5639 et
2377 5600 2568 5655 aquam
2595 5586 2761 5643 sancti
2790 5583 3042 5653 Spiritus.
