4122 6248
329 294 439 354 253

1533 285 1598 341 IN
1629 283 1925 339 GENESIH
1973 280 2257 337 llOMlLlA
2293 281 2433 337 Xlll.

3498 290 3600 343 9.51

337 416 395 466 in
419 408 569 464 omni
591 409 773 463 anima
798 406 1032 463 inveniri
1057 404 1440 461 rationabilem
1471 415 1696 458 sensum
1715 411 1771 457 et
1792 401 1927 455 ima-
1956 408 2001 463 Α
2031 398 2210 467 imago
2251 396 2346 473 Del
2378 396 2574 459 latens,
2601 405 2654 446 et
2695 394 2839 448 hunc
2868 406 3087 464 puteum
3118 398 3406 462 l’hilistini,
3445 404 3494 453 id
3521 419 3599 457 est

335 503 521 576 ginem
560 501 651 555 Dei
693 499 828 569 (8'1),
862 498 1035 554 nescit
1062 496 1246 559 tidem,
1285 495 1566 565 pietatem,
1603 491 1921 563 religionem

338 605 505 663 posse
539 590 592 644 in
616 590 871 644 omnibus
902 585 1157 641 inveniri.
1186 584 1324 653 Quid
1358 584 1450 639 tibi
1476 583 1696 652 prodest
1724 582 1926 637 habere

344 681 733 745 eruditionem,
765 688 820 735 et
852 680 1068 735 nescire
1092 693 1157 732 ea
1175 678 1343 741 uti,et
1374 676 1575 731 habere
1595 688 1924 740 sermonem,

346 784 408 832 et
433 774 640 830 nescire
660 772 840 842 loqui?
872 771 1019 827 Istud
1044 784 1183 839 opus
1204 770 1425 839 proprie
1449 782 1744 836 puerorum
1778 767 1928 823 Isaac

350 875 458 932 est,
490 865 578 935 qui
610 865 662 919 in
702 863 851 919 omni
901 873 1047 919 terra
1084 861 1295 916 fodiunt
1349 873 1544 928 puteos
1584 875 1737 930 aqua:
1768 863 1925 925 vivae,

353 956 406 1013 id
439 964 538 1017 est,
571 956 716 1010 omni
738 954 935 1009 anima:
958 952 1182 1008 verbum
1213 949 1309 1005 Dei
1336 949 1657 1019 loquuntur,
1687 957 1741 1003 et
1769 950 1925 1003 inve-

353 1050 509 1105 niunt
526 1046 784 1102 fructum.
808 1046 1051 1117 Denique
1074 1044 1155 1100 vis
1181 1044 1392 1109 videre,
1419 1057 1562 1096 unus
1592 1055 1727 1111 puer
1754 1041 1925 1107 Isaac,

349 1150 588 1214 quantos
614 1149 809 1211 puteos
844 1140 897 1194 in
923 1150 1066 1194 terra
1097 1136 1521 1205 alienigenarum
1541 1132 1776 1188 foderit?
1796 1131 1931 1187 Vide

354 1233 607 1298 Paulum,
647 1233 734 1302 qui
787 1232 853 1286 ab
886 1230 1227 1287 llierusalem
1267 1230 1320 1283 in
1367 1228 1601 1285 circuitu
1634 1240 1808 1294 usque
1860 1224 1929 1278 ad

351 1326 626 1396 Illyricum
667 1323 895 1394 replevit
924 1321 1275 1394 Evangelium
1303 1321 1396 1376 Dei
1423 1320 1466 1375 ⁸.
1495 1318 1604 1374 Sed
1625 1332 1723 1389 per
1744 1316 1931 1386 singu-

353 1418 437 1474 los
477 1418 610 1473 istos
631 1429 823 1489 puteos
844 1417 1258 1489 persecutiones
1288 1429 1483 1484 passus
1506 1422 1589 1468 est
1615 1411 1931 1467 Philistino-

355 1528 497 1566 rum.
531 1511 669 1566 Audi
708 1511 881 1582 ipsmn
918 1511 1193 1565 dicentem
1218 1508 1240 1539 '
1270 1524 1285 1562 :
1327 1508 1542 1572 Quanta
1580 1503 1710 1558 mihi
1728 1502 1933 1556 accide-

357 1612 483 1656 runt
542 1600 737 1668 Iconii,
786 1599 1027 1669 Lgstris,
1062 1607 1267 1671 quapta
1319 1595 1376 1649 in
1426 1593 1672 1664 Epheso!
1718 1591 1935 1659 Quoties

355 1709 532 1749 caesus
553 1704 607 1748 et
632 1695 855 1764 quoties
886 1691 1159 1760 lapidatus
1184 1686 1307 1742 est?
1332 1687 1547 1757 quoties
1579 1686 1836 1755 pugnavit
1864 1684 1932 1738 ad

2029 497 2328 559 potestates
2349 488 2611 553 adversa,
2645 486 2986 555 repleverunt
3017 495 3180 542 terra.
3230 490 3382 555 Quali
3418 497 3605 548 terra?

2029 579 2357 634 Carnalihus
2388 579 2663 645 sensibus,
2704 587 2759 631 et
2814 579 3044 633 terrenis
3077 580 3520 650 cogitationibus,
3551 595 3607 639 et

2028 682 2312 743 propterea
2340 672 2681 741 portavimus
2714 670 3005 740 imaginem
3047 673 3268 726 terreni.
3301 672 3455 730 Tunc
3476 691 3607 746 ergo

2029 781 2153 820 cum
2186 774 2529 835 portaremus
2554 764 2843 831 imaginem
2873 763 3097 829 terreni,
3129 763 3401 821 Philistini
3435 771 3609 839 reple-

2028 866 2223 913 verunt
2261 865 2405 911 terra
2440 865 2632 927 puteos
2660 867 2897 910 nostros.
2929 856 3034 911 Sed
3067 873 3208 911 nune
3234 861 3490 928 quoniam
3521 878 3609 916 ve.

2032 951 2114 1004 nit
2167 959 2359 1005 noster
2391 949 2563 1013 Isaac,
2616 950 2977 1019 suscipiamus
3026 947 3141 1017 ejus
3189 952 3504 1019 adventum,
3554 966 3610 1009 et

2032 1042 2302 1098 fodiamus
2332 1051 2525 1111 puteos
2567 1050 2807 1106 nostros,
2839 1048 2893 1094 et
2936 1039 3259 1107 abjiciamus
3288 1045 3356 1100 ab
3386 1048 3466 1102 eis
3494 1059 3607 1102 ter-

2032 1150 2149 1189 ram
2174 1150 2187 1199 ;
2215 1148 2509 1206 purgemus
2531 1148 2628 1189 eus
2662 1136 2730 1188 ab
2755 1132 3011 1188 omnibus
3039 1134 3312 1199 sordibus,
3340 1146 3396 1191 et
3421 1154 3449 1193 a
3475 1155 3610 1195 cun-

2033 1228 2138 1281 ctis
2163 1226 2587 1298 cogitationibus
2618 1226 2780 1281 luteis
2809 1235 2865 1281 et
2896 1226 3146 1292 terrenis,
3180 1238 3234 1283 et
3268 1227 3612 1286 iuvenienms

2035 1321 2087 1373 in
2116 1318 2196 1372 eis
2222 1333 2419 1388 aquam
2448 1319 2649 1383 vivam,
2689 1317 2858 1383 illam,
2889 1316 2957 1372 de
2985 1333 3089 1385 qtta
3115 1319 3248 1373 dicit
3281 1320 3395 1391 (88)
3422 1321 3610 1376 Domi-

2035 1410 2221 1465 nus":
2240 1410 2343 1476 Qui
2371 1411 2534 1464 credit
2560 1411 2615 1464 in
2644 1426 2747 1474 me,
2778 1409 3001 1478 ﬂumina
3021 1410 3085 1463 de
3108 1422 3283 1465 uentre
3310 1413 3424 1482 ejus
3449 1414 3612 1484 ﬂuent

2036 1516 2187 1570 aqua;-
2215 1500 2367 1554 vim.
2399 1499 2531 1555 Vide
2561 1509 2763 1568 quanta
2807 1499 2877 1552 sit
2905 1499 3203 1556 liberalitas
3241 1503 3475 1558 Domini.
3508 1504 3617 1561 Pn-

2040 1601 2154 1645 teos
2182 1591 2529 1662 repleverunt
2556 1591 2853 1655 Philistini,
2884 1600 2938 1644 et
2966 1606 3133 1647 venas
3171 1595 3331 1650 nobis
3348 1611 3612 1665 aquarum

2041 1683 2209 1737 exiles
2234 1692 2288 1737 et
2321 1691 2513 1738 tenues
2554 1682 2888 1751 inviderunt,
2915 1695 2972 1741 et
2997 1699 3095 1755 pro
3136 1685 3221 1741 his
3254 1688 3408 1744 nobis
3439 1688 3615 1742 fontes

359 1786 607 1842 bestias?
641 1753 737 1839 sed
773 1753 1077 1854 permansit
1115 1753 1391 1852 usquequo
1437 1753 1610 1835 exiret
1644 1753 1709 1833 ad
1746 1778 1935 1833 latitu-
1965 1753 2007 1807 Β
2051 1775 2350 1828 redduntur
2383 1786 2438 1828 et
2462 1772 2704 1830 ﬂumina.

357 1880 573 1939 dinem,
608 1877 660 1930 id
711 1884 795 1930 est
834 1888 1111 1944 usquequo
1153 1874 1205 1928 in
1238 1875 1398 1928 totius
1442 1874 1594 1929 orbis
1627 1882 1786 1926 terra:
1814 1869 1937 1923 lati-

363 1972 557 2025 tudine
601 1968 874 2023 Ecclesias
918 1965 1223 2021 collocaret.
1274 1964 1365 2020 Sic
1396 1980 1528 2035 ergo
1585 1963 1754 2033 putei,
1798 1976 1939 2031 quos

361 2063 493 2116 fodit
512 2061 812 2124 Abraham,
828 2058 880 2113 id
905 2067 1004 2121 est,
1030 2055 1327 2126 Scriptum
1343 2056 1559 2111 Veteris
1578 2053 1932 2118 Testamenti,

362 2153 554 2224 repleti
604 2162 730 2207 sunt
760 2161 901 2207 terra
931 2166 959 2203 a
992 2148 1322 2212 Philistinis,
1357 2147 1475 2202 sive
1497 2161 1526 2200 a
1560 2145 1716 2201 malis
1745 2146 1935 2199 docto-

365 2246 535 2309 ribus,
569 2242 775 2298 Scribis
802 2252 854 2298 et
886 2241 1201 2306 Pharismis,
1254 2240 1371 2295 sive
1407 2240 1572 2294 etiam
1604 2237 1939 2293 adversariis

360 2336 716 2407 potestatibus
751 2352 764 2389 :
789 2344 843 2389 et
869 2334 1142 2389 obturatas:
1164 2342 1295 2388 sunt
1324 2345 1516 2386 eorum
1550 2343 1723 2395 venae,
1751 2343 1817 2383 ue
1844 2342 1938 2399 po-

360 2440 474 2483 tum
504 2427 782 2496 praebeant
810 2427 898 2482 his
926 2425 1018 2497 qui
1045 2441 1113 2481 ex
1149 2425 1427 2481 Abraham
1460 2431 1607 2478 sunt.
1646 2420 1763 2475 Non
1789 2422 1937 2477 enim

357 2517 596 2589 populus
641 2517 732 2571 ille
772 2516 959 2571 bibere
998 2523 1176 2587 potest
1202 2514 1269 2569 de
1296 2513 1616 2583 Scripturis,
1657 2511 1751 2566 sed
1792 2510 1937 2565 sitim

358 2609 567 2679 patitur
591 2609 746 2664 verbt
780 2608 877 2663 Dei
907 2608 1080 2662 donec
1112 2607 1289 2661 veniat
1340 2605 1492 2660 lsaac
1522 2615 1576 2658 et
1601 2605 1812 2675 aperiat
1841 2618 1938 2657 eas

361 2712 421 2754 ut
447 2700 638 2756 bibant
674 2701 829 2769 pueri
865 2699 971 2754 sui.
1010 2697 1200 2754 Gratia
1228 2713 1361 2768 ergo
1386 2699 1498 2754 lilio
1521 2697 1754 2754 Abrahae
1776 2698 1938 2753 Chri-

359 2801 468 2856 sto,
495 2792 562 2846 de
595 2807 702 2862 quo
735 2791 995 2859 scriptum
1031 2800 1119 2845 est
1148 2790 1169 2821 ⁸
1197 2807 1212 2845 :
1245 2788 1403 2845 Liber
1429 2792 1782 2860 generationis
1810 2789 1939 2845 Jesu

361 2884 576 2950 Christi,
595 2883 696 2951 ﬁlii
714 2883 906 2948 David,
930 2883 1033 2953 ﬁlii
1048 2882 1340 2949 Abraham,
1369 2885 1461 2954 qui
1479 2884 1627 2940 venit
1650 2898 1704 2940 et
1729 2885 1943 2956 aperuit

362 2976 521 3031 nobis
563 2985 774 3044 puteos.
800 2972 955 3044 Ipsos
994 2975 1137 3029 enim
1174 2975 1457 3045 aperiebat
1502 2976 1634 3044 illis,
1668 2978 1759 3046 qui
1787 2978 1941 3033 dice-

362 3068 521 3122 bant'
549 3089 562 3123 :
600 3064 791 3121 Nonne
812 3083 903 3121 cor
924 3075 1163 3122 nostrum
1190 3069 1384 3122 ardens
1410 3078 1519 3123 erat
1540 3069 1594 3122 in
1621 3069 1789 3133 nobis,
1818 3086 1939 3123 cunt
1968 3109 2013 3169 ϐ

360 3158 585 3228 aperiret
622 3158 770 3212 nobis
796 3156 1147 3227 Scripturas?
1170 3158 1395 3228 Aperuit
1431 3175 1560 3230 ergo
1591 3160 1689 3215 bos
1724 3168 1934 3229 puteos,

363 3258 411 3304 et
438 3249 634 3305 vocavit
672 3266 782 3313 eos,
808 3249 984 3319 inquit
1005 3250 1050 3314 ⁸,
1083 3250 1216 3303 sicut
1250 3261 1521 3305 vocaverat
1546 3268 1632 3306 eos
1665 3252 1937 3305 Abraham

358 3351 509 3408 pater
526 3356 676 3395 suus.
699 3337 815 3394 Non
839 3340 984 3394 enim
1006 3339 1315 3393 immolavit
1331 3342 1593 3395 vocabula
1624 3350 1931 3409 puteorum.

360 3430 428 3486 Et
449 3440 535 3486 est
570 3430 762 3484 mirum
791 3432 933 3500 quod
981 3430 1195 3501 Moyses
1224 3432 1389 3485 etiam
1421 3431 1564 3499 apud
1602 3447 1699 3487 nos
1728 3432 1938 3502 Moyses

359 3520 691 3591 appellatur,
742 3529 799 3575 et
853 3522 1131 3590 propheta:
1166 3521 1540 3591 unusquisque
1572 3537 1668 3576 suo
1720 3523 1939 3577 nomine

360 3611 728 3683 appellantur.
765 3609 883 3665 Non
917 3611 1063 3665 enim
1095 3611 1347 3667 Christus
1379 3613 1430 3666 in
1457 3613 1538 3667 eis
1568 3614 1810 3679 nomina,
1841 3617 1934 3669 sed

362 3699 778 3770 intelligentiam
810 3698 1184 3753 commutavit.
1237 3696 1610 3753 Commutavit
1659 3709 1836 3753 autem
1882 3701 1935 3753 in

361 3808 449 3857 eo,
480 3802 537 3846 ut
577 3793 687 3863 jam
727 3791 866 3845 ultra
901 3805 1007 3845 non
1048 3790 1396 3845 attendamus
1421 3787 1663 3845 Judaieis
1717 3790 1935 3855 fabulis,

360 3895 417 3940 et
456 3882 1061 3956 genealogiisinlinitis,
1106 3885 1234 3954 quia
1280 3901 1314 3937 a
1359 3885 1577 3938 veritate
1608 3885 1816 3954 quidem
1841 3900 1939 3937 au-

361 3978 531 4030 ditum
565 3985 827 4041 avertunt,
879 3977 950 4029 ad
1006 3976 1218 4046 fabulas
1265 3986 1439 4031 autem
1490 3977 1930 4030 convertuntur’.

359 4070 589 4139 Aperuit
618 4086 747 4140 ergo
777 4081 989 4141 puteos,
1043 4081 1099 4125 et
1146 4071 1333 4125 docuit
1370 4084 1491 4134 nos,
1518 4078 1576 4124 ut
1612 4086 1716 4125 non
1752 4070 1934 4139 aliquo

360 4161 479 4217 loco
533 4178 844 4232 quaeramus
889 4162 1082 4227 Deum,
1116 4166 1211 4219 sed
1261 4162 1501 4218 sciamus
1523 4164 1665 4233 quod
1706 4163 1759 4217 in
1786 4163 1933 4216 omni

360 4266 505 4307 terra
534 4252 1101 4307 olfertnrsacriiicium
1122 4256 1328 4308 nomini
1366 4254 1483 4323 ejus
1510 4252 1575 4305 ιθ.
1602 4251 1759 4309 Nunc
1790 4253 1933 4307 enim

358 4345 493 4400 illud
528 4354 603 4398 est
642 4356 855 4412 tempus
889 4345 1108 4415 quando
1156 4348 1269 4401 veri
1327 4348 1642 4401 adoratores
1701 4347 1937 4401 adorant

358 4433 616 4497 Patrem,
668 4449 845 4503 neque
904 4435 955 4490 in
1006 4435 1418 4508 Hierosolymis,
1479 4453 1651 4506 neque
1711 4438 1763 4490 iu
1825 4436 2015 4527 960

365 4538 551 4583 monte
592 4527 858 4594 Garizim,
891 4527 983 4583 sed
1028 4528 1080 4582 in
1136 4528 1328 4596 spiritu
1363 4539 1419 4582 et
1443 4529 1670 4583 veritate
1698 4529 1761 4582 ¹¹.
1816 4528 1929 4583 Non

360 4633 493 4689 ergo
525 4620 575 4673 in
631 4620 769 4685 loco,
820 4634 996 4690 neque
1047 4620 1098 4673 in
1134 4629 1277 4674 terra
1318 4619 1528 4673 habitat
1566 4621 1728 4684 Dens,
1760 4620 1853 4674 sed
1881 4620 1931 4672 in

360 4711 526 4764 corde
553 4710 777 4765 habitat.
812 4709 877 4763 Et
906 4712 951 4765 si
985 4711 1159 4765 locum
1216 4710 1307 4765 Dei
1344 4711 1597 4782 requiris,
1626 4727 1726 4767 cor
1773 4729 1932 4766 mun-

361 4802 489 4857 dum
518 4812 600 4856 est
630 4802 779 4857 locus
823 4803 962 4872 ejus.
998 4804 1054 4859 ln
1093 4805 1196 4859 hoc
1226 4818 1460 4873 namque
1505 4804 1624 4857 loco
1660 4804 1936 4859 habitatu-

363 4906 480 4948 rum
506 4908 567 4951 se
598 4895 750 4958 dicit,
786 4909 909 4949 cum
944 4910 1043 4964 per
1079 4897 1403 4964 prophetam
1438 4897 1517 4949 ait
1543 4895 1585 4927 “
1621 4915 1636 4951 :
1668 4895 1932 4949 Habitabo

357 4988 416 5040 in
436 4991 532 5053 eis,
565 4997 614 5041 et
648 4986 988 5055 inambulabo
1011 5006 1030 5055 ;
1056 5001 1103 5043 et
1132 4990 1237 5057 ipsi
1274 4999 1426 5042 erant
1458 4989 1585 5043 mihi
1613 4991 1857 5058 populus,
1886 4999 1933 5043 et

322 5096 449 5151 ,τσο
488 5094 576 5135 c‘ro
607 5080 718 5136 illis
772 5079 933 5148 Deus,
966 5082 1087 5135 dicit
1138 5081 1419 5135 Dominus.
1475 5081 1609 5135 Vide
1648 5095 1779 5149 ergo
1808 5082 1934 5149 quia

356 5170 501 5228 forte
526 5175 691 5226 etiam
717 5174 768 5226 in
792 5174 1212 5243 uniuscujusque
1233 5182 1486 5227 nostrum
1514 5174 1698 5227 anima
1729 5184 1813 5227 est
1838 5190 1931 5242 puo

359 5272 477 5317 teus
520 5277 675 5333 aquae
709 5264 865 5327 vivae,
895 5274 979 5319 est
1028 5266 1249 5333 quidam
1300 5264 1547 5318 caelestis
1596 5277 1827 5328 sensus,
1878 5272 1933 5317 et

426 5383 449 5415 ⁵
473 5382 636 5439 Rom.
667 5395 759 5446 xv,
788 5382 874 5437 i9.
952 5382 972 5414 ³
1005 5381 1042 5434 ll
1067 5381 1208 5437 Tim.
1238 5398 1319 5445 ιιι.
1354 5385 1445 5440 ll.
1528 5383 1548 5415 ⁸
1574 5383 1764 5438 Matth.
1795 5400 1834 5446 I.

356 5456 402 5492 "
433 5453 659 5508 Malacb.
691 5468 729 5515 ι,
765 5454 852 5506 ll.

428 5569 540 5639 (87)
579 5570 747 5634 Alias,
772 5571 1004 5625 invenire
1033 5572 1403 5626 rationabilem
1447 5588 1658 5628 sensum
1698 5574 1769 5627 ad
1795 5576 1931 5629 ima-

357 5642 527 5708 ginem
554 5641 667 5694 Dei.
701 5641 769 5694 At
801 5656 933 5696 mss.
966 5652 1024 5694 ut
1058 5643 1109 5695 in
1146 5652 1336 5698 nostro
1368 5651 1542 5698 textu.

426 5712 541 5784 (88)
575 5711 741 5773 Alios,
784 5711 935 5765 illan:
974 5728 1131 5780 quam
1169 5713 1329 5777 dicit;
1376 5728 1535 5779 mss.,
1564 5713 1706 5768 illam
1742 5714 1803 5789 tl;
1826 5731 1935 5783 qua

674 5804 945 5865 l'svnoa.
995 5804 1111 5867 Gn.
1162 5805 1299 5870 ΧΗ.

1930 5386 1949 5415 ⁷
1987 5382 2118 5439 an.
2150 5399 2298 5443 sxw,
2333 5382 2421 5436 32.

924 5453 964 5484 “
997 5450 1154 5506 Joan.
1182 5468 1253 5518 iV,
1283 5454 1372 5519 Ἡ,
1392 5454 1483 5509 25.
1559 5454 1782 5509 "Levit.
1808 5468 1958 5518 xxvi,
1986 5455 2073 5508 12.

2108 1864 2161 1918 4.
2212 1865 2269 1919 Si
2313 1881 2444 1935 ergo
2490 1877 2545 1920 et
2569 1883 2666 1922 vos
2709 1869 2869 1925 hodie
2911 1872 3027 1927 haec
3059 1874 3344 1930 audientes
3386 1876 3620 1932 lideliter

2040 1958 2362 2026 percrpiatis
2415 1959 2690 2023 auditum,
2724 1974 2991 2029 operatur
3023 1974 3077 2018 et
3134 1967 3186 2019 in
3235 1968 3390 2023 vobis
3446 1969 3617 2035 Isaac,

2040 2059 2233 2120 purgat
2262 2049 2426 2104 corda
2460 2059 2641 2104 vestra
2665 2066 2697 2104 a
2731 2055 2965 2108 terrenis
2995 2057 3266 2123 sensibus,
3292 2068 3347 2112 et
3374 2061 3621 2116 videntes

2041 2142 2157 2196 haec
2189 2149 2338 2195 tanta
2372 2141 2624 2212 mysteria
2655 2142 2710 2195 in
2743 2141 3044 2211 Scripturis
3072 2146 3273 2204 divinis
3302 2164 3421 2205 esse
3448 2151 3621 2207 laten-

2041 2234 2137 2296 tia,
2158 2232 2453 2301 prolicietis
2478 2231 2533 2286 in
2558 2231 2835 2288 intellectu
2863 2233 3002 2305 (89),
3028 2247 3083 2291 et
3104 2238 3403 2307 proﬁcietis
3430 2241 3481 2295 iu
3510 2244 3621 2312 spi-

2041 2323 2293 2378 ritalibus
2326 2322 2600 2379 sensibus.
2633 2323 2918 2393 lncipietis
2937 2327 3102 2381 etiam
3139 2327 3238 2398 ipsi
3278 2344 3400 2385 esse
3431 2332 3622 2387 docto-

2043 2429 2152 2480 res,
2204 2422 2262 2471 et
2312 2415 2613 2485 procedent
2661 2430 2726 2470 ex
2786 2417 2943 2473 vobis
2977 2418 3196 2474 ﬂumina
3250 2436 3406 2491 aqua
3464 2425 3619 2481 vivas.

2040 2506 2211 2563 Adest
2243 2507 2389 2563 enim
2421 2506 2657 2564 Verbum
2688 2508 2807 2572 Dei,
2834 2519 2891 2564 et
2919 2511 3031 2565 haec
3071 2528 3214 2577 nunc
3239 2513 3355 2584 ejus
3389 2527 3472 2571 est
3493 2533 3623 2588 ope-

2043 2598 2203 2664 ratio,
2234 2610 2292 2654 ut
2322 2599 2389 2654 de
2407 2600 2588 2653 anima
2616 2600 3045 2672 uniuscujusque
3070 2614 3315 2659 nostrum
3346 2620 3621 2664 removent

2046 2701 2269 2757 terram,
2290 2700 2345 2748 et
2368 2694 2576 2761 aperiat
2600 2691 2805 2748 fontem
2835 2694 3035 2749 vivum.
3063 2694 3205 2750 lntra
3245 2707 3298 2752 te
3327 2701 3469 2755 enim
3504 2716 3582 2757 est
3602 2742 3620 2767 ,

2042 2792 2097 2838 et
2124 2798 2228 2837 non
2259 2784 2605 2840 extrinsecus
2638 2786 2804 2848 venit,
2837 2786 2982 2841 sicut
3010 2796 3063 2841 et
3092 2803 3321 2859 regnum
3359 2792 3453 2847 Dei
3477 2793 3619 2849 intra

2044 2886 2097 2932 te
2125 2884 2231 2931 est.
2257 2874 2323 2930 Et
2349 2876 2542 2931 mulier
2586 2876 2675 2931 illa
2708 2876 2775 2944 ιδ,
2808 2892 2929 2945 (μιεὲ
2949 2879 3259 2947 perdiderat
3280 2884 3623 2957 drachmam,

2044 2982 2148 3022 non
2184 2966 2330 3022 illam
2364 2967 2575 3022 invenit
2628 2969 2997 3038 extrinsecus,
3050 2973 3145 3027 sed
3198 2974 3252 3028 in
3305 2976 3464 3034 domo
3499 2995 3620 3045 Stln,

2046 3068 2397 3128 posteaquam
2417 3060 2667 3115 accendit
2689 3060 2987 3129 lucernam,
3019 3072 3070 3117 et
3098 3067 3379 3121 mandavit
3405 3070 3621 3127 domum

2050 3152 2303 3207 sordibus
2326 3164 2381 3207 et
2406 3152 2795 3218 immunditiis,
2818 3171 2958 3224 quas
2998 3155 3145 3225 longi
3182 3163 3443 3230 temporis
3470 3164 3622 3233 igna-

2050 3245 2139 3298 via
2163 3253 2220 3299 et
2251 3245 2523 3301 hebetudo
2554 3256 2929 3313 congesserat,
2964 3255 3019 3302 et
3056 3248 3127 3302 ibi
3181 3249 3387 3306 invenit
3422 3255 3624 3311 drach-

2048 3352 2216 3395 mam.
2251 3337 2317 3391 Et
2337 3348 2390 3393 tu
2423 3352 2553 3409 ergo
2577 3338 2621 3393 si
2647 3339 2916 3394 accendas
2946 3338 3249 3406 lucernam,
3280 3343 3324 3397 si
3362 3347 3625 3404 adhibeas

2050 3430 2144 3483 tibi
2179 3430 2637 3485 illuminatiouem
2671 3429 2909 3499 Spiritus
2939 3431 3133 3496 sancti,
3195 3440 3249 3486 et
3308 3432 3361 3487 in
3422 3434 3626 3495 lumine

2046 3518 2165 3587 ejus
2198 3518 2383 3574 videas
2411 3518 2628 3584 lumen,
2683 3518 2933 3574 invenies
2987 3519 3129 3573 intra
3180 3532 3231 3577 te
3281 3522 3622 3588 drachmam.

2047 3612 2191 3665 Intra
2232 3619 2284 3666 te
2305 3626 2544 3680 namque
2573 3620 2657 3666 est
2686 3611 2952 3667 collocata
2986 3611 3162 3680 imago
3192 3616 3336 3684 regis
3363 3619 3620 3677 ρωιιιειῑε,

2048 3705 2183 3758 Cum
2212 3704 2358 3759 enim
2389 3703 2595 3758 laceret
2626 3703 2905 3757 hominem
2927 3718 2993 3758 ex
3018 3704 3176 3758 initio
3200 3705 3360 3772 Deus,
3395 3713 3461 3764 ad
3488 3714 3590 3765 ima
3611 3744 3623 3757 .

2045 3797 2226 3864 ginem
2271 3806 2325 3851 et
2353 3795 2772 3851 similitudinem
2824 3810 2980 3849 suam
3022 3794 3149 3851 fecit
3185 3812 3346 3864 eum;
3393 3811 3447 3857 et
3483 3805 3621 3860 hanc

2047 3889 2336 3958 imaginem
2372 3904 2480 3943 non
2517 3888 2885 3952 extrinsecus,
2927 3888 3023 3943 sed
3056 3888 3195 3944 intra
3226 3907 3349 3947 eum
3378 3896 3609 3952 colloca

2046 3984 2140 4035 vit.
2181 3981 2308 4036 llaec
2332 3982 2383 4035 in
2415 3990 2467 4036 te
2492 3982 2662 4037 videri
2688 4000 2793 4039 non
2828 3995 3062 4054 poterat,
3110 3986 3281 4044 donec
3313 3990 3505 4046 domus
3532 4002 3624 4047 tua

2044 4075 2262 4129 sordida
2290 4085 2430 4137 erat,
2460 4073 2820 4132 immunditiis
2848 4089 2902 4132 et
2940 4079 3225 4136 ruderibus
3262 4082 3490 4151 repleta.
3515 4083 3624 4139 lste

2045 4165 2165 4221 fons
2198 4165 2441 4219 scientiae
2472 4166 2615 4218 intra
2674 4176 2726 4221 te
2769 4177 2887 4223 erat
2918 4171 3075 4239 situs,
3118 4175 3212 4229 sed
3257 4190 3362 4229 non
3407 4186 3624 4246 poterat

2043 4256 2228 4317 liuere,
2263 4257 2386 4325 quia
2424 4256 2697 4310 Philistiui
2725 4258 3070 4327 repleverant
3099 4278 3221 4317 cum
3253 4274 3419 4331 terra,
3457 4277 3512 4321 et
3546 4270 3623 4322 le-

2044 4362 2231 4404 cerant
2265 4351 2315 4403 in
2351 4360 2401 4402 te
2434 4349 2722 4415 imaginem
2771 4354 2995 4408 terreni.
3027 4355 3134 4409 Sed
3173 4366 3226 4409 tn
3250 4362 3473 4427 portasti
3499 4364 3618 4431 qui-

2043 4443 2163 4495 dem
2195 4451 2321 4495 tnnc
2358 4438 2648 4508 imaginem
2702 4446 2928 4511 terreni,
2971 4462 3113 4501 nunc
3148 4464 3279 4504 vero
3310 4450 3395 4506 his
3422 4456 3622 4511 auditis

2043 4534 2111 4585 ah
2140 4532 2228 4585 illa
2264 4536 2411 4588 ontui
2468 4537 2607 4591 mole
2642 4545 2695 4590 et
2729 4538 3083 4605 Oppressione
3130 4548 3341 4595 terrena
3371 4558 3468 4611 per
3497 4545 3627 4601 Ver-

2045 4624 2169 4677 bum
2199 4622 2291 4678 Dei
2328 4637 2620 4695 purgatus,
2656 4627 2953 4697 imaginem
2987 4631 3241 4701 caelestis
3279 4634 3331 4687 in
3362 4645 3414 4688 te
3443 4636 3623 4703 splen-

2045 4716 2267 4770 descere
2300 4717 2485 4772 facito.
2527 4718 2650 4771 Haec
2684 4734 2815 4788 ergo
2853 4720 3034 4789 imago
3064 4732 3147 4776 est
3173 4727 3238 4775 de
3263 4738 3366 4791 qua
3407 4724 3623 4778 dicebat

2044 4805 2205 4861 Pater
2225 4809 2289 4862 ad
2315 4808 2507 4863 Filium
2539 4810 2581 4841 ⁸⁵
2609 4828 2621 4862 :
2653 4808 2939 4865 Faciamus
2958 4813 3223 4867 hominem
3248 4814 3317 4866 ad
3342 4814 3622 4884 imaginem

2042 4906 2089 4950 et
2122 4897 2522 4953 similitudinem
2550 4910 2805 4953 nostram.
2838 4900 3005 4954 Filius
3033 4902 3123 4956 Dei
3153 4912 3236 4957 est
3259 4904 3435 4971 pictor
3464 4905 3623 4973 hujus
3653 4961 3659 4971 ,

2045 4988 2317 5057 imaginis.
2353 4991 2413 5044 Et
2436 4992 2562 5060 quia
2602 4992 2722 5045 talis
2758 5006 2821 5045 ac
2853 5000 3039 5047 tantus
3073 5002 3157 5047 est
3199 4993 3407 5061 pictor,
3444 4996 3621 5066 imago
3656 4981 3659 4984 8

2043 5081 2163 5148 ejus
2190 5080 2467 5135 obscurari
2503 5096 2598 5149 per
2630 5081 2900 5135 incuriam
2934 5090 3146 5150 potest,
3179 5081 3346 5138 deleri
3376 5098 3473 5152 per
3498 5101 3617 5139 ma-

2043 5172 2217 5227 litiam
2246 5188 2351 5226 non
2383 5183 2587 5240 potest.
2619 5172 2801 5226 Manet
2830 5170 2977 5227 enim
3004 5188 3219 5242 semper
3245 5175 3425 5248 imago
3442 5178 3534 5236 Dei
3561 5179 3616 5236 in

2043 5272 2117 5328 te,
2148 5264 2277 5317 licet
2311 5274 2365 5317 tu
2406 5265 2499 5318 tibi
2535 5266 2649 5332 ipse
2680 5265 3017 5334 superducas
3066 5267 3355 5336 imaginem
3393 5278 3615 5336 terreni,

2519 5383 2539 5414 ³
2570 5380 2764 5435 Cenes.
2802 5397 2951 5447 xvvr,
2987 5388 3068 5441 l8.

2156 5453 2368 5506 tum...
2390 5468 2482 5511 vn.
2510 5451 2597 5505 58.
2680 5452 2722 5483 η
2752 5452 2879 5506 Luc.
2916 5470 3001 5518 xv,
3032 5459 3084 5511 8.

2259 5642 2714 5720 A‘lias,_proﬁcitis
2737 5644 2792 5697 in
2809 5644 3070 5720 intellectu
3095 5659 3139 5699 el
3161 5647 3441 5716 proIiCitis,
3462 5671 3616 5720 unus“

2040 5715 2328 5783 proﬁciens
2353 5715 2405 5766 in
2437 5713 2696 5769 intellectu
2726 5724 2770 5768 ct
2793 5716 3095 5789 proﬁciens.

3175 5390 3263 5463 {ll
3293 5392 3430 5446 Tim.
3460 5408 3532 5463 tv,
3560 5398 3615 5451 4.

3167 5460 3209 5491 ⁸⁸
3227 5460 3423 5518 Cenes.
3457 5480 3500 5531 ι,
3521 5460 3614 5523 λὶό.

3229 5814 3269 5876 8
