4122 6248
661 208 730 261 5ῖί
2083 214 2411 273 ORIGENIS

3754 242 3862 298 256

620 334 782 388 istaut
815 332 1079 402 picmram
1120 343 1171 386 ιιι
1202 333 1299 387 tibi
1352 334 1465 403 ipse
1494 334 1760 403 depingis,
1789 351 1910 389 cum
1943 337 2084 391 enim
2127 347 2179 391 te
2209 341 2254 396 Α
2284 340 2439 394 nobis
2485 341 2710 398 stilliciat
2762 349 2989 403 scientia
3034 349 3466 420 Scripturarum,
3499 353 3597 408 sed
3624 366 3683 411 et
3724 359 3863 419 alios

622 424 786 479 libido
812 423 1126 484 fuscaverit,
1159 424 1414 477 induxisri
1448 440 1612 478 unum
1629 426 1862 480 colorem
1889 436 2182 482 terrenum.

620 520 674 570 Si
712 531 839 571 vero
861 527 916 571 et
942 516 1174 569 avaritia
1208 525 1409 571 mstuas
1438 515 1567 587 (90),
1602 519 1871 573 miscuisti
1902 527 1958 573 et
1994 518 2183 574 alium.

618 612 723 665 Sed
757 620 810 664 et
837 624 958 664 cum
989 617 1039 662 te
1064 608 1143 662 ira
1173 610 1527 679 sanguineum
1556 610 1706 677 facit,
1725 611 1880 666 addis
1912 612 2187 668 nihilomi-

617 719 718 756 nus
749 712 803 758 et
837 702 1055 756 tertium
1082 702 1341 757 colorem.
1371 703 1647 772 Superbia:
1675 720 1891 776 quoque
1913 707 2055 763 alius
2084 707 2184 762 ad-

614 794 762 846 ditur
789 791 964 857 fucus,
998 800 1049 844 et
1085 791 1380 861 impietatis
1416 791 1570 848 alius.
1602 793 1666 848 Et
1694 794 1773 848 sic
1808 808 1904 863 per
1937 793 2182 865 singulas

2290 428 2604 494 doceamus,
2635 445 2689 487 et
2714 434 2848 490 alios
2888 438 3243 505 instruamus,
3278 450 3337 496 ut
3369 440 3562 497 bibant
3584 444 3861 520 homines,

2288 516 2474 574 bibant
2512 533 2566 575 ct
2604 540 2820 591 pecora.
2853 528 3088 583 Audiant
3117 532 3442 599 prudentes,
3484 536 3716 593 audiant
3738 516 3864 597 Sim;

2288 609 2456 678 plices
2489 614 2728 683 quique:
2762 621 3103 688 sapientibus
3148 631 3201 678 et
3232 623 3620 694 insipientibus
3646 630 3860 689 debitor

2285 708 2369 753 est
2398 701 2587 756 doctor
2627 704 2902 775 Ecclesiae,
2937 722 3127 777 potare
3173 711 3450 781 homines,
3477 728 3670 786 potare
3702 722 3862 779 debet

2285 801 2338 844 et
2374 808 2569 861 pecora
2601 812 2613 844 :
2644 798 2767 865 quia
2812 807 2868 854 et
2915 798 3183 871 Pr0pbeta
3236 804 3441 858 dixit”
3467 825 3481 860 :
3511 807 3763 868 Homines
3808 827 3856 871 et

612 898 861 954 quasque
897 883 1119 938 malitiae
1151 883 1378 950 species,
1427 884 1575 938 velut
1618 884 1853 940 diversis
1903 886 2181 942 coloribus
2273 882 2513 951 jumenta
2549 888 2717 942 salvos
2760 892 2943 957 facies,
3000 893 3244 960 Domine,
3273 895 3619 956 illuminante
3654 920 3771 970 nos,
3802 917 3855 961 ei

602 978 979 1050 congregatis.
1004 977 1144 1031 hanc
1179 976 1468 1047 imaginem
1514 979 1738 1043 terreni,
1760 994 1921 1049 quam
1953 979 2093 1034 Deus
2123 980 2177 1034 in

612 1082 664 1125 te
692 1085 801 1125 non
839 1069 989 1132 fecit,
1019 1083 1071 1122 tu
1102 1069 1205 1123 tibi
1249 1070 1362 1137 ipse
1394 1069 1663 1139 depingis.
1706 1070 1999 1139 Propterea
2044 1085 2176 1142 ergo

609 1160 984 1232 deprecandus
1014 1170 1097 1215 est
1128 1158 1282 1215 nobis
1334 1159 1457 1223 ille,
1494 1162 1585 1229 qui
1628 1160 1759 1214 dicit
1808 1175 1902 1230 per
1935 1161 2175 1230 praphe-

611 1261 719 1307 tam
748 1253 791 1284 “
814 1270 826 1305 :
850 1250 985 1306 Ecce
1005 1265 1096 1320 ego
1123 1249 1271 1303 deleo
1296 1251 1430 1304 sicut
1463 1250 1649 1303 nubem
1680 1251 1988 1320 iniquitates
2032 1260 2174 1315 tuas,

606 1356 652 1397 et
681 1345 814 1399 sicut
839 1342 1113 1413 caliginem
1140 1353 1356 1408 peccata
1383 1352 1497 1395 tua.
1542 1342 1606 1397 Et
1626 1358 1747 1398 cum
1773 1344 2032 1400 deleverit
2053 1359 2175 1399 om-

604 1451 703 1492 nes
738 1436 868 1489 istos
898 1434 952 1488 in
989 1442 1042 1488 te
1072 1433 1303 1497 colores,
1338 1435 1428 1502 qui
1464 1448 1530 1487 ex
1565 1432 1705 1489 lucis
1733 1434 1951 1490 malitiae
1973 1435 2172 1502 sumpti

602 1538 749 1591 sunt,
779 1537 906 1582 tunc
947 1525 1313 1596 resplendebit
1344 1525 1395 1579 in
1433 1536 1482 1579 te
1518 1525 1695 1596 imago
1727 1526 1816 1580 illa
1840 1542 1960 1595 qua:
1997 1542 2025 1579 a
2063 1526 2173 1580 Deo

601 1632 781 1677 creata
820 1629 922 1675 est.
969 1619 1129 1674 Vides
1172 1633 1305 1684 ergo
1331 1618 1600 1687 quomodo
1645 1617 1844 1671 divina:
1874 1618 2169 1685 Scriptura:

601 1712 802 1767 formas
835 1710 1096 1766 inducunt
1134 1719 1187 1764 et
1222 1708 1423 1780 ﬁguras
1449 1749 1464 1773 ,
1498 1708 1698 1779 quibus
1742 1709 1807 1762 ad
1841 1710 2169 1779 agnitionem

600 1803 684 1859 vel
715 1800 1094 1873 purgationem
1120 1799 1202 1854 sui
1230 1799 1411 1853 anima
1450 1798 1730 1852 doceatur.
1768 1797 1862 1853 Vis
1913 1800 2094 1856 adhuc
2118 1811 2171 1856 et

598 1897 759 1949 aliam
788 1893 975 1947 videre
996 1889 1228 1945 formam
1253 1888 1414 1957 lmjus
1446 1888 1739 1958 imaginis?
1766 1887 2168 1961 Suntquzedam

599 1987 790 2041 litterae
817 1997 959 2055 quas
990 1982 1129 2037 Deus
1156 1981 1365 2049 scribit,
1398 1980 1642 2051 quaedam
1672 1979 1865 2037 littera
1909 1998 2046 2054 quas
2070 2000 2169 2041 nos

596 2080 906 2135 scribimus.
959 2076 1179 2133 Peccati
1234 2076 1449 2132 litteras
1506 2089 1605 2130 nos
1659 2076 1969 2133 scribimus.
2024 2078 2164 2133 Audi

594 2172 908 2242 Apostolum
930 2169 1199 2225 dicentem
1225 2184 1239 2220 :
1277 2167 1490 2232 Delens,
1519 2166 1699 2236 inquit
1732 2168 1795 2233 ¹”¹,
1823 2170 1962 2237 quod
1983 2170 2168 2223 adser-

594 2278 709 2316 sum
755 2276 847 2313 nos
884 2267 995 2313 erat
1042 2257 1453 2326 chirographum
1496 2256 1551 2309 in
1582 2256 1839 2320 decretis,
1880 2260 2021 2327 quod
2050 2271 2163 2313 erat

593 2352 917 2405 contrarium
949 2349 1117 2412 nobis,
1171 2346 1292 2400 tulit
1323 2346 1457 2400 illud
1485 2347 1550 2401 de
1572 2347 1765 2409 medio,
1792 2348 2000 2418 aﬁigens
2030 2350 2162 2404 illud

592 2444 735 2495 cruci
766 2456 896 2495 suae.
941 2439 1085 2494 lstud
1132 2438 1347 2507 quidem
1383 2438 1524 2507 quod
1551 2437 1681 2495 dicit
1708 2440 2160 2511 chirographum,

590 2543 935 2603 peccatorum
988 2538 1299 2587 nostrorum
1359 2530 1540 2586 cautio
1589 2529 1712 2585 fuit.
1772 2531 2161 2603 Unusquisque

590 2627 790 2681 etenim
821 2633 1084 2686 nostrum,
1121 2622 1174 2677 in
1202 2622 1287 2677 his
1311 2637 1434 2692 quae
1457 2622 1720 2692 delinquit
1748 2623 1980 2681 ellicilur
2005 2628 2157 2683 dehi-

589 2730 695 2783 tor,
735 2727 789 2772 et
820 2717 1025 2788 peccati
1050 2716 1132 2771 sui
1158 2714 1367 2770 litteras
1397 2716 1605 2771 scribit.
1638 2717 1772 2784 Quia
1797 2727 1851 2773 et
1886 2719 1939 2773 in
1956 2720 2159 2791 judicio

590 2811 706 2873 Dei,
734 2809 877 2879 quod
906 2808 1096 2863 Daniel
1118 2808 1441 2862 consedisse
1466 2806 1723 2862 describit
1750 2809 1813 2874 ι’,
1838 2808 2005 2867 libros
2026 2813 2159 2868 dicit

586 2910 825 2970 apertos,
864 2899 981 2954 sine
1008 2899 1172 2953 dubio
1204 2898 1297 2968 qui
1328 2906 1549 2967 peccata
1594 2900 1876 2955 hominum
1907 2904 2156 2959 contine-

587 3004 722 3048 rent.
771 2991 880 3047 lles
912 3005 1047 3061 ergo
1071 2990 1170 3061 ipsi
1204 2990 1358 3045 nobis
1382 2989 1674 3047 scribimus
1697 3007 1793 3063 per
1816 3008 1881 3050 ea
1902 3009 2024 3065 quae
2056 2998 2150 3052 de-
2178 3017 2226 3075 ο

584 3080 899 3153 linquimus.
926 3080 1096 3151 llujus
1119 3080 1263 3135 enim
1304 3079 1380 3135 rei
1412 3089 1468 3134 et
1500 3080 1592 3136 illa
1618 3082 1792 3152 imago
1815 3092 1920 3150 est,
1948 3100 2069 3155 qua:
2098 3087 2149 3141 in

586 3174 870 3246 Evangelio
900 3174 1095 3230 dicitur
1116 3173 1181 3229 de
1204 3173 1728 3244 villicoiniquitatis,
1745 3176 1837 3245 qui
1860 3177 1925 3231 ad
1952 3193 2151 3233 unum-

581 3280 851 3337 quemque
878 3265 1176 3321 debitorem
1197 3265 1329 3320 dicit
1358 3265 1402 3297 “
1438 3281 1455 3319 :
1489 3264 1679 3335 Accipe
1703 3266 1905 3324 litteras
1932 3279 2073 3335 tuas,
2100 3282 2148 3327 et

581 3361 763 3414 sedens
794 3360 965 3413 scribe
1003 3357 1289 3428 octoginta,
1336 3366 1390 3411 et
1417 3366 1612 3413 caetera
1650 3372 1772 3429 quas
1822 3360 2145 3418 referuntur.

587 3452 745 3505 Vides
780 3466 938 3519 ergo,
965 3451 1089 3519 quia
1138 3450 1435 3520 unicuique
1462 3450 1680 3515 dicitur,
1724 3454 1899 3521 accipe
1947 3456 2149 3512 litteras

581 3551 722 3594 tuus.
760 3537 911 3593 Unde
944 3546 1162 3593 constat
1190 3548 1409 3593 nostras
1441 3538 1649 3595 litteras
1673 3552 1917 3609 peccato,
1944 3545 2150 3601 litteras

580 3641 758 3685 autent
791 3632 883 3686 Dei
908 3630 1120 3699 justitia
1142 3630 1304 3686 scribi
1330 3627 1462 3699 (9i).
1522 3632 1601 3686 Ita
1623 3633 1765 3688 enim
1781 3635 2148 3707 dicitAposto-

582 3723 665 3777 lus
680 3723 757 3773 ὀε
788 3721 889 3775 Vos
915 3724 1050 3775 enim
1080 3724 1201 3776 estis
1220 3721 1446 3791 epistola
1462 3725 1659 3793 scripta
1696 3742 1797 3780 non
1829 3739 2145 3797 atramento,

577 3816 669 3869 sed
695 3812 899 3882 Spiritu
925 3812 1016 3866 Dei
1045 3812 1166 3873 uiui,
1192 3814 1365 3866 nonin
1392 3814 1583 3869 tabulis
1607 3817 1850 3885 lapideis,
1874 3824 1963 3874 sed
1988 3825 2041 3876 in
2062 3834 2149 3878 tat

580 3904 717 3959 bulis
740 3904 910 3957 cordis
928 3901 1250 3957 carnalibus.
1278 3902 1455 3959 Habes
1490 3919 1618 3974 ergo
1648 3907 1699 3961 in
1728 3918 1777 3961 te
1806 3908 2012 3967 litteras
2031 3914 2143 3980 Dei,

577 3997 686 4067 97
711 4008 763 4049 et
782 3995 994 4049 litteras
1012 3994 1248 4063 Spiritus
1272 3996 1529 4051 sancti.Si
1545 4012 1674 4052 vero
1696 3998 2005 4071 delinquas,
2032 4007 2145 4075 ipse

579 4088 675 4140 tibi
726 4085 1023 4140 conscribis
1068 4085 1276 4155 peccati
1339 4086 1787 4157 chirographum.
1864 4093 1971 4148 Sed
2026 4094 2145 4149 vide

578 4179 699 4248 quia
732 4193 853 4233 cum
893 4176 1060 4232 semel
1096 4178 1375 4233 occessisti
1410 4182 1477 4233 ad
1511 4195 1732 4236 crucem
1757 4182 1960 4239 Christi
1990 4195 2045 4240 et
2076 4186 2142 4242 ad

575 4275 806 4345 gratiam
829 4272 1104 4343 baptismi,
1124 4273 1543 4343 chirographum
1566 4284 1715 4329 tuum
1737 4279 1885 4333 cruci
1904 4278 2140 4346 aﬂixum,

2283 987 2554 1044 purgante
2605 980 2766 1033 corda
2814 991 2999 1036 nostra
3044 985 3161 1054 ipso
3208 986 3437 1043 Domino
3480 988 3606 1047 Jesu
3636 993 3856 1053 Christo

2281 1066 2567 1123 Salvatore
2609 1081 2819 1134 nostro,
2873 1073 2963 1127 cui
3009 1083 3088 1128 est
3136 1075 3308 1145 gloria
3355 1088 3412 1133 et
3464 1082 3748 1152 imperium
3800 1091 3849 1143 in

2278 1160 2475 1213 sarcula
2503 1161 2847 1217 saeculorum.
2879 1164 3072 1218 Amen.

2833 1273 3112 1331 HOMILIA
3153 1277 3293 1332 XIV.

2276 1362 2351 1415 De
2379 1380 2437 1416 eo
2458 1366 2596 1441 quod
2623 1368 2870 1441 apparuit
2901 1368 3151 1422 Dominus
3174 1369 3203 1422 Ι
3209 1388 3331 1423 sane
3347 1375 3419 1425 ad
3436 1386 3651 1441 puteum
3677 1379 3846 1441 jura-

2320 1436 2504 1498 meuti,
2536 1436 2670 1488 etde
2690 1447 2843 1504 pacto
2866 1444 3001 1506 quod
3028 1443 3314 1507 composuit
3338 1436 3451 1494 cuni
3485 1436 3810 1505 Abimeleclt.

2346 1525 2397 1578 1.
2432 1524 2711 1592 Scriptum
2738 1535 2825 1581 est
2864 1526 2918 1582 in
2959 1530 3220 1600 propheta
3260 1544 3323 1584 ex
3365 1548 3590 1601 persona
3622 1537 3840 1595 Domini

2274 1614 2509 1669 dicentis
2530 1615 2573 1645 ⁸³
2598 1632 2611 1668 :
2639 1614 2705 1667 Et
2730 1615 2783 1669 in
2829 1619 3070 1673 manibus
3107 1620 3476 1689 prophetarum
3505 1629 3839 1685 assimilatas

2273 1722 2411 1760 sum.
2463 1708 2565 1774 Qui
2620 1724 2800 1764 sermo
2838 1711 2967 1767 illud
3023 1714 3248 1780 indicat,
3281 1718 3560 1785 quodcum
3589 1738 3724 1777 unus
3757 1725 3836 1778 sit

2272 1798 2535 1852 Dominus
2595 1807 2778 1852 noster
2828 1797 2987 1857 Jesus
3028 1804 3283 1861 Christus
3328 1822 3427 1877 per
3476 1812 3827 1868 substantiam

2272 1902 2448 1951 suam,
2476 1896 2532 1941 et
2556 1887 2687 1941 nihil
2719 1886 2864 1942 aliud
2903 1904 3065 1958 quam
3115 1892 3282 1949 Filius
3315 1897 3412 1951 Dei
3438 1899 3529 1964 sit,
3561 1900 3614 1953 in
3651 1903 3832 1970 liguris

2274 1981 2449 2049 tamen
2486 1982 2539 2027 et
2564 1972 2757 2029 formis
2800 1973 3229 2047 Scripturarutn,
3267 1984 3455 2039 varius
3486 2003 3549 2041 ac
3593 1988 3836 2043 diversus

2268 2067 2597 2124 ostenditur.
2632 2064 2791 2121 Verbi
2837 2068 3191 2139 gratia,sicut
3239 2074 3294 2128 in
3330 2080 3711 2146 superioribus
3738 2096 3836 2136 ex-

2268 2158 2513 2226 posuisse
2569 2172 2669 2212 nos
2726 2157 2968 2223 memini,
3025 2160 3169 2229 quod
3226 2163 3341 2233 ipse
3386 2167 3586 2225 fuisset
3615 2172 3667 2224 in
3714 2182 3838 2241 typo

2267 2250 2439 2316 Isaac,
2469 2265 2593 2305 cum
2645 2248 2938 2305 oll‘erretur
2988 2253 3054 2306 ad
3120 2254 3519 2325 holocaustum,
3560 2262 3727 2331 ipsius
3757 2274 3838 2315 la-

2266 2356 2388 2397 men
2435 2350 2491 2397 et
2539 2344 2683 2399 aries
2719 2342 2947 2398 formam
2986 2352 3214 2400 teneret.
3262 2345 3373 2417 Ego
3431 2353 3669 2418 amplius
3710 2354 3832 2406 dico

2264 2434 2491 2505 quodin
2518 2437 2711 2506 angelo
2733 2436 2825 2506 qui
2862 2435 3075 2491 locutus
3098 2445 3181 2491 est
3211 2440 3278 2493 ad
3302 2440 3599 2507 Abraham,
3619 2453 3675 2497 et
3704 2446 3839 2499 dicit

2261 2529 2311 2584 ei
2333 2529 2378 2562 “
2404 2546 2415 2582 :
2442 2528 2524 2583 Ne
2542 2530 2749 2598 injicias
2773 2546 2986 2583 manum
3007 2540 3151 2584 tuam
3174 2532 3227 2585 in
3250 2549 3493 2600 puerum,
3514 2535 3629 2602 ipse
3652 2547 3840 2592 osten-

2262 2620 2433 2685 ditur,
2461 2621 2555 2691 qui
2590 2621 2783 2676 iterum
2809 2621 2939 2676 dicit
2976 2620 3042 2675 ad
3074 2636 3195 2687 eum
3227 2640 3241 2676 :
3273 2620 3561 2692 Propterea
3584 2628 3726 2695 quod
3756 2628 3836 2695 {e-

2261 2714 2381 2768 cisti
2409 2712 2618 2769 verbum
2647 2714 2765 2780 hoc,
2796 2714 3097 2767 benedicens
3136 2714 3441 2768 benedicam
3470 2728 3537 2770 te.
3566 2716 3721 2785 Ovis,
3747 2735 3791 2772 γι
3817 2721 3833 2774 l

2259 2820 2432 2875 agnus
2475 2804 2567 2875 qui
2621 2804 2935 2859 immolatur
2990 2803 3043 2857 in
3084 2802 3314 2869 Pascha,
3350 2805 3464 2875 ipse
3518 2808 3737 2873 dicitur,
3774 2820 3834 2865 et

2259 2897 2444 2952 ovium
2478 2906 2665 2967 pastor
2706 2896 2820 2964 ipse
2854 2896 3135 2967 signatur;
3177 2895 3230 2951 et
3259 2897 3524 2965 pontifex,
3557 2900 3646 2967 qui
3672 2899 3833 2955 ollert

2260 2988 2629 3052 sacriﬁcium,
2680 2987 3033 3042 nihilominus
3089 2987 3204 3056 ipse
3253 2988 3599 3044 describitur.
3652 2990 3829 3059 Spou-
3922 3035 3924 3037 ,

2259 3096 2351 3133 sus
2396 3088 2654 3149 tanquam
2704 3076 2940 3134 Verbum
2972 3077 3065 3133 Dei
3098 3080 3213 3149 ipse
3262 3079 3579 3150 appellatur,
3611 3092 3668 3136 et
3700 3094 3827 3137 tan-

2257 3188 2419 3241 quam
2447 3174 2715 3243 sapientia
2746 3174 2861 3243 ipse
2896 3188 3083 3228 rursus
3105 3187 3304 3241 sponsa
3340 3174 3648 3228 nominatur
3674 3193 3687 3228 :
3719 3176 3827 3230 sic-

2263 3275 2317 3318 ut
2353 3275 2407 3319 et
2435 3267 2691 3335 propheta
2732 3265 2864 3319 dicit
2894 3278 2961 3320 ex
3000 3277 3232 3335 persona
3261 3263 3429 3335 ipsius
3451 3265 3528 3318 ’δε
3557 3260 3822 3334 Tanquam

2255 3373 2445 3426 sponso
2470 3358 2644 3425 posuit
2671 3355 2799 3409 mihi
2842 3358 3081 3420 mitram,
3113 3365 3365 3425 tanquam
3400 3373 3642 3425 sponsam
3674 3364 3825 3411 ador-

2258 3450 2396 3503 narit
2430 3466 2507 3503 me
2546 3459 2887 3513 ornamento;
2920 3458 2974 3504 et
3002 3448 3169 3503 multa
3207 3449 3337 3513 alia,
3362 3464 3481 3519 qum
3507 3466 3650 3503 nunc
3684 3452 3825 3503 inte-

2256 3541 2356 3594 rim
2396 3542 2647 3610 persequi
2678 3541 2896 3612 longum
2929 3552 3035 3597 est.
3070 3542 3224 3598 Sicut
3251 3558 3381 3613 ergo
3418 3545 3534 3613 ipse
3563 3543 3820 3598 Dominus

2255 3656 2351 3710 pro
2381 3641 2498 3709 loco
2526 3647 2579 3693 et
2614 3647 2878 3706 tempore,
2910 3633 3143 3688 formam
3196 3634 3277 3689 sui
3322 3633 3551 3702 singulis
3591 3634 3822 3703 quibus-

2254 3749 2358 3802 que
2380 3731 2759 3787 accommodat
2790 3728 3001 3790 causis;
3039 3728 3109 3780 ita
3144 3727 3309 3780 etiam
3340 3724 3536 3789 sancti,
3573 3726 3666 3794 qui
3700 3726 3820 3792 ejus

2255 3835 2434 3892 typum
2469 3821 2751 3891 gerebant,
2780 3833 2881 3886 pro
2917 3816 3051 3871 locis
3076 3825 3131 3871 et
3167 3814 3499 3887 temporibus
3539 3826 3593 3870 et
3617 3818 3821 3882 causis,

2253 3912 2633 3981 mysteriorum
2675 3909 2879 3977 liguras
2905 3906 3081 3976 egisse
3106 3905 3361 3960 credendi
3384 3914 3513 3960 sunt
3544 3924 3558 3960 :
3591 3906 3731 3960 sicut
3764 3918 3822 3960 et

2253 4018 2391 4055 nunc
2424 4001 2537 4056 lieri
2568 4002 2620 4055 in
2657 4000 2812 4056 Isaac
2852 4000 3124 4064 videmus,
3154 3998 3219 4052 de
3260 4013 3367 4068 quo
3408 3997 3699 4052 recitatum
3732 4009 3823 4052 est

2250 4094 2406 4148 nobis
2428 4093 2506 4149 “t
2536 4092 2809 4155 Ascendit,
2864 4091 3060 4159 inquit,
3104 4090 3227 4143 inde
3280 4090 3349 4143 ad
3391 4101 3601 4157 puteum
3659 4087 3820 4142 Jura-

2248 4189 2430 4252 menti,
2462 4197 2510 4241 et
2548 4187 2792 4256 apparuit
2841 4187 2887 4239 ei
2939 4183 3197 4239 Dominus
3226 4195 3372 4239 nocte
3417 4182 3537 4245 illa,
3573 4194 3619 4236 et
3641 4183 3773 4235 dixit
3797 4197 3818 4236 :

2252 4278 2363 4348 Ego
2396 4295 2512 4333 sum
2538 4278 2674 4332 Deus
2698 4277 2963 4329 Abraham
2987 4278 3156 4345 patris
3186 4277 3291 4341 tui,
3334 4276 3443 4329 noli
3469 4276 3673 4331 timere.
3711 4274 3811 4327 'I'e-

574 4376 627 4421 et
669 4367 722 4419 in
774 4363 925 4421 fonte
981 4366 1235 4434 baptismi
1278 4366 1512 4422 deletum
1556 4378 1663 4424 est.
1708 4368 1820 4423 Non
1867 4372 2140 4429 rescribas
2171 4384 2217 4440 n
2248 4388 2364 4426 cum
2395 4371 2532 4425 enim
2578 4384 2715 4433 sunt,
2755 4375 2802 4421 et
2838 4366 3138 4419 benedicum
3168 4375 3238 4427 te,
3268 4374 3317 4420 et
3346 4365 3705 4435 multiplicabo
3734 4381 3811 4418 se-

575 4458 716 4511 ultra
760 4473 879 4526 qua:
925 4457 1102 4511 deleta
1153 4466 1300 4522 sunt,
1347 4473 1448 4514 nec
1490 4473 1713 4525 repares
1770 4475 1890 4529 qua:
1937 4463 2140 4518 abolita

572 4558 717 4611 sunt,
741 4547 887 4601 solas
930 4549 982 4600 in
1026 4556 1078 4601 te
1122 4562 1285 4613 serva
1319 4547 1528 4603 litteras
1557 4550 1671 4609 Dei.
1706 4552 1821 4606 sola
1852 4552 1906 4607 in
1939 4563 1991 4608 te
2016 4569 2139 4625 per-

574 4648 787 4693 maneat
822 4637 1107 4707 Scriptura
1154 4638 1394 4707 Spiritus
1442 4640 1641 4695 sancti.
1694 4641 1799 4697 Sed
1854 4645 2143 4702 redeamus

571 4732 634 4783 ad
670 4728 841 4791 lsaac,
876 4736 931 4781 et
956 4726 1230 4782 fodiamus
1255 4743 1378 4781 cum
1406 4729 1521 4797 ipso
1557 4744 1751 4798 puteos
1778 4746 1934 4802 aqua:
1960 4736 2097 4792 vivat
2122 4754 2136 4768 ·

569 4823 787 4877 etiamsi
826 4822 1103 4877 obsistunt
1150 4818 1451 4883 Philistini.
1482 4823 1700 4879 etiamsi
1738 4824 2007 4893 rixantur,
2039 4842 2139 4883 nos

570 4924 750 4969 tamen
784 4926 1193 4983 perseveremus
1225 4928 1350 4968 cum
1391 4914 1506 4982 ipso
1535 4926 1729 4984 puteos
1776 4917 2056 4985 fodiendo,
2080 4930 2138 4974 ut

568 5016 619 5060 et
650 5004 806 5060 nobis
837 5005 1115 5060 dicatur“
1140 5020 1155 5057 :
1186 5003 1320 5057 Bibe
1343 5019 1536 5072 aquam
1562 5006 1628 5059 de
1652 5008 1757 5061 tuis
1804 5008 2061 5077 fontibus,
2086 5024 2136 5067 et

570 5100 631 5149 de
655 5097 760 5151 tuis
780 5098 976 5164 puteis,
998 5105 1055 5151 et
1082 5096 1136 5151 in
1157 5106 1365 5151 tantum
1389 5094 1680 5164 fodiemus,
1713 5110 1773 5153 ut
1802 5104 2137 5171 superabuns

567 5192 703 5243 dent
734 5204 888 5256 aqua:
927 5190 1073 5257 putei
1118 5190 1170 5243 in
1212 5189 1406 5259 plateis
1454 5189 1677 5253 nostris,
1717 5200 1775 5244 ut
1820 5207 1932 5247 non
1960 5193 2133 5250 solum

640 5284 683 5315 "
713 5282 814 5337 Isa.
846 5298 988 5348 sur,
1015 5284 1104 5338 ιε.
1184 5285 1225 5316 ¹⁷
1258 5284 1468 5341 Coloss.
1492 5300 1550 5344 tt.
1575 5286 1661 5339 Η.
1754 5287 1798 5319 ¹⁸
1827 5286 1960 5344 Dan.
1997 5304 2092 5345 vn.

567 5359 609 5387 "
644 5354 783 5407 l‘sal.
822 5369 984 5416 xxxv,
1018 5352 1073 5407 8.
1149 5355 1193 5387 "
1218 5353 1376 5420 Osee,
1412 5370 1507 5422 xu,
1532 5355 1597 5409 ιο
1689 5356 1734 5389 “
1754 5356 1952 5415 Cenes.
1981 5361 2223 5423 “11,12.

570 5441 640 5479 ιγ.
744 5424 789 5456 ’⁸
820 5422 998 5479 Galat.
1031 5437 1118 5485 ιιι.
1146 5424 1232 5478 16.

641 5518 751 5585 {90)
779 5521 869 5574 Sic
903 5534 1060 5581 tnss.,
1096 5519 1249 5581 alias,
1281 5522 1517 5573 avaritia'
1546 5520 1773 5571 studeas.
1802 5518 1940 5573 Infra
1978 5535 2130 5586 tttss.,

485 5612 494 5621 ο
570 5591 908 5656 τιριοηὸηεμιιαε
941 5605 1173 5656 quasque
1205 5589 1420 5645 malitia;
1468 5606 1661 5659 spartes
1686 5606 1701 5651 ;
1729 5591 1879 5657 editi,
1908 5605 1996 5657 per
2024 5594 2133 5644 siu-

570 5672 715 5727 gutus
751 5674 978 5729 qumque
1006 5659 1258 5713 malitias.
1300 5698 1303 5701 -

2203 5292 2247 5324 ¹⁹
2279 5289 2407 5343 Luc.
2443 5301 2553 5347 xv't,
2578 5285 2634 5337 7.
2707 5284 2752 5314 "
2777 5282 2815 5337 ll
2844 5282 2970 5336 Cor.
2999 5299 3082 5349 tn,
3106 5283 3164 5345 2,
3189 5282 3243 5336 3.

2247 4480 2362 4519 men
2405 4476 2574 4528 tuum,
2632 4470 2843 4531 propter
2871 4460 3138 4512 Abraham
3183 4468 3382 4527 patrem
3429 4468 3600 4510 tuum.
3652 4457 3820 4525 llujns

2245 4559 2392 4613 Isaac
2435 4557 2568 4610 duas
2626 4553 2780 4609 nobis
2826 4552 3030 4621 ﬁguras
3070 4551 3321 4619 exposuit
3368 4550 3650 4619 apostolus
3681 4549 3823 4602 Pau-

2246 4651 2329 4703 lns
2349 4650 2388 4682 ’θ
2422 4694 2432 4705 .
2466 4661 2627 4702 unam
2670 4661 2777 4715 qua
2813 4644 2967 4706 dixit,
2995 4642 3140 4711 quod
3176 4642 3366 4695 lsmael
3408 4643 3627 4711 quidem
3675 4640 3815 4694 ﬁlius

2243 4745 2409 4813 Agar,
2442 4740 2621 4811 populi
2659 4738 2958 4794 secundum
2990 4751 3245 4802 carnem,
3277 4735 3429 4790 Isaac
3463 4750 3593 4789 vero
3627 4732 3805 4803 populi

2248 4832 2341 4900 qui
2365 4845 2433 4885 ex
2468 4828 2572 4882 little
2611 4827 2971 4891 est,l'ortnant
3006 4834 3183 4889 tenet;
3211 4835 3263 4878 et
3291 4825 3453 4878 aliam
3486 4838 3597 4893 qua
3623 4823 3765 4877 ait’.ﬂ
3792 4838 3807 4875 :

2252 4920 2377 4977 Non
2408 4918 2545 4974 dixit
2578 4927 2626 4972 el
2659 4916 2963 4978 seminibus,
2994 4915 3147 4984 quasi
3190 4914 3246 4969 in
3279 4914 3485 4976 multis,
3514 4913 3602 4967 sed
3632 4911 3817 4965 semini

2246 5024 2338 5066 tuo
2357 5025 2601 5082 tauquam
2619 5009 2675 5062 in
2692 5023 2818 5071 uno,
2839 5006 2929 5075 qui
2944 5015 3019 5058 est
3046 5003 3307 5059 Christus.
3329 5004 3500 5059 Tenet
3518 5018 3649 5073 ergo
3667 5001 3821 5059 Isaac

2243 5102 2424 5175 populi
2448 5102 2762 5171 ﬁguram,et
2790 5096 3017 5153 Christi.
3046 5097 3319 5152 Christum
3345 5106 3526 5149 autem
3558 5105 3820 5163 tauquam

2247 5195 2478 5249 Verbum
2505 5191 2619 5253 Dei,
2646 5204 2753 5243 non
2777 5188 2953 5242 solum
2974 5187 3025 5241 in
3051 5187 3359 5256 Evangeliis
3380 5188 3550 5258 loqui,
3569 5189 3663 5242 sed
3689 5198 3742 5240 et
3764 5186 3821 5241 iu

3358 5284 3403 5315 ¹¹
3439 5286 3597 5337 l'rov.
3636 5299 3691 5347 ν,
3731 5280 3820 5340 l5.

2306 5360 2351 5392 ”
2377 5358 2476 5410 Isa.
2500 5370 2611 5420 th,
2636 5354 2719 5409 l0.
2791 5354 2837 5385 ⁸⁸
2858 5353 3054 5407 Cenes.
3084 5368 3234 5418 xxvr,
3265 5352 3357 5420 9.5,
3391 5354 3484 5407 Ξι.
3561 5352 3607 5385 ³⁷
3637 5351 3821 5408 Galat.

2318 5518 2427 5589 (91)
2476 5519 2645 5584 Alias,
2682 5530 2887 5572 nostras
2915 5535 3026 5573 esse
3074 5519 3274 5574 litteras
3318 5520 3560 5588 peccati;
3609 5520 3821 5573 litteras

2242 5602 2415 5642 autem
2461 5592 2689 5657 justititt'
2726 5590 2864 5643 Deus
2908 5592 3105 5644 scribit.
3141 5592 3207 5643 At
3253 5606 3381 5645 tttss.
3427 5602 3484 5645 ut
3534 5592 3586 5646 in
3627 5600 3821 5647 nostro

2245 5673 2410 5719 ιοεχιυ.
