4122 6248
541 256 648 319 ets

2034 246 2287 305 ORIGEN
2296 248 2359 305 IS

3707 236 3824 293 ιιιι

537 379 722 436 cendit
754 375 1006 447 spiritum
1034 389 1226 439 suum;
1280 372 1444 428 Israel
1480 385 1613 427 vero
1654 379 1761 435 est,
1795 369 1885 440 qui
1943 367 2109 422 dicit:
2143 366 2193 423 Δ
2218 361 2402 426 dabat,
2440 360 2605 416 Israel
2632 358 3033 431 appellabatur.
3061 357 3208 415 Sane
3241 357 3387 430 quod
3419 356 3646 426 dicitur,
3675 362 3819 429 quia

540 469 951 537 Magnummihi
975 478 1072 534 est,
1096 468 1141 521 si
1166 466 1338 520 adhuc
1377 464 1524 529 ﬁlius
1555 482 1698 520 meus
1726 463 1923 532 Ioseph
1970 464 2117 529 vivit,

538 572 693 631 potes
754 570 810 616 et
837 570 915 625 tu,
941 560 1035 628 qui
1089 558 1203 613 hac
1255 557 1432 622 audis,
1463 556 1731 626 incipiens
1769 556 1838 610 ab
1871 568 1939 610 eo
1975 554 2118 619 loco,

538 651 626 704 ubi
654 650 923 719 scriptum
946 658 1030 704 est
1061 649 1130 715 ⁸⁷,
1149 650 1272 717 quia
1305 647 1441 702 dixit
1477 648 1544 710 ei,
1574 646 1691 702 Iam
1719 663 1821 701 non
1844 646 2009 702 Jacob
2032 663 2122 700 vo-

537 739 749 792 cabitur
788 754 977 792 nomen
1023 746 1192 798 tuum.
1226 738 1317 791 sed
1361 735 1553 800 Israel,
1578 737 1704 806 quia
1737 735 2010 790 iuvaluisti
2048 738 2118 790 ad

537 826 733 895 Deu'm,
764 840 813 884 et
853 846 973 884 cum
1009 830 1303 884 hominibus
1342 840 1521 883 ootens
1562 828 1735 898 factus
1768 844 1854 893 es;
1899 844 2116 885 omnem

533 922 878 991 Scripturam
916 923 1236 988 decurrens,
1269 921 1517 980 invenire
1545 923 1705 991 hujus
1731 924 1978 979 vocabuli
2014 922 2118 978 dif-

536 1011 849 1068 ferentiam.
882 1010 1041 1067 Verbi
1069 1025 1255 1080 causa,
1286 1027 1409 1068 cum
1441 1013 1574 1067 dicit
1601 1013 1684 1066 “1
1723 1014 1993 1085 Annuntia
2015 1015 2116 1068 mi-

532 1102 585 1154 hi
611 1118 798 1157 nomen
827 1115 997 1167 tuum,
1024 1104 1112 1159 hic
1138 1104 1184 1160 is
1210 1106 1300 1174 qui
1328 1106 1542 1175 ignorat
1575 1121 1799 1173 nomen,
1818 1122 1922 1160 non
1945 1104 2113 1163 Israel

533 1207 654 1247 esse
680 1193 901 1258 dicitur,
928 1195 1021 1250 sed
1042 1192 1233 1251 Iacob.
1263 1196 1366 1252 Ubi
1399 1212 1528 1252 vero
1552 1214 1655 1252 non
1688 1198 1848 1252 edunt
1876 1215 2110 1263 nervum,

533 1286 622 1355 qui
651 1285 916 1355 obstupuit
976 1288 1032 1341 in
1082 1288 1361 1343 latitudine
1416 1290 1630 1359 femoris
1684 1292 2006 1362 patriarcha:
2041 1292 2108 1359 ⁸⁸,

533 1393 641 1431 ιιοιι
679 1376 775 1431 lilii
823 1376 1015 1442 Iacob,
1063 1380 1159 1433 sed
1208 1379 1305 1433 lilii
1338 1379 1502 1436 Israel
1547 1396 1669 1437 esse
1704 1382 1983 1436 dicuntur.
2016 1381 2110 1437 Ille

533 1477 662 1516 vero
686 1464 774 1531 qui
812 1465 1133 1533 respiciens,
1171 1466 1309 1521 vidit
1338 1467 1486 1523 Esau
1520 1470 1850 1533 venientem,
1902 1480 2106 1527 etcum

532 1554 650 1621 ipso
675 1556 1102 1626 quadringentos
1136 1557 1305 1627 viros,
1342 1571 1395 1616 et
1421 1561 1673 1616 adoravit
1707 1564 1910 1632 septies
1933 1562 2107 1619 forni-

530 1656 796 1716 catoretn,
847 1661 900 1707 et
955 1653 1267 1722 profanum,
1317 1664 1371 1710 et
1407 1670 1530 1710 cum
1567 1656 1661 1725 qui
1692 1671 1792 1725 pro
1842 1672 1945 1711 una
1979 1671 2109 1712 esca

530 1742 773 1796 vendidit
820 1745 1182 1817 primogenita
1238 1762 1357 1810 sua,
1408 1763 1514 1803 non
1566 1745 1754 1806 Israel.
1809 1749 1902 1802 sed
1937 1747 2108 1803 Iacob
2143 1721 2186 1775 Β

529 1830 743 1885 dicitur.
798 1832 903 1889 Sed
947 1842 1003 1889 et
1030 1851 1151 1889 cum
1188 1837 1235 1892 ei
1279 1835 1436 1891 oll‘ert
1467 1838 1604 1892 dona
1626 1877 1641 1903 ,
1692 1846 1745 1892 et
1769 1838 1901 1893 dicit
1929 1839 2015 1893 “z
2049 1838 2107 1893 Si

527 1925 703 1979 inveni
723 1928 949 1995 gratiam
977 1945 1152 1983 coram
1188 1941 1257 1993 te,
1286 1932 1487 1997 suscipe
1513 1930 1625 1984 hac
1650 1946 1868 1984 munera
1894 1932 1959 1985 de
1988 1948 2105 1985 ma-

528 2014 681 2068 nibus
715 2018 857 2078 meis.
896 2031 1108 2087 propter
1134 2025 1275 2090 quod
1304 2019 1409 2074 vidi
1437 2020 1626 2089 [aciem
1649 2031 1818 2084 tuam,
1845 2023 1979 2077 sicut
2011 2027 2104 2095 qui

524 2106 660 2159 ridet
679 2107 872 2177 faciem
902 2110 997 2163 Dei
1015 2126 1036 2175 ;
1074 2111 1163 2167 hic
1193 2128 1297 2168 non
1331 2126 1448 2170 erat
1476 2116 1666 2184 Israel,
1698 2121 1793 2176 sed
1823 2121 2013 2178 Iacob.
2040 2122 2106 2177 Et

525 2201 612 2254 ubi
639 2201 995 2271 audivitquia
1023 2206 1392 2261 contaminata
1434 2218 1520 2265 est
1553 2192 1686 2266 Dina
1728 2213 1839 2267 ﬁlia
1871 2214 2010 2285 ejus,
2048 2224 2106 2270 et

524 2293 689 2346 tacuit
740 2290 943 2358 Iacob,
1007 2312 1291 2367 usqueqno
1364 2304 1723 2360 convenirent
1786 2306 1877 2359 lilii
1942 2306 2100 2375 ejus;

522 2399 626 2437 non
685 2384 883 2439 dicitur
915 2386 1100 2445 Israel.
1133 2389 1239 2444 Sed
1295 2400 1350 2445 et
1379 2402 1460 2461 tu,
1524 2406 1583 2449 ιιι
1621 2397 1763 2464 dixi,
1824 2400 2026 2455 similia
2055 2401 2100 2456 si

518 2650 565 2702 si
611 2649 784 2704 adhue
833 2652 975 2721 ﬁlius
1048 2675 1192 2716 meus
1244 2660 1439 2733 Ioseph
1495 2667 1641 2724 vivit.
1695 2669 1804 2727 Sed
1866 2683 1919 2727 et
1971 2689 2096 2730 cum

524 2740 679 2811 ιοι
712 2745 942 2803 venitad
980 2764 1202 2820 puteum
1238 2754 1564 2823 Iuramenti,
1596 2770 1652 2816 et
1692 2762 1853 2818 oll'ert
1880 2766 2113 2822 hostias,

522 2830 630 2892 Deo
661 2835 839 2908 patris
862 2840 943 2894 sui
969 2839 1148 2907 Isaac,
1176 2859 1281 2899 non
1314 2842 1484 2902 Iacob
1520 2848 1740 2915 dicitur,
1774 2851 1869 2905 sed
1908 2852 2094 2909 Israel.

524 2928 721 2983 Verum
750 2932 794 2985 si
848 2933 1094 3001 requiras
1119 2975 1135 3001 ,
1169 2950 1271 2989 cur
1303 2936 1355 2991 in
1405 2936 1523 2994 visu
1573 2950 1732 2995 nocte
1762 2940 1992 3012 loquens
2028 2944 2096 2999 ad

518 3034 639 3072 eum
668 3021 955 3088 Deus,nou
989 3023 1118 3078 dicit
1142 3024 1333 3091 Israel,
1358 3028 1453 3082 sed
1485 3027 1676 3095 Iacob,
1711 3030 1848 3085 forte
1876 3043 2098 3102 propter

521 3112 649 3170 hoc.
686 3113 813 3181 quia
839 3129 943 3167 nox
972 3126 1113 3180 erat,
1146 3126 1200 3171 et
1222 3118 1400 3173 adhuc
1421 3134 1518 3188 per
1550 3121 1747 3187 visum,
1777 3132 1831 3176 et
1863 3125 2099 3180 nondum

520 3202 694 3270 palam
720 3219 905 3260 vocem
935 3205 1023 3262 Dei
1047 3208 1238 3263 audire
1270 3208 1602 3265 merebatur.
1628 3212 1837 3268 Etcum
1863 3213 2026 3269 intrat
2046 3217 2103 3270 in

516 3294 835 3368 Egyptum,
868 3315 971 3353 non
1008 3299 1201 3368 Israel,
1221 3303 1315 3357 sed
1346 3301 1519 3358 Iacob
1536 3304 1757 3371 dicitur,
1789 3316 1843 3361 et
1868 3307 1959 3361 lilii
1984 3306 2099 3375 ejus

518 3405 642 3443 cum
676 3391 817 3461 ipso,
837 3401 894 3447 et
923 3407 1045 3448 cum
1069 3403 1176 3448 stat
1199 3402 1326 3449 ante
1355 3393 1719 3475 Pharaonem,
1738 3407 1797 3452 ut
1817 3398 2101 3455 benedicat

518 3498 668 3547 cum,
696 3499 803 3538 non
839 3484 1027 3552 Israel,
1056 3486 1152 3540 sed
1180 3485 1351 3544 Iacob
1386 3489 1718 3546 nominatur.
1746 3489 1929 3560 Neque
1951 3494 2096 3547 enim

516 3574 768 3644 capiebat
790 3574 1003 3632 Pharao
1021 3578 1233 3635 Israelis
1253 3578 1707 3637 benedictionem.
1720 3583 1787 3637 Et
1803 3581 1973 3639 Iacob
1991 3602 2097 3642 non

518 3663 681 3719 Israel
707 3676 814 3731 est,
841 3667 930 3735 qui
981 3667 1115 3724 dicit
1148 3670 1215 3723 ad
1263 3668 1607 3727 Pharaonem
1633 3712 1648 3739 ,
1682 3675 1808 3743 quia
1841 3676 1991 3743 parvi
2042 3686 2099 3732 et

516 3757 883 3823 pessituisunt
909 3760 1022 3817 dies
1047 3761 1169 3817 vita:
1197 3778 1307 3818 sua:
1332 3765 1397 3818 “.
1422 3763 1574 3832 Quod
1602 3767 1789 3837 utique
1819 3784 2094 3840 nunquam

515 3851 721 3906 diceret
754 3853 940 3908 lsrael.
968 3853 1100 3910 Post
1133 3856 1248 3910 hazc
1279 3871 1432 3924 vero,
1465 3875 1570 3914 non
1600 3861 1667 3914 de
1691 3859 1882 3925 Iacob,
1907 3861 2001 3916 sed
2029 3863 2095 3917 de

512 3940 676 3998 Israel
710 3945 909 3999 dicitur
935 3944 1000 4008 ⁶²,
1031 3948 1155 4014 quia
1191 3949 1385 4002 vocavit
1412 3948 1583 4016 ﬁlium
1616 3968 1770 4005 suum
1796 3952 2015 4022 Ioseph,
2043 3962 2098 4008 et

510 4035 647 4088 dixit
676 4036 726 4089 ei
766 4051 783 4087 ε
836 4035 895 4091 Si
927 4038 1101 4092 inveni
1132 4042 1463 4107 gratiamin
1494 4056 1769 4111 conspectu
1817 4057 1933 4106 tuo,
1961 4061 2093 4115 pone

510 4141 727 4179 manum
775 4136 920 4179 tuam
952 4131 1047 4181 sub
1079 4128 1276 4197 femore
1308 4147 1444 4194 meo,
1490 4143 1540 4187 et
1591 4134 1752 4203 facies
1796 4152 1954 4206 super
2011 4153 2091 4190 me

510 4218 927 4273 misericordiam
967 4230 1015 4275 et
1052 4224 1342 4279 veritatem.
1409 4225 1477 4282 Et
1514 4229 1603 4297 qui
1629 4229 1877 4285 adoravit
1928 4245 2090 4300 super

512 4309 788 4380 fastigium
822 4315 985 4385 virga:
1013 4314 1237 4386 Ioseph,
1267 4334 1373 4373 non
1405 4330 1529 4374 erat
1556 4320 1750 4386 Iacob,
1776 4324 1870 4379 sed
1898 4323 2084 4381 Israel.

2227 454 2559 525 sepelierunt
2585 452 2894 523 sepultores
2914 451 3132 523 Egypti
3156 466 3260 507 non
3284 449 3474 516 Iacob,
3497 452 3594 507 sed
3617 449 3825 519 Israel,

2227 549 2450 618 grandis
2481 547 2699 603 videtur
2720 546 2969 618 quaestio.
3001 546 3109 602 Sed
3140 560 3241 617 ego
3267 545 3528 607 arbitror,
3562 546 3712 616 quod
3745 544 3821 600 il-

2228 639 2404 694 lorum
2433 641 2486 694 in
2515 640 2620 695 hoc
2647 639 2834 694 vitium
2858 645 3184 708 exponatur,
3206 636 3427 707 quibus,
3456 650 3555 705 pro
3577 651 3643 692 eo
3661 636 3822 707 quod

2224 745 2425 787 exosus
2455 742 2542 786 est
2573 733 2752 787 omnis
2808 730 3116 786 intellectus
3153 730 3421 784 bonorum
3449 768 3466 793 ,
3517 738 3573 785 et
3623 730 3820 785 omnis

2225 808 2567 897 perspicacia
2595 826 2969 896 intelligentiae
3002 824 3261 883 caelestis,
3293 820 3461 877 Israel
3513 821 3583 876 ab
3606 823 3691 879 eis
3720 840 3820 879 se-

2223 919 2379 988 peliri
2413 920 2661 987 dicatur;
2692 919 2820 990 quia
2853 919 2993 989 apud
3023 917 3217 989 impios
3240 916 3418 972 sancti
3446 925 3648 971 murtut
3675 924 3815 972 sunt

2221 1023 2276 1068 et
2308 1014 2529 1083 sepulti.
2561 1013 2687 1067 Haec
2741 1013 2794 1066 in
2827 1019 3089 1081 quantum
3128 1010 3196 1063 ad
3226 1023 3472 1077 praesens
3502 1022 3812 1066 occurrere

2221 1106 2397 1173 potuit
2426 1105 2492 1159 de
2521 1101 2823 1159 dili‘erentia
2857 1101 3025 1158 Iacob
3058 1110 3113 1156 et
3137 1100 3328 1167 Israel,
3361 1114 3665 1157 memorata
3691 1104 3810 1160 sint

2218 1196 2397 1251 nobis.

2291 1287 2344 1342 5.
2377 1286 2610 1359 Dignum
2634 1300 2766 1343 sane
2806 1286 3069 1357 posthaec
3103 1285 3319 1338 videtur
3346 1285 3548 1340 intueri
3579 1297 3633 1340 et
3670 1301 3799 1356 pro-

2219 1380 2455 1447 spicere,
2485 1393 2604 1447 qua
2633 1378 2702 1431 ad
2738 1378 2914 1446 ipsum
2960 1377 3102 1432 Deus
3125 1376 3404 1447 loquatur,
3441 1387 3495 1430 et
3522 1379 3798 1445 quomodo

2217 1484 2363 1532 eum,
2396 1468 2544 1526 velut
2573 1469 2640 1523 ad
2667 1467 2932 1538 quosdam
2975 1482 3179 1538 agones
3211 1465 3643 1537 proﬁciscentem
3673 1484 3799 1522 cor-

2219 1562 2490 1614 roborans
2541 1570 2594 1614 et
2639 1559 2956 1623 cohortans,
2994 1560 3173 1613 mittat
3222 1560 3288 1613 ad
3324 1558 3637 1629 Egyptum.
3704 1561 3797 1615 Ait

2215 1653 2361 1704 enim
2387 1650 2472 1706 “z
2507 1649 2638 1705 Noli
2664 1653 2846 1706 timere
2885 1652 3199 1705 descendere
3240 1653 3296 1704 it:
3344 1648 3651 1721 Ᾱῖςῃριιιηι,
3685 1652 3788 1707 hoc

2216 1752 2301 1797 est
2326 1742 2511 1799 dicere
2540 1762 2557 1793 :
2597 1744 2998 1814 Congressurus
3052 1743 3317 1797 adversus
3367 1743 3697 1811 principatus
3732 1754 3787 1799 et

2216 1842 2535 1902 potestates,
2561 1843 2616 1888 et
2642 1834 2905 1888 adversus
2943 1831 3131 1887 mundi
3161 1830 3319 1901 hujus
3353 1830 3462 1899 (qui
3493 1830 3783 1900 ﬁguraliter

2215 1924 2486 1998 Egyptus
2513 1925 2864 1997 appellatur)
2898 1935 3136 1979 rectores
3189 1926 3536 1979 tenebrarum
3571 1923 3781 1986 harum,

2214 2020 2324 2074 noli
2358 2022 2571 2085 timere,
2610 2020 2714 2075 noli
2743 2021 3035 2089 trepidare.
3060 2017 3214 2086 Quod
3250 2018 3293 2072 si
3321 2026 3376 2073 et
3402 2032 3623 2071 causam
3650 2017 3786 2070 scire

2213 2114 2294 2168 vis
2332 2126 2432 2167 cur
2488 2113 2682 2167 timere
2738 2127 2843 2166 non
2896 2111 3136 2177 debeas,
3192 2110 3315 2163 audi
3368 2109 3781 2178 promissionem

2214 2223 2389 2262 meam
2428 2207 2472 2238 ⁸⁵
2506 2223 2521 2265 ;
2555 2206 2621 2259 In
2665 2216 2870 2276 gentem
2901 2204 3041 2259 enim
3076 2218 3321 2273 magnam
3352 2201 3551 2270 faniam
3604 2214 3654 2255 te
3692 2201 3784 2267 ibi,

2209 2309 2259 2354 et
2291 2300 2606 2354 descendant
2637 2309 2805 2353 tecum
2847 2295 2903 2350 in
2922 2295 3213 2367 Egyptum
3237 2336 3251 2360 ,
3305 2308 3350 2351 et
3392 2312 3485 2365 ego
3535 2305 3585 2348 te
3635 2309 3786 2347 revo-

2211 2392 2339 2445 rabo
2372 2392 2493 2445 inde
2521 2392 2575 2445 in
2612 2390 2798 2459 ﬁnem.
2850 2387 2965 2442 Non
2997 2403 3126 2456 ergo
3161 2391 3311 2441 timet
3345 2388 3681 2441 deSt-endere
3730 2387 3784 2438 in

2209 2480 2503 2553 Egyptutn
2530 2523 2545 2549 ,
2581 2496 2688 2536 non
2721 2481 2875 2535 timet
2924 2495 3125 2550 agones
3158 2478 3313 2547 hujus
3354 2477 3540 2530 tnumli
3574 2484 3629 2529 et
3684 2476 3787 2529 ob-

2207 2572 2515 2628 sistentium
2546 2572 2847 2627 tlaatnonum
2877 2572 3060 2625 subire
3095 2569 3391 2624 certamina
3415 2608 3431 2631 ,
3467 2583 3613 2645 cum
3673 2580 3785 2633 quo

2208 2663 2261 2717 in
2290 2678 2492 2735 agones
2538 2663 2881 2718 descenderit
2922 2662 3084 2716 Deus.
3117 2659 3359 2730 Denique
3403 2659 3527 2712 audi
3560 2667 3779 2727 aposto-

2205 2753 2315 2809 Iutn
2343 2753 2563 2809 Paulum
2588 2755 2857 2808 dicentem
2884 2771 2897 2806 :
2934 2753 3185 2821 Amplius,
3218 2752 3391 2821 inquit
3417 2748 3481 2813 “,
3504 2766 3594 2820 ego
3621 2765 3782 2818 quam

2204 2863 2383 2905 omnes
2409 2848 2488 2901 illi
2515 2848 2771 2911 laboravi,
2807 2864 2909 2900 non
2939 2857 3113 2899 autent
3166 2862 3258 2913 ego
3288 2883 3301 2908 ,
3340 2845 3427 2896 sed
3473 2843 3644 2913 gratia
3681 2841 3778 2895 Dei

2206 2958 2436 2997 mecum.
2466 2941 2573 2995 Sed
2619 2955 2742 2994 cum
2775 2938 3163 3009 Hierosolymis
3194 2938 3454 2991 adversus
3479 2952 3601 2990 eum
3630 2949 3776 2988 com-

2208 3044 2352 3088 mOta
2390 3032 2585 3087 fuisset
2615 3032 2812 3087 seditio
2836 3071 2853 3097 ,
2904 3041 2956 3085 et
2984 3046 3209 3100 agonem
3268 3028 3625 3082 clarissimum
3680 3042 3778 3096 pro

2195 3126 2373 3177 Verbo
2401 3132 2454 3176 et
2483 3122 2871 3193 praedicatione
2914 3120 3126 3176 Domini
3154 3120 3461 3182 desudaret,
3502 3116 3674 3170 astitit
3724 3116 3775 3171 ei

2208 3211 2506 3276 Dominus,
2562 3223 2618 3267 et
2667 3212 2803 3266 dixit
2858 3213 3047 3265 eadem
3081 3226 3201 3279 quae
3238 3225 3380 3263 nunc
3407 3208 3661 3262 dicuntur
3710 3212 3778 3266 ad

2204 3303 2368 3357 Israel
2395 3320 2408 3356 :
2446 3303 2597 3368 Noli,
2635 3304 2811 3373 inquit
2835 3302 2900 3365 ",
2930 3303 3129 3365 timere,
3166 3298 3355 3363 Paule,
3383 3299 3508 3368 quia
3536 3301 3668 3352 sicut
3705 3310 3780 3384 te:

2200 3398 2466 3466 stiﬁcatus
2513 3413 2566 3451 es
2598 3398 2662 3449 de
2707 3413 2786 3451 me
2828 3393 3209 3464 Hierosolymis
3234 3431 3248 3456 ,
3288 3394 3361 3445 ita
3415 3404 3464 3445 te
3502 3401 3699 3460 oportet
3724 3399 3775 3445 et

2203 3491 2381 3545 Roma:
2410 3490 2768 3544 testimonium
2811 3491 2959 3541 dare.
2984 3485 3185 3541 Verutn
3210 3500 3312 3555 ego
3343 3485 3576 3555 amplius
3604 3486 3777 3538 adhuc

2200 3586 2403 3653 aliquid
2430 3585 2530 3639 hoc
2561 3584 2613 3637 in
2649 3584 2770 3637 loco
2804 3582 3043 3636 arbitror
3078 3581 3250 3636 latere
3296 3580 3565 3652 mysterii.
3600 3578 3777 3633 Movet

2199 3677 2346 3731 enim
2379 3690 2464 3731 me
2498 3676 2643 3744 quod
2670 3672 2813 3726 dixit
2843 3670 2888 3703 ⁸⁸
2915 3689 2930 3726 :
2959 3670 3028 3725 In
3062 3682 3265 3741 gentem
3295 3686 3539 3741 magnam
3579 3670 3774 3737 faciant

2198 3779 2247 3823 te
2277 3779 2324 3821 et
2355 3767 2673 3822 descendam
2716 3775 2885 3819 tecum
2924 3765 2980 3817 in
3012 3762 3324 3835 Egyptian,
3372 3772 3421 3817 et
3459 3764 3577 3816 inde
3605 3773 3652 3814 te
3688 3777 3774 3815 re-

2198 3861 2392 3915 vocabo
2426 3860 2483 3912 in
2518 3859 2705 3927 ﬁnem.
2737 3857 2873 3925 Quis
2925 3866 3011 3912 est
3061 3858 3200 3923 iste,
3257 3855 3350 3926 qui
3398 3854 3571 3910 factus
3601 3864 3685 3909 est
3721 3856 3773 3908 in

2195 3961 2413 4021 gentem
2472 3965 2724 4019 magnam
2758 3949 2811 4003 in
2838 3948 3111 4019 Egypto,
3151 3959 3207 4003 et
3233 3947 3286 4002 in
3335 3949 3439 4003 line
3490 3956 3774 4002 revocatus

2194 4040 2317 4096 est?
2350 4039 2624 4106 Quantum
2657 4040 2727 4095 ad
2752 4037 2919 4095 Iacob
2958 4040 3087 4095 illud
3143 4049 3378 4110 spectat,
3406 4039 3472 4094 de
3502 4055 3611 4110 quo
3662 4038 3771 4093 dici

2196 4141 2439 4203 putatur,
2473 4147 2580 4188 non
2612 4132 2884 4188 videbitur
2906 4146 3026 4187 esse
3059 4147 3272 4190 verum.
3301 4131 3418 4187 Non
3443 4132 3588 4187 enim
3618 4146 3772 4187 revo-

2193 4235 2349 4281 catus
2383 4236 2466 4281 est
2496 4226 2548 4281 in
2576 4225 2736 4280 linem
2768 4225 2836 4280 de
2857 4223 3113 4296 Egypto,
3139 4226 3340 4296 quippe
3368 4225 3457 4295 qui
3484 4223 3773 4280 defunctus

2194 4318 2248 4372 in
2283 4316 2519 4389 [Egypto
2550 4325 2661 4372 est.
2683 4316 2999 4372 Absurdum
3026 4326 3207 4371 autent
3229 4316 3352 4381 erit,
3389 4315 3437 4369 si
3467 4314 3590 4384 quis
3626 4315 3678 4369 in
3706 4327 3771 4367 eo

507 4398 644 4455 Tum
672 4405 866 4459 deinde
898 4424 1019 4461 cum
1052 4409 1323 4465 benedici;
1366 4412 1478 4466 aut.
1509 4411 1733 4485 ιυεεριι,
1763 4416 1925 4471 |sme|
1949 4418 2086 4473 dici-
2120 4403 2169 4458 D.
2198 4421 2509 4465 revocatum
2536 4411 2670 4466 dicit
2709 4424 2740 4463 a
2771 4409 2882 4466 Deo
2912 4408 3103 4475 Iacob,
3134 4409 3264 4479 quia
3294 4423 3492 4478 corpus
3524 4408 3641 4476 ejus
3686 4422 3769 4463 re-

509 4501 617 4547 tur.
657 4494 725 4548 Et
756 4511 878 4550 cum
918 4510 1181 4554 convocat
1214 4502 1356 4559 ﬁlios
1400 4520 1564 4571 suos,
1598 4508 1730 4562 dicit
1765 4508 1810 4540 ”
1837 4527 1851 4562 :
1883 4509 2085 4565 Conve-

507 4584 702 4639 niteut
730 4589 1040 4643 annuntiem
1072 4591 1218 4647 vobis
1258 4631 1272 4657 ,
1302 4610 1422 4663 qua:
1470 4598 1703 4652 evenient
1732 4600 1871 4655 vobis
1902 4601 1956 4655 in
1991 4618 2087 4656 no-

504 4676 733 4733 vissimis
757 4678 968 4735 diebus.
1007 4682 1431 4754 Congregamini,
1469 4688 1570 4756 ﬁlii
1602 4689 1792 4754 Iacob,
1821 4702 1868 4745 et
1903 4693 2084 4747 audite

504 4769 682 4826 Israel
705 4783 915 4841 patrem
940 4784 1192 4833 vestrum.
1219 4776 1326 4832 Sed
1357 4779 1588 4835 fortasse
1617 4782 1880 4851 requires,
1912 4801 2083 4854 quare

506 4864 602 4920 lilii
641 4862 813 4922 Iacob
856 4868 1136 4934 dicuntur,
1176 4870 1269 4940 qui
1323 4874 1695 4939 conveniunt;
1737 4874 1904 4931 Israel
1952 4892 2082 4932 vero

502 4956 727 5023 dicitur,
761 4958 853 5029 qui
884 4957 1164 5034 benedieit
1185 4975 1301 5017 eos.
1339 4960 1475 5019 Vide
1503 4978 1573 5018 ne
1611 4963 1753 5018 forte
1801 4965 1905 5020 hoc
1937 4967 2078 5022 indi-

504 5058 677 5112 cetur.
707 5052 849 5123 quod
873 5052 951 5109 illi
998 5053 1237 5109 nondum
1263 5068 1329 5110 eo
1376 5070 1546 5126 usque
1581 5055 1968 5125 profecerant,
2024 5070 2082 5115 ut

503 5139 671 5195 Israel
726 5146 937 5201 meritis
967 5155 1333 5215 aquarentur.
1381 5146 1449 5201 Et
1476 5147 1600 5205 ideo
1631 5147 1709 5202 illi
1763 5148 1859 5203 lilii
1912 5149 2082 5207 Iacob

502 5231 770 5288 dicuntur
809 5242 1072 5305 tauquam
1124 5237 1452 5305 inferiores,
1502 5238 1615 5295 ille.
1646 5255 1781 5297 vero
1826 5242 1919 5312 qui
1969 5241 2081 5312 jam

504 5323 783 5391 perfectus
807 5335 950 5393 erat,
980 5337 1035 5383 et
1064 5329 1472 5388 benedictiones
1494 5332 1799 5390 futurorum
1826 5336 2084 5391 conscius

575 5442 618 5471 ⁸⁷
645 5441 843 5499 Cenes.
884 5461 1057 5507 xxx".
1106 5448 1198 5502 28.
1309 5450 1354 5481 ³⁸
1383 5450 1581 5506 Genes.
1614 5451 1879 5507 xxxu.29.

502 5510 546 5538 "
597 5513 750 5577 ibiul.,
783 5513 873 5566 ‘19.
988 5516 1033 5547 “
1068 5516 1264 5572 Genes.
1296 5536 1445 5585 ηις,
1482 5523 1531 5575 I.

501 5596 658 5642 )\|Il,
688 5585 773 5639 II.
889 5586 933 5618 ⁸⁸
982 5587 1180 5642 Cenes.
1209 5604 1351 5653 κινι,
1384 5590 1434 5643 ὅ.

573 5675 645 5744 (Ι)
680 5677 826 5741 Mss,
865 5682 1009 5746 facti;
1037 5684 1187 5748 editi,
1216 5688 1437 5749 facturn.

1549 5594 1593 5625 ⁶⁸
1624 5592 1809 5647 Matth.
1846 5609 1973 5659 xu),
2015 5596 2105 5652 δὲ.

1992 5454 2036 5486 ⁸⁸
2071 5455 2204 5515 ibid.
2237 5462 2324 5515 3'2.

1649 5524 1693 5554 ⁸⁸
1721 5522 1919 5578 ches.
1966 5541 2084 5579 ιιινι
2113 5567 2125 5588 ,
2161 5530 2213 5585 5.

2194 4512 2466 4571 portatum
2495 4513 2600 4557 est.
2630 4500 2784 4571 Quod
2817 4503 2863 4556 si
2895 4503 3210 4571 recipiatur,
3257 4516 3363 4555 non
3403 4502 3508 4555 erit
3557 4516 3770 4566 verum,

2193 4595 2336 4661 quod
2377 4594 2518 4648 Deus
2551 4611 2655 4649 non
2686 4605 2761 4649 est
2796 4594 2937 4649 Deus
2963 4606 3294 4648 mortuorum
3326 4593 3416 4647 sed
3445 4594 3678 4647 vivorum
3701 4591 3766 4646 ".

2192 4684 2310 4742 Non
2336 4678 2466 4756 ergo
2496 4688 2755 4742 convenit
2779 4689 2882 4743 hoc
2908 4689 2975 4742 de
3013 4701 3241 4755 corpore
3268 4694 3483 4741 mortuo
3519 4684 3768 4754 intelligi,

2193 4780 2291 4835 sed
2336 4795 2499 4849 super
2526 4781 2664 4837 vivis
2693 4793 2752 4838 et
2782 4781 3092 4854 vigentibus
3131 4783 3445 4855 approbari.
3476 4780 3771 4839 Videamus

2191 4888 2362 4942 ergo,
2395 4889 2464 4929 ne
2512 4873 2676 4942 forte,
2706 4875 2791 4932 vel
2827 4877 3039 4932 Domini
3086 4877 3472 4933 descendentis
3519 4876 3575 4931 in
3622 4879 3769 4932 hunc

2190 4970 2449 5022 tttundum
2475 4977 2531 5022 et
2557 4967 2609 5022 in
2644 4978 2858 5037 gentem
2888 4982 3163 5037 magnam,
3227 4969 3331 5025 hoc
3361 4980 3447 5025 est
3478 4969 3533 5025 in
3584 4968 3772 5023 Eccle-

2190 5058 2324 5114 siatn
2347 5075 2412 5114 ex
2447 5059 2703 5129 gentibus
2730 5059 2859 5116 facti
2888 5060 2987 5130 (I),
3044 5063 3548 5133 consummatisque
3591 5064 3770 5118 omni-

2192 5153 2293 5209 bus
2318 5153 2388 5208 ud
2416 5151 2634 5210 Patrem
2671 5155 2951 5223 regressi;
3003 5154 3089 5210 vel
3119 5156 3439 5227 protoplssti
3480 5158 3532 5212 in
3566 5156 3672 5211 hoc
3706 5156 3771 5210 li-

2191 5260 2332 5316 gura
2374 5246 2678 5312 formetur,
2729 5248 2822 5317 qui
2858 5248 2911 5303 in
2951 5262 3156 5318 agones
3195 5248 3482 5306 descendit
3514 5251 3567 5304 in
3596 5246 3772 5321 Egy-

2190 5349 2364 5406 ptum,
2398 5357 2519 5397 cum
2549 5341 2617 5394 de
2661 5324 3160 5409 paradisbdeliciis
3211 5341 3422 5411 eiectus
3447 5382 3464 5409 ,
3501 5342 3569 5397 ad
3610 5340 3768 5410 hujus

2438 5460 2481 5492 "
2516 5459 2714 5516 Gencs.
2750 5474 2944 5525 uxr",
2978 5460 3065 5515 IO.
3194 5460 3237 5492 “
3267 5458 3464 5515 Genes.
3510 5474 3677 5521 xum,
3708 5460 3764 5515 9.

2328 5534 2370 5564 "’
2400 5533 2527 5589 ibid.
2558 5571 2570 5595 ,
2601 5532 2663 5593 5,
2708 5530 2761 5584 4.
2876 5532 2919 5562 ⁸⁸
2957 5532 2970 5583 Ι
3019 5534 3143 5587 Cor.
3183 5546 3248 5584 xv
3283 5572 3297 5594 ,
3366 5530 3446 5584 l0.
3562 5530 3604 5560 "
3640 5533 3765 5585 Act.
