4122 6248
400 280 508 335 135

1569 272 1636 329 IN
1676 269 1979 331 GENESIM
2020 268 2305 326 HOMILIA
2348 272 2484 327 XVI.

3546 269 3649 326 246

402 399 590 453 mundi
634 397 852 451 labores
906 407 1287 463 tet-amnesque
1332 392 1615 447 deducitur
1642 432 1658 457 ,
1703 391 1977 462 proposito
2009 395 2053 448 Α
2085 385 2305 442 duceret
2337 388 2594 457 populum
2627 388 2853 442 adorare
2886 404 2997 455 eas,
3024 402 3075 446 et
3107 407 3202 462 per
3238 393 3341 448 hoc
3368 392 3517 447 velut
3552 395 3654 446 im—

402 484 678 543 sibi‘cum
730 498 981 556 serpente
1010 485 1331 549 certamine,
1364 499 1486 539 cum
1525 484 1723 539 dicitur
1756 484 1842 539 “:
1902 481 1979 535 Tu

402 579 553 633 illius
594 578 882 632 observabis
909 586 1089 647 caput,
1117 588 1165 631 et
1194 577 1303 645 ipse
1351 584 1499 629 tuum
1540 575 1831 629 observabit
1869 577 1981 626 cal-

406 686 627 724 caueum
652 685 674 731 ;
702 677 754 722 et
803 670 994 723 iterum
1023 685 1147 724 cum
1181 668 1248 722 ad
1299 667 1585 721 mulierem
1637 666 1838 720 dicitur
1884 665 1928 695 '”
1963 682 1975 717 :

409 762 535 830 quia
557 778 744 831 ponam
776 760 1084 814 inimicitias
1112 762 1251 814 inter
1279 768 1329 814 te
1359 770 1405 813 et
1435 760 1628 828 ipsum,
1663 769 1710 812 et
1735 760 1872 812 inter
1901 773 1980 810 se-

408 865 525 902 men
557 858 701 902 tuum
733 860 780 904 et
836 868 1010 905 semen
1049 851 1218 906 illius.
1258 850 1366 905 Nec
1413 860 1595 905 tamen
1645 863 1740 903 eos
1790 850 1841 902 in
1877 849 1980 902 hoc

408 943 705 996 certamine
739 943 946 1012 positos
982 944 1189 999 deserit
1220 944 1363 998 Deus
1396 983 1411 1007 ,
1474 943 1566 996 sed
1620 955 1838 1011 semper
1894 951 1981 993 est

405 1047 527 1087 cum
553 1035 705 1102 ipsis.
733 1034 1046 1105 Complacet
1083 1036 1135 1089 in
1167 1035 1324 1100 Abel,
1356 1035 1585 1103 corripit
1624 1033 1782 1092 Cain.
1816 1031 1977 1086 Invo-

405 1137 560 1182 catus
586 1129 737 1183 adest
770 1128 976 1184 Euoch.
1034 1128 1146 1183 Noe
1191 1129 1415 1181 mandat
1467 1128 1519 1181 in
1556 1126 1976 1182 diluvio-arcam

405 1218 595 1273 salutis
624 1229 927 1275 exstruere.
960 1221 1235 1275 Abraham
1269 1219 1489 1274 deducit
1519 1218 1586 1273 de
1610 1219 1769 1272 domo
1808 1218 1979 1287 patris

402 1309 484 1363 sui
515 1320 570 1364 et
591 1311 658 1366 de
688 1312 1012 1381 cognatione
1060 1327 1180 1365 sua.
1219 1311 1368 1365 Isaac
1397 1319 1450 1365 et
1484 1309 1654 1365 Jacob
1682 1310 1979 1373 benedicit,

402 1401 543 1455 filios
568 1401 730 1456 Israel
755 1402 939 1457 educit
972 1417 1037 1456 ex
1066 1403 1301 1473 Egypto
1322 1404 1391 1453 η.
1419 1402 1523 1456 Per
1552 1402 1774 1471 Moysen
1806 1400 1978 1466 legem

399 1493 591 1550 litteris
617 1494 805 1549 scribit
827 1534 843 1558 ,
894 1511 988 1565 per
1023 1495 1315 1563 prophetas
1347 1508 1468 1562 quae
1495 1494 1719 1547 deerant
1752 1492 1937 1560 implet
1963 1532 1979 1558 ,

399 1586 501 1641 hoc
526 1594 608 1641 est
639 1602 758 1641 esse
784 1603 909 1640 cum
938 1586 1019 1641 eis
1048 1587 1101 1638 in
1138 1584 1397 1655 Egypto.
1430 1584 1583 1650 Quod
1609 1595 1788 1638 autem
1811 1587 1976 1641 dicit:

395 1676 667 1732 Revocabo
708 1690 756 1731 te
782 1679 906 1731 inde
936 1678 990 1730 in
1024 1677 1182 1747 ﬁnem
1205 1718 1218 1742 ,
1249 1678 1352 1732 hoc
1380 1687 1483 1743 est,
1525 1679 1761 1733 arbitror
1781 1719 1795 1743 ,
1836 1679 1977 1733 sicut

2083 480 2273 548 positis
2298 481 2551 533 manibus
2568 482 2679 533 suis
2692 482 2987 536 exarmavit
3002 493 3054 537 et
3077 484 3267 538 clausit
3287 484 3476 540 oculos
3494 485 3655 539 Israel

2085 584 2153 623 ne
2178 569 2422 623 viderent
2453 569 2793 640 impietatem
2820 587 3003 638 suam,
3024 574 3089 627 de
3115 590 3222 641 quo
3249 576 3451 630 dictum
3479 591 3559 633 est
3584 581 3653 632 ’νς

2085 660 2310 727 Propter
2338 662 2655 729 impietatem
2677 663 2845 717 Jacob
2874 665 2985 718 ltwc
3011 667 3207 730 omnia,
3230 677 3274 718 et
3308 680 3514 735 promer
3533 688 3657 737 pec-

2081 762 2253 804 catum
2283 752 2470 804 domus
2508 751 2694 805 Israel.
2753 752 2889 818 Quae
2936 766 3110 807 autent
3162 754 3406 822 impietas
3442 755 3655 813 Jacobi

2084 834 2272 891 Nonne
2304 838 2559 892 Samaria
2578 840 2735 894 ?>Sed
2768 840 2812 894 si
2845 843 2968 909 quis
2999 842 3140 897 forte
3167 853 3326 913 neget
3357 844 3549 899 debere
3592 863 3657 902 ea

2080 942 2199 994 quae
2231 929 2334 983 sub
2374 929 2558 997 specie
2600 930 2817 999 pietatis
2868 932 3048 984 lutura
3088 947 3117 984 a
3156 932 3268 986 Deo
3328 934 3473 989 dicta
3509 946 3659 994 sunt.

2081 1021 2147 1073 ad
2208 1032 2416 1089 partem
2472 1024 2885 1090 vituperabilem
2927 1023 3065 1078 Πευιί
3093 1064 3109 1090 ,
3157 1025 3401 1082 dicemus
3440 1028 3565 1098 quia
3606 1041 3662 1083 et

2081 1109 2475 1179 verusJoseph
2530 1111 2787 1166 Dominus
2821 1124 2877 1165 et
2935 1111 3188 1166 Salvator
3229 1122 3416 1166 noster
3445 1153 3461 1176 ,
3518 1114 3661 1167 sicut

2081 1203 2421 1271 corporalem
2452 1219 2669 1257 manum
2703 1219 2858 1257 suam
2890 1204 3070 1273 posuit
3096 1218 3259 1272 super
3289 1203 3479 1259 oculos
3504 1205 3658 1266 caeci,

2081 1304 2135 1347 et
2198 1293 2431 1349 reddidit
2479 1296 2529 1348 ei
2602 1295 2774 1349 visum
2849 1310 3011 1364 quem
3075 1296 3387 1366 perdiderat
3422 1296 3516 1361 “°;
3585 1297 3671 1351 ita

2082 1385 2244 1438 etiam
2278 1384 2552 1453 spiritales
2587 1401 2778 1440 t‘nanus
2827 1400 2957 1439 suas
3021 1388 3200 1456 posuit
3250 1403 3412 1456 super
3469 1387 3660 1441 oculos

2085 1476 2218 1545 legis
2242 1477 2334 1545 qui
2354 1492 2449 1546 per
2467 1477 2801 1555 corporalem
2822 1477 3235 1548 intelligentiam
3266 1480 3579 1535 Scribarum
3601 1492 3657 1534 et

2081 1569 2477 1625 Pharisaeorum
2498 1570 2713 1625 fuerant
2729 1572 3006 1637 exczecati,
3027 1582 3083 1627 et
3099 1573 3335 1629 reddidit
3360 1576 3439 1630 eis
3456 1577 3660 1641 visum,

2084 1671 2141 1713 ut
2159 1660 2241 1715 bis
2257 1661 2453 1730 quibus
2471 1661 2648 1730 aperit
2667 1662 2925 1719 Dominus
2944 1662 3279 1732 Scripturas,
3299 1665 3576 1736 spiritales
3603 1667 3654 1720 in

395 1772 648 1835 superius
673 1769 926 1831 dicimus,
968 1770 1113 1838 quod
1144 1770 1194 1822 in
1223 1770 1327 1822 fine
1361 1770 1678 1824 saeculorum
1715 1772 1966 1841 unigeni-

2078 1753 2191 1822 lege
2207 1753 2747 1809 visusetintellectns
2767 1753 3101 1827 aperiat(2).
3144 1757 3333 1826 Atque
3358 1758 3567 1812 utinam
3602 1766 3657 1811 et

398 1867 487 1912 tus
517 1858 687 1912 Filius
713 1860 831 1927 ejus
863 1873 965 1927 pro
1004 1859 1180 1913 salute
1214 1860 1399 1912 mundi
1434 1875 1599 1930 usque
1642 1861 1705 1914 ad
1752 1860 1965 1918 inferna

400 1948 706 2013 descendil,
764 1957 818 2003 et
868 1950 989 2004 inde
1023 1950 1413 2018 prot0plastum
1458 1953 1751 2008 revocavit.
1810 1954 1967 2020 Quod
2010 1998 2019 2005 .

397 2037 545 2094 enim
584 2040 730 2118 dixit.
753 2042 818 2095 ad
873 2041 1140 2095 latronem
1174 2041 1259 2097 ἠε
1316 2041 1486 2099 Hodie
1539 2061 1740 2099 mecum
1780 2048 1881 2101 eris
1912 2049 1969 2102 in

394 2132 685 2200 paradiso,
725 2133 825 2187 hoc
857 2148 962 2187 non
988 2133 1063 2187 illi
1110 2134 1208 2187 soli
1238 2135 1467 2201 dictum,
1497 2137 1591 2191 sed
1624 2146 1679 2192 et
1718 2140 1970 2195 omnibus

394 2225 605 2279 sanctis
638 2210 896 2294 intellige,
926 2240 1024 2295 pro
1050 2227 1246 2296 quibus
1270 2228 1321 2282 in
1355 2228 1565 2283 inferna
1593 2231 1966 2289 descenderat.

391 2312 449 2367 In
487 2314 587 2369 hoc
621 2331 748 2385 ergo
778 2318 959 2372 verius
993 2333 1153 2388 quam
1216 2319 1268 2373 in
1317 2318 1486 2375 Jacob
1540 2322 1927 2392 adimplebitur
1949 2366 1966 2392 ,

389 2405 532 2474 quod
566 2407 765 2462 dictum
794 2419 892 2472 est,
928 2411 1053 2478 quia
1091 2411 1342 2465 revocabo
1371 2420 1420 2466 te
1459 2413 1581 2468 inde
1613 2414 1666 2468 in
1699 2416 1878 2483 liuent.

461 2493 515 2550 6.
549 2497 652 2552 Sed
691 2508 745 2553 et
778 2501 1154 2571 unusquisque
1202 2502 1461 2558 nostrum
1517 2505 1705 2559 eodem
1753 2506 1967 2576 ordine,

394 2598 558 2658 atque
590 2592 781 2646 eadem
816 2594 927 2660 via,
964 2594 1256 2664 Egyptum
1287 2604 1341 2651 et
1367 2612 1570 2667 agones
1607 2600 1765 2670 102
1790 2600 1969 2672 ingre-

394 2680 566 2744 ditur,
592 2691 645 2735 et
680 2684 723 2736 si
774 2693 1048 2739 mereatur
1078 2697 1138 2738 ut
1170 2686 1311 2742 Deus
1345 2678 1562 2758 semper
1590 2700 1808 2746 maneat
1841 2709 1976 2748 cum

393 2787 477 2837 eo,
536 2776 695 2830 faciet
728 2792 849 2831 eum
893 2778 947 2832 in
1002 2789 1218 2849 gentem
1272 2796 1551 2851 magnam.
1602 2783 1793 2855 Magna
1821 2787 1966 2842 enim

394 2881 525 2935 gens
556 2878 641 2922 est
674 2868 932 2923 virtutum
964 2886 1222 2926 numerus
1250 2881 1303 2926 et
1323 2872 1549 2941 iustitiae
1577 2877 1885 2944 multitudo,
1915 2880 1967 2934 in

394 2974 496 3025 qua
532 2962 703 3013 sancti
732 2962 937 3031 quique
964 2962 1307 3031 multiplicari
1335 2966 1590 3021 dicuutttr
1613 2977 1667 3023 et
1695 2985 1963 3027 crescere.

392 3050 705 3120 Completur
732 3052 783 3106 in
817 3069 881 3108 eo
921 3055 1085 3109 etiam
1120 3055 1246 3109 illud
1277 3059 1421 3125 quod
1453 3059 1653 3113 dictqu
1697 3072 1799 3126 est,
1839 3065 1962 3133 quia
1992 3086 2040 3145 (ς

392 3144 639 3197 remeabo
680 3151 725 3197 le
755 3145 876 3199 inde
905 3147 956 3199 in
989 3146 1169 3215 ﬁnem.
1204 3146 1355 3204 Finis
1411 3151 1556 3204 enim
1594 3152 1857 3221 perfectio
1885 3172 1971 3211 re-

394 3252 510 3290 rum
551 3248 602 3292 et
635 3238 896 3292 virtutum
932 3241 1325 3296 consummatio
1352 3243 1592 3310 ponitur.
1618 3242 1848 3314 Propter
1869 3247 1971 3301 ltoc

390 3326 623 3395 denique
654 3338 707 3381 et
739 3329 878 3383 alius
905 3332 1126 3399 quidam
1163 3340 1475 3386 sanctorum
1514 3333 1733 3390 dicebat
1762 3337 1809 3369 ⁷⁸
1836 3353 1848 3389 :
1887 3336 1971 3393 Ne

394 3434 592 3471 revoces
622 3435 699 3472 me
751 3422 804 3473 in
835 3422 1054 3475 dimidio
1104 3421 1307 3476 dierum
1348 3440 1604 3480 meorum.
1659 3425 1723 3479 Et
1770 3428 1967 3485 iterum

389 3523 589 3571 magno
611 3509 930 3577 patriarcha:
976 3513 1245 3567 Abraham
1277 3515 1559 3584 Scriptura
1595 3519 1968 3574 testimonium

391 3598 638 3669 perhibet
666 3600 734 3660 ⁷⁸,
766 3602 1020 3669 quoniam
1048 3602 1337 3660 defunctus
1362 3618 1447 3661 est
1469 3608 1743 3663 Abraham
1780 3611 1971 3681 plenus

388 3690 624 3743 dierum.
661 3689 775 3744 Hoc
805 3700 888 3743 est
917 3706 1049 3759 ergo
1077 3693 1123 3724 ⁷⁸
1145 3710 1159 3746 :
1182 3692 1451 3748 Revocabo
1483 3706 1531 3749 te
1560 3698 1681 3751 inde
1702 3700 1756 3752 in
1785 3701 1969 3768 ﬁnem;

388 3780 595 3835 velutsi
620 3781 825 3835 diceret
848 3781 1147 3849 :Quoniam
1174 3797 1451 3840 certamen
1483 3786 1685 3842 bonum
1714 3795 1968 3858 certasti,

392 3870 550 3924 fidem
590 3873 842 3936 servasti,
880 3888 1099 3927 cursum
1130 3880 1524 3931 consummasti
1549 3918 1564 3942 ,
1617 3883 1887 3935 revocabo
1917 3892 1970 3936 te

382 3960 490 4031 jam
540 3962 604 4014 de
640 3962 744 4017 hoc
790 3965 1023 4026 mundo,
1059 3966 1141 4037 ad.
1172 3967 1569 4023 beatitudinem
1602 3971 1863 4038 futuram,
1898 3975 1967 4029 ad

386 4050 773 4119 perfectionem
823 4054 946 4107 vitae
998 4064 1253 4122 aeternae,
1303 4058 1371 4111 ad
1397 4059 1624 4128 iustitiae
1665 4076 1967 4129 coronam,

384 4158 544 4211 quam
571 4145 758 4198 reddet
790 4144 1047 4202 Dominus
1075 4148 1125 4201 in
1154 4147 1313 4203 linem
1346 4151 1665 4207 seculorum
1711 4156 1969 4213 omnibus

385 4236 476 4303 qui
509 4235 736 4304 diligunt
761 4250 907 4293 eum.

456 4349 510 4403 7.
539 4348 833 4403 Videamus
864 4359 1045 4404 autem
1077 4352 1203 4418 quid
1240 4363 1404 4406 etiam
1445 4354 1573 4410 inde
1612 4357 1959 4410 sentiendum

387 4439 457 4494 sit
482 4440 621 4509 quod
655 4440 789 4494 dicit
817 4440 897 4496 ’τε
934 4440 1002 4495 Et
1024 4440 1219 4509 Joseph
1254 4455 1408 4512 ponet
1437 4461 1622 4500 manus
1651 4463 1775 4500 suas
1805 4464 1964 4516 super
1997 4426 2040 4480 D

387 4534 564 4586 oculos
613 4545 754 4587 tuos.
809 4534 974 4588 Multa
1008 4535 1225 4604 quidem
1288 4535 1432 4589 intra
1487 4536 1646 4605 hujus
1686 4542 1958 4595 sermonis

386 4626 629 4678 velamen
664 4642 878 4680 arcana:
920 4626 1288 4696 intelligentiae
1320 4628 1534 4695 contegi
1577 4629 1817 4683 arbitror
1866 4647 1956 4685 sa-

386 4725 685 4777 cramenta,
720 4731 839 4783 qua:
866 4718 1181 4786 contingere
1207 4726 1261 4771 et
1291 4716 1507 4786 pulsare
1537 4718 1764 4774 alterius
1823 4730 1958 4775 tem-

392 4806 540 4875 poris
567 4817 667 4860 est.
703 4804 853 4860 Nunc
894 4808 1109 4862 interim
1151 4824 1256 4862 non
1297 4808 1570 4863 videbitur
1623 4812 1827 4880 absque
1875 4829 1961 4867 ra-

384 4900 530 4951 tione
557 4898 688 4959 dici,
732 4900 873 4966 quod
909 4908 963 4953 et
995 4901 1268 4968 prioribus
1301 4902 1505 4956 nostris
1536 4902 1854 4969 quibusdam
1883 4906 1963 4959 vi-

384 5004 498 5041 sum
530 4999 633 5054 est,
668 4990 1002 5059 prophetiam
1044 4994 1341 5059 quamdam
1393 4993 1446 5047 in
1481 4993 1585 5049 hoc
1615 4994 1956 5067 designatam

384 5081 547 5134 videri
577 5099 590 5133 :
627 5082 883 5148 quoniam
936 5084 1155 5151 quidem
1211 5086 1277 5139 de
1313 5084 1459 5140 tribu
1491 5083 1694 5155 Ioseph
1736 5087 1837 5142 fuit
1867 5088 1958 5143 Je—

384 5172 690 5237 roboam",
726 5172 816 5227 ille
843 5175 932 5241 qui
975 5173 1105 5229 fecit
1134 5176 1267 5231 duas
1301 5192 1497 5233 vaccas
1536 5192 1752 5243 aureas,
1792 5191 1848 5233 ut
1872 5196 1957 5234 se-

636 5257 654 5285 φ

452 5331 499 5366 ’⁸
527 5330 725 5388 Genes.
765 5349 850 5396 In,
880 5334 965 5390 I5.
1074 5338 1119 5372 ⁷⁸
1157 5337 1289 5393 ibid.
1400 5342 1445 5374 ⁷⁸
1479 5342 1648 5397 Enni.
1679 5361 1788 5399 MV.

380 5403 424 5482 ξξ
455 5402 649 5482 (lenes.
679 5418 825 5482 sui,
861 5405 962 5482 ὁ...
989 5406 1069 5482 _"
1096 5407 1225 5482 ibid.
1261 5476 1312 5482 η
1336 5410 1467 5482 "_'_lll
1506 5414 1634 5482 Ileg.
1678 5430 1767 5470 su.

378 5474 423 5504 ³³
457 5474 625 5527 Exod.
660 5490 753 5539 xx,
775 5474 833 5528 2.
914 5468 963 5501 ³³
989 5472 1162 5530 Exod.
1190 5492 1228 5536 ι.
1256 5476 1438 5531 ιεοιι.

557 5566 647 5646 Sic
694 5583 866 5646 mss.;
910 5569 1065 5646 alias,
1118 5572 1607 5646 aperuitDominus
1640 5575 1945 5646 St'ripturas

380 5637 661 5713 spiritales,
714 5640 769 5690 in
802 5640 1081 5713 legerisus
1114 5650 1165 5694 et
1206 5643 1497 5697 intellectus
1534 5637 1800 5713 appareat.

451 5706 525 5775 (ὃ)
557 5707 727 5774 Alias,
762 5706 1046 5777 cui'gloria
1081 5720 1156 5766 est
1197 5720 1247 5765 et
1273 5723 1517 5779 potestas.

1900 5344 1946 5375 ⁷³
1977 5343 2110 5400 Luc.
2151 5365 2307 5410 xxnt.
2338 5350 2428 5404 45.

1877 5415 1922 5443 ’θ
1972 5414 2134 5472 Μίειι.
2179 5435 2217 5483 ι,
2245 5420 2297 5474 5.

2069 1846 2223 1901 nobis
2241 1846 2449 1916 iujiciat
2466 1847 2725 1903 Dominus
2739 1847 2896 1904 Jcsus
2914 1865 3106 1905 manus
3123 1865 3251 1906 suas
3268 1865 3429 1920 super
3443 1851 3653 1915 oculos,

2068 1951 2123 1993 ut
2142 1939 2461 2007 incipiamus
2478 1951 2532 1994 et
2548 1955 2644 1995 nos
2661 1944 2928 2013 respicere
2945 1957 3048 1997 non
3065 1957 3127 1999 ea
3143 1944 3544 2013 quaevidentur,
3561 1946 3656 1998 Sed

2068 2048 2190 2102 quae
2213 2048 2319 2087 non
2338 2033 2629 2100 videntur;
2660 2043 2717 2089 et
2750 2036 2959 2104 aperiat
2991 2034 3147 2091 nobis
3178 2037 3303 2092 illos
3327 2037 3535 2100 oculos,
3562 2040 3652 2103 qui

2071 2141 2179 2181 non
2233 2125 2515 2182 intuentur
2567 2129 2851 2197 praesentia
2879 2167 2896 2195 ,
2956 2131 3051 2184 sed
3085 2129 3268 2183 futura
3297 2166 3313 2193 ,
3362 2137 3417 2184 et
3452 2129 3659 2183 revolet

2077 2217 2236 2273 nobis
2258 2218 2440 2273 cordis
2464 2227 2768 2288 aspectum,
2798 2235 2907 2290 quo
2937 2220 3082 2275 Deus
3109 2221 3327 2275 videtur
3356 2220 3410 2274 in
3433 2221 3655 2290 spiritu,

2072 2323 2170 2379 per
2211 2310 2389 2380 ipsum
2428 2310 2721 2366 Dominum
2751 2310 2939 2366 Jesum
2963 2310 3274 2377 Christum,
3313 2312 3399 2367 cui
3432 2324 3516 2367 est
3543 2312 3659 2381 glo-

2070 2404 2150 2458 ria
2182 2412 2239 2459 et
2269 2403 2556 2473 imperium
2589 2402 2668 2475 (5)
2694 2403 2748 2458 in
2780 2403 2977 2459 saecula
3012 2403 3357 2460 saeculorum.
3388 2404 3587 2459 Amen.

2635 2512 2918 2569 IIOMILIA
2951 2515 3092 2571 XVI.

2069 2628 2144 2682 De
2174 2647 2233 2684 eo
2262 2630 2403 2697 quod
2446 2631 2699 2698 scriptum
2729 2640 2803 2683 est
2835 2628 2877 2661 ⁸¹
2907 2646 2925 2684 :
2975 2647 3005 2699 ιέ
3029 2627 3093 2681 Et
3147 2639 3421 2699 acquisivit
3455 2637 3649 2691 Jttaep/t

2139 2717 2341 2754 omnem
2364 2714 2558 2754 terram
2577 2699 2950 2769 Egyptiorum
2982 2698 3250 2769 Pharaoni
3270 2716 3287 2753 :
3312 2702 3545 2753 uendidet
3560 2710 3653 2753 unt

2138 2773 2275 2825 enim
2304 2770 2545 2840 iﬁgyptii
2575 2768 2771 2840 terram
2824 2785 2977 2822 suam
3023 2768 3307 2824 Pharaoni.
3363 2771 3483 2839 quia
3515 2771 3653 2821 obti-

2140 2842 2250 2893 nuit
2281 2859 2366 2895 eos
2396 2839 2599 2909 fames,
2641 2850 2687 2893 et
2725 2839 2867 2908 facta
2926 2851 2999 2892 est
3046 2850 3187 2892 terra
3250 2840 3567 2902 Pharaonis,
3601 2849 3653 2892 et

2138 2912 2389 2981 populum
2414 2912 2514 2963 sibi
2534 2911 2587 2962 in
2605 2911 2913 2963 servitutem.
2928 2909 3143 2981 redegit,
3169 2927 3199 2962 a
3221 2912 3435 2962 summis
3454 2910 3651 2977 ﬁnibus

2138 2980 2384 3050 .Egyptii
2422 2997 2585 3049 usque
2610 2981 2680 3032 ad
2710 2994 2944 3033 summos
2970 2980 3102 3048 fines
3132 2981 3268 3048 ejus.
3304 2998 3324 3031 s

2145 3074 2196 3128 l.
2228 3073 2541 3128 Secundum
2582 3071 2882 3141 Scriptum
2932 3073 3091 3127 fidem
3140 3072 3317 3127 tmllus
3367 3073 3653 3145 .‘Egyptius

2073 3165 2232 3219 liber.
2266 3165 2481 3220 Pharao
2515 3165 2660 3219 enim
2715 3162 2971 3234 populum
3004 3164 3106 3218 sibi
3138 3164 3188 3219 in
3216 3165 3535 3220 servitutem
3568 3182 3669 3217 r.'--

2073 3257 2239 3327 degit,
2269 3271 2368 3311 uec
2402 3257 2637 3324 aliquem
2672 3257 2817 3311 intra
2846 3254 3223 3327 IEgyptiorum
3257 3256 3392 3311 flues
3421 3257 3655 3311 liberum

2072 3348 2380 3415 dereliquit,
2439 3348 2532 3401 sed
2575 3348 2627 3402 in
2672 3348 2821 3402 omni
2854 3360 3000 3402 terra
3036 3346 3256 3419 Egypti
3292 3349 3548 3415 adempta
3584 3350 3667 3402 li-

2073 3442 2260 3496 bertas
2310 3449 2413 3493 est.
2446 3439 2510 3492 Et
2535 3449 2822 3509 propterea
2852 3440 2991 3495 forte
3021 3441 3285 3509 scriptum
3316 3451 3400 3494 est
3420 3440 3464 3471 ⁸³
3491 3459 3505 3495 :
3540 3439 3653 3510 Ego

2070 3548 2188 3586 sum
2212 3530 2471 3585 Dominus
2494 3529 2636 3584 Deus
2675 3541 2795 3585 tuus
2825 3532 2914 3601 qui
2947 3531 3112 3585 eduxi
3141 3542 3189 3585 te
3217 3532 3283 3585 de
3313 3542 3452 3585 terra
3482 3532 3654 3603 (Egy-

2070 3628 2171 3695 pti,
2204 3627 2268 3679 de
2291 3626 2447 3679 domo
2472 3626 2753 3680 servitutis.
2784 3625 2947 3679 Facta
2983 3634 3067 3679 est
3100 3639 3230 3696 ergo
3252 3624 3520 3697 [Egyptus
3555 3629 3653 3681 do-

2075 3732 2194 3771 tuus
2223 3717 2516 3778 servitutis,
2554 3726 2631 3780 et,
2661 3716 2805 3785 quod
2839 3724 2922 3768 est
2968 3715 3239 3770 infelicius
3264 3756 3279 3781 ,
3334 3717 3657 3771 volu‘ntarite
3688 3726 3689 3729 ‘

2072 3806 2376 3871 servitutis,
2431 3821 2552 3860 nam
2594 3808 2659 3860 de
2691 3805 2936 3860 Hebraeis
2985 3807 3235 3875 quamvis
3274 3806 3540 3861 referatur
3569 3807 3649 3881 (4)

2071 3900 2213 3969 quod
2256 3900 2307 3952 iu
2336 3898 2652 3952 servitutem
2682 3899 2882 3953 redacti
2914 3900 3045 3964 sint,
3073 3909 3129 3954 et
3167 3900 3518 3970 quodjugtnu
3553 3902 3659 3954 do-

2073 3992 2385 4045 minationis
2407 4000 2595 4060 erepta
2622 3990 2874 4044 libertate
2898 3991 3243 4059 pertulerint,
3275 3992 3541 4046 violenter
3568 4004 3651 4046 ta-

2070 4099 2192 4139 men
2228 4083 2295 4138 ad
2338 4086 2440 4139 hoc
2499 4092 2874 4137 memorantur
2923 4084 3164 4139 adducti.
3238 4084 3511 4155 Scriptum
3565 4094 3653 4142 est

2068 4174 2211 4226 enim
2245 4173 2312 4237 ⁸³,
2352 4172 2477 4242 quia
2531 4170 2769 4243 ngyptii
2802 4172 3244 4229 abominabautur
3268 4175 3406 4244 ﬁlios
3449 4175 3647 4238 Israel,

2067 4274 2114 4319 et
2145 4280 2237 4333 per
2280 4266 2568 4333 potentiam
2612 4268 2970 4335 opprimebant
3014 4265 3257 4337 .Egyptii
3293 4268 3433 4336 ﬁlios
3474 4266 3647 4323 Israel

2069 4356 2353 4421 uiolenter,
2381 4367 2427 4410 et
2453 4358 2749 4428 afﬂigebant
2781 4361 2940 4413 vitam
2963 4376 3157 4413 eorum.
3178 4362 3231 4412 in
3264 4360 3508 4428 aperibus
3540 4364 3642 4413 du-

2070 4446 2162 4511 ris,
2196 4452 2307 4499 luto
2335 4455 2384 4499 et
2412 4449 2577 4502 latere
2601 4488 2615 4512 ,
2662 4458 2708 4500 et
2741 4451 2981 4504 omnibus
3046 4452 3289 4521 operibus
3332 4467 3450 4520 qua:
3495 4460 3647 4505 erant

2068 4538 2122 4590 in
2157 4538 2376 4607 campis,
2404 4539 2454 4592 in
2482 4540 2680 4609 quibus
2702 4545 2957 4598 omnibus
2985 4544 3037 4599 in
3067 4546 3391 4600 servitutem
3420 4560 3514 4599 eos
3555 4561 3644 4598 re-

2068 4630 2325 4697 digebant
2368 4647 2488 4683 cum
2527 4632 2596 4686 vi.
2626 4631 2847 4691 Intende
2870 4652 3003 4707 ergo
3028 4637 3339 4709 diligentius
3369 4639 3644 4705 quomodo

2068 4717 2274 4773 llehr.ei
2327 4724 2644 4776 scrilmntur
2681 4723 2946 4782 violenter
2974 4728 3029 4782 in
3060 4728 3377 4783 servitutem
3414 4729 3639 4788 redacti,

2066 4810 2264 4877 quibus
2295 4814 2567 4870 naturalis
2598 4819 2773 4872 inerat
2802 4819 3049 4882 libertas,
3075 4833 3198 4888 qua:
3233 4833 3338 4872 non
3370 4817 3449 4871 eis
3482 4817 3642 4872 facile

2069 4900 2146 4952 vel
2179 4918 2275 4970 per
2300 4904 2676 4974 deceptionem
2709 4909 2970 4976 aliquam.
2997 4910 3089 4964 sed
3113 4924 3234 4964 cum
3264 4909 3314 4962 vi
3343 4919 3642 4974 extorque-

2067 4993 2244 5047 balur.
2278 4993 2490 5050 Pharao
2522 5014 2652 5053 vero
2674 4998 2989 5069 Egyptium
3022 5000 3276 5070 populum
3327 4999 3488 5054 facile
3535 5000 3637 5056 sibi

2064 5076 2141 5139 ini
2171 5091 2484 5144 servitutem
2519 5092 2764 5163 redegit,
2822 5108 2920 5148 nec
2949 5092 3212 5148 scribitur
3239 5092 3383 5162 quod
3430 5109 3551 5147 cum
3586 5093 3637 5148 vi

2065 5178 2165 5233 hoc
2195 5178 2406 5236 fecerit.
2434 5181 2711 5239 Proclives
2736 5183 2881 5239 enim
2936 5194 3066 5238 sunt
3096 5181 3339 5255 Egyptii
3372 5184 3441 5239 ad
3471 5186 3633 5255 dege-

2541 5352 2586 5386 "
2616 5350 2757 5407 Psal.
2805 5368 2880 5416 Ct.
2913 5354 2997 5409 25.

2410 5421 2456 5452 ⁸ο
2498 5419 2656 5477 .losn.
2693 5439 2767 5479 ts.

3111 5358 3157 5391 "
3185 5362 3382 5416 lienes.
3422 5375 3544 5415 xxv.
3574 5360 3627 5414 5.

2880 5424 2922 5458 ⁹¹
2954 5427 3151 5485 Gencs.
3182 5447 3347 5492 χινιι.
3379 5434 3449 5486 20
3475 5475 3488 5493 ,
3538 5435 3628 5484 :tl.

2111 5580 2215 5659 (bl
2241 5582 2409 5659 Alias.
2437 5583 2661 5655 legatur.
2693 5586 2832 5641 Infra
2869 5607 3027 5656 mss.,
3064 5609 3427 5652 memorantur
3458 5600 3629 5653 addu-

2050 5654 2140 5705 eti.
2178 5650 2364 5720 Editi.,
2386 5650 2741 5712 memorantur
2763 5661 2985 5715 addicti.
