  <div class='ocr_page' id='page_1' title='image "/cluster/home/n/w/nwhite01/storage/ocr_20150623/12/hvd.32044052796216/129.png"; bbox 0 0 4122 6248; ppageno 0'>
   <div class='ocr_carea' id='block_1_1' title="bbox 516 337 624 399">
    <p class='ocr_par' dir='ltr' id='par_1_1' title="bbox 516 337 624 399">
     <span class='ocr_line' id='line_1_1' title="bbox 516 337 624 399; baseline -0.056 0"><span class='ocrx_word' id='word_1_1' title='bbox 516 337 624 399; x_wconf 59' lang='grc'><strong>137</strong></span> 
     </span>
    </p>
   </div>
   <div class='ocr_carea' id='block_1_2' title="bbox 1958 334 2277 393">
    <p class='ocr_par' dir='ltr' id='par_1_2' title="bbox 1958 334 2277 393">
     <span class='ocr_line' id='line_1_2' title="bbox 1958 334 2277 393; baseline -0.013 0"><span class='ocrx_word' id='word_1_2' title='bbox 1958 334 2277 393; x_wconf 63' lang='grc' dir='ltr'><strong>οῐιιοεΝιε</strong></span> 
     </span>
    </p>
   </div>
   <div class='ocr_carea' id='block_1_3' title="bbox 3652 329 3757 386">
    <p class='ocr_par' dir='ltr' id='par_1_3' title="bbox 3652 329 3757 386">
     <span class='ocr_line' id='line_1_3' title="bbox 3652 329 3757 386; baseline 0 -1"><span class='ocrx_word' id='word_1_3' title='bbox 3652 329 3757 386; x_wconf 67' lang='grc' dir='ltr'><strong>ιη</strong></span> 
     </span>
    </p>
   </div>
   <div class='ocr_carea' id='block_1_4' title="bbox 519 449 3755 523">
    <p class='ocr_par' dir='ltr' id='par_1_4' title="bbox 519 449 3755 523">
     <span class='ocr_line' id='line_1_4' title="bbox 519 449 3755 523; baseline -0.002 -15"><span class='ocrx_word' id='word_1_4' title='bbox 519 470 703 510; x_wconf 86' lang='lat' dir='ltr'><strong>nerem</strong></span> <span class='ocrx_word' id='word_1_5' title='bbox 747 456 938 522; x_wconf 78' lang='lat' dir='ltr'><strong>vitam,</strong></span> <span class='ocrx_word' id='word_1_6' title='bbox 968 466 1018 509; x_wconf 88' lang='lat' dir='ltr'><strong>et</strong></span> <span class='ocrx_word' id='word_1_7' title='bbox 1076 454 1183 507; x_wconf 88' lang='lat' dir='ltr'><strong>cito</strong></span> <span class='ocrx_word' id='word_1_8' title='bbox 1211 453 1274 506; x_wconf 87' lang='lat' dir='ltr'><strong>ad</strong></span> <span class='ocrx_word' id='word_1_9' title='bbox 1308 468 1523 509; x_wconf 84' lang='lat' dir='ltr'><strong>onmem</strong></span> <span class='ocrx_word' id='word_1_10' title='bbox 1560 450 1881 507; x_wconf 76' lang='lat' dir='ltr'><strong>famulatum</strong></span> <span class='ocrx_word' id='word_1_11' title='bbox 1936 452 2085 506; x_wconf 81' lang='lat' dir='ltr'><strong>deci-</strong></span> <span class='ocrx_word' id='word_1_12' title='bbox 2117 455 2161 509; x_wconf 80' lang='grc' dir='ltr'><strong>Α</strong></span> <span class='ocrx_word' id='word_1_13' title='bbox 2191 450 2244 504; x_wconf 91' lang='lat' dir='ltr'><strong>In</strong></span> <span class='ocrx_word' id='word_1_14' title='bbox 2270 468 2378 521; x_wconf 90' lang='lat' dir='ltr'><strong>quo</strong></span> <span class='ocrx_word' id='word_1_15' title='bbox 2402 454 2588 523; x_wconf 86' lang='lat' dir='ltr'><strong>utique</strong></span> <span class='ocrx_word' id='word_1_16' title='bbox 2618 468 2775 510; x_wconf 90' lang='lat' dir='ltr'><strong>nemo</strong></span> <span class='ocrx_word' id='word_1_17' title='bbox 2809 453 3007 509; x_wconf 82' lang='lat' dir='ltr'><strong>dixerit</strong></span> <span class='ocrx_word' id='word_1_18' title='bbox 3035 452 3259 507; x_wconf 83' lang='lat' dir='ltr'><strong>Paulum</strong></span> <span class='ocrx_word' id='word_1_19' title='bbox 3282 450 3415 505; x_wconf 88' lang='lat' dir='ltr'><strong>dure</strong></span> <span class='ocrx_word' id='word_1_20' title='bbox 3443 449 3636 518; x_wconf 89' lang='lat' dir='ltr'><strong>egisse,</strong></span> <span class='ocrx_word' id='word_1_21' title='bbox 3662 450 3755 516; x_wconf 83' lang='lat' dir='ltr'><strong>qui</strong></span> 
     </span>
    </p>
   </div>
   <div class='ocr_carea' id='block_1_5' title="bbox 520 544 2082 616">
    <p class='ocr_par' dir='ltr' id='par_1_5' title="bbox 520 544 2082 616">
     <span class='ocr_line' id='line_1_5' title="bbox 520 544 2082 616; baseline -0.003 -16"><span class='ocrx_word' id='word_1_22' title='bbox 520 550 659 601; x_wconf 86' lang='lat' dir='ltr'><strong>dunt</strong></span> <span class='ocrx_word' id='word_1_23' title='bbox 686 546 964 601; x_wconf 81' lang='lat' dir='ltr'><strong>vitiorum.</strong></span> <span class='ocrx_word' id='word_1_24' title='bbox 998 544 1227 614; x_wconf 78' lang='lat' dir='ltr'><strong>Respice</strong></span> <span class='ocrx_word' id='word_1_25' title='bbox 1260 546 1326 599; x_wconf 88' lang='lat' dir='ltr'><strong>ad</strong></span> <span class='ocrx_word' id='word_1_26' title='bbox 1356 546 1619 616; x_wconf 78' lang='lat' dir='ltr'><strong>originem</strong></span> <span class='ocrx_word' id='word_1_27' title='bbox 1649 545 1888 616; x_wconf 79' lang='lat' dir='ltr'><strong>generis,</strong></span> <span class='ocrx_word' id='word_1_28' title='bbox 1918 554 1971 599; x_wconf 91' lang='lat' dir='ltr'><strong>et</strong></span> <span class='ocrx_word' id='word_1_29' title='bbox 1997 544 2082 597; x_wconf 60' lang='lat' dir='ltr'><strong>in.</strong></span> 
     </span>
    </p>
   </div>
   <div class='ocr_carea' id='block_1_6' title="bbox 516 635 2081 705">
    <p class='ocr_par' dir='ltr' id='par_1_6' title="bbox 516 635 2081 705">
     <span class='ocr_line' id='line_1_6' title="bbox 516 635 2081 705; baseline -0.001 -15"><span class='ocrx_word' id='word_1_30' title='bbox 516 638 706 691; x_wconf 75' lang='lat' dir='ltr'><strong>Venies</strong></span> <span class='ocrx_word' id='word_1_31' title='bbox 735 637 875 705; x_wconf 89' lang='lat' dir='ltr'><strong>quod</strong></span> <span class='ocrx_word' id='word_1_32' title='bbox 911 645 1063 703; x_wconf 87' lang='lat' dir='ltr'><strong>pater</strong></span> <span class='ocrx_word' id='word_1_33' title='bbox 1084 651 1269 689; x_wconf 90' lang='lat' dir='ltr'><strong>eorum</strong></span> <span class='ocrx_word' id='word_1_34' title='bbox 1295 635 1463 691; x_wconf 91' lang='lat' dir='ltr'><strong>Cham</strong></span> <span class='ocrx_word' id='word_1_35' title='bbox 1490 678 1505 703; x_wconf 93' lang='lat'><strong>,</strong></span> <span class='ocrx_word' id='word_1_36' title='bbox 1538 637 1631 705; x_wconf 89' lang='lat' dir='ltr'><strong>qui</strong></span> <span class='ocrx_word' id='word_1_37' title='bbox 1680 636 1976 690; x_wconf 83' lang='lat' dir='ltr'><strong>nuditatem</strong></span> <span class='ocrx_word' id='word_1_38' title='bbox 2008 637 2081 689; x_wconf 91' lang='lat' dir='ltr'><strong>ri-</strong></span> 
     </span>
    </p>
   </div>
   <div class='ocr_carea' id='block_1_7' title="bbox 518 725 2083 795">
    <p class='ocr_par' dir='ltr' id='par_1_7' title="bbox 518 725 2083 795">
     <span class='ocr_line' id='line_1_7' title="bbox 518 725 2083 795; baseline -0.001 -13"><span class='ocrx_word' id='word_1_39' title='bbox 518 738 663 782; x_wconf 67' lang='lat' dir='ltr'><strong>serat</strong></span> <span class='ocrx_word' id='word_1_40' title='bbox 697 730 867 794; x_wconf 86' lang='lat' dir='ltr'><strong>patris</strong></span> <span class='ocrx_word' id='word_1_41' title='bbox 896 725 963 790; x_wconf 67' lang='grc'><strong>⁸⁸,</strong></span> <span class='ocrx_word' id='word_1_42' title='bbox 999 727 1368 795; x_wconf 83' lang='lat' dir='ltr'><strong>hujuscemodi</strong></span> <span class='ocrx_word' id='word_1_43' title='bbox 1403 730 1734 783; x_wconf 82' lang='lat' dir='ltr'><strong>sententiam</strong></span> <span class='ocrx_word' id='word_1_44' title='bbox 1789 730 1982 783; x_wconf 92' lang='lat' dir='ltr'><strong>meruit</strong></span> <span class='ocrx_word' id='word_1_45' title='bbox 2026 738 2083 782; x_wconf 94' lang='lat' dir='ltr'><strong>ut</strong></span> 
     </span>
    </p>
   </div>
   <div class='ocr_carea' id='block_1_8' title="bbox 518 820 2083 890">
    <p class='ocr_par' dir='ltr' id='par_1_8' title="bbox 518 820 2083 890">
     <span class='ocr_line' id='line_1_8' title="bbox 518 820 2083 890; baseline 0.002 -18"><span class='ocrx_word' id='word_1_46' title='bbox 518 820 659 872; x_wconf 85' lang='lat' dir='ltr'><strong>titius</strong></span> <span class='ocrx_word' id='word_1_47' title='bbox 688 820 803 889; x_wconf 83' lang='lat' dir='ltr'><strong>ejus</strong></span> <span class='ocrx_word' id='word_1_48' title='bbox 827 823 1081 876; x_wconf 83' lang='lat' dir='ltr'><strong>Chanaan</strong></span> <span class='ocrx_word' id='word_1_49' title='bbox 1108 836 1300 877; x_wconf 92' lang='lat' dir='ltr'><strong>servus</strong></span> <span class='ocrx_word' id='word_1_50' title='bbox 1330 831 1475 876; x_wconf 89' lang='lat' dir='ltr'><strong>esset</strong></span> <span class='ocrx_word' id='word_1_51' title='bbox 1503 821 1766 876; x_wconf 81' lang='lat' dir='ltr'><strong>fratribus</strong></span> <span class='ocrx_word' id='word_1_52' title='bbox 1795 822 1928 883; x_wconf 84' lang='lat' dir='ltr'><strong>suis,</strong></span> <span class='ocrx_word' id='word_1_53' title='bbox 1977 837 2083 890; x_wconf 91' lang='lat' dir='ltr'><strong>quo</strong></span> 
     </span>
    </p>
   </div>
   <div class='ocr_carea' id='block_1_9' title="bbox 517 911 2083 983">
    <p class='ocr_par' dir='ltr' id='par_1_9' title="bbox 517 911 2083 983">
     <span class='ocr_line' id='line_1_9' title="bbox 517 911 2083 983; baseline 0.003 -22"><span class='ocrx_word' id='word_1_54' title='bbox 517 911 567 961; x_wconf 90' lang='lat' dir='ltr'><strong>in</strong></span> <span class='ocrx_word' id='word_1_55' title='bbox 598 923 664 963; x_wconf 93' lang='lat' dir='ltr'><strong>eo</strong></span> <span class='ocrx_word' id='word_1_56' title='bbox 702 912 994 979; x_wconf 82' lang='lat' dir='ltr'><strong>nequitiam</strong></span> <span class='ocrx_word' id='word_1_57' title='bbox 1044 928 1259 965; x_wconf 91' lang='lat' dir='ltr'><strong>morum</strong></span> <span class='ocrx_word' id='word_1_58' title='bbox 1296 921 1548 983; x_wconf 78' lang='lat' dir='ltr'><strong>argueret</strong></span> <span class='ocrx_word' id='word_1_59' title='bbox 1575 914 1816 969; x_wconf 90' lang='lat' dir='ltr'><strong>conditio</strong></span> <span class='ocrx_word' id='word_1_60' title='bbox 1845 913 2083 968; x_wconf 85' lang='lat' dir='ltr'><strong>servitu-</strong></span> 
     </span>
    </p>
   </div>
   <div class='ocr_carea' id='block_1_10' title="bbox 516 1002 2081 1074">
    <p class='ocr_par' dir='ltr' id='par_1_10' title="bbox 516 1002 2081 1074">
     <span class='ocr_line' id='line_1_10' title="bbox 516 1002 2081 1074; baseline 0.003 -20"><span class='ocrx_word' id='word_1_61' title='bbox 516 1004 602 1055; x_wconf 89' lang='lat' dir='ltr'><strong>tis.</strong></span> <span class='ocrx_word' id='word_1_62' title='bbox 638 1002 752 1056; x_wconf 76' lang='lat' dir='ltr'><strong>Non</strong></span> <span class='ocrx_word' id='word_1_63' title='bbox 782 1020 911 1073; x_wconf 89' lang='lat' dir='ltr'><strong>ergo</strong></span> <span class='ocrx_word' id='word_1_64' title='bbox 941 1005 1210 1058; x_wconf 88' lang='lat' dir='ltr'><strong>immerito</strong></span> <span class='ocrx_word' id='word_1_65' title='bbox 1246 1005 1637 1074; x_wconf 83' lang='lat' dir='ltr'><strong>ignobilitatem</strong></span> <span class='ocrx_word' id='word_1_66' title='bbox 1665 1006 1885 1073; x_wconf 86' lang='lat' dir='ltr'><strong>generis</strong></span> <span class='ocrx_word' id='word_1_67' title='bbox 1917 1005 2081 1059; x_wconf 90' lang='lat' dir='ltr'><strong>deco-</strong></span> 
     </span>
    </p>
   </div>
   <div class='ocr_carea' id='block_1_11' title="bbox 514 1093 2083 1162">
    <p class='ocr_par' dir='ltr' id='par_1_11' title="bbox 514 1093 2083 1162">
     <span class='ocr_line' id='line_1_11' title="bbox 514 1093 2083 1162; baseline 0.004 -19"><span class='ocrx_word' id='word_1_68' title='bbox 514 1093 596 1146; x_wconf 91' lang='lat' dir='ltr'><strong>lor</strong></span> <span class='ocrx_word' id='word_1_69' title='bbox 630 1093 921 1162; x_wconf 79' lang='lat' dir='ltr'><strong>pUSICI‘ilaS</strong></span> <span class='ocrx_word' id='word_1_70' title='bbox 950 1095 1219 1149; x_wconf 85' lang='lat' dir='ltr'><strong>imitatur.</strong></span> <span class='ocrx_word' id='word_1_71' title='bbox 1252 1095 1460 1151; x_wconf 68' lang='lat' dir='ltr'><strong>Hebraei</strong></span> <span class='ocrx_word' id='word_1_72' title='bbox 1488 1112 1614 1150; x_wconf 89' lang='lat' dir='ltr'><strong>vero</strong></span> <span class='ocrx_word' id='word_1_73' title='bbox 1642 1097 1853 1151; x_wconf 86' lang='lat' dir='ltr'><strong>etiamsi</strong></span> <span class='ocrx_word' id='word_1_74' title='bbox 1886 1098 1938 1150; x_wconf 92' lang='lat' dir='ltr'><strong>in</strong></span> <span class='ocrx_word' id='word_1_75' title='bbox 1969 1112 2083 1150; x_wconf 84' lang='lat' dir='ltr'><strong>ser-</strong></span> 
     </span>
    </p>
   </div>
   <div class='ocr_carea' id='block_1_12' title="bbox 512 1182 2082 1258">
    <p class='ocr_par' dir='ltr' id='par_1_12' title="bbox 512 1182 2082 1258">
     <span class='ocr_line' id='line_1_12' title="bbox 512 1182 2082 1258; baseline 0.008 -28"><span class='ocrx_word' id='word_1_76' title='bbox 512 1182 738 1236; x_wconf 81' lang='lat' dir='ltr'><strong>vitutem</strong></span> <span class='ocrx_word' id='word_1_77' title='bbox 768 1185 1105 1253; x_wconf 81' lang='lat' dir='ltr'><strong>redigantur,</strong></span> <span class='ocrx_word' id='word_1_78' title='bbox 1127 1187 1334 1241; x_wconf 84' lang='lat' dir='ltr'><strong>etiamsi</strong></span> <span class='ocrx_word' id='word_1_79' title='bbox 1357 1190 1696 1258; x_wconf 83' lang='lat' dir='ltr'><strong>tyrannidem</strong></span> <span class='ocrx_word' id='word_1_80' title='bbox 1721 1190 1997 1258; x_wconf 89' lang='lat' dir='ltr'><strong>patiantur</strong></span> <span class='ocrx_word' id='word_1_81' title='bbox 2014 1190 2082 1243; x_wconf 89' lang='lat' dir='ltr'><strong>ab</strong></span> 
     </span>
    </p>
   </div>
   <div class='ocr_carea' id='block_1_13' title="bbox 512 1272 2081 1350">
    <p class='ocr_par' dir='ltr' id='par_1_13' title="bbox 512 1272 2081 1350">
     <span class='ocr_line' id='line_1_13' title="bbox 512 1272 2081 1350; baseline 0.004 -21"><span class='ocrx_word' id='word_1_82' title='bbox 512 1272 802 1344; x_wconf 63' lang='lat' dir='ltr'><strong>Egyptiis,</strong></span> <span class='ocrx_word' id='word_1_83' title='bbox 846 1276 1106 1331; x_wconf 72' lang='lat' dir='ltr'><strong>violenter</strong></span> <span class='ocrx_word' id='word_1_84' title='bbox 1127 1288 1181 1332; x_wconf 90' lang='lat' dir='ltr'><strong>et</strong></span> <span class='ocrx_word' id='word_1_85' title='bbox 1209 1281 1527 1334; x_wconf 84' lang='lat' dir='ltr'><strong>necessitate</strong></span> <span class='ocrx_word' id='word_1_86' title='bbox 1549 1281 1843 1350; x_wconf 90' lang='lat' dir='ltr'><strong>patiuntur.</strong></span> <span class='ocrx_word' id='word_1_87' title='bbox 1870 1280 2081 1336; x_wconf 88' lang='lat' dir='ltr'><strong>Idcirco</strong></span> 
     </span>
    </p>
   </div>
   <div class='ocr_carea' id='block_1_14' title="bbox 511 1363 2081 1435">
    <p class='ocr_par' dir='ltr' id='par_1_14' title="bbox 511 1363 2081 1435">
     <span class='ocr_line' id='line_1_14' title="bbox 511 1363 2081 1435; baseline 0.007 -22"><span class='ocrx_word' id='word_1_88' title='bbox 511 1376 640 1430; x_wconf 78' lang='lat' dir='ltr'><strong>ergo</strong></span> <span class='ocrx_word' id='word_1_89' title='bbox 673 1363 968 1419; x_wconf 84' lang='lat' dir='ltr'><strong>liberantur</strong></span> <span class='ocrx_word' id='word_1_90' title='bbox 996 1369 1061 1421; x_wconf 91' lang='lat' dir='ltr'><strong>de</strong></span> <span class='ocrx_word' id='word_1_91' title='bbox 1099 1368 1261 1424; x_wconf 92' lang='lat' dir='ltr'><strong>domo</strong></span> <span class='ocrx_word' id='word_1_92' title='bbox 1319 1371 1595 1424; x_wconf 89' lang='lat' dir='ltr'><strong>servitutis</strong></span> <span class='ocrx_word' id='word_1_93' title='bbox 1618 1412 1631 1435; x_wconf 92' lang='lat'><strong>,</strong></span> <span class='ocrx_word' id='word_1_94' title='bbox 1668 1380 1719 1424; x_wconf 91' lang='lat' dir='ltr'><strong>et</strong></span> <span class='ocrx_word' id='word_1_95' title='bbox 1766 1371 1831 1424; x_wconf 89' lang='lat' dir='ltr'><strong>ad</strong></span> <span class='ocrx_word' id='word_1_96' title='bbox 1862 1371 2081 1424; x_wconf 86' lang='lat' dir='ltr'><strong>liberta-</strong></span> 
     </span>
    </p>
   </div>
   <div class='ocr_carea' id='block_1_15' title="bbox 515 1454 2080 1528">
    <p class='ocr_par' dir='ltr' id='par_1_15' title="bbox 515 1454 2080 1528">
     <span class='ocr_line' id='line_1_15' title="bbox 515 1454 2080 1528; baseline 0.011 -28"><span class='ocrx_word' id='word_1_97' title='bbox 515 1462 619 1503; x_wconf 79' lang='lat' dir='ltr'><strong>tem</strong></span> <span class='ocrx_word' id='word_1_98' title='bbox 655 1454 959 1521; x_wconf 76' lang='lat' dir='ltr'><strong>pristinam,</strong></span> <span class='ocrx_word' id='word_1_99' title='bbox 996 1473 1158 1526; x_wconf 91' lang='lat' dir='ltr'><strong>quam</strong></span> <span class='ocrx_word' id='word_1_100' title='bbox 1194 1458 1345 1513; x_wconf 84' lang='lat' dir='ltr'><strong>inviti</strong></span> <span class='ocrx_word' id='word_1_101' title='bbox 1380 1463 1704 1528; x_wconf 86' lang='lat' dir='ltr'><strong>amiserant,</strong></span> <span class='ocrx_word' id='word_1_102' title='bbox 1731 1473 2080 1517; x_wconf 85' lang='lat' dir='ltr'><strong>revocantur.</strong></span> 
     </span>
    </p>
   </div>
   <div class='ocr_carea' id='block_1_16' title="bbox 514 1544 2080 1621">
    <p class='ocr_par' dir='ltr' id='par_1_16' title="bbox 514 1544 2080 1621">
     <span class='ocr_line' id='line_1_16' title="bbox 514 1544 2080 1621; baseline 0.01 -28"><span class='ocrx_word' id='word_1_103' title='bbox 514 1544 755 1614; x_wconf 85' lang='lat' dir='ltr'><strong>Denique</strong></span> <span class='ocrx_word' id='word_1_104' title='bbox 778 1548 941 1601; x_wconf 90' lang='lat' dir='ltr'><strong>etiam</strong></span> <span class='ocrx_word' id='word_1_105' title='bbox 966 1549 1163 1604; x_wconf 83' lang='lat' dir='ltr'><strong>divinis</strong></span> <span class='ocrx_word' id='word_1_106' title='bbox 1186 1550 1393 1621; x_wconf 88' lang='lat' dir='ltr'><strong>legibus</strong></span> <span class='ocrx_word' id='word_1_107' title='bbox 1421 1564 1649 1607; x_wconf 87' lang='lat' dir='ltr'><strong>cavetur</strong></span> <span class='ocrx_word' id='word_1_108' title='bbox 1677 1554 1747 1618; x_wconf 82' lang='lat'><strong>&quot;,</strong></span> <span class='ocrx_word' id='word_1_109' title='bbox 1779 1561 1836 1607; x_wconf 92' lang='lat' dir='ltr'><strong>ut</strong></span> <span class='ocrx_word' id='word_1_110' title='bbox 1869 1556 1911 1608; x_wconf 90' lang='lat' dir='ltr'><strong>si</strong></span> <span class='ocrx_word' id='word_1_111' title='bbox 1940 1554 2080 1609; x_wconf 87' lang='lat' dir='ltr'><strong>forte</strong></span> 
     </span>
    </p>
   </div>
   <div class='ocr_carea' id='block_1_17' title="bbox 513 1637 2077 1715">
    <p class='ocr_par' dir='ltr' id='par_1_17' title="bbox 513 1637 2077 1715">
     <span class='ocr_line' id='line_1_17' title="bbox 513 1637 2077 1715; baseline 0.008 -29"><span class='ocrx_word' id='word_1_112' title='bbox 513 1637 712 1689; x_wconf 82' lang='lat' dir='ltr'><strong>emerit</strong></span> <span class='ocrx_word' id='word_1_113' title='bbox 762 1639 885 1705; x_wconf 84' lang='lat' dir='ltr'><strong>quis</strong></span> <span class='ocrx_word' id='word_1_114' title='bbox 914 1639 1197 1696; x_wconf 65' lang='lat' dir='ltr'><strong>llebrmum</strong></span> <span class='ocrx_word' id='word_1_115' title='bbox 1230 1658 1481 1712; x_wconf 91' lang='lat' dir='ltr'><strong>puerum,</strong></span> <span class='ocrx_word' id='word_1_116' title='bbox 1515 1659 1618 1698; x_wconf 94' lang='lat' dir='ltr'><strong>non</strong></span> <span class='ocrx_word' id='word_1_117' title='bbox 1652 1660 1774 1699; x_wconf 91' lang='lat' dir='ltr'><strong>eum</strong></span> <span class='ocrx_word' id='word_1_118' title='bbox 1821 1656 2077 1715; x_wconf 88' lang='lat' dir='ltr'><strong>perpetua</strong></span> 
     </span>
    </p>
   </div>
   <div class='ocr_carea' id='block_1_18' title="bbox 512 1726 2081 1808">
    <p class='ocr_par' dir='ltr' id='par_1_18' title="bbox 512 1726 2081 1808">
     <span class='ocr_line' id='line_1_18' title="bbox 512 1726 2081 1808; baseline 0.01 -31"><span class='ocrx_word' id='word_1_119' title='bbox 512 1726 770 1781; x_wconf 72' lang='lat' dir='ltr'><strong>servitute</strong></span> <span class='ocrx_word' id='word_1_120' title='bbox 796 1731 1091 1797; x_wconf 89' lang='lat' dir='ltr'><strong>possideat,</strong></span> <span class='ocrx_word' id='word_1_121' title='bbox 1119 1736 1211 1787; x_wconf 88' lang='lat' dir='ltr'><strong>sed</strong></span> <span class='ocrx_word' id='word_1_122' title='bbox 1245 1749 1338 1788; x_wconf 88' lang='lat' dir='ltr'><strong>sex</strong></span> <span class='ocrx_word' id='word_1_123' title='bbox 1383 1736 1540 1790; x_wconf 88' lang='lat' dir='ltr'><strong>annis</strong></span> <span class='ocrx_word' id='word_1_124' title='bbox 1576 1738 1781 1791; x_wconf 86' lang='lat' dir='ltr'><strong>serviat</strong></span> <span class='ocrx_word' id='word_1_125' title='bbox 1809 1739 1884 1799; x_wconf 89' lang='lat' dir='ltr'><strong>ei,</strong></span> <span class='ocrx_word' id='word_1_126' title='bbox 1914 1741 2081 1808; x_wconf 86' lang='lat' dir='ltr'><strong>septi-</strong></span> 
     </span>
    </p>
   </div>
   <div class='ocr_carea' id='block_1_19' title="bbox 2191 540 3756 611">
    <p class='ocr_par' dir='ltr' id='par_1_19' title="bbox 2191 540 3756 611">
     <span class='ocr_line' id='line_1_19' title="bbox 2191 540 3756 611; baseline -0.001 -17"><span class='ocrx_word' id='word_1_127' title='bbox 2191 541 2458 595; x_wconf 81' lang='lat' dir='ltr'><strong>hominem</strong></span> <span class='ocrx_word' id='word_1_128' title='bbox 2491 545 2556 597; x_wconf 90' lang='lat' dir='ltr'><strong>de</strong></span> <span class='ocrx_word' id='word_1_129' title='bbox 2580 543 2819 599; x_wconf 86' lang='lat' dir='ltr'><strong>Ecclesia</strong></span> <span class='ocrx_word' id='word_1_130' title='bbox 2850 542 3010 611; x_wconf 90' lang='lat' dir='ltr'><strong>ejecit</strong></span> <span class='ocrx_word' id='word_1_131' title='bbox 3036 554 3090 598; x_wconf 92' lang='lat' dir='ltr'><strong>et</strong></span> <span class='ocrx_word' id='word_1_132' title='bbox 3130 541 3350 596; x_wconf 73' lang='lat' dir='ltr'><strong>Satana:</strong></span> <span class='ocrx_word' id='word_1_133' title='bbox 3376 540 3615 594; x_wconf 87' lang='lat' dir='ltr'><strong>tradidit.</strong></span> <span class='ocrx_word' id='word_1_134' title='bbox 3646 540 3756 595; x_wconf 94' lang='lat' dir='ltr'><strong>Sed</strong></span> 
     </span>
    </p>
   </div>
   <div class='ocr_carea' id='block_1_20' title="bbox 2190 633 3759 705">
    <p class='ocr_par' dir='ltr' id='par_1_20' title="bbox 2190 633 3759 705">
     <span class='ocr_line' id='line_1_20' title="bbox 2190 633 3759 705; baseline 0 -18"><span class='ocrx_word' id='word_1_135' title='bbox 2190 635 2242 687; x_wconf 90' lang='lat' dir='ltr'><strong>in</strong></span> <span class='ocrx_word' id='word_1_136' title='bbox 2278 634 2424 687; x_wconf 89' lang='lat' dir='ltr'><strong>illttm</strong></span> <span class='ocrx_word' id='word_1_137' title='bbox 2449 636 2567 690; x_wconf 88' lang='lat' dir='ltr'><strong>sine</strong></span> <span class='ocrx_word' id='word_1_138' title='bbox 2603 636 2766 690; x_wconf 90' lang='lat' dir='ltr'><strong>dubio</strong></span> <span class='ocrx_word' id='word_1_139' title='bbox 2810 635 2970 705; x_wconf 86' lang='lat' dir='ltr'><strong>culpa</strong></span> <span class='ocrx_word' id='word_1_140' title='bbox 2999 635 3256 700; x_wconf 77' lang='lat' dir='ltr'><strong>refertur,</strong></span> <span class='ocrx_word' id='word_1_141' title='bbox 3290 634 3381 703; x_wconf 91' lang='lat' dir='ltr'><strong>qui</strong></span> <span class='ocrx_word' id='word_1_142' title='bbox 3416 648 3515 701; x_wconf 90' lang='lat' dir='ltr'><strong>pro</strong></span> <span class='ocrx_word' id='word_1_143' title='bbox 3539 633 3759 687; x_wconf 81' lang='lat' dir='ltr'><strong>actibus</strong></span> 
     </span>
    </p>
   </div>
   <div class='ocr_carea' id='block_1_21' title="bbox 2189 724 3758 788">
    <p class='ocr_par' dir='ltr' id='par_1_21' title="bbox 2189 724 3758 788">
     <span class='ocr_line' id='line_1_21' title="bbox 2189 724 3758 788; baseline 0 -9"><span class='ocrx_word' id='word_1_144' title='bbox 2189 728 2301 782; x_wconf 84' lang='lat' dir='ltr'><strong>suis</strong></span> <span class='ocrx_word' id='word_1_145' title='bbox 2336 729 2534 781; x_wconf 88' lang='lat' dir='ltr'><strong>meruit</strong></span> <span class='ocrx_word' id='word_1_146' title='bbox 2570 738 2626 781; x_wconf 93' lang='lat' dir='ltr'><strong>ut</strong></span> <span class='ocrx_word' id='word_1_147' title='bbox 2662 744 2769 782; x_wconf 92' lang='lat' dir='ltr'><strong>non</strong></span> <span class='ocrx_word' id='word_1_148' title='bbox 2806 727 2855 782; x_wconf 90' lang='lat' dir='ltr'><strong>ei</strong></span> <span class='ocrx_word' id='word_1_149' title='bbox 2887 738 3030 782; x_wconf 88' lang='lat' dir='ltr'><strong>esset</strong></span> <span class='ocrx_word' id='word_1_150' title='bbox 3063 728 3114 781; x_wconf 90' lang='lat' dir='ltr'><strong>in</strong></span> <span class='ocrx_word' id='word_1_151' title='bbox 3149 725 3385 780; x_wconf 85' lang='lat' dir='ltr'><strong>Ecclesia</strong></span> <span class='ocrx_word' id='word_1_152' title='bbox 3416 726 3598 788; x_wconf 90' lang='lat' dir='ltr'><strong>locus,</strong></span> <span class='ocrx_word' id='word_1_153' title='bbox 3656 724 3758 779; x_wconf 81' lang='lat' dir='ltr'><strong>sed</strong></span> 
     </span>
    </p>
   </div>
   <div class='ocr_carea' id='block_1_22' title="bbox 2191 815 3757 889">
    <p class='ocr_par' dir='ltr' id='par_1_22' title="bbox 2191 815 3757 889">
     <span class='ocr_line' id='line_1_22' title="bbox 2191 815 3757 889; baseline -0.002 -17"><span class='ocrx_word' id='word_1_154' title='bbox 2191 819 2406 872; x_wconf 72' lang='lat' dir='ltr'><strong>Satanae</strong></span> <span class='ocrx_word' id='word_1_155' title='bbox 2432 819 2706 872; x_wconf 90' lang='lat' dir='ltr'><strong>consortio</strong></span> <span class='ocrx_word' id='word_1_156' title='bbox 2744 828 3047 872; x_wconf 89' lang='lat' dir='ltr'><strong>mereretur</strong></span> <span class='ocrx_word' id='word_1_157' title='bbox 3094 818 3335 889; x_wconf 78' lang='lat' dir='ltr'><strong>adjuugi.</strong></span> <span class='ocrx_word' id='word_1_158' title='bbox 3396 815 3472 870; x_wconf 84' lang='lat' dir='ltr'><strong>Ita</strong></span> <span class='ocrx_word' id='word_1_159' title='bbox 3523 831 3654 886; x_wconf 89' lang='lat' dir='ltr'><strong>ergo</strong></span> <span class='ocrx_word' id='word_1_160' title='bbox 3701 825 3757 871; x_wconf 87' lang='lat' dir='ltr'><strong>et</strong></span> 
     </span>
    </p>
   </div>
   <div class='ocr_carea' id='block_1_23' title="bbox 2187 908 3757 980">
    <p class='ocr_par' dir='ltr' id='par_1_23' title="bbox 2187 908 3757 980">
     <span class='ocr_line' id='line_1_23' title="bbox 2187 908 3757 980; baseline -0.001 -16"><span class='ocrx_word' id='word_1_161' title='bbox 2187 909 2410 980; x_wconf 79' lang='lat' dir='ltr'><strong>Ioseph,</strong></span> <span class='ocrx_word' id='word_1_162' title='bbox 2444 926 2564 964; x_wconf 92' lang='lat' dir='ltr'><strong>cum</strong></span> <span class='ocrx_word' id='word_1_163' title='bbox 2606 910 2738 964; x_wconf 89' lang='lat' dir='ltr'><strong>nihil</strong></span> <span class='ocrx_word' id='word_1_164' title='bbox 2769 910 3009 966; x_wconf 71' lang='lat' dir='ltr'><strong>Hebraeae</strong></span> <span class='ocrx_word' id='word_1_165' title='bbox 3049 911 3348 974; x_wconf 89' lang='lat' dir='ltr'><strong>libertatis,</strong></span> <span class='ocrx_word' id='word_1_166' title='bbox 3380 910 3512 965; x_wconf 87' lang='lat' dir='ltr'><strong>nihil</strong></span> <span class='ocrx_word' id='word_1_167' title='bbox 3544 908 3757 964; x_wconf 82' lang='lat' dir='ltr'><strong>Israeli-</strong></span> 
     </span>
    </p>
   </div>
   <div class='ocr_carea' id='block_1_24' title="bbox 2192 1004 3755 1077">
    <p class='ocr_par' dir='ltr' id='par_1_24' title="bbox 2192 1004 3755 1077">
     <span class='ocr_line' id='line_1_24' title="bbox 2192 1004 3755 1077; baseline 0.001 -19"><span class='ocrx_word' id='word_1_168' title='bbox 2192 1006 2308 1059; x_wconf 63' lang='lat' dir='ltr'><strong>tica&#39;</strong></span> <span class='ocrx_word' id='word_1_169' title='bbox 2334 1005 2634 1059; x_wconf 84' lang='lat' dir='ltr'><strong>nobilitatis</strong></span> <span class='ocrx_word' id='word_1_170' title='bbox 2675 1006 2725 1059; x_wconf 91' lang='lat' dir='ltr'><strong>in</strong></span> <span class='ocrx_word' id='word_1_171' title='bbox 2757 1005 3028 1077; x_wconf 65' lang='lat' dir='ltr'><strong>Egypliis</strong></span> <span class='ocrx_word' id='word_1_172' title='bbox 3061 1005 3413 1075; x_wconf 86' lang='lat' dir='ltr'><strong>providisset,</strong></span> <span class='ocrx_word' id='word_1_173' title='bbox 3446 1004 3602 1073; x_wconf 88' lang='lat' dir='ltr'><strong>digna</strong></span> <span class='ocrx_word' id='word_1_174' title='bbox 3629 1017 3755 1059; x_wconf 80' lang='lat' dir='ltr'><strong>scr-</strong></span> 
     </span>
    </p>
   </div>
   <div class='ocr_carea' id='block_1_25' title="bbox 2189 1096 3756 1167">
    <p class='ocr_par' dir='ltr' id='par_1_25' title="bbox 2189 1096 3756 1167">
     <span class='ocr_line' id='line_1_25' title="bbox 2189 1096 3756 1167; baseline 0.003 -19"><span class='ocrx_word' id='word_1_175' title='bbox 2189 1099 2319 1151; x_wconf 90' lang='lat' dir='ltr'><strong>vitia</strong></span> <span class='ocrx_word' id='word_1_176' title='bbox 2357 1098 2519 1167; x_wconf 69' lang='lat' dir='ltr'><strong>digno</strong></span> <span class='ocrx_word' id='word_1_177' title='bbox 2549 1099 2845 1153; x_wconf 90' lang='lat' dir='ltr'><strong>dominatui</strong></span> <span class='ocrx_word' id='word_1_178' title='bbox 2894 1098 3139 1153; x_wconf 87' lang='lat' dir='ltr'><strong>sociavit.</strong></span> <span class='ocrx_word' id='word_1_179' title='bbox 3183 1096 3294 1167; x_wconf 86' lang='lat' dir='ltr'><strong>Ego</strong></span> <span class='ocrx_word' id='word_1_180' title='bbox 3317 1098 3480 1151; x_wconf 88' lang='lat' dir='ltr'><strong>etiam</strong></span> <span class='ocrx_word' id='word_1_181' title='bbox 3521 1096 3756 1166; x_wconf 80' lang='lat' dir='ltr'><strong>amplius</strong></span> 
     </span>
    </p>
   </div>
   <div class='ocr_carea' id='block_1_26' title="bbox 2188 1189 3753 1258">
    <p class='ocr_par' dir='ltr' id='par_1_26' title="bbox 2188 1189 3753 1258">
     <span class='ocr_line' id='line_1_26' title="bbox 2188 1189 3753 1258; baseline 0.001 -15"><span class='ocrx_word' id='word_1_182' title='bbox 2188 1190 2389 1258; x_wconf 85' lang='lat' dir='ltr'><strong>aliquid</strong></span> <span class='ocrx_word' id='word_1_183' title='bbox 2416 1192 2560 1246; x_wconf 88' lang='lat' dir='ltr'><strong>dico.</strong></span> <span class='ocrx_word' id='word_1_184' title='bbox 2590 1191 2839 1245; x_wconf 87' lang='lat' dir='ltr'><strong>Invenies</strong></span> <span class='ocrx_word' id='word_1_185' title='bbox 2866 1200 2920 1244; x_wconf 93' lang='lat' dir='ltr'><strong>et</strong></span> <span class='ocrx_word' id='word_1_186' title='bbox 2951 1191 3003 1243; x_wconf 92' lang='lat' dir='ltr'><strong>in</strong></span> <span class='ocrx_word' id='word_1_187' title='bbox 3030 1189 3227 1244; x_wconf 88' lang='lat' dir='ltr'><strong>divinis</strong></span> <span class='ocrx_word' id='word_1_188' title='bbox 3258 1190 3753 1257; x_wconf 85' lang='lat' dir='ltr'><strong>dispensatiouilms</strong></span> 
     </span>
    </p>
   </div>
   <div class='ocr_carea' id='block_1_27' title="bbox 2189 1280 3751 1352">
    <p class='ocr_par' dir='ltr' id='par_1_27' title="bbox 2189 1280 3751 1352">
     <span class='ocr_line' id='line_1_27' title="bbox 2189 1280 3751 1352; baseline -0.001 -18"><span class='ocrx_word' id='word_1_189' title='bbox 2189 1282 2294 1335; x_wconf 90' lang='lat' dir='ltr'><strong>tale</strong></span> <span class='ocrx_word' id='word_1_190' title='bbox 2331 1283 2533 1349; x_wconf 88' lang='lat' dir='ltr'><strong>aliquid</strong></span> <span class='ocrx_word' id='word_1_191' title='bbox 2566 1293 2801 1352; x_wconf 84' lang='lat' dir='ltr'><strong>gestum,</strong></span> <span class='ocrx_word' id='word_1_192' title='bbox 2847 1282 2904 1335; x_wconf 91' lang='lat' dir='ltr'><strong>itt</strong></span> <span class='ocrx_word' id='word_1_193' title='bbox 2948 1297 3014 1336; x_wconf 85' lang='lat' dir='ltr'><strong>eo</strong></span> <span class='ocrx_word' id='word_1_194' title='bbox 3063 1281 3203 1349; x_wconf 89' lang='lat' dir='ltr'><strong>quod</strong></span> <span class='ocrx_word' id='word_1_195' title='bbox 3244 1281 3373 1334; x_wconf 90' lang='lat' dir='ltr'><strong>dicit</strong></span> <span class='ocrx_word' id='word_1_196' title='bbox 3412 1280 3624 1351; x_wconf 69' lang='lat' dir='ltr'><strong>Moyses</strong></span> <span class='ocrx_word' id='word_1_197' title='bbox 3657 1282 3701 1312; x_wconf 83' lang='lat'>&quot;</span> <span class='ocrx_word' id='word_1_198' title='bbox 3733 1294 3751 1333; x_wconf 92' lang='lat'><strong>:</strong></span> 
     </span>
    </p>
   </div>
   <div class='ocr_carea' id='block_1_28' title="bbox 2189 1371 3753 1442">
    <p class='ocr_par' dir='ltr' id='par_1_28' title="bbox 2189 1371 3753 1442">
     <span class='ocr_line' id='line_1_28' title="bbox 2189 1371 3753 1442; baseline 0.001 -17"><span class='ocrx_word' id='word_1_199' title='bbox 2189 1372 2321 1425; x_wconf 83' lang='lat' dir='ltr'><strong>Cum</strong></span> <span class='ocrx_word' id='word_1_200' title='bbox 2365 1373 2618 1426; x_wconf 84' lang='lat' dir='ltr'><strong>divideret</strong></span> <span class='ocrx_word' id='word_1_201' title='bbox 2646 1371 2899 1426; x_wconf 76' lang='lat' dir='ltr'><strong>Excelsus</strong></span> <span class='ocrx_word' id='word_1_202' title='bbox 2930 1380 3107 1442; x_wconf 88' lang='lat' dir='ltr'><strong>gentes</strong></span> <span class='ocrx_word' id='word_1_203' title='bbox 3157 1381 3205 1425; x_wconf 89' lang='lat' dir='ltr'><strong>et</strong></span> <span class='ocrx_word' id='word_1_204' title='bbox 3236 1372 3576 1439; x_wconf 83' lang='lat' dir='ltr'><strong>distingueret</strong></span> <span class='ocrx_word' id='word_1_205' title='bbox 3619 1373 3753 1439; x_wconf 75' lang='lat' dir='ltr'><strong>ﬁnes</strong></span> 
     </span>
    </p>
   </div>
   <div class='ocr_carea' id='block_1_29' title="bbox 2186 1457 3751 1532">
    <p class='ocr_par' dir='ltr' id='par_1_29' title="bbox 2186 1457 3751 1532">
     <span class='ocr_line' id='line_1_29' title="bbox 2186 1457 3751 1532; baseline -0.004 -16"><span class='ocrx_word' id='word_1_206' title='bbox 2186 1465 2441 1532; x_wconf 86' lang='lat' dir='ltr'><strong>gentium,</strong></span> <span class='ocrx_word' id='word_1_207' title='bbox 2484 1463 2768 1516; x_wconf 87' lang='lat' dir='ltr'><strong>secundum</strong></span> <span class='ocrx_word' id='word_1_208' title='bbox 2798 1477 3070 1515; x_wconf 83' lang='lat' dir='ltr'><strong>numerum</strong></span> <span class='ocrx_word' id='word_1_209' title='bbox 3105 1460 3408 1528; x_wconf 79' lang='lat' dir='ltr'><strong>angelorum</strong></span> <span class='ocrx_word' id='word_1_210' title='bbox 3454 1457 3551 1511; x_wconf 79' lang='lat' dir='ltr'><strong>Dei</strong></span> <span class='ocrx_word' id='word_1_211' title='bbox 3579 1460 3751 1526; x_wconf 83' lang='lat' dir='ltr'><strong>posuit</strong></span> 
     </span>
    </p>
   </div>
   <div class='ocr_carea' id='block_1_30' title="bbox 2186 1551 3746 1624">
    <p class='ocr_par' dir='ltr' id='par_1_30' title="bbox 2186 1551 3746 1624">
     <span class='ocr_line' id='line_1_30' title="bbox 2186 1551 3746 1624; baseline -0.003 -15"><span class='ocrx_word' id='word_1_212' title='bbox 2186 1573 2298 1619; x_wconf 84' lang='lat' dir='ltr'><strong>eas,</strong></span> <span class='ocrx_word' id='word_1_213' title='bbox 2336 1566 2384 1609; x_wconf 90' lang='lat' dir='ltr'><strong>et</strong></span> <span class='ocrx_word' id='word_1_214' title='bbox 2415 1555 2558 1624; x_wconf 77' lang='lat' dir='ltr'><strong>facta</strong></span> <span class='ocrx_word' id='word_1_215' title='bbox 2584 1564 2659 1608; x_wconf 89' lang='lat' dir='ltr'><strong>est</strong></span> <span class='ocrx_word' id='word_1_216' title='bbox 2684 1571 2807 1621; x_wconf 81' lang='lat' dir='ltr'><strong>pars</strong></span> <span class='ocrx_word' id='word_1_217' title='bbox 2841 1554 3050 1607; x_wconf 87' lang='lat' dir='ltr'><strong>Domini</strong></span> <span class='ocrx_word' id='word_1_218' title='bbox 3075 1551 3261 1614; x_wconf 74' lang='lat' dir='ltr'><strong>Iacob,</strong></span> <span class='ocrx_word' id='word_1_219' title='bbox 3292 1551 3559 1622; x_wconf 77' lang='lat' dir='ltr'><strong>funiculus</strong></span> <span class='ocrx_word' id='word_1_220' title='bbox 3590 1551 3746 1605; x_wconf 52' lang='lat' dir='ltr'><strong>[utres</strong></span> 
     </span>
    </p>
   </div>
   <div class='ocr_carea' id='block_1_31' title="bbox 2187 1642 3747 1714">
    <p class='ocr_par' dir='ltr' id='par_1_31' title="bbox 2187 1642 3747 1714">
     <span class='ocr_line' id='line_1_31' title="bbox 2187 1642 3747 1714; baseline -0.001 -16"><span class='ocrx_word' id='word_1_221' title='bbox 2187 1646 2372 1698; x_wconf 77' lang='lat' dir='ltr'><strong>dilatis</strong></span> <span class='ocrx_word' id='word_1_222' title='bbox 2395 1646 2511 1713; x_wconf 86' lang='lat' dir='ltr'><strong>ejus</strong></span> <span class='ocrx_word' id='word_1_223' title='bbox 2538 1644 2728 1699; x_wconf 87' lang='lat' dir='ltr'><strong>Israel.</strong></span> <span class='ocrx_word' id='word_1_224' title='bbox 2764 1644 2928 1699; x_wconf 81' lang='lat' dir='ltr'><strong>Vides</strong></span> <span class='ocrx_word' id='word_1_225' title='bbox 2969 1658 3099 1714; x_wconf 90' lang='lat' dir='ltr'><strong>ergo</strong></span> <span class='ocrx_word' id='word_1_226' title='bbox 3121 1642 3375 1713; x_wconf 86' lang='lat' dir='ltr'><strong>quoniam</strong></span> <span class='ocrx_word' id='word_1_227' title='bbox 3405 1657 3500 1711; x_wconf 91' lang='lat' dir='ltr'><strong>pro</strong></span> <span class='ocrx_word' id='word_1_228' title='bbox 3541 1643 3747 1696; x_wconf 82' lang='lat' dir='ltr'><strong>meritis</strong></span> 
     </span>
    </p>
   </div>
   <div class='ocr_carea' id='block_1_32' title="bbox 2187 1735 3739 1806">
    <p class='ocr_par' dir='ltr' id='par_1_32' title="bbox 2187 1735 3739 1806">
     <span class='ocr_line' id='line_1_32' title="bbox 2187 1735 3739 1806; baseline -0.001 -17"><span class='ocrx_word' id='word_1_229' title='bbox 2187 1737 2478 1803; x_wconf 83' lang='lat' dir='ltr'><strong>unicuique</strong></span> <span class='ocrx_word' id='word_1_230' title='bbox 2521 1737 2666 1806; x_wconf 90' lang='lat' dir='ltr'><strong>genti</strong></span> <span class='ocrx_word' id='word_1_231' title='bbox 2721 1736 3035 1803; x_wconf 82' lang='lat' dir='ltr'><strong>angelorum</strong></span> <span class='ocrx_word' id='word_1_232' title='bbox 3078 1737 3339 1790; x_wconf 81' lang='lat' dir='ltr'><strong>statuitur</strong></span> <span class='ocrx_word' id='word_1_233' title='bbox 3393 1735 3739 1804; x_wconf 83' lang='lat' dir='ltr'><strong>principatus,</strong></span> 
     </span>
    </p>
   </div>
   <div class='ocr_carea' id='block_1_33' title="bbox 512 1798 3520 1899">
    <p class='ocr_par' dir='ltr' id='par_1_33' title="bbox 512 1798 3520 1899">
     <span class='ocr_line' id='line_1_33' title="bbox 512 1798 3520 1899; baseline 0.004 -31"><span class='ocrx_word' id='word_1_234' title='bbox 512 1833 599 1871; x_wconf 91' lang='lat' dir='ltr'><strong>mo</strong></span> <span class='ocrx_word' id='word_1_235' title='bbox 634 1834 764 1873; x_wconf 80' lang='lat' dir='ltr'><strong>vero</strong></span> <span class='ocrx_word' id='word_1_236' title='bbox 811 1836 951 1877; x_wconf 89' lang='lat' dir='ltr'><strong>anno</strong></span> <span class='ocrx_word' id='word_1_237' title='bbox 1008 1835 1168 1879; x_wconf 81' lang='lat' dir='ltr'><strong>exeat</strong></span> <span class='ocrx_word' id='word_1_238' title='bbox 1198 1826 1353 1879; x_wconf 91' lang='lat' dir='ltr'><strong>liber.</strong></span> <span class='ocrx_word' id='word_1_239' title='bbox 1383 1828 1454 1881; x_wconf 87' lang='lat' dir='ltr'><strong>De</strong></span> <span class='ocrx_word' id='word_1_240' title='bbox 1480 1827 1757 1899; x_wconf 65' lang='lat' dir='ltr'><strong>Egyptiis</strong></span> <span class='ocrx_word' id='word_1_241' title='bbox 1809 1798 1937 1884; x_wconf 90' lang='lat' dir='ltr'><strong>nihil</strong></span> <span class='ocrx_word' id='word_1_242' title='bbox 1976 1798 2079 1885; x_wconf 71' lang='lat' dir='ltr'><strong>iale</strong></span> <span class='ocrx_word' id='word_1_243' title='bbox 2111 1798 2152 1857; x_wconf 74' lang='grc' dir='ltr'><strong>Β</strong></span> <span class='ocrx_word' id='word_1_244' title='bbox 2186 1842 2311 1896; x_wconf 88' lang='lat' dir='ltr'><strong>pars</strong></span> <span class='ocrx_word' id='word_1_245' title='bbox 2345 1798 2762 1880; x_wconf 41' lang='lat' dir='ltr'><strong>autevaomini</strong></span> <span class='ocrx_word' id='word_1_246' title='bbox 2792 1798 2924 1895; x_wconf 74' lang='lat' dir='ltr'><strong>gens</strong></span> <span class='ocrx_word' id='word_1_247' title='bbox 2951 1825 3180 1880; x_wconf 85' lang='lat' dir='ltr'><strong>ellicitur</strong></span> <span class='ocrx_word' id='word_1_248' title='bbox 3209 1824 3369 1881; x_wconf 86' lang='lat' dir='ltr'><strong>Israel</strong></span> <span class='ocrx_word' id='word_1_249' title='bbox 3394 1798 3520 1896; x_wconf 88' lang='lat'><strong>8).</strong></span> 
     </span>
    </p>
   </div>
   <div class='ocr_carea' id='block_1_34' title="bbox 508 1916 2078 1989">
    <p class='ocr_par' dir='ltr' id='par_1_34' title="bbox 508 1916 2078 1989">
     <span class='ocr_line' id='line_1_34' title="bbox 508 1916 2078 1989; baseline 0.008 -28"><span class='ocrx_word' id='word_1_250' title='bbox 508 1916 784 1974; x_wconf 89' lang='lat' dir='ltr'><strong>censetur,</strong></span> <span class='ocrx_word' id='word_1_251' title='bbox 818 1927 916 1967; x_wconf 90' lang='lat' dir='ltr'><strong>nec</strong></span> <span class='ocrx_word' id='word_1_252' title='bbox 946 1928 1169 1983; x_wconf 90' lang='lat' dir='ltr'><strong>usquam</strong></span> <span class='ocrx_word' id='word_1_253' title='bbox 1203 1917 1380 1970; x_wconf 89' lang='lat' dir='ltr'><strong>divina</strong></span> <span class='ocrx_word' id='word_1_254' title='bbox 1410 1918 1495 1971; x_wconf 83' lang='lat' dir='ltr'><strong>lex</strong></span> <span class='ocrx_word' id='word_1_255' title='bbox 1521 1934 1703 1973; x_wconf 89' lang='lat' dir='ltr'><strong>curam</strong></span> <span class='ocrx_word' id='word_1_256' title='bbox 1732 1920 1873 1989; x_wconf 90' lang='lat' dir='ltr'><strong>gerit</strong></span> <span class='ocrx_word' id='word_1_257' title='bbox 1915 1921 2078 1975; x_wconf 87' lang='lat' dir='ltr'><strong>Iiber-</strong></span> 
     </span>
    </p>
   </div>
   <div class='ocr_carea' id='block_1_35' title="bbox 509 2001 2073 2081">
    <p class='ocr_par' dir='ltr' id='par_1_35' title="bbox 509 2001 2073 2081">
     <span class='ocr_line' id='line_1_35' title="bbox 509 2001 2073 2081; baseline 0.01 -28"><span class='ocrx_word' id='word_1_258' title='bbox 509 2001 637 2055; x_wconf 89' lang='lat' dir='ltr'><strong>tatis</strong></span> <span class='ocrx_word' id='word_1_259' title='bbox 666 2001 1066 2073; x_wconf 65' lang='lat' dir='ltr'><strong>Egyptiorunt,</strong></span> <span class='ocrx_word' id='word_1_260' title='bbox 1104 2008 1258 2078; x_wconf 79' lang='lat'><strong>103</strong></span> <span class='ocrx_word' id='word_1_261' title='bbox 1288 2010 1413 2078; x_wconf 90' lang='lat' dir='ltr'><strong>quia</strong></span> <span class='ocrx_word' id='word_1_262' title='bbox 1444 2026 1563 2064; x_wconf 88' lang='lat' dir='ltr'><strong>eam</strong></span> <span class='ocrx_word' id='word_1_263' title='bbox 1597 2022 1790 2081; x_wconf 83' lang='lat' dir='ltr'><strong>sponte</strong></span> <span class='ocrx_word' id='word_1_264' title='bbox 1821 2012 2073 2081; x_wconf 84' lang='lat' dir='ltr'><strong>perdide-</strong></span> 
     </span>
    </p>
   </div>
   <div class='ocr_carea' id='block_1_36' title="bbox 512 2094 2045 2175">
    <p class='ocr_par' dir='ltr' id='par_1_36' title="bbox 512 2094 2045 2175">
     <span class='ocr_line' id='line_1_36' title="bbox 512 2094 2045 2175; baseline 0.008 -28"><span class='ocrx_word' id='word_1_265' title='bbox 512 2104 631 2148; x_wconf 85' lang='lat' dir='ltr'><strong>mnt</strong></span> <span class='ocrx_word' id='word_1_266' title='bbox 666 2094 767 2169; x_wconf 82' lang='lat'><strong>(5),</strong></span> <span class='ocrx_word' id='word_1_267' title='bbox 802 2101 895 2153; x_wconf 91' lang='lat' dir='ltr'><strong>sed</strong></span> <span class='ocrx_word' id='word_1_268' title='bbox 920 2110 1123 2155; x_wconf 75' lang='lat' dir='ltr'><strong>aeterm</strong></span> <span class='ocrx_word' id='word_1_269' title='bbox 1150 2117 1247 2158; x_wconf 89' lang='lat' dir='ltr'><strong>eos</strong></span> <span class='ocrx_word' id='word_1_270' title='bbox 1289 2104 1625 2161; x_wconf 85' lang='lat' dir='ltr'><strong>conditionis</strong></span> <span class='ocrx_word' id='word_1_271' title='bbox 1648 2105 1781 2175; x_wconf 73' lang='lat' dir='ltr'><strong>iugo</strong></span> <span class='ocrx_word' id='word_1_272' title='bbox 1808 2121 1872 2161; x_wconf 88' lang='lat' dir='ltr'><strong>ac</strong></span> <span class='ocrx_word' id='word_1_273' title='bbox 1904 2108 2045 2161; x_wconf 88' lang='lat' dir='ltr'><strong>servi</strong></span> 
     </span>
    </p>
   </div>
   <div class='ocr_carea' id='block_1_37' title="bbox 508 2189 1305 2265">
    <p class='ocr_par' dir='ltr' id='par_1_37' title="bbox 508 2189 1305 2265">
     <span class='ocr_line' id='line_1_37' title="bbox 508 2189 1305 2265; baseline 0.014 -26"><span class='ocrx_word' id='word_1_274' title='bbox 508 2189 608 2242; x_wconf 88' lang='lat' dir='ltr'><strong>tttti</strong></span> <span class='ocrx_word' id='word_1_275' title='bbox 636 2202 904 2260; x_wconf 68' lang='lat' dir='ltr'><strong>perpetuae</strong></span> <span class='ocrx_word' id='word_1_276' title='bbox 958 2194 1305 2265; x_wconf 89' lang='lat' dir='ltr'><strong>derelinquit.</strong></span> 
     </span>
    </p>
   </div>
   <div class='ocr_carea' id='block_1_38' title="bbox 576 2283 2070 2364">
    <p class='ocr_par' dir='ltr' id='par_1_38' title="bbox 576 2283 2070 2364">
     <span class='ocr_line' id='line_1_38' title="bbox 576 2283 2070 2364; baseline 0.01 -29"><span class='ocrx_word' id='word_1_277' title='bbox 576 2287 629 2338; x_wconf 71' lang='grc'><strong>2.</strong></span> <span class='ocrx_word' id='word_1_278' title='bbox 676 2283 802 2340; x_wconf 67' lang='lat' dir='ltr'><strong>Haec</strong></span> <span class='ocrx_word' id='word_1_279' title='bbox 837 2301 966 2358; x_wconf 87' lang='lat' dir='ltr'><strong>ergo</strong></span> <span class='ocrx_word' id='word_1_280' title='bbox 995 2288 1040 2341; x_wconf 94' lang='lat' dir='ltr'><strong>si</strong></span> <span class='ocrx_word' id='word_1_281' title='bbox 1091 2287 1457 2360; x_wconf 88' lang='lat' dir='ltr'><strong>intelligamus</strong></span> <span class='ocrx_word' id='word_1_282' title='bbox 1496 2293 1821 2361; x_wconf 85' lang='lat' dir='ltr'><strong>spiritaliter</strong></span> <span class='ocrx_word' id='word_1_283' title='bbox 1846 2311 1965 2364; x_wconf 73' lang='lat' dir='ltr'><strong>qua:</strong></span> <span class='ocrx_word' id='word_1_284' title='bbox 1998 2296 2070 2350; x_wconf 90' lang='lat' dir='ltr'><strong>sit</strong></span> 
     </span>
    </p>
   </div>
   <div class='ocr_carea' id='block_1_39' title="bbox 505 2374 2071 2454">
    <p class='ocr_par' dir='ltr' id='par_1_39' title="bbox 505 2374 2071 2454">
     <span class='ocr_line' id='line_1_39' title="bbox 505 2374 2071 2454; baseline 0.008 -26"><span class='ocrx_word' id='word_1_285' title='bbox 505 2374 881 2446; x_wconf 65' lang='lat' dir='ltr'><strong>Egyptiorum</strong></span> <span class='ocrx_word' id='word_1_286' title='bbox 934 2379 1216 2445; x_wconf 89' lang='lat' dir='ltr'><strong>servitus,</strong></span> <span class='ocrx_word' id='word_1_287' title='bbox 1266 2385 1620 2451; x_wconf 83' lang='lat' dir='ltr'><strong>agnoscimus</strong></span> <span class='ocrx_word' id='word_1_288' title='bbox 1677 2386 1805 2454; x_wconf 89' lang='lat' dir='ltr'><strong>quia</strong></span> <span class='ocrx_word' id='word_1_289' title='bbox 1863 2389 2071 2441; x_wconf 85' lang='lat' dir='ltr'><strong>servire</strong></span> 
     </span>
    </p>
   </div>
   <div class='ocr_carea' id='block_1_40' title="bbox 505 2465 2073 2541">
    <p class='ocr_par' dir='ltr' id='par_1_40' title="bbox 505 2465 2073 2541">
     <span class='ocr_line' id='line_1_40' title="bbox 505 2465 2073 2541; baseline 0.008 -23"><span class='ocrx_word' id='word_1_290' title='bbox 505 2465 775 2538; x_wconf 64' lang='lat' dir='ltr'><strong>Egyptiis</strong></span> <span class='ocrx_word' id='word_1_291' title='bbox 798 2483 903 2523; x_wconf 91' lang='lat' dir='ltr'><strong>non</strong></span> <span class='ocrx_word' id='word_1_292' title='bbox 929 2469 1073 2523; x_wconf 87' lang='lat' dir='ltr'><strong>aliud</strong></span> <span class='ocrx_word' id='word_1_293' title='bbox 1100 2482 1184 2525; x_wconf 88' lang='lat' dir='ltr'><strong>est</strong></span> <span class='ocrx_word' id='word_1_294' title='bbox 1216 2488 1378 2541; x_wconf 90' lang='lat' dir='ltr'><strong>quam</strong></span> <span class='ocrx_word' id='word_1_295' title='bbox 1415 2474 1707 2529; x_wconf 85' lang='lat' dir='ltr'><strong>obnoxium</strong></span> <span class='ocrx_word' id='word_1_296' title='bbox 1736 2476 1849 2530; x_wconf 87' lang='lat' dir='ltr'><strong>fieri</strong></span> <span class='ocrx_word' id='word_1_297' title='bbox 1879 2492 2073 2530; x_wconf 87' lang='lat' dir='ltr'><strong>carna-</strong></span> 
     </span>
    </p>
   </div>
   <div class='ocr_carea' id='block_1_41' title="bbox 507 2556 2071 2640">
    <p class='ocr_par' dir='ltr' id='par_1_41' title="bbox 507 2556 2071 2640">
     <span class='ocr_line' id='line_1_41' title="bbox 507 2556 2071 2640; baseline 0.01 -32"><span class='ocrx_word' id='word_1_298' title='bbox 507 2556 648 2612; x_wconf 86' lang='lat' dir='ltr'><strong>libus</strong></span> <span class='ocrx_word' id='word_1_299' title='bbox 671 2559 835 2625; x_wconf 90' lang='lat' dir='ltr'><strong>vitiis,</strong></span> <span class='ocrx_word' id='word_1_300' title='bbox 860 2569 915 2612; x_wconf 92' lang='lat' dir='ltr'><strong>et</strong></span> <span class='ocrx_word' id='word_1_301' title='bbox 939 2561 1269 2617; x_wconf 71' lang='lat' dir='ltr'><strong>dmmonibus</strong></span> <span class='ocrx_word' id='word_1_302' title='bbox 1301 2579 1421 2618; x_wconf 90' lang='lat' dir='ltr'><strong>esse</strong></span> <span class='ocrx_word' id='word_1_303' title='bbox 1447 2564 1774 2632; x_wconf 90' lang='lat' dir='ltr'><strong>subjectum.</strong></span> <span class='ocrx_word' id='word_1_304' title='bbox 1826 2567 1881 2622; x_wconf 91' lang='lat' dir='ltr'><strong>In</strong></span> <span class='ocrx_word' id='word_1_305' title='bbox 1926 2570 2071 2640; x_wconf 89' lang='lat' dir='ltr'><strong>quod</strong></span> 
     </span>
    </p>
   </div>
   <div class='ocr_carea' id='block_1_42' title="bbox 506 2646 2073 2720">
    <p class='ocr_par' dir='ltr' id='par_1_42' title="bbox 506 2646 2073 2720">
     <span class='ocr_line' id='line_1_42' title="bbox 506 2646 2073 2720; baseline 0.009 -21"><span class='ocrx_word' id='word_1_306' title='bbox 506 2646 692 2715; x_wconf 88' lang='lat' dir='ltr'><strong>utique</strong></span> <span class='ocrx_word' id='word_1_307' title='bbox 722 2663 1157 2720; x_wconf 88' lang='lat' dir='ltr'><strong>unumquemque</strong></span> <span class='ocrx_word' id='word_1_308' title='bbox 1198 2667 1303 2706; x_wconf 89' lang='lat' dir='ltr'><strong>non</strong></span> <span class='ocrx_word' id='word_1_309' title='bbox 1335 2654 1676 2709; x_wconf 80' lang='lat' dir='ltr'><strong>extrinsecus</strong></span> <span class='ocrx_word' id='word_1_310' title='bbox 1707 2657 1850 2712; x_wconf 84' lang='lat' dir='ltr'><strong>illata</strong></span> <span class='ocrx_word' id='word_1_311' title='bbox 1884 2673 2073 2712; x_wconf 84' lang='lat' dir='ltr'><strong>neres-</strong></span> 
     </span>
    </p>
   </div>
   <div class='ocr_carea' id='block_1_43' title="bbox 503 2740 2067 2813">
    <p class='ocr_par' dir='ltr' id='par_1_43' title="bbox 503 2740 2067 2813">
     <span class='ocr_line' id='line_1_43' title="bbox 503 2740 2067 2813; baseline 0.008 -21"><span class='ocrx_word' id='word_1_312' title='bbox 503 2740 637 2795; x_wconf 81' lang='lat' dir='ltr'><strong>sitas</strong></span> <span class='ocrx_word' id='word_1_313' title='bbox 668 2741 833 2810; x_wconf 86' lang='lat' dir='ltr'><strong>cogit,</strong></span> <span class='ocrx_word' id='word_1_314' title='bbox 859 2743 950 2795; x_wconf 86' lang='lat' dir='ltr'><strong>sed</strong></span> <span class='ocrx_word' id='word_1_315' title='bbox 982 2743 1243 2813; x_wconf 82' lang='lat' dir='ltr'><strong>segnities</strong></span> <span class='ocrx_word' id='word_1_316' title='bbox 1274 2748 1464 2813; x_wconf 90' lang='lat' dir='ltr'><strong>animi,</strong></span> <span class='ocrx_word' id='word_1_317' title='bbox 1508 2757 1563 2802; x_wconf 89' lang='lat' dir='ltr'><strong>et</strong></span> <span class='ocrx_word' id='word_1_318' title='bbox 1594 2748 1759 2803; x_wconf 87' lang='lat' dir='ltr'><strong>libido</strong></span> <span class='ocrx_word' id='word_1_319' title='bbox 1793 2766 1855 2806; x_wconf 85' lang='lat' dir='ltr'><strong>ac</strong></span> <span class='ocrx_word' id='word_1_320' title='bbox 1915 2752 2067 2806; x_wconf 85' lang='lat' dir='ltr'><strong>volu-</strong></span> 
     </span>
    </p>
   </div>
   <div class='ocr_carea' id='block_1_44' title="bbox 502 2834 2068 2909">
    <p class='ocr_par' dir='ltr' id='par_1_44' title="bbox 502 2834 2068 2909">
     <span class='ocr_line' id='line_1_44' title="bbox 502 2834 2068 2909; baseline 0.011 -27"><span class='ocrx_word' id='word_1_321' title='bbox 502 2841 627 2899; x_wconf 90' lang='lat' dir='ltr'><strong>ptas</strong></span> <span class='ocrx_word' id='word_1_322' title='bbox 655 2835 898 2901; x_wconf 88' lang='lat' dir='ltr'><strong>corporis</strong></span> <span class='ocrx_word' id='word_1_323' title='bbox 924 2834 1160 2905; x_wconf 86' lang='lat' dir='ltr'><strong>subigit,</strong></span> <span class='ocrx_word' id='word_1_324' title='bbox 1192 2839 1277 2891; x_wconf 93' lang='lat' dir='ltr'><strong>cui</strong></span> <span class='ocrx_word' id='word_1_325' title='bbox 1307 2853 1364 2893; x_wconf 91' lang='lat' dir='ltr'><strong>se</strong></span> <span class='ocrx_word' id='word_1_326' title='bbox 1393 2840 1606 2894; x_wconf 87' lang='lat' dir='ltr'><strong>animus</strong></span> <span class='ocrx_word' id='word_1_327' title='bbox 1634 2856 1729 2909; x_wconf 92' lang='lat' dir='ltr'><strong>per</strong></span> <span class='ocrx_word' id='word_1_328' title='bbox 1761 2844 2068 2899; x_wconf 86' lang='lat' dir='ltr'><strong>socordiam</strong></span> 
     </span>
    </p>
   </div>
   <div class='ocr_carea' id='block_1_45' title="bbox 502 2926 2068 3005">
    <p class='ocr_par' dir='ltr' id='par_1_45' title="bbox 502 2926 2068 3005">
     <span class='ocr_line' id='line_1_45' title="bbox 502 2926 2068 3005; baseline 0.006 -26"><span class='ocrx_word' id='word_1_329' title='bbox 502 2926 681 2981; x_wconf 78' lang='lat' dir='ltr'><strong>subdit</strong></span> <span class='ocrx_word' id='word_1_330' title='bbox 729 2926 827 2997; x_wconf 89' lang='lat'><strong>(6).</strong></span> <span class='ocrx_word' id='word_1_331' title='bbox 880 2928 979 2996; x_wconf 87' lang='lat' dir='ltr'><strong>Qui</strong></span> <span class='ocrx_word' id='word_1_332' title='bbox 1026 2945 1156 2984; x_wconf 76' lang='lat' dir='ltr'><strong>vero</strong></span> <span class='ocrx_word' id='word_1_333' title='bbox 1183 2931 1452 2988; x_wconf 90' lang='lat' dir='ltr'><strong>libertatis</strong></span> <span class='ocrx_word' id='word_1_334' title='bbox 1478 2934 1670 2990; x_wconf 75' lang='lat' dir='ltr'><strong>anima:</strong></span> <span class='ocrx_word' id='word_1_335' title='bbox 1694 2950 1881 2991; x_wconf 91' lang='lat' dir='ltr'><strong>curam</strong></span> <span class='ocrx_word' id='word_1_336' title='bbox 1908 2938 2068 3005; x_wconf 83' lang='lat' dir='ltr'><strong>gerit,</strong></span> 
     </span>
    </p>
   </div>
   <div class='ocr_carea' id='block_1_46' title="bbox 503 3016 2066 3095">
    <p class='ocr_par' dir='ltr' id='par_1_46' title="bbox 503 3016 2066 3095">
     <span class='ocr_line' id='line_1_46' title="bbox 503 3016 2066 3095; baseline 0.008 -27"><span class='ocrx_word' id='word_1_337' title='bbox 503 3025 556 3069; x_wconf 92' lang='lat' dir='ltr'><strong>et</strong></span> <span class='ocrx_word' id='word_1_338' title='bbox 582 3016 898 3085; x_wconf 88' lang='lat' dir='ltr'><strong>dignitatem</strong></span> <span class='ocrx_word' id='word_1_339' title='bbox 943 3022 1140 3075; x_wconf 90' lang='lat' dir='ltr'><strong>mentis</strong></span> <span class='ocrx_word' id='word_1_340' title='bbox 1179 3022 1387 3078; x_wconf 65' lang='lat' dir='ltr'><strong>caelesti</strong></span> <span class='ocrx_word' id='word_1_341' title='bbox 1438 3025 1760 3095; x_wconf 85' lang='lat' dir='ltr'><strong>cognatione</strong></span> <span class='ocrx_word' id='word_1_342' title='bbox 1795 3026 2066 3093; x_wconf 86' lang='lat' dir='ltr'><strong>nobilitat,</strong></span> 
     </span>
    </p>
   </div>
   <div class='ocr_carea' id='block_1_47' title="bbox 503 3109 2137 3208">
    <p class='ocr_par' dir='ltr' id='par_1_47' title="bbox 503 3109 2137 3208">
     <span class='ocr_line' id='line_1_47' title="bbox 503 3109 2137 3208; baseline 0.007 -47"><span class='ocrx_word' id='word_1_343' title='bbox 503 3109 605 3163; x_wconf 87' lang='lat' dir='ltr'><strong>iste</strong></span> <span class='ocrx_word' id='word_1_344' title='bbox 633 3124 699 3164; x_wconf 89' lang='lat' dir='ltr'><strong>ex</strong></span> <span class='ocrx_word' id='word_1_345' title='bbox 727 3110 851 3166; x_wconf 86' lang='lat' dir='ltr'><strong>filiis</strong></span> <span class='ocrx_word' id='word_1_346' title='bbox 881 3111 1044 3167; x_wconf 89' lang='lat' dir='ltr'><strong>Israel</strong></span> <span class='ocrx_word' id='word_1_347' title='bbox 1060 3124 1163 3169; x_wconf 89' lang='lat' dir='ltr'><strong>est.</strong></span> <span class='ocrx_word' id='word_1_348' title='bbox 1192 3114 1294 3182; x_wconf 91' lang='lat' dir='ltr'><strong>Qui</strong></span> <span class='ocrx_word' id='word_1_349' title='bbox 1331 3117 1544 3172; x_wconf 84' lang='lat' dir='ltr'><strong>etiamsi</strong></span> <span class='ocrx_word' id='word_1_350' title='bbox 1582 3119 1846 3173; x_wconf 87' lang='lat' dir='ltr'><strong>violenter</strong></span> <span class='ocrx_word' id='word_1_351' title='bbox 1883 3121 2071 3189; x_wconf 87' lang='lat' dir='ltr'><strong>oppri-</strong></span> <span class='ocrx_word' id='word_1_352' title='bbox 2094 3152 2137 3208; x_wconf 66' lang='grc' dir='ltr'>ο</span> 
     </span>
    </p>
   </div>
   <div class='ocr_carea' id='block_1_48' title="bbox 502 3203 2066 3271">
    <p class='ocr_par' dir='ltr' id='par_1_48' title="bbox 502 3203 2066 3271">
     <span class='ocr_line' id='line_1_48' title="bbox 502 3203 2066 3271; baseline 0.008 -20"><span class='ocrx_word' id='word_1_353' title='bbox 502 3208 682 3253; x_wconf 87' lang='lat' dir='ltr'><strong>matur</strong></span> <span class='ocrx_word' id='word_1_354' title='bbox 708 3203 774 3254; x_wconf 89' lang='lat' dir='ltr'><strong>ad</strong></span> <span class='ocrx_word' id='word_1_355' title='bbox 806 3210 1035 3271; x_wconf 84' lang='lat' dir='ltr'><strong>tempus,</strong></span> <span class='ocrx_word' id='word_1_356' title='bbox 1090 3219 1197 3258; x_wconf 93' lang='lat' dir='ltr'><strong>non</strong></span> <span class='ocrx_word' id='word_1_357' title='bbox 1250 3214 1426 3260; x_wconf 91' lang='lat' dir='ltr'><strong>tamen</strong></span> <span class='ocrx_word' id='word_1_358' title='bbox 1474 3206 1777 3262; x_wconf 86' lang='lat' dir='ltr'><strong>libertatem</strong></span> <span class='ocrx_word' id='word_1_359' title='bbox 1824 3224 1979 3264; x_wconf 83' lang='lat' dir='ltr'><strong>suam</strong></span> <span class='ocrx_word' id='word_1_360' title='bbox 2014 3213 2066 3264; x_wconf 89' lang='lat' dir='ltr'><strong>in</strong></span> 
     </span>
    </p>
   </div>
   <div class='ocr_carea' id='block_1_49' title="bbox 500 3293 2068 3365">
    <p class='ocr_par' dir='ltr' id='par_1_49' title="bbox 500 3293 2068 3365">
     <span class='ocr_line' id='line_1_49' title="bbox 500 3293 2068 3365; baseline 0.008 -21"><span class='ocrx_word' id='word_1_361' title='bbox 500 3300 815 3359; x_wconf 81' lang='lat' dir='ltr'><strong>perpetuum</strong></span> <span class='ocrx_word' id='word_1_362' title='bbox 848 3293 1054 3363; x_wconf 86' lang='lat' dir='ltr'><strong>perdet.</strong></span> <span class='ocrx_word' id='word_1_363' title='bbox 1106 3294 1347 3365; x_wconf 87' lang='lat' dir='ltr'><strong>Denique</strong></span> <span class='ocrx_word' id='word_1_364' title='bbox 1381 3307 1434 3352; x_wconf 90' lang='lat' dir='ltr'><strong>et</strong></span> <span class='ocrx_word' id='word_1_365' title='bbox 1486 3297 1738 3353; x_wconf 86' lang='lat' dir='ltr'><strong>Salvator</strong></span> <span class='ocrx_word' id='word_1_366' title='bbox 1786 3312 1971 3356; x_wconf 89' lang='lat' dir='ltr'><strong>noster</strong></span> <span class='ocrx_word' id='word_1_367' title='bbox 1999 3304 2068 3357; x_wconf 88' lang='lat' dir='ltr'><strong>de</strong></span> 
     </span>
    </p>
   </div>
   <div class='ocr_carea' id='block_1_50' title="bbox 501 3382 2066 3459">
    <p class='ocr_par' dir='ltr' id='par_1_50' title="bbox 501 3382 2066 3459">
     <span class='ocr_line' id='line_1_50' title="bbox 501 3382 2066 3459; baseline 0.009 -25"><span class='ocrx_word' id='word_1_368' title='bbox 501 3382 752 3437; x_wconf 90' lang='lat' dir='ltr'><strong>libertate</strong></span> <span class='ocrx_word' id='word_1_369' title='bbox 790 3394 843 3438; x_wconf 91' lang='lat' dir='ltr'><strong>et</strong></span> <span class='ocrx_word' id='word_1_370' title='bbox 883 3385 1149 3441; x_wconf 88' lang='lat' dir='ltr'><strong>servitute</strong></span> <span class='ocrx_word' id='word_1_371' title='bbox 1195 3388 1249 3441; x_wconf 88' lang='lat' dir='ltr'><strong>in</strong></span> <span class='ocrx_word' id='word_1_372' title='bbox 1313 3389 1606 3459; x_wconf 87' lang='lat' dir='ltr'><strong>Evangelio</strong></span> <span class='ocrx_word' id='word_1_373' title='bbox 1651 3393 1945 3458; x_wconf 88' lang='lat' dir='ltr'><strong>disserens,</strong></span> <span class='ocrx_word' id='word_1_374' title='bbox 1992 3395 2066 3448; x_wconf 83' lang='lat' dir='ltr'><strong>ita</strong></span> 
     </span>
    </p>
   </div>
   <div class='ocr_carea' id='block_1_51' title="bbox 501 3471 2065 3549">
    <p class='ocr_par' dir='ltr' id='par_1_51' title="bbox 501 3471 2065 3549">
     <span class='ocr_line' id='line_1_51' title="bbox 501 3471 2065 3549; baseline 0.006 -25"><span class='ocrx_word' id='word_1_375' title='bbox 501 3471 781 3542; x_wconf 78' lang='lat' dir='ltr'><strong>loquitur:</strong></span> <span class='ocrx_word' id='word_1_376' title='bbox 810 3472 1018 3541; x_wconf 85' lang='lat' dir='ltr'><strong>Omnis,</strong></span> <span class='ocrx_word' id='word_1_377' title='bbox 1050 3476 1225 3545; x_wconf 86' lang='lat' dir='ltr'><strong>inquit</strong></span> <span class='ocrx_word' id='word_1_378' title='bbox 1272 3478 1349 3543; x_wconf 80' lang='grc'><strong>⁸⁸,</strong></span> <span class='ocrx_word' id='word_1_379' title='bbox 1390 3482 1479 3548; x_wconf 85' lang='lat' dir='ltr'><strong>qui</strong></span> <span class='ocrx_word' id='word_1_380' title='bbox 1517 3491 1717 3549; x_wconf 81' lang='lat' dir='ltr'><strong>peccat,</strong></span> <span class='ocrx_word' id='word_1_381' title='bbox 1771 3497 1949 3535; x_wconf 74' lang='lat' dir='ltr'><strong>servus</strong></span> <span class='ocrx_word' id='word_1_382' title='bbox 1988 3491 2065 3535; x_wconf 88' lang='lat' dir='ltr'><strong>est</strong></span> 
     </span>
    </p>
   </div>
   <div class='ocr_carea' id='block_1_52' title="bbox 498 3566 2065 3629">
    <p class='ocr_par' dir='ltr' id='par_1_52' title="bbox 498 3566 2065 3629">
     <span class='ocr_line' id='line_1_52' title="bbox 498 3566 2065 3629; baseline 0.007 -12"><span class='ocrx_word' id='word_1_383' title='bbox 498 3568 717 3629; x_wconf 78' lang='lat' dir='ltr'><strong>peccati.</strong></span> <span class='ocrx_word' id='word_1_384' title='bbox 766 3566 832 3619; x_wconf 84' lang='lat' dir='ltr'><strong>Et</strong></span> <span class='ocrx_word' id='word_1_385' title='bbox 872 3568 1065 3621; x_wconf 90' lang='lat' dir='ltr'><strong>iterum</strong></span> <span class='ocrx_word' id='word_1_386' title='bbox 1119 3568 1298 3623; x_wconf 84' lang='lat' dir='ltr'><strong>dicit:</strong></span> <span class='ocrx_word' id='word_1_387' title='bbox 1335 3568 1397 3624; x_wconf 90' lang='lat' dir='ltr'><strong>Si</strong></span> <span class='ocrx_word' id='word_1_388' title='bbox 1462 3571 1757 3625; x_wconf 86' lang='lat' dir='ltr'><strong>manseritis</strong></span> <span class='ocrx_word' id='word_1_389' title='bbox 1807 3573 1860 3625; x_wconf 89' lang='lat' dir='ltr'><strong>in</strong></span> <span class='ocrx_word' id='word_1_390' title='bbox 1913 3575 2065 3628; x_wconf 79' lang='lat' dir='ltr'><strong>verba</strong></span> 
     </span>
    </p>
   </div>
   <div class='ocr_carea' id='block_1_53' title="bbox 496 3658 2057 3736">
    <p class='ocr_par' dir='ltr' id='par_1_53' title="bbox 496 3658 2057 3736">
     <span class='ocr_line' id='line_1_53' title="bbox 496 3658 2057 3736; baseline 0.006 -27"><span class='ocrx_word' id='word_1_391' title='bbox 496 3672 631 3722; x_wconf 86' lang='lat' dir='ltr'><strong>meo,</strong></span> <span class='ocrx_word' id='word_1_392' title='bbox 667 3658 954 3726; x_wconf 70' lang='lat' dir='ltr'><strong>agnoscatis</strong></span> <span class='ocrx_word' id='word_1_393' title='bbox 991 3659 1294 3724; x_wconf 75' lang='lat' dir='ltr'><strong>veritatem,</strong></span> <span class='ocrx_word' id='word_1_394' title='bbox 1341 3672 1388 3715; x_wconf 89' lang='lat' dir='ltr'><strong>et</strong></span> <span class='ocrx_word' id='word_1_395' title='bbox 1429 3664 1621 3717; x_wconf 81' lang='lat' dir='ltr'><strong>veritas</strong></span> <span class='ocrx_word' id='word_1_396' title='bbox 1660 3664 1851 3719; x_wconf 88' lang='lat' dir='ltr'><strong>liberos</strong></span> <span class='ocrx_word' id='word_1_397' title='bbox 1895 3666 2057 3736; x_wconf 75' lang='lat' dir='ltr'><strong>faciet</strong></span> 
     </span>
    </p>
   </div>
   <div class='ocr_carea' id='block_1_54' title="bbox 498 3752 2065 3832">
    <p class='ocr_par' dir='ltr' id='par_1_54' title="bbox 498 3752 2065 3832">
     <span class='ocr_line' id='line_1_54' title="bbox 498 3752 2065 3832; baseline 0.009 -30"><span class='ocrx_word' id='word_1_398' title='bbox 498 3766 604 3803; x_wconf 82' lang='lat' dir='ltr'><strong>vos.</strong></span> <span class='ocrx_word' id='word_1_399' title='bbox 644 3752 797 3815; x_wconf 84' lang='lat' dir='ltr'><strong>Quod</strong></span> <span class='ocrx_word' id='word_1_400' title='bbox 828 3753 873 3806; x_wconf 89' lang='lat' dir='ltr'><strong>si</strong></span> <span class='ocrx_word' id='word_1_401' title='bbox 907 3752 1027 3820; x_wconf 90' lang='lat' dir='ltr'><strong>quis</strong></span> <span class='ocrx_word' id='word_1_402' title='bbox 1065 3752 1204 3807; x_wconf 86' lang='lat' dir='ltr'><strong>forte</strong></span> <span class='ocrx_word' id='word_1_403' title='bbox 1237 3754 1383 3808; x_wconf 89' lang='lat' dir='ltr'><strong>dicat</strong></span> <span class='ocrx_word' id='word_1_404' title='bbox 1417 3756 1594 3821; x_wconf 92' lang='lat' dir='ltr'><strong>nobis,</strong></span> <span class='ocrx_word' id='word_1_405' title='bbox 1622 3758 1903 3824; x_wconf 86' lang='lat' dir='ltr'><strong>Quomodo</strong></span> <span class='ocrx_word' id='word_1_406' title='bbox 1936 3776 2065 3832; x_wconf 89' lang='lat' dir='ltr'><strong>ergo</strong></span> 
     </span>
    </p>
   </div>
   <div class='ocr_carea' id='block_1_55' title="bbox 498 3835 2066 3910">
    <p class='ocr_par' dir='ltr' id='par_1_55' title="bbox 498 3835 2066 3910">
     <span class='ocr_line' id='line_1_55' title="bbox 498 3835 2066 3910; baseline 0.011 -21"><span class='ocrx_word' id='word_1_407' title='bbox 498 3851 593 3902; x_wconf 86' lang='lat' dir='ltr'><strong>per</strong></span> <span class='ocrx_word' id='word_1_408' title='bbox 641 3835 839 3908; x_wconf 76' lang='lat' dir='ltr'><strong>Ioseph</strong></span> <span class='ocrx_word' id='word_1_409' title='bbox 899 3841 1076 3894; x_wconf 90' lang='lat' dir='ltr'><strong>omnis</strong></span> <span class='ocrx_word' id='word_1_410' title='bbox 1124 3854 1267 3896; x_wconf 89' lang='lat' dir='ltr'><strong>terra</strong></span> <span class='ocrx_word' id='word_1_411' title='bbox 1314 3843 1366 3895; x_wconf 91' lang='lat' dir='ltr'><strong>in</strong></span> <span class='ocrx_word' id='word_1_412' title='bbox 1403 3847 1803 3910; x_wconf 84' lang='lat' dir='ltr'><strong>possessionem</strong></span> <span class='ocrx_word' id='word_1_413' title='bbox 1833 3852 2066 3906; x_wconf 90' lang='lat' dir='ltr'><strong>traditur</strong></span> 
     </span>
    </p>
   </div>
   <div class='ocr_carea' id='block_1_56' title="bbox 497 3928 2065 4008">
    <p class='ocr_par' dir='ltr' id='par_1_56' title="bbox 497 3928 2065 4008">
     <span class='ocr_line' id='line_1_56' title="bbox 497 3928 2065 4008; baseline 0.008 -25"><span class='ocrx_word' id='word_1_414' title='bbox 497 3928 808 3985; x_wconf 77' lang='lat' dir='ltr'><strong>Pharaoni?</strong></span> <span class='ocrx_word' id='word_1_415' title='bbox 851 3932 914 3985; x_wconf 86' lang='lat' dir='ltr'><strong>Et</strong></span> <span class='ocrx_word' id='word_1_416' title='bbox 954 3934 1130 3987; x_wconf 91' lang='lat' dir='ltr'><strong>omnis</strong></span> <span class='ocrx_word' id='word_1_417' title='bbox 1181 3934 1281 3986; x_wconf 89' lang='lat' dir='ltr'><strong>ista</strong></span> <span class='ocrx_word' id='word_1_418' title='bbox 1326 3935 1562 3990; x_wconf 86' lang='lat' dir='ltr'><strong>servitus</strong></span> <span class='ocrx_word' id='word_1_419' title='bbox 1603 3953 1763 4006; x_wconf 87' lang='lat' dir='ltr'><strong>quant</strong></span> <span class='ocrx_word' id='word_1_420' title='bbox 1819 3943 2065 4008; x_wconf 87' lang='lat' dir='ltr'><strong>superius</strong></span> 
     </span>
    </p>
   </div>
   <div class='ocr_carea' id='block_1_57' title="bbox 497 4025 2062 4102">
    <p class='ocr_par' dir='ltr' id='par_1_57' title="bbox 497 4025 2062 4102">
     <span class='ocr_line' id='line_1_57' title="bbox 497 4025 2062 4102; baseline 0.008 -27"><span class='ocrx_word' id='word_1_421' title='bbox 497 4025 869 4091; x_wconf 77' lang='lat' dir='ltr'><strong>exposuimus,</strong></span> <span class='ocrx_word' id='word_1_422' title='bbox 911 4038 976 4077; x_wconf 91' lang='lat' dir='ltr'><strong>ex</strong></span> <span class='ocrx_word' id='word_1_423' title='bbox 1030 4026 1233 4091; x_wconf 88' lang='lat' dir='ltr'><strong>peccati</strong></span> <span class='ocrx_word' id='word_1_424' title='bbox 1276 4026 1588 4082; x_wconf 89' lang='lat' dir='ltr'><strong>conditione</strong></span> <span class='ocrx_word' id='word_1_425' title='bbox 1621 4041 1891 4098; x_wconf 90' lang='lat' dir='ltr'><strong>suscepta,</strong></span> <span class='ocrx_word' id='word_1_426' title='bbox 1925 4049 2062 4102; x_wconf 88' lang='lat' dir='ltr'><strong>quo-</strong></span> 
     </span>
    </p>
   </div>
   <div class='ocr_carea' id='block_1_58' title="bbox 498 4110 2063 4178">
    <p class='ocr_par' dir='ltr' id='par_1_58' title="bbox 498 4110 2063 4178">
     <span class='ocr_line' id='line_1_58' title="bbox 498 4110 2063 4178; baseline 0.01 -18"><span class='ocrx_word' id='word_1_427' title='bbox 498 4110 655 4164; x_wconf 89' lang='lat' dir='ltr'><strong>modo</strong></span> <span class='ocrx_word' id='word_1_428' title='bbox 685 4125 783 4178; x_wconf 91' lang='lat' dir='ltr'><strong>per</strong></span> <span class='ocrx_word' id='word_1_429' title='bbox 817 4122 1062 4165; x_wconf 87' lang='lat' dir='ltr'><strong>sanctum</strong></span> <span class='ocrx_word' id='word_1_430' title='bbox 1114 4113 1286 4167; x_wconf 87' lang='lat' dir='ltr'><strong>virum</strong></span> <span class='ocrx_word' id='word_1_431' title='bbox 1336 4115 1638 4171; x_wconf 89' lang='lat' dir='ltr'><strong>ministrata</strong></span> <span class='ocrx_word' id='word_1_432' title='bbox 1686 4119 1886 4174; x_wconf 90' lang='lat' dir='ltr'><strong>dicitur</strong></span> <span class='ocrx_word' id='word_1_433' title='bbox 1918 4121 2063 4177; x_wconf 85' lang='lat' dir='ltr'><strong>Pha-</strong></span> 
     </span>
    </p>
   </div>
   <div class='ocr_carea' id='block_1_59' title="bbox 495 4199 2063 4282">
    <p class='ocr_par' dir='ltr' id='par_1_59' title="bbox 495 4199 2063 4282">
     <span class='ocr_line' id='line_1_59' title="bbox 495 4199 2063 4282; baseline 0.01 -30"><span class='ocrx_word' id='word_1_434' title='bbox 495 4199 646 4254; x_wconf 85' lang='lat' dir='ltr'><strong>raoni</strong></span> <span class='ocrx_word' id='word_1_435' title='bbox 700 4200 819 4271; x_wconf 88' lang='lat'><strong>(7)?</strong></span> <span class='ocrx_word' id='word_1_436' title='bbox 878 4199 1175 4257; x_wconf 85' lang='lat' dir='ltr'><strong>Possumus</strong></span> <span class='ocrx_word' id='word_1_437' title='bbox 1228 4204 1296 4256; x_wconf 89' lang='lat' dir='ltr'><strong>ad</strong></span> <span class='ocrx_word' id='word_1_438' title='bbox 1340 4204 1451 4260; x_wconf 67' lang='lat' dir='ltr'><strong>haec</strong></span> <span class='ocrx_word' id='word_1_439' title='bbox 1498 4208 1865 4277; x_wconf 89' lang='lat' dir='ltr'><strong>respondere,</strong></span> <span class='ocrx_word' id='word_1_440' title='bbox 1919 4214 2063 4282; x_wconf 89' lang='lat' dir='ltr'><strong>quod</strong></span> 
     </span>
    </p>
   </div>
   <div class='ocr_carea' id='block_1_60' title="bbox 496 4286 2063 4360">
    <p class='ocr_par' dir='ltr' id='par_1_60' title="bbox 496 4286 2063 4360">
     <span class='ocr_line' id='line_1_60' title="bbox 496 4286 2063 4360; baseline 0.01 -19"><span class='ocrx_word' id='word_1_441' title='bbox 496 4290 610 4356; x_wconf 88' lang='lat' dir='ltr'><strong>ipse</strong></span> <span class='ocrx_word' id='word_1_442' title='bbox 634 4286 928 4360; x_wconf 61' lang='lat' dir='ltr'><strong>Scriptura?</strong></span> <span class='ocrx_word' id='word_1_443' title='bbox 965 4306 1143 4346; x_wconf 89' lang='lat' dir='ltr'><strong>sermo</strong></span> <span class='ocrx_word' id='word_1_444' title='bbox 1193 4304 1425 4348; x_wconf 88' lang='lat' dir='ltr'><strong>excusat</strong></span> <span class='ocrx_word' id='word_1_445' title='bbox 1468 4298 1641 4352; x_wconf 86' lang='lat' dir='ltr'><strong>sancti</strong></span> <span class='ocrx_word' id='word_1_446' title='bbox 1682 4299 1780 4353; x_wconf 90' lang='lat' dir='ltr'><strong>viri</strong></span> <span class='ocrx_word' id='word_1_447' title='bbox 1814 4300 2063 4356; x_wconf 85' lang='lat' dir='ltr'><strong>ministe-</strong></span> 
     </span>
    </p>
   </div>
   <div class='ocr_carea' id='block_1_61' title="bbox 496 4384 2063 4458">
    <p class='ocr_par' dir='ltr' id='par_1_61' title="bbox 496 4384 2063 4458">
     <span class='ocr_line' id='line_1_61' title="bbox 496 4384 2063 4458; baseline 0.006 -23"><span class='ocrx_word' id='word_1_448' title='bbox 496 4385 678 4449; x_wconf 85' lang='lat' dir='ltr'><strong>rium,</strong></span> <span class='ocrx_word' id='word_1_449' title='bbox 746 4399 867 4438; x_wconf 90' lang='lat' dir='ltr'><strong>cum</strong></span> <span class='ocrx_word' id='word_1_450' title='bbox 932 4384 1063 4439; x_wconf 85' lang='lat' dir='ltr'><strong>dicit</strong></span> <span class='ocrx_word' id='word_1_451' title='bbox 1113 4389 1256 4455; x_wconf 89' lang='lat' dir='ltr'><strong>quod</strong></span> <span class='ocrx_word' id='word_1_452' title='bbox 1317 4389 1638 4458; x_wconf 89' lang='lat' dir='ltr'><strong>semetipsos</strong></span> <span class='ocrx_word' id='word_1_453' title='bbox 1701 4392 2063 4448; x_wconf 89' lang='lat' dir='ltr'><strong>vendiderunt</strong></span> 
     </span>
    </p>
   </div>
   <div class='ocr_carea' id='block_1_62' title="bbox 2249 1915 3741 1989">
    <p class='ocr_par' dir='ltr' id='par_1_62' title="bbox 2249 1915 3741 1989">
     <span class='ocr_line' id='line_1_62' title="bbox 2249 1915 3741 1989; baseline -0.002 -17"><span class='ocrx_word' id='word_1_454' title='bbox 2249 1920 2305 1975; x_wconf 77' lang='lat'><strong>5.</strong></span> <span class='ocrx_word' id='word_1_455' title='bbox 2368 1917 2497 1973; x_wconf 87' lang='lat' dir='ltr'><strong>Post</strong></span> <span class='ocrx_word' id='word_1_456' title='bbox 2525 1917 2641 1971; x_wconf 75' lang='lat' dir='ltr'><strong>hzcc</strong></span> <span class='ocrx_word' id='word_1_457' title='bbox 2692 1918 2941 1985; x_wconf 88' lang='lat' dir='ltr'><strong>sequitur</strong></span> <span class='ocrx_word' id='word_1_458' title='bbox 2973 1934 2987 1970; x_wconf 89' lang='lat'><strong>:</strong></span> <span class='ocrx_word' id='word_1_459' title='bbox 3024 1915 3422 1980; x_wconf 82' lang='lat' dir='ltr'><strong>Vendiderunt,</strong></span> <span class='ocrx_word' id='word_1_460' title='bbox 3472 1917 3646 1989; x_wconf 87' lang='lat' dir='ltr'><strong>inquit</strong></span> <span class='ocrx_word' id='word_1_461' title='bbox 3674 1917 3741 1981; x_wconf 67' lang='grc' dir='ltr'><strong>ι’,</strong></span> 
     </span>
    </p>
   </div>
   <div class='ocr_carea' id='block_1_63' title="bbox 2179 2007 3748 2079">
    <p class='ocr_par' dir='ltr' id='par_1_63' title="bbox 2179 2007 3748 2079">
     <span class='ocr_line' id='line_1_63' title="bbox 2179 2007 3748 2079; baseline 0.002 -16"><span class='ocrx_word' id='word_1_462' title='bbox 2179 2009 2421 2079; x_wconf 65' lang='grc' dir='ltr'><strong>λΕρξιριὶἱ</strong></span> <span class='ocrx_word' id='word_1_463' title='bbox 2467 2018 2658 2063; x_wconf 87' lang='lat' dir='ltr'><strong>terram</strong></span> <span class='ocrx_word' id='word_1_464' title='bbox 2690 2024 2844 2063; x_wconf 88' lang='lat' dir='ltr'><strong>suam</strong></span> <span class='ocrx_word' id='word_1_465' title='bbox 2883 2007 3185 2074; x_wconf 83' lang='lat' dir='ltr'><strong>Pharaoni;</strong></span> <span class='ocrx_word' id='word_1_466' title='bbox 3221 2010 3443 2063; x_wconf 81' lang='lat' dir='ltr'><strong>obtinuit</strong></span> <span class='ocrx_word' id='word_1_467' title='bbox 3474 2013 3610 2064; x_wconf 83' lang='lat' dir='ltr'><strong>enim</strong></span> <span class='ocrx_word' id='word_1_468' title='bbox 3662 2028 3748 2066; x_wconf 84' lang='lat' dir='ltr'><strong>eos</strong></span> 
     </span>
    </p>
   </div>
   <div class='ocr_carea' id='block_1_64' title="bbox 2179 2101 3749 2175">
    <p class='ocr_par' dir='ltr' id='par_1_64' title="bbox 2179 2101 3749 2175">
     <span class='ocr_line' id='line_1_64' title="bbox 2179 2101 3749 2175; baseline 0.002 -21"><span class='ocrx_word' id='word_1_469' title='bbox 2179 2101 2364 2171; x_wconf 82' lang='lat' dir='ltr'><strong>fames.</strong></span> <span class='ocrx_word' id='word_1_470' title='bbox 2396 2101 2730 2170; x_wconf 76' lang='lat' dir='ltr'><strong>Vituperatio</strong></span> <span class='ocrx_word' id='word_1_471' title='bbox 2757 2103 2888 2157; x_wconf 91' lang='lat' dir='ltr'><strong>mihi</strong></span> <span class='ocrx_word' id='word_1_472' title='bbox 2914 2103 3127 2158; x_wconf 89' lang='lat' dir='ltr'><strong>videtur</strong></span> <span class='ocrx_word' id='word_1_473' title='bbox 3153 2114 3209 2159; x_wconf 90' lang='lat' dir='ltr'><strong>et</strong></span> <span class='ocrx_word' id='word_1_474' title='bbox 3249 2104 3302 2157; x_wconf 95' lang='lat' dir='ltr'><strong>in</strong></span> <span class='ocrx_word' id='word_1_475' title='bbox 3337 2103 3749 2175; x_wconf 64' lang='lat' dir='ltr'><strong>hoc&#39;Egyptio-</strong></span> 
     </span>
    </p>
   </div>
   <div class='ocr_carea' id='block_1_65' title="bbox 2175 2193 3747 2262">
    <p class='ocr_par' dir='ltr' id='par_1_65' title="bbox 2175 2193 3747 2262">
     <span class='ocr_line' id='line_1_65' title="bbox 2175 2193 3747 2262; baseline -0.001 -12"><span class='ocrx_word' id='word_1_476' title='bbox 2175 2212 2294 2250; x_wconf 90' lang='lat' dir='ltr'><strong>rum</strong></span> <span class='ocrx_word' id='word_1_477' title='bbox 2322 2195 2611 2249; x_wconf 86' lang='lat' dir='ltr'><strong>contineri.</strong></span> <span class='ocrx_word' id='word_1_478' title='bbox 2636 2193 2751 2248; x_wconf 85' lang='lat' dir='ltr'><strong>Non</strong></span> <span class='ocrx_word' id='word_1_479' title='bbox 2782 2197 2927 2250; x_wconf 90' lang='lat' dir='ltr'><strong>enim</strong></span> <span class='ocrx_word' id='word_1_480' title='bbox 2954 2195 3109 2250; x_wconf 82' lang='lat' dir='ltr'><strong>facile</strong></span> <span class='ocrx_word' id='word_1_481' title='bbox 3134 2196 3199 2248; x_wconf 91' lang='lat' dir='ltr'><strong>de</strong></span> <span class='ocrx_word' id='word_1_482' title='bbox 3229 2193 3469 2250; x_wconf 60' lang='lat' dir='ltr'><strong>Hebraeis</strong></span> <span class='ocrx_word' id='word_1_483' title='bbox 3487 2196 3747 2262; x_wconf 86' lang='lat' dir='ltr'><strong>scriptum</strong></span> 
     </span>
    </p>
   </div>
   <div class='ocr_carea' id='block_1_66' title="bbox 2176 2287 3744 2359">
    <p class='ocr_par' dir='ltr' id='par_1_66' title="bbox 2176 2287 3744 2359">
     <span class='ocr_line' id='line_1_66' title="bbox 2176 2287 3744 2359; baseline -0.003 -16"><span class='ocrx_word' id='word_1_484' title='bbox 2176 2291 2439 2358; x_wconf 84' lang='lat' dir='ltr'><strong>invenies,</strong></span> <span class='ocrx_word' id='word_1_485' title='bbox 2500 2292 2625 2359; x_wconf 91' lang='lat' dir='ltr'><strong>quia</strong></span> <span class='ocrx_word' id='word_1_486' title='bbox 2690 2290 2929 2344; x_wconf 88' lang='lat' dir='ltr'><strong>obtinuit</strong></span> <span class='ocrx_word' id='word_1_487' title='bbox 2989 2303 3085 2343; x_wconf 89' lang='lat' dir='ltr'><strong>eos</strong></span> <span class='ocrx_word' id='word_1_488' title='bbox 3137 2287 3328 2343; x_wconf 76' lang='lat' dir='ltr'><strong>fatuas.</strong></span> <span class='ocrx_word' id='word_1_489' title='bbox 3397 2287 3556 2342; x_wconf 85' lang='lat' dir='ltr'><strong>Licet</strong></span> <span class='ocrx_word' id='word_1_490' title='bbox 3603 2288 3744 2341; x_wconf 90' lang='lat' dir='ltr'><strong>enim</strong></span> 
     </span>
    </p>
   </div>
   <div class='ocr_carea' id='block_1_67' title="bbox 2176 2379 3747 2452">
    <p class='ocr_par' dir='ltr' id='par_1_67' title="bbox 2176 2379 3747 2452">
     <span class='ocr_line' id='line_1_67' title="bbox 2176 2379 3747 2452; baseline -0.004 -16"><span class='ocrx_word' id='word_1_491' title='bbox 2176 2383 2435 2452; x_wconf 84' lang='lat' dir='ltr'><strong>scriptum</strong></span> <span class='ocrx_word' id='word_1_492' title='bbox 2477 2384 2569 2449; x_wconf 88' lang='lat' dir='ltr'><strong>sit,</strong></span> <span class='ocrx_word' id='word_1_493' title='bbox 2630 2384 2774 2449; x_wconf 90' lang='lat' dir='ltr'><strong>quod</strong></span> <span class='ocrx_word' id='word_1_494' title='bbox 2829 2380 3057 2435; x_wconf 88' lang='lat' dir='ltr'><strong>invaluit</strong></span> <span class='ocrx_word' id='word_1_495' title='bbox 3101 2379 3273 2435; x_wconf 85' lang='lat' dir='ltr'><strong>fames</strong></span> <span class='ocrx_word' id='word_1_496' title='bbox 3314 2393 3476 2449; x_wconf 86' lang='lat' dir='ltr'><strong>super</strong></span> <span class='ocrx_word' id='word_1_497' title='bbox 3522 2387 3747 2443; x_wconf 88' lang='lat' dir='ltr'><strong>terram,</strong></span> 
     </span>
    </p>
   </div>
   <div class='ocr_carea' id='block_1_68' title="bbox 2177 2470 3747 2545">
    <p class='ocr_par' dir='ltr' id='par_1_68' title="bbox 2177 2470 3747 2545">
     <span class='ocr_line' id='line_1_68' title="bbox 2177 2470 3747 2545; baseline -0.004 -16"><span class='ocrx_word' id='word_1_498' title='bbox 2177 2493 2280 2530; x_wconf 92' lang='lat' dir='ltr'><strong>non</strong></span> <span class='ocrx_word' id='word_1_499' title='bbox 2336 2486 2512 2530; x_wconf 89' lang='lat' dir='ltr'><strong>tamen</strong></span> <span class='ocrx_word' id='word_1_500' title='bbox 2576 2477 2839 2545; x_wconf 89' lang='lat' dir='ltr'><strong>scriptum</strong></span> <span class='ocrx_word' id='word_1_501' title='bbox 2896 2485 3020 2540; x_wconf 90' lang='lat' dir='ltr'><strong>est,</strong></span> <span class='ocrx_word' id='word_1_502' title='bbox 3073 2474 3213 2545; x_wconf 90' lang='lat' dir='ltr'><strong>quod</strong></span> <span class='ocrx_word' id='word_1_503' title='bbox 3270 2471 3505 2529; x_wconf 89' lang='lat' dir='ltr'><strong>obtinuit</strong></span> <span class='ocrx_word' id='word_1_504' title='bbox 3573 2470 3747 2523; x_wconf 84' lang='lat' dir='ltr'><strong>fames</strong></span> 
     </span>
    </p>
   </div>
   <div class='ocr_carea' id='block_1_69' title="bbox 2172 2563 3747 2638">
    <p class='ocr_par' dir='ltr' id='par_1_69' title="bbox 2172 2563 3747 2638">
     <span class='ocr_line' id='line_1_69' title="bbox 2172 2563 3747 2638; baseline -0.005 -16"><span class='ocrx_word' id='word_1_505' title='bbox 2172 2567 2362 2634; x_wconf 77' lang='lat' dir='ltr'><strong>Iacob,</strong></span> <span class='ocrx_word' id='word_1_506' title='bbox 2417 2578 2510 2622; x_wconf 87' lang='lat' dir='ltr'><strong>aut</strong></span> <span class='ocrx_word' id='word_1_507' title='bbox 2538 2568 2680 2623; x_wconf 85' lang='lat' dir='ltr'><strong>filios</strong></span> <span class='ocrx_word' id='word_1_508' title='bbox 2722 2567 2880 2638; x_wconf 87' lang='lat' dir='ltr'><strong>ejus,</strong></span> <span class='ocrx_word' id='word_1_509' title='bbox 2915 2568 3058 2623; x_wconf 88' lang='lat' dir='ltr'><strong>sicut</strong></span> <span class='ocrx_word' id='word_1_510' title='bbox 3102 2568 3167 2623; x_wconf 91' lang='lat' dir='ltr'><strong>de</strong></span> <span class='ocrx_word' id='word_1_511' title='bbox 3213 2564 3492 2638; x_wconf 67' lang='lat' dir='ltr'><strong>Egyptiis</strong></span> <span class='ocrx_word' id='word_1_512' title='bbox 3542 2563 3747 2618; x_wconf 89' lang='lat' dir='ltr'><strong>dicitur</strong></span> 
     </span>
    </p>
   </div>
   <div class='ocr_carea' id='block_1_70' title="bbox 2173 2655 3745 2730">
    <p class='ocr_par' dir='ltr' id='par_1_70' title="bbox 2173 2655 3745 2730">
     <span class='ocr_line' id='line_1_70' title="bbox 2173 2655 3745 2730; baseline -0.003 -17"><span class='ocrx_word' id='word_1_513' title='bbox 2173 2663 2315 2730; x_wconf 83' lang='lat' dir='ltr'><strong>quod</strong></span> <span class='ocrx_word' id='word_1_514' title='bbox 2368 2660 2603 2715; x_wconf 81' lang='lat' dir='ltr'><strong>obtinuit</strong></span> <span class='ocrx_word' id='word_1_515' title='bbox 2646 2666 2743 2715; x_wconf 88' lang='lat' dir='ltr'><strong>eos</strong></span> <span class='ocrx_word' id='word_1_516' title='bbox 2796 2658 2989 2714; x_wconf 79' lang='lat' dir='ltr'><strong>fames.</strong></span> <span class='ocrx_word' id='word_1_517' title='bbox 3059 2658 3319 2726; x_wconf 86' lang='lat' dir='ltr'><strong>Quamvis</strong></span> <span class='ocrx_word' id='word_1_518' title='bbox 3358 2658 3502 2712; x_wconf 90' lang='lat' dir='ltr'><strong>enim</strong></span> <span class='ocrx_word' id='word_1_519' title='bbox 3565 2655 3745 2709; x_wconf 76' lang='lat' dir='ltr'><strong>veniat</strong></span> 
     </span>
    </p>
   </div>
   <div class='ocr_carea' id='block_1_71' title="bbox 2172 2748 3739 2819">
    <p class='ocr_par' dir='ltr' id='par_1_71' title="bbox 2172 2748 3739 2819">
     <span class='ocr_line' id='line_1_71' title="bbox 2172 2748 3739 2819; baseline -0.006 -13"><span class='ocrx_word' id='word_1_520' title='bbox 2172 2754 2334 2807; x_wconf 89' lang='lat' dir='ltr'><strong>etiam</strong></span> <span class='ocrx_word' id='word_1_521' title='bbox 2387 2753 2451 2806; x_wconf 90' lang='lat' dir='ltr'><strong>ad</strong></span> <span class='ocrx_word' id='word_1_522' title='bbox 2498 2751 2675 2819; x_wconf 84' lang='lat' dir='ltr'><strong>justos</strong></span> <span class='ocrx_word' id='word_1_523' title='bbox 2720 2751 2929 2817; x_wconf 84' lang='lat' dir='ltr'><strong>fames,</strong></span> <span class='ocrx_word' id='word_1_524' title='bbox 2989 2765 3095 2805; x_wconf 91' lang='lat' dir='ltr'><strong>non</strong></span> <span class='ocrx_word' id='word_1_525' title='bbox 3136 2758 3315 2804; x_wconf 90' lang='lat' dir='ltr'><strong>tamen</strong></span> <span class='ocrx_word' id='word_1_526' title='bbox 3366 2748 3575 2801; x_wconf 91' lang='lat' dir='ltr'><strong>obtinet</strong></span> <span class='ocrx_word' id='word_1_527' title='bbox 3614 2760 3739 2809; x_wconf 84' lang='lat' dir='ltr'><strong>eos;</strong></span> 
     </span>
    </p>
   </div>
   <div class='ocr_carea' id='block_1_72' title="bbox 2173 2838 3742 2916">
    <p class='ocr_par' dir='ltr' id='par_1_72' title="bbox 2173 2838 3742 2916">
     <span class='ocr_line' id='line_1_72' title="bbox 2173 2838 3742 2916; baseline -0.005 -16"><span class='ocrx_word' id='word_1_528' title='bbox 2173 2856 2393 2916; x_wconf 88' lang='lat' dir='ltr'><strong>propter</strong></span> <span class='ocrx_word' id='word_1_529' title='bbox 2412 2845 2554 2914; x_wconf 87' lang='lat' dir='ltr'><strong>quod</strong></span> <span class='ocrx_word' id='word_1_530' title='bbox 2583 2853 2637 2899; x_wconf 88' lang='lat' dir='ltr'><strong>et</strong></span> <span class='ocrx_word' id='word_1_531' title='bbox 2670 2844 2975 2913; x_wconf 90' lang='lat' dir='ltr'><strong>gloriantur</strong></span> <span class='ocrx_word' id='word_1_532' title='bbox 2997 2844 3048 2897; x_wconf 92' lang='lat' dir='ltr'><strong>in</strong></span> <span class='ocrx_word' id='word_1_533' title='bbox 3084 2857 3169 2908; x_wconf 90' lang='lat' dir='ltr'><strong>ea,</strong></span> <span class='ocrx_word' id='word_1_534' title='bbox 3194 2841 3335 2895; x_wconf 90' lang='lat' dir='ltr'><strong>sicut</strong></span> <span class='ocrx_word' id='word_1_535' title='bbox 3365 2838 3564 2894; x_wconf 85' lang='lat' dir='ltr'><strong>Paulus</strong></span> <span class='ocrx_word' id='word_1_536' title='bbox 3592 2839 3742 2892; x_wconf 87' lang='lat' dir='ltr'><strong>inve-</strong></span> 
     </span>
    </p>
   </div>
   <div class='ocr_carea' id='block_1_73' title="bbox 2174 2930 3738 3005">
    <p class='ocr_par' dir='ltr' id='par_1_73' title="bbox 2174 2930 3738 3005">
     <span class='ocr_line' id='line_1_73' title="bbox 2174 2930 3738 3005; baseline -0.004 -15"><span class='ocrx_word' id='word_1_537' title='bbox 2174 2938 2324 2991; x_wconf 85' lang='lat' dir='ltr'><strong>nitur</strong></span> <span class='ocrx_word' id='word_1_538' title='bbox 2351 2936 2585 2990; x_wconf 89' lang='lat' dir='ltr'><strong>libenter</strong></span> <span class='ocrx_word' id='word_1_539' title='bbox 2622 2935 2843 3005; x_wconf 88' lang='lat' dir='ltr'><strong>gloriari</strong></span> <span class='ocrx_word' id='word_1_540' title='bbox 2882 2935 2935 2987; x_wconf 90' lang='lat' dir='ltr'><strong>itt</strong></span> <span class='ocrx_word' id='word_1_541' title='bbox 2972 2931 3343 3001; x_wconf 86' lang='lat' dir='ltr'><strong>hujuscemodi</strong></span> <span class='ocrx_word' id='word_1_542' title='bbox 3377 2930 3738 2999; x_wconf 84' lang='lat' dir='ltr'><strong>passionibus,</strong></span> 
     </span>
    </p>
   </div>
   <div class='ocr_carea' id='block_1_74' title="bbox 2172 3021 3735 3095">
    <p class='ocr_par' dir='ltr' id='par_1_74' title="bbox 2172 3021 3735 3095">
     <span class='ocr_line' id='line_1_74' title="bbox 2172 3021 3735 3095; baseline -0.003 -15"><span class='ocrx_word' id='word_1_543' title='bbox 2172 3042 2294 3081; x_wconf 90' lang='lat' dir='ltr'><strong>cum</strong></span> <span class='ocrx_word' id='word_1_544' title='bbox 2316 3027 2451 3080; x_wconf 88' lang='lat' dir='ltr'><strong>dicit</strong></span> <span class='ocrx_word' id='word_1_545' title='bbox 2475 3026 2520 3058; x_wconf 73' lang='grc' dir='ltr'><strong><em>ὀ</em></strong></span> <span class='ocrx_word' id='word_1_546' title='bbox 2543 3044 2556 3080; x_wconf 90' lang='lat'><strong>:</strong></span> <span class='ocrx_word' id='word_1_547' title='bbox 2585 3025 2649 3079; x_wconf 85' lang='lat' dir='ltr'><strong>In</strong></span> <span class='ocrx_word' id='word_1_548' title='bbox 2678 3026 2840 3095; x_wconf 80' lang='lat' dir='ltr'><strong>fame,</strong></span> <span class='ocrx_word' id='word_1_549' title='bbox 2869 3035 2916 3078; x_wconf 87' lang='lat' dir='ltr'><strong>et</strong></span> <span class='ocrx_word' id='word_1_550' title='bbox 2941 3025 3057 3091; x_wconf 84' lang='lat' dir='ltr'><strong>siti,</strong></span> <span class='ocrx_word' id='word_1_551' title='bbox 3081 3033 3129 3078; x_wconf 85' lang='lat' dir='ltr'><strong>et</strong></span> <span class='ocrx_word' id='word_1_552' title='bbox 3163 3024 3380 3093; x_wconf 73' lang='lat' dir='ltr'><strong>frigore,</strong></span> <span class='ocrx_word' id='word_1_553' title='bbox 3403 3030 3449 3075; x_wconf 90' lang='lat' dir='ltr'><strong>et</strong></span> <span class='ocrx_word' id='word_1_554' title='bbox 3476 3021 3735 3075; x_wconf 78' lang='lat' dir='ltr'><strong>nuditate.</strong></span> 
     </span>
    </p>
   </div>
   <div class='ocr_carea' id='block_1_75' title="bbox 2170 3111 3740 3187">
    <p class='ocr_par' dir='ltr' id='par_1_75' title="bbox 2170 3111 3740 3187">
     <span class='ocr_line' id='line_1_75' title="bbox 2170 3111 3740 3187; baseline -0.003 -16"><span class='ocrx_word' id='word_1_555' title='bbox 2170 3118 2322 3186; x_wconf 81' lang='lat' dir='ltr'><strong>Quod</strong></span> <span class='ocrx_word' id='word_1_556' title='bbox 2340 3132 2469 3187; x_wconf 89' lang='lat' dir='ltr'><strong>ergo</strong></span> <span class='ocrx_word' id='word_1_557' title='bbox 2485 3117 2649 3185; x_wconf 85' lang='lat' dir='ltr'><strong>justis</strong></span> <span class='ocrx_word' id='word_1_558' title='bbox 2670 3116 2987 3172; x_wconf 77' lang='lat' dir='ltr'><strong>exercitium</strong></span> <span class='ocrx_word' id='word_1_559' title='bbox 3018 3112 3234 3167; x_wconf 88' lang='lat' dir='ltr'><strong>virtutis</strong></span> <span class='ocrx_word' id='word_1_560' title='bbox 3256 3123 3361 3175; x_wconf 89' lang='lat' dir='ltr'><strong>est,</strong></span> <span class='ocrx_word' id='word_1_561' title='bbox 3390 3112 3494 3168; x_wconf 89' lang='lat' dir='ltr'><strong>hoc</strong></span> <span class='ocrx_word' id='word_1_562' title='bbox 3523 3111 3740 3179; x_wconf 79' lang='lat' dir='ltr'><strong>iniustis</strong></span> 
     </span>
    </p>
   </div>
   <div class='ocr_carea' id='block_1_76' title="bbox 2172 3202 3737 3279">
    <p class='ocr_par' dir='ltr' id='par_1_76' title="bbox 2172 3202 3737 3279">
     <span class='ocr_line' id='line_1_76' title="bbox 2172 3202 3737 3279; baseline -0.005 -15"><span class='ocrx_word' id='word_1_563' title='bbox 2172 3224 2327 3279; x_wconf 73' lang='lat' dir='ltr'><strong>ptena</strong></span> <span class='ocrx_word' id='word_1_564' title='bbox 2354 3208 2560 3279; x_wconf 85' lang='lat' dir='ltr'><strong>peccati</strong></span> <span class='ocrx_word' id='word_1_565' title='bbox 2597 3217 2700 3263; x_wconf 84' lang='lat' dir='ltr'><strong>est.</strong></span> <span class='ocrx_word' id='word_1_566' title='bbox 2734 3207 2978 3275; x_wconf 87' lang='lat' dir='ltr'><strong>Denique</strong></span> <span class='ocrx_word' id='word_1_567' title='bbox 3011 3206 3173 3260; x_wconf 86' lang='lat' dir='ltr'><strong>etiam</strong></span> <span class='ocrx_word' id='word_1_568' title='bbox 3204 3204 3433 3258; x_wconf 67' lang='lat' dir='ltr'><strong>Abrahzn</strong></span> <span class='ocrx_word' id='word_1_569' title='bbox 3478 3202 3737 3271; x_wconf 85' lang='lat' dir='ltr'><strong>tempori-</strong></span> 
     </span>
    </p>
   </div>
   <div class='ocr_carea' id='block_1_77' title="bbox 2172 3286 3740 3371">
    <p class='ocr_par' dir='ltr' id='par_1_77' title="bbox 2172 3286 3740 3371">
     <span class='ocr_line' id='line_1_77' title="bbox 2172 3286 3740 3371; baseline -0.004 -17"><span class='ocrx_word' id='word_1_570' title='bbox 2172 3301 2271 3354; x_wconf 88' lang='lat' dir='ltr'><strong>bus</strong></span> <span class='ocrx_word' id='word_1_571' title='bbox 2304 3301 2564 3367; x_wconf 85' lang='lat' dir='ltr'><strong>seriptum</strong></span> <span class='ocrx_word' id='word_1_572' title='bbox 2607 3309 2692 3353; x_wconf 91' lang='lat' dir='ltr'><strong>est</strong></span> <span class='ocrx_word' id='word_1_573' title='bbox 2735 3300 2804 3362; x_wconf 82' lang='grc'><strong>⁹¹,</strong></span> <span class='ocrx_word' id='word_1_574' title='bbox 2847 3298 2993 3367; x_wconf 86' lang='lat' dir='ltr'><strong>quod</strong></span> <span class='ocrx_word' id='word_1_575' title='bbox 3043 3298 3186 3367; x_wconf 81' lang='lat' dir='ltr'><strong>facta</strong></span> <span class='ocrx_word' id='word_1_576' title='bbox 3238 3308 3313 3351; x_wconf 87' lang='lat' dir='ltr'><strong>est</strong></span> <span class='ocrx_word' id='word_1_577' title='bbox 3366 3286 3740 3371; x_wconf 35' lang='lat' dir='ltr'><strong>[anteslsttper</strong></span> 
     </span>
    </p>
   </div>
   <div class='ocr_carea' id='block_1_78' title="bbox 2170 3386 3738 3458">
    <p class='ocr_par' dir='ltr' id='par_1_78' title="bbox 2170 3386 3738 3458">
     <span class='ocr_line' id='line_1_78' title="bbox 2170 3386 3738 3458; baseline -0.006 -11"><span class='ocrx_word' id='word_1_578' title='bbox 2170 3410 2382 3457; x_wconf 83' lang='lat' dir='ltr'><strong>terram,</strong></span> <span class='ocrx_word' id='word_1_579' title='bbox 2413 3404 2461 3446; x_wconf 87' lang='lat' dir='ltr'><strong>et</strong></span> <span class='ocrx_word' id='word_1_580' title='bbox 2494 3392 2757 3446; x_wconf 83' lang='lat' dir='ltr'><strong>descendit</strong></span> <span class='ocrx_word' id='word_1_581' title='bbox 2801 3391 3064 3446; x_wconf 79' lang='lat' dir='ltr'><strong>Abraham</strong></span> <span class='ocrx_word' id='word_1_582' title='bbox 3096 3391 3151 3443; x_wconf 88' lang='lat' dir='ltr'><strong>in</strong></span> <span class='ocrx_word' id='word_1_583' title='bbox 3180 3387 3467 3458; x_wconf 73' lang='lat' dir='ltr'><strong>.Eggptum</strong></span> <span class='ocrx_word' id='word_1_584' title='bbox 3498 3386 3738 3438; x_wconf 80' lang='lat' dir='ltr'><strong>habitare</strong></span> 
     </span>
    </p>
   </div>
   <div class='ocr_carea' id='block_1_79' title="bbox 2168 3480 3737 3558">
    <p class='ocr_par' dir='ltr' id='par_1_79' title="bbox 2168 3480 3737 3558">
     <span class='ocr_line' id='line_1_79' title="bbox 2168 3480 3737 3558; baseline -0.007 -15"><span class='ocrx_word' id='word_1_585' title='bbox 2168 3490 2261 3552; x_wconf 87' lang='lat' dir='ltr'><strong>ibi,</strong></span> <span class='ocrx_word' id='word_1_586' title='bbox 2325 3488 2570 3558; x_wconf 83' lang='lat' dir='ltr'><strong>quoniam</strong></span> <span class='ocrx_word' id='word_1_587' title='bbox 2631 3485 2926 3539; x_wconf 76' lang='lat' dir='ltr'><strong>inualuerat</strong></span> <span class='ocrx_word' id='word_1_588' title='bbox 2969 3485 3133 3554; x_wconf 80' lang='lat' dir='ltr'><strong>fames</strong></span> <span class='ocrx_word' id='word_1_589' title='bbox 3188 3501 3345 3553; x_wconf 89' lang='lat' dir='ltr'><strong>super</strong></span> <span class='ocrx_word' id='word_1_590' title='bbox 3394 3492 3609 3537; x_wconf 88' lang='lat' dir='ltr'><strong>terram.</strong></span> <span class='ocrx_word' id='word_1_591' title='bbox 3672 3480 3737 3534; x_wconf 85' lang='lat' dir='ltr'><strong>Et</strong></span> 
     </span>
    </p>
   </div>
   <div class='ocr_carea' id='block_1_80' title="bbox 2170 3570 3734 3647">
    <p class='ocr_par' dir='ltr' id='par_1_80' title="bbox 2170 3570 3734 3647">
     <span class='ocr_line' id='line_1_80' title="bbox 2170 3570 3734 3647; baseline -0.007 -14"><span class='ocrx_word' id='word_1_592' title='bbox 2170 3581 2354 3647; x_wconf 89' lang='lat' dir='ltr'><strong>utique</strong></span> <span class='ocrx_word' id='word_1_593' title='bbox 2393 3578 2464 3643; x_wconf 88' lang='lat' dir='ltr'><strong>si,</strong></span> <span class='ocrx_word' id='word_1_594' title='bbox 2503 3588 2562 3630; x_wconf 91' lang='lat' dir='ltr'><strong>ut</strong></span> <span class='ocrx_word' id='word_1_595' title='bbox 2605 3576 2824 3646; x_wconf 86' lang='lat' dir='ltr'><strong>quidam</strong></span> <span class='ocrx_word' id='word_1_596' title='bbox 2861 3585 3070 3645; x_wconf 88' lang='lat' dir='ltr'><strong>putant,</strong></span> <span class='ocrx_word' id='word_1_597' title='bbox 3125 3577 3336 3629; x_wconf 84' lang='lat' dir='ltr'><strong>incaute</strong></span> <span class='ocrx_word' id='word_1_598' title='bbox 3378 3583 3434 3627; x_wconf 93' lang='lat' dir='ltr'><strong>et</strong></span> <span class='ocrx_word' id='word_1_599' title='bbox 3486 3570 3734 3641; x_wconf 84' lang='lat' dir='ltr'><strong>imperite</strong></span> 
     </span>
    </p>
   </div>
   <div class='ocr_carea' id='block_1_81' title="bbox 2168 3667 3734 3739">
    <p class='ocr_par' dir='ltr' id='par_1_81' title="bbox 2168 3667 3734 3739">
     <span class='ocr_line' id='line_1_81' title="bbox 2168 3667 3734 3739; baseline -0.01 -11"><span class='ocrx_word' id='word_1_600' title='bbox 2168 3683 2311 3729; x_wconf 90' lang='lat' dir='ltr'><strong>esset</strong></span> <span class='ocrx_word' id='word_1_601' title='bbox 2339 3687 2519 3728; x_wconf 89' lang='lat' dir='ltr'><strong>sermo</strong></span> <span class='ocrx_word' id='word_1_602' title='bbox 2549 3671 2847 3739; x_wconf 75' lang='lat' dir='ltr'><strong>Scriptura:</strong></span> <span class='ocrx_word' id='word_1_603' title='bbox 2875 3670 3070 3723; x_wconf 64' lang='lat' dir='ltr'><strong>divinae</strong></span> <span class='ocrx_word' id='word_1_604' title='bbox 3099 3667 3447 3735; x_wconf 86' lang='lat' dir='ltr'><strong>compositus.</strong></span> <span class='ocrx_word' id='word_1_605' title='bbox 3486 3670 3734 3731; x_wconf 89' lang='lat' dir='ltr'><strong>potuerat</strong></span> 
     </span>
    </p>
   </div>
   <div class='ocr_carea' id='block_1_82' title="bbox 2170 3755 3734 3835">
    <p class='ocr_par' dir='ltr' id='par_1_82' title="bbox 2170 3755 3734 3835">
     <span class='ocr_line' id='line_1_82' title="bbox 2170 3755 3734 3835; baseline -0.01 -13"><span class='ocrx_word' id='word_1_606' title='bbox 2170 3768 2370 3830; x_wconf 89' lang='lat' dir='ltr'><strong>dicere,</strong></span> <span class='ocrx_word' id='word_1_607' title='bbox 2402 3765 2545 3835; x_wconf 85' lang='lat' dir='ltr'><strong>quod</strong></span> <span class='ocrx_word' id='word_1_608' title='bbox 2570 3764 2849 3819; x_wconf 85' lang='lat' dir='ltr'><strong>descendit</strong></span> <span class='ocrx_word' id='word_1_609' title='bbox 2872 3760 3143 3816; x_wconf 78' lang='lat' dir='ltr'><strong>Abraham</strong></span> <span class='ocrx_word' id='word_1_610' title='bbox 3173 3759 3227 3813; x_wconf 90' lang='lat' dir='ltr'><strong>in</strong></span> <span class='ocrx_word' id='word_1_611' title='bbox 3262 3757 3553 3828; x_wconf 66' lang='lat' dir='ltr'><strong>Egyptum</strong></span> <span class='ocrx_word' id='word_1_612' title='bbox 3580 3755 3734 3809; x_wconf 82' lang='lat' dir='ltr'><strong>habi-</strong></span> 
     </span>
    </p>
   </div>
   <div class='ocr_carea' id='block_1_83' title="bbox 2169 3844 3731 3923">
    <p class='ocr_par' dir='ltr' id='par_1_83' title="bbox 2169 3844 3731 3923">
     <span class='ocr_line' id='line_1_83' title="bbox 2169 3844 3731 3923; baseline -0.008 -12"><span class='ocrx_word' id='word_1_613' title='bbox 2169 3866 2285 3911; x_wconf 90' lang='lat' dir='ltr'><strong>tare</strong></span> <span class='ocrx_word' id='word_1_614' title='bbox 2342 3857 2440 3918; x_wconf 89' lang='lat' dir='ltr'><strong>ibi.</strong></span> <span class='ocrx_word' id='word_1_615' title='bbox 2494 3856 2621 3923; x_wconf 87' lang='lat' dir='ltr'><strong>quia</strong></span> <span class='ocrx_word' id='word_1_616' title='bbox 2682 3852 2983 3907; x_wconf 87' lang='lat' dir='ltr'><strong>invaluerat</strong></span> <span class='ocrx_word' id='word_1_617' title='bbox 3012 3865 3176 3918; x_wconf 90' lang='lat' dir='ltr'><strong>super</strong></span> <span class='ocrx_word' id='word_1_618' title='bbox 3219 3864 3343 3905; x_wconf 90' lang='lat' dir='ltr'><strong>eum</strong></span> <span class='ocrx_word' id='word_1_619' title='bbox 3384 3848 3572 3902; x_wconf 86' lang='lat' dir='ltr'><strong>fames.</strong></span> <span class='ocrx_word' id='word_1_620' title='bbox 3626 3844 3731 3899; x_wconf 63' lang='lat' dir='ltr'><strong>Sed</strong></span> 
     </span>
    </p>
   </div>
   <div class='ocr_carea' id='block_1_84' title="bbox 2167 3937 3730 4013">
    <p class='ocr_par' dir='ltr' id='par_1_84' title="bbox 2167 3937 3730 4013">
     <span class='ocr_line' id='line_1_84' title="bbox 2167 3937 3730 4013; baseline -0.01 -13"><span class='ocrx_word' id='word_1_621' title='bbox 2167 3946 2378 4001; x_wconf 88' lang='lat' dir='ltr'><strong>intuere</strong></span> <span class='ocrx_word' id='word_1_622' title='bbox 2424 3952 2628 4013; x_wconf 82' lang='lat' dir='ltr'><strong>quanta</strong></span> <span class='ocrx_word' id='word_1_623' title='bbox 2671 3943 3027 3997; x_wconf 89' lang='lat' dir='ltr'><strong>distinctione</strong></span> <span class='ocrx_word' id='word_1_624' title='bbox 3056 3949 3237 3995; x_wconf 89' lang='lat' dir='ltr'><strong>utatur</strong></span> <span class='ocrx_word' id='word_1_625' title='bbox 3273 3953 3451 3994; x_wconf 91' lang='lat' dir='ltr'><strong>sermo</strong></span> <span class='ocrx_word' id='word_1_626' title='bbox 3496 3937 3730 3999; x_wconf 79' lang='lat' dir='ltr'><strong>divinus,</strong></span> 
     </span>
    </p>
   </div>
   <div class='ocr_carea' id='block_1_85' title="bbox 2166 4026 3733 4105">
    <p class='ocr_par' dir='ltr' id='par_1_85' title="bbox 2166 4026 3733 4105">
     <span class='ocr_line' id='line_1_85' title="bbox 2166 4026 3733 4105; baseline -0.006 -16"><span class='ocrx_word' id='word_1_627' title='bbox 2166 4045 2366 4105; x_wconf 87' lang='lat' dir='ltr'><strong>quanta</strong></span> <span class='ocrx_word' id='word_1_628' title='bbox 2392 4034 2623 4089; x_wconf 82' lang='lat' dir='ltr'><strong>cautela.</strong></span> <span class='ocrx_word' id='word_1_629' title='bbox 2652 4033 2784 4087; x_wconf 80' lang='lat' dir='ltr'><strong>Cum</strong></span> <span class='ocrx_word' id='word_1_630' title='bbox 2814 4033 2881 4088; x_wconf 90' lang='lat' dir='ltr'><strong>de</strong></span> <span class='ocrx_word' id='word_1_631' title='bbox 2913 4033 3123 4089; x_wconf 89' lang='lat' dir='ltr'><strong>sanctis</strong></span> <span class='ocrx_word' id='word_1_632' title='bbox 3154 4030 3342 4093; x_wconf 85' lang='lat' dir='ltr'><strong>refert,</strong></span> <span class='ocrx_word' id='word_1_633' title='bbox 3374 4030 3575 4084; x_wconf 89' lang='lat' dir='ltr'><strong>famem</strong></span> <span class='ocrx_word' id='word_1_634' title='bbox 3603 4026 3733 4080; x_wconf 85' lang='lat' dir='ltr'><strong>dicit</strong></span> 
     </span>
    </p>
   </div>
   <div class='ocr_carea' id='block_1_86' title="bbox 2166 4119 3731 4195">
    <p class='ocr_par' dir='ltr' id='par_1_86' title="bbox 2166 4119 3731 4195">
     <span class='ocr_line' id='line_1_86' title="bbox 2166 4119 3731 4195; baseline -0.005 -14"><span class='ocrx_word' id='word_1_635' title='bbox 2166 4126 2457 4182; x_wconf 85' lang='lat' dir='ltr'><strong>invaluisse</strong></span> <span class='ocrx_word' id='word_1_636' title='bbox 2482 4140 2646 4195; x_wconf 86' lang='lat' dir='ltr'><strong>super</strong></span> <span class='ocrx_word' id='word_1_637' title='bbox 2697 4133 2943 4190; x_wconf 86' lang='lat' dir='ltr'><strong>terram;</strong></span> <span class='ocrx_word' id='word_1_638' title='bbox 2998 4138 3119 4179; x_wconf 90' lang='lat' dir='ltr'><strong>cum</strong></span> <span class='ocrx_word' id='word_1_639' title='bbox 3172 4123 3239 4177; x_wconf 90' lang='lat' dir='ltr'><strong>de</strong></span> <span class='ocrx_word' id='word_1_640' title='bbox 3290 4120 3539 4189; x_wconf 88' lang='lat' dir='ltr'><strong>iujustis,</strong></span> <span class='ocrx_word' id='word_1_641' title='bbox 3583 4119 3731 4185; x_wconf 82' lang='lat' dir='ltr'><strong>ipsos</strong></span> 
     </span>
    </p>
   </div>
   <div class='ocr_carea' id='block_1_87' title="bbox 2164 4211 3732 4285">
    <p class='ocr_par' dir='ltr' id='par_1_87' title="bbox 2164 4211 3732 4285">
     <span class='ocr_line' id='line_1_87' title="bbox 2164 4211 3732 4285; baseline -0.006 -11"><span class='ocrx_word' id='word_1_642' title='bbox 2164 4219 2308 4274; x_wconf 91' lang='lat' dir='ltr'><strong>fame</strong></span> <span class='ocrx_word' id='word_1_643' title='bbox 2353 4219 2491 4272; x_wconf 80' lang='lat' dir='ltr'><strong>dixit</strong></span> <span class='ocrx_word' id='word_1_644' title='bbox 2522 4219 2791 4271; x_wconf 87' lang='lat' dir='ltr'><strong>obtentos.</strong></span> <span class='ocrx_word' id='word_1_645' title='bbox 2845 4214 3029 4285; x_wconf 86' lang='lat' dir='ltr'><strong>Neque</strong></span> <span class='ocrx_word' id='word_1_646' title='bbox 3068 4229 3197 4284; x_wconf 79' lang='lat' dir='ltr'><strong>ergo</strong></span> <span class='ocrx_word' id='word_1_647' title='bbox 3230 4211 3524 4275; x_wconf 87' lang='lat' dir='ltr'><strong>Abraham,</strong></span> <span class='ocrx_word' id='word_1_648' title='bbox 3555 4225 3732 4282; x_wconf 87' lang='lat' dir='ltr'><strong>neque</strong></span> 
     </span>
    </p>
   </div>
   <div class='ocr_carea' id='block_1_88' title="bbox 2162 4302 3726 4380">
    <p class='ocr_par' dir='ltr' id='par_1_88' title="bbox 2162 4302 3726 4380">
     <span class='ocr_line' id='line_1_88' title="bbox 2162 4302 3726 4380; baseline -0.006 -15"><span class='ocrx_word' id='word_1_649' title='bbox 2162 4310 2350 4373; x_wconf 81' lang='lat' dir='ltr'><strong>Iacob.</strong></span> <span class='ocrx_word' id='word_1_650' title='bbox 2386 4324 2558 4380; x_wconf 89' lang='lat' dir='ltr'><strong>neque</strong></span> <span class='ocrx_word' id='word_1_651' title='bbox 2584 4309 2719 4363; x_wconf 83' lang='lat' dir='ltr'><strong>filios</strong></span> <span class='ocrx_word' id='word_1_652' title='bbox 2752 4322 2939 4363; x_wconf 91' lang='lat' dir='ltr'><strong>eorum</strong></span> <span class='ocrx_word' id='word_1_653' title='bbox 2971 4306 3181 4360; x_wconf 87' lang='lat' dir='ltr'><strong>obtinet</strong></span> <span class='ocrx_word' id='word_1_654' title='bbox 3224 4303 3416 4358; x_wconf 86' lang='lat' dir='ltr'><strong>fatnes.</strong></span> <span class='ocrx_word' id='word_1_655' title='bbox 3465 4303 3567 4358; x_wconf 89' lang='lat' dir='ltr'><strong>Sed</strong></span> <span class='ocrx_word' id='word_1_656' title='bbox 3598 4312 3654 4357; x_wconf 90' lang='lat' dir='ltr'><strong>et</strong></span> <span class='ocrx_word' id='word_1_657' title='bbox 3682 4302 3726 4357; x_wconf 92' lang='lat' dir='ltr'><strong>si</strong></span> 
     </span>
    </p>
   </div>
   <div class='ocr_carea' id='block_1_89' title="bbox 2168 4391 3731 4468">
    <p class='ocr_par' dir='ltr' id='par_1_89' title="bbox 2168 4391 3731 4468">
     <span class='ocr_line' id='line_1_89' title="bbox 2168 4391 3731 4468; baseline -0.007 -10"><span class='ocrx_word' id='word_1_658' title='bbox 2168 4402 2488 4467; x_wconf 90' lang='lat' dir='ltr'><strong>invalescat,</strong></span> <span class='ocrx_word' id='word_1_659' title='bbox 2545 4414 2707 4468; x_wconf 90' lang='lat' dir='ltr'><strong>super</strong></span> <span class='ocrx_word' id='word_1_660' title='bbox 2757 4408 2956 4452; x_wconf 87' lang='lat' dir='ltr'><strong>terram</strong></span> <span class='ocrx_word' id='word_1_661' title='bbox 3009 4395 3206 4450; x_wconf 91' lang='lat' dir='ltr'><strong>dicitur</strong></span> <span class='ocrx_word' id='word_1_662' title='bbox 3256 4393 3613 4448; x_wconf 79' lang='lat' dir='ltr'><strong>invalescere.</strong></span> <span class='ocrx_word' id='word_1_663' title='bbox 3666 4391 3731 4447; x_wconf 82' lang='lat' dir='ltr'><strong>Et</strong></span> 
     </span>
    </p>
   </div>
   <div class='ocr_carea' id='block_1_90' title="bbox 493 4474 3727 4564">
    <p class='ocr_par' dir='ltr' id='par_1_90' title="bbox 493 4474 3727 4564">
     <span class='ocr_line' id='line_1_90' title="bbox 493 4474 3727 4564; baseline 0.003 -34"><span class='ocrx_word' id='word_1_664' title='bbox 493 4474 732 4545; x_wconf 59' lang='lat' dir='ltr'><strong>Atgyptii</strong></span> <span class='ocrx_word' id='word_1_665' title='bbox 766 4485 819 4530; x_wconf 91' lang='lat' dir='ltr'><strong>ct</strong></span> <span class='ocrx_word' id='word_1_666' title='bbox 853 4477 1226 4548; x_wconf 89' lang='lat' dir='ltr'><strong>possessiones</strong></span> <span class='ocrx_word' id='word_1_667' title='bbox 1254 4495 1403 4532; x_wconf 89' lang='lat' dir='ltr'><strong>suas.</strong></span> <span class='ocrx_word' id='word_1_668' title='bbox 1436 4479 1551 4534; x_wconf 89' lang='lat' dir='ltr'><strong>Non</strong></span> <span class='ocrx_word' id='word_1_669' title='bbox 1584 4497 1715 4553; x_wconf 91' lang='lat' dir='ltr'><strong>ergo</strong></span> <span class='ocrx_word' id='word_1_670' title='bbox 1741 4487 1806 4538; x_wconf 87' lang='lat' dir='ltr'><strong>ad</strong></span> <span class='ocrx_word' id='word_1_671' title='bbox 1838 4484 2056 4553; x_wconf 89' lang='lat' dir='ltr'><strong>dispeu-</strong></span> <span class='ocrx_word' id='word_1_672' title='bbox 2092 4481 2136 4537; x_wconf 88' lang='lat' dir='ltr'><strong>D</strong></span> <span class='ocrx_word' id='word_1_673' title='bbox 2168 4494 2499 4564; x_wconf 70' lang='lat' dir='ltr'><strong>temporibus</strong></span> <span class='ocrx_word' id='word_1_674' title='bbox 2527 4489 2674 4544; x_wconf 87' lang='lat' dir='ltr'><strong>Isaae</strong></span> <span class='ocrx_word' id='word_1_675' title='bbox 2704 4488 3058 4543; x_wconf 90' lang='lat' dir='ltr'><strong>nihilominus</strong></span> <span class='ocrx_word' id='word_1_676' title='bbox 3084 4485 3340 4555; x_wconf 89' lang='lat' dir='ltr'><strong>scriptum</strong></span> <span class='ocrx_word' id='word_1_677' title='bbox 3387 4491 3467 4537; x_wconf 86' lang='lat' dir='ltr'><strong>est</strong></span> <span class='ocrx_word' id='word_1_678' title='bbox 3505 4482 3572 4546; x_wconf 67' lang='grc' dir='ltr'><strong>η.</strong></span> <span class='ocrx_word' id='word_1_679' title='bbox 3601 4482 3727 4552; x_wconf 78' lang='lat' dir='ltr'><strong>quia</strong></span> 
     </span>
    </p>
   </div>
   <div class='ocr_carea' id='block_1_91' title="bbox 494 4566 3725 4656">
    <p class='ocr_par' dir='ltr' id='par_1_91' title="bbox 494 4566 3725 4656">
     <span class='ocr_line' id='line_1_91' title="bbox 494 4566 3725 4656; baseline 0.001 -34"><span class='ocrx_word' id='word_1_680' title='bbox 494 4578 704 4623; x_wconf 83' lang='lat' dir='ltr'><strong>sautem</strong></span> <span class='ocrx_word' id='word_1_681' title='bbox 730 4566 883 4635; x_wconf 87' lang='lat' dir='ltr'><strong>culpa</strong></span> <span class='ocrx_word' id='word_1_682' title='bbox 918 4566 1232 4643; x_wconf 81' lang='lat' dir='ltr'><strong>reﬂectitur,</strong></span> <span class='ocrx_word' id='word_1_683' title='bbox 1279 4570 1366 4624; x_wconf 91' lang='lat' dir='ltr'><strong>ubi</strong></span> <span class='ocrx_word' id='word_1_684' title='bbox 1413 4571 1572 4640; x_wconf 88' lang='lat' dir='ltr'><strong>digna</strong></span> <span class='ocrx_word' id='word_1_685' title='bbox 1618 4573 2055 4643; x_wconf 88' lang='lat' dir='ltr'><strong>dispensatorum</strong></span> <span class='ocrx_word' id='word_1_686' title='bbox 2156 4587 2298 4656; x_wconf 80' lang='lat' dir='ltr'><strong>facta</strong></span> <span class='ocrx_word' id='word_1_687' title='bbox 2348 4594 2423 4638; x_wconf 85' lang='lat' dir='ltr'><strong>est</strong></span> <span class='ocrx_word' id='word_1_688' title='bbox 2457 4583 2622 4650; x_wconf 82' lang='lat' dir='ltr'><strong>fames</strong></span> <span class='ocrx_word' id='word_1_689' title='bbox 2658 4597 2812 4649; x_wconf 84' lang='lat' dir='ltr'><strong>super</strong></span> <span class='ocrx_word' id='word_1_690' title='bbox 2854 4589 3082 4641; x_wconf 87' lang='lat' dir='ltr'><strong>terram,</strong></span> <span class='ocrx_word' id='word_1_691' title='bbox 3130 4588 3319 4646; x_wconf 65' lang='lat' dir='ltr'><strong>praeter</strong></span> <span class='ocrx_word' id='word_1_692' title='bbox 3358 4576 3500 4629; x_wconf 89' lang='lat' dir='ltr'><strong>illam</strong></span> <span class='ocrx_word' id='word_1_693' title='bbox 3531 4577 3725 4645; x_wconf 79' lang='lat' dir='ltr'><strong>[autem</strong></span> 
     </span>
    </p>
   </div>
   <div class='ocr_carea' id='block_1_92' title="bbox 493 4658 2061 4735">
    <p class='ocr_par' dir='ltr' id='par_1_92' title="bbox 493 4658 2061 4735">
     <span class='ocr_line' id='line_1_92' title="bbox 493 4658 2061 4735; baseline 0.008 -24"><span class='ocrx_word' id='word_1_694' title='bbox 493 4658 705 4713; x_wconf 89' lang='lat' dir='ltr'><strong>meritis</strong></span> <span class='ocrx_word' id='word_1_695' title='bbox 738 4658 1110 4726; x_wconf 82' lang='lat' dir='ltr'><strong>providentur.</strong></span> <span class='ocrx_word' id='word_1_696' title='bbox 1154 4658 1405 4716; x_wconf 84' lang='lat' dir='ltr'><strong>Invenies</strong></span> <span class='ocrx_word' id='word_1_697' title='bbox 1444 4664 1588 4717; x_wconf 89' lang='lat' dir='ltr'><strong>enim</strong></span> <span class='ocrx_word' id='word_1_698' title='bbox 1639 4665 1743 4720; x_wconf 85' lang='lat' dir='ltr'><strong>tale</strong></span> <span class='ocrx_word' id='word_1_699' title='bbox 1768 4667 1970 4735; x_wconf 90' lang='lat' dir='ltr'><strong>aliquid</strong></span> <span class='ocrx_word' id='word_1_700' title='bbox 2004 4678 2061 4724; x_wconf 86' lang='lat' dir='ltr'><strong>et</strong></span> 
     </span>
    </p>
   </div>
   <div class='ocr_carea' id='block_1_93' title="bbox 492 4746 2063 4830">
    <p class='ocr_par' dir='ltr' id='par_1_93' title="bbox 492 4746 2063 4830">
     <span class='ocr_line' id='line_1_93' title="bbox 492 4746 2063 4830; baseline 0.008 -27"><span class='ocrx_word' id='word_1_701' title='bbox 492 4766 520 4803; x_wconf 86' lang='lat' dir='ltr'><strong>a</strong></span> <span class='ocrx_word' id='word_1_702' title='bbox 550 4746 721 4805; x_wconf 87' lang='lat' dir='ltr'><strong>Paulo</strong></span> <span class='ocrx_word' id='word_1_703' title='bbox 750 4750 867 4805; x_wconf 71' lang='lat' dir='ltr'><strong>fieri</strong></span> <span class='ocrx_word' id='word_1_704' title='bbox 900 4750 968 4815; x_wconf 72' lang='lat' dir='ltr'><strong>&quot;t,</strong></span> <span class='ocrx_word' id='word_1_705' title='bbox 1003 4766 1127 4805; x_wconf 90' lang='lat' dir='ltr'><strong>cum</strong></span> <span class='ocrx_word' id='word_1_706' title='bbox 1159 4754 1225 4807; x_wconf 87' lang='lat' dir='ltr'><strong>ab</strong></span> <span class='ocrx_word' id='word_1_707' title='bbox 1249 4768 1314 4806; x_wconf 90' lang='lat' dir='ltr'><strong>eo</strong></span> <span class='ocrx_word' id='word_1_708' title='bbox 1346 4754 1411 4818; x_wconf 88' lang='lat' dir='ltr'><strong>is,</strong></span> <span class='ocrx_word' id='word_1_709' title='bbox 1447 4755 1535 4823; x_wconf 91' lang='lat' dir='ltr'><strong>qui</strong></span> <span class='ocrx_word' id='word_1_710' title='bbox 1570 4756 1920 4826; x_wconf 88' lang='lat' dir='ltr'><strong>semetipsum</strong></span> <span class='ocrx_word' id='word_1_711' title='bbox 1965 4776 2063 4830; x_wconf 88' lang='lat' dir='ltr'><strong>pro</strong></span> 
     </span>
    </p>
   </div>
   <div class='ocr_carea' id='block_1_94' title="bbox 490 4843 2063 4908">
    <p class='ocr_par' dir='ltr' id='par_1_94' title="bbox 490 4843 2063 4908">
     <span class='ocr_line' id='line_1_94' title="bbox 490 4843 2063 4908; baseline 0.005 -9"><span class='ocrx_word' id='word_1_712' title='bbox 490 4843 731 4899; x_wconf 75' lang='lat' dir='ltr'><strong>fmditate</strong></span> <span class='ocrx_word' id='word_1_713' title='bbox 785 4852 999 4899; x_wconf 86' lang='lat' dir='ltr'><strong>actuum</strong></span> <span class='ocrx_word' id='word_1_714' title='bbox 1048 4846 1322 4900; x_wconf 89' lang='lat' dir='ltr'><strong>consortio</strong></span> <span class='ocrx_word' id='word_1_715' title='bbox 1366 4854 1676 4901; x_wconf 88' lang='lat' dir='ltr'><strong>sanctorum</strong></span> <span class='ocrx_word' id='word_1_716' title='bbox 1733 4848 1865 4905; x_wconf 91' lang='lat' dir='ltr'><strong>fecit</strong></span> <span class='ocrx_word' id='word_1_717' title='bbox 1922 4852 2063 4908; x_wconf 88' lang='lat' dir='ltr'><strong>indi-</strong></span> 
     </span>
    </p>
   </div>
   <div class='ocr_carea' id='block_1_95' title="bbox 489 4936 2062 5013">
    <p class='ocr_par' dir='ltr' id='par_1_95' title="bbox 489 4936 2062 5013">
     <span class='ocr_line' id='line_1_95' title="bbox 489 4936 2062 5013; baseline 0.007 -22"><span class='ocrx_word' id='word_1_718' title='bbox 489 4953 679 5004; x_wconf 88' lang='lat' dir='ltr'><strong>gnum,</strong></span> <span class='ocrx_word' id='word_1_719' title='bbox 714 4939 946 4992; x_wconf 88' lang='lat' dir='ltr'><strong>traditur</strong></span> <span class='ocrx_word' id='word_1_720' title='bbox 966 4936 1181 4992; x_wconf 71' lang='lat' dir='ltr'><strong>Satante</strong></span> <span class='ocrx_word' id='word_1_721' title='bbox 1206 4978 1218 4998; x_wconf 91' lang='lat'><strong>,</strong></span> <span class='ocrx_word' id='word_1_722' title='bbox 1249 4950 1305 4989; x_wconf 92' lang='lat' dir='ltr'><strong>ut</strong></span> <span class='ocrx_word' id='word_1_723' title='bbox 1330 4938 1500 4992; x_wconf 84' lang='lat' dir='ltr'><strong>discat</strong></span> <span class='ocrx_word' id='word_1_724' title='bbox 1534 4955 1636 4995; x_wconf 90' lang='lat' dir='ltr'><strong>non</strong></span> <span class='ocrx_word' id='word_1_725' title='bbox 1674 4939 2062 5013; x_wconf 83' lang='lat' dir='ltr'><strong>blasphemare.</strong></span> 
     </span>
    </p>
   </div>
   <div class='ocr_carea' id='block_1_96' title="bbox 592 5076 1467 5134">
    <p class='ocr_par' dir='ltr' id='par_1_96' title="bbox 592 5076 1467 5134">
     <span class='ocr_line' id='line_1_96' title="bbox 592 5076 1467 5134; baseline -0.006 1"><span class='ocrx_word' id='word_1_726' title='bbox 592 5080 636 5112; x_wconf 78' lang='lat'><strong>“</strong></span> <span class='ocrx_word' id='word_1_727' title='bbox 662 5078 858 5134; x_wconf 86' lang='lat' dir='ltr'><strong>Geues.</strong></span> <span class='ocrx_word' id='word_1_728' title='bbox 888 5094 962 5133; x_wconf 87' lang='lat' dir='ltr'><strong>tx.</strong></span> <span class='ocrx_word' id='word_1_729' title='bbox 1075 5076 1120 5108; x_wconf 81' lang='grc'>⁸⁸</span> <span class='ocrx_word' id='word_1_730' title='bbox 1140 5076 1307 5130; x_wconf 70' lang='lat' dir='ltr'><strong>Exod.</strong></span> <span class='ocrx_word' id='word_1_731' title='bbox 1359 5092 1467 5130; x_wconf 84' lang='lat' dir='ltr'><strong>xxt.</strong></span> 
     </span>
    </p>
   </div>
   <div class='ocr_carea' id='block_1_97' title="bbox 487 5143 1646 5214">
    <p class='ocr_par' dir='ltr' id='par_1_97' title="bbox 487 5143 1646 5214">
     <span class='ocr_line' id='line_1_97' title="bbox 487 5143 1646 5214; baseline 0 -11"><span class='ocrx_word' id='word_1_732' title='bbox 487 5151 531 5183; x_wconf 70' lang='grc' dir='ltr'><strong>δ’</strong></span> <span class='ocrx_word' id='word_1_733' title='bbox 572 5150 769 5203; x_wconf 77' lang='lat' dir='ltr'><strong>Cenes.</strong></span> <span class='ocrx_word' id='word_1_734' title='bbox 810 5145 1085 5214; x_wconf 58' lang='lat' dir='ltr'><strong>mnﬂo.</strong></span> <span class='ocrx_word' id='word_1_735' title='bbox 1157 5146 1207 5177; x_wconf 83' lang='lat'><strong>’°</strong></span> <span class='ocrx_word' id='word_1_736' title='bbox 1231 5143 1270 5200; x_wconf 93' lang='lat' dir='ltr'><strong>ll</strong></span> <span class='ocrx_word' id='word_1_737' title='bbox 1293 5145 1417 5201; x_wconf 87' lang='lat' dir='ltr'><strong>Cor.</strong></span> <span class='ocrx_word' id='word_1_738' title='bbox 1452 5163 1525 5209; x_wconf 74' lang='grc' dir='ltr'><strong>χι.</strong></span> <span class='ocrx_word' id='word_1_739' title='bbox 1558 5147 1646 5203; x_wconf 70' lang='grc'><strong>27.</strong></span> 
     </span>
    </p>
   </div>
   <div class='ocr_carea' id='block_1_98' title="bbox 560 5266 2049 5342">
    <p class='ocr_par' dir='ltr' id='par_1_98' title="bbox 560 5266 2049 5342">
     <span class='ocr_line' id='line_1_98' title="bbox 560 5266 2049 5342; baseline 0.004 -19"><span class='ocrx_word' id='word_1_740' title='bbox 560 5267 636 5335; x_wconf 83' lang='grc'><strong>(5)</strong></span> <span class='ocrx_word' id='word_1_741' title='bbox 661 5267 754 5342; x_wconf 75' lang='lat' dir='ltr'><strong>Sic</strong></span> <span class='ocrx_word' id='word_1_742' title='bbox 782 5283 947 5332; x_wconf 89' lang='lat' dir='ltr'><strong>mss.;</strong></span> <span class='ocrx_word' id='word_1_743' title='bbox 977 5269 1105 5323; x_wconf 90' lang='lat' dir='ltr'><strong>editi</strong></span> <span class='ocrx_word' id='word_1_744' title='bbox 1140 5283 1286 5332; x_wconf 84' lang='lat' dir='ltr'><strong>vero,</strong></span> <span class='ocrx_word' id='word_1_745' title='bbox 1318 5266 1581 5339; x_wconf 60' lang='lat' dir='ltr'><strong>{Egyptite</strong></span> <span class='ocrx_word' id='word_1_746' title='bbox 1606 5272 1694 5340; x_wconf 84' lang='lat' dir='ltr'><strong>qui</strong></span> <span class='ocrx_word' id='word_1_747' title='bbox 1725 5288 1837 5325; x_wconf 74' lang='lat' dir='ltr'><strong>cum</strong></span> <span class='ocrx_word' id='word_1_748' title='bbox 1869 5286 2049 5342; x_wconf 83' lang='lat' dir='ltr'><strong>sponte</strong></span> 
     </span>
    </p>
   </div>
   <div class='ocr_carea' id='block_1_99' title="bbox 486 5340 845 5402">
    <p class='ocr_par' dir='ltr' id='par_1_99' title="bbox 486 5340 845 5402">
     <span class='ocr_line' id='line_1_99' title="bbox 486 5340 845 5402; baseline 0.008 -13"><span class='ocrx_word' id='word_1_749' title='bbox 486 5340 845 5402; x_wconf 80' lang='lat' dir='ltr'><strong>perdiderant.</strong></span> 
     </span>
    </p>
   </div>
   <div class='ocr_carea' id='block_1_100' title="bbox 559 5404 2047 5476">
    <p class='ocr_par' dir='ltr' id='par_1_100' title="bbox 559 5404 2047 5476">
     <span class='ocr_line' id='line_1_100' title="bbox 559 5404 2047 5476; baseline 0.003 -15"><span class='ocrx_word' id='word_1_750' title='bbox 559 5404 665 5476; x_wconf 90' lang='lat'><strong>(6)</strong></span> <span class='ocrx_word' id='word_1_751' title='bbox 698 5407 845 5461; x_wconf 71' lang='lat' dir='ltr'><strong>Alias</strong></span> <span class='ocrx_word' id='word_1_752' title='bbox 873 5407 1111 5475; x_wconf 85' lang='lat' dir='ltr'><strong>subegit,</strong></span> <span class='ocrx_word' id='word_1_753' title='bbox 1140 5409 1225 5461; x_wconf 85' lang='lat' dir='ltr'><strong>cui</strong></span> <span class='ocrx_word' id='word_1_754' title='bbox 1262 5424 1316 5460; x_wconf 87' lang='lat' dir='ltr'><strong>se</strong></span> <span class='ocrx_word' id='word_1_755' title='bbox 1345 5409 1554 5463; x_wconf 87' lang='lat' dir='ltr'><strong>animus</strong></span> <span class='ocrx_word' id='word_1_756' title='bbox 1591 5424 1682 5474; x_wconf 88' lang='lat' dir='ltr'><strong>per</strong></span> <span class='ocrx_word' id='word_1_757' title='bbox 1713 5413 2047 5465; x_wconf 81' lang='lat' dir='ltr'><strong>concordiam</strong></span> 
     </span>
    </p>
   </div>
   <div class='ocr_carea' id='block_1_101' title="bbox 489 5477 2053 5549">
    <p class='ocr_par' dir='ltr' id='par_1_101' title="bbox 489 5477 2053 5549">
     <span class='ocr_line' id='line_1_101' title="bbox 489 5477 2053 5549; baseline 0.006 -24"><span class='ocrx_word' id='word_1_758' title='bbox 489 5477 705 5549; x_wconf 75' lang='lat' dir='ltr'><strong>subdit,-</strong></span> <span class='ocrx_word' id='word_1_759' title='bbox 755 5487 810 5549; x_wconf 80' lang='lat' dir='ltr'><strong>at</strong></span> <span class='ocrx_word' id='word_1_760' title='bbox 851 5491 980 5530; x_wconf 86' lang='lat' dir='ltr'><strong>mss.</strong></span> <span class='ocrx_word' id='word_1_761' title='bbox 1034 5484 1092 5549; x_wconf 83' lang='lat' dir='ltr'><strong>ut</strong></span> <span class='ocrx_word' id='word_1_762' title='bbox 1133 5477 1183 5549; x_wconf 81' lang='lat' dir='ltr'><strong>in</strong></span> <span class='ocrx_word' id='word_1_763' title='bbox 1235 5491 1420 5531; x_wconf 87' lang='lat' dir='ltr'><strong>nostro</strong></span> <span class='ocrx_word' id='word_1_764' title='bbox 1476 5488 1647 5532; x_wconf 86' lang='lat' dir='ltr'><strong>textu.</strong></span> <span class='ocrx_word' id='word_1_765' title='bbox 1701 5477 1871 5534; x_wconf 89' lang='lat' dir='ltr'><strong>Paulo</strong></span> <span class='ocrx_word' id='word_1_766' title='bbox 1932 5491 2053 5549; x_wconf 91' lang='lat' dir='ltr'><strong>post</strong></span> 
     </span>
    </p>
   </div>
   <div class='ocr_carea' id='block_1_102' title="bbox 489 5545 2051 5616">
    <p class='ocr_par' dir='ltr' id='par_1_102' title="bbox 489 5545 2051 5616">
     <span class='ocr_line' id='line_1_102' title="bbox 489 5545 2051 5616; baseline 0.004 -20"><span class='ocrx_word' id='word_1_767' title='bbox 489 5545 641 5607; x_wconf 78' lang='lat' dir='ltr'><strong>editi.</strong></span> <span class='ocrx_word' id='word_1_768' title='bbox 686 5547 887 5616; x_wconf 12' lang='lat' dir='ltr'><strong>rcmlesti</strong></span> <span class='ocrx_word' id='word_1_769' title='bbox 957 5547 1273 5616; x_wconf 80' lang='lat' dir='ltr'><strong>cogitatione</strong></span> <span class='ocrx_word' id='word_1_770' title='bbox 1330 5549 1612 5611; x_wconf 82' lang='lat' dir='ltr'><strong>nobilitat;</strong></span> <span class='ocrx_word' id='word_1_771' title='bbox 1676 5564 1804 5603; x_wconf 77' lang='lat' dir='ltr'><strong>mss.</strong></span> <span class='ocrx_word' id='word_1_772' title='bbox 1860 5545 2051 5605; x_wconf 68' lang='lat' dir='ltr'><strong>caelesti</strong></span> 
     </span>
    </p>
   </div>
   <div class='ocr_carea' id='block_1_103' title="bbox 486 5615 1076 5681">
    <p class='ocr_par' dir='ltr' id='par_1_103' title="bbox 486 5615 1076 5681">
     <span class='ocr_line' id='line_1_103' title="bbox 486 5615 1076 5681; baseline 0.002 -14"><span class='ocrx_word' id='word_1_773' title='bbox 486 5615 792 5681; x_wconf 62' lang='lat' dir='ltr'><strong>cognatione</strong></span> <span class='ocrx_word' id='word_1_774' title='bbox 818 5615 1076 5677; x_wconf 56' lang='lat' dir='ltr'><strong>nobilita].</strong></span> 
     </span>
    </p>
   </div>
   <div class='ocr_carea' id='block_1_104' title="bbox 559 5676 2044 5752">
    <p class='ocr_par' dir='ltr' id='par_1_104' title="bbox 559 5676 2044 5752">
     <span class='ocr_line' id='line_1_104' title="bbox 559 5676 2044 5752; baseline 0.005 -21"><span class='ocrx_word' id='word_1_775' title='bbox 559 5676 635 5752; x_wconf 60' lang='lat' dir='ltr'><strong>l7)</strong></span> <span class='ocrx_word' id='word_1_776' title='bbox 672 5684 741 5736; x_wconf 76' lang='lat' dir='ltr'><strong>Ita</strong></span> <span class='ocrx_word' id='word_1_777' title='bbox 797 5700 961 5744; x_wconf 70' lang='lat' dir='ltr'><strong>mss.;</strong></span> <span class='ocrx_word' id='word_1_778' title='bbox 1012 5676 1141 5737; x_wconf 72' lang='lat' dir='ltr'><strong>alias</strong></span> <span class='ocrx_word' id='word_1_779' title='bbox 1196 5701 1340 5751; x_wconf 81' lang='lat' dir='ltr'><strong>vero,</strong></span> <span class='ocrx_word' id='word_1_780' title='bbox 1380 5676 1425 5738; x_wconf 78' lang='lat' dir='ltr'><strong>el</strong></span> <span class='ocrx_word' id='word_1_781' title='bbox 1457 5703 1570 5737; x_wconf 81' lang='lat' dir='ltr'><strong>cum</strong></span> <span class='ocrx_word' id='word_1_782' title='bbox 1604 5688 1771 5739; x_wconf 79' lang='lat' dir='ltr'><strong>omnis</strong></span> <span class='ocrx_word' id='word_1_783' title='bbox 1804 5689 1905 5740; x_wconf 83' lang='lat' dir='ltr'><strong>ista</strong></span> <span class='ocrx_word' id='word_1_784' title='bbox 1936 5705 2044 5741; x_wconf 76' lang='lat' dir='ltr'><strong>ser-</strong></span> 
     </span>
    </p>
   </div>
   <div class='ocr_carea' id='block_1_105' title="bbox 1576 5076 2338 5154">
    <p class='ocr_par' dir='ltr' id='par_1_105' title="bbox 1576 5076 2338 5154">
     <span class='ocr_line' id='line_1_105' title="bbox 1576 5076 2338 5154; baseline -0.008 -11"><span class='ocrx_word' id='word_1_785' title='bbox 1576 5076 1625 5154; x_wconf 75' lang='lat'><strong>_‘_‘_</strong></span> <span class='ocrx_word' id='word_1_786' title='bbox 1651 5077 1971 5154; x_wconf 63' lang='lat' dir='ltr'><strong>Joan._vm,</strong></span> <span class='ocrx_word' id='word_1_787' title='bbox 2011 5087 2097 5154; x_wconf 76' lang='lat' dir='ltr'><strong>st,</strong></span> <span class='ocrx_word' id='word_1_788' title='bbox 2127 5086 2338 5151; x_wconf 70' lang='lat'><strong>31,39.</strong></span> 
     </span>
    </p>
   </div>
   <div class='ocr_carea' id='block_1_106' title="bbox 1723 5150 2344 5221">
    <p class='ocr_par' dir='ltr' id='par_1_106' title="bbox 1723 5150 2344 5221">
     <span class='ocr_line' id='line_1_106' title="bbox 1723 5150 2344 5221; baseline 0.032 -20"><span class='ocrx_word' id='word_1_789' title='bbox 1723 5150 1765 5181; x_wconf 80' lang='grc'><strong>⁹¹</strong></span> <span class='ocrx_word' id='word_1_790' title='bbox 1806 5151 2001 5209; x_wconf 68' lang='lat' dir='ltr'><strong>Gentes.</strong></span> <span class='ocrx_word' id='word_1_791' title='bbox 2054 5150 2213 5220; x_wconf 39' lang='lat' dir='ltr'><strong>x&#39;vm,</strong></span> <span class='ocrx_word' id='word_1_792' title='bbox 2260 5158 2344 5221; x_wconf 78' lang='grc' dir='ltr'><strong>1οο</strong></span> 
     </span>
    </p>
   </div>
   <div class='ocr_carea' id='block_1_107' title="bbox 2159 4666 3725 4744">
    <p class='ocr_par' dir='ltr' id='par_1_107' title="bbox 2159 4666 3725 4744">
     <span class='ocr_line' id='line_1_107' title="bbox 2159 4666 3725 4744; baseline -0.006 -18"><span class='ocrx_word' id='word_1_793' title='bbox 2159 4676 2386 4744; x_wconf 84' lang='lat' dir='ltr'><strong>priorem</strong></span> <span class='ocrx_word' id='word_1_794' title='bbox 2409 4688 2527 4742; x_wconf 73' lang='lat' dir='ltr'><strong>qua:</strong></span> <span class='ocrx_word' id='word_1_795' title='bbox 2551 4671 2693 4739; x_wconf 78' lang='lat' dir='ltr'><strong>facta</strong></span> <span class='ocrx_word' id='word_1_796' title='bbox 2723 4680 2797 4723; x_wconf 88' lang='lat' dir='ltr'><strong>est</strong></span> <span class='ocrx_word' id='word_1_797' title='bbox 2823 4668 3139 4737; x_wconf 76' lang='lat' dir='ltr'><strong>temporibus</strong></span> <span class='ocrx_word' id='word_1_798' title='bbox 3167 4667 3411 4721; x_wconf 64' lang='lat' dir='ltr'><strong>Abrahae.</strong></span> <span class='ocrx_word' id='word_1_799' title='bbox 3436 4666 3491 4719; x_wconf 82' lang='lat' dir='ltr'><strong>lu</strong></span> <span class='ocrx_word' id='word_1_800' title='bbox 3519 4676 3725 4717; x_wconf 86' lang='lat' dir='ltr'><strong>tantum</strong></span> 
     </span>
    </p>
   </div>
   <div class='ocr_carea' id='block_1_108' title="bbox 2163 4757 3725 4829">
    <p class='ocr_par' dir='ltr' id='par_1_108' title="bbox 2163 4757 3725 4829">
     <span class='ocr_line' id='line_1_108' title="bbox 2163 4757 3725 4829; baseline -0.009 -9"><span class='ocrx_word' id='word_1_801' title='bbox 2163 4774 2342 4820; x_wconf 89' lang='lat' dir='ltr'><strong>autem</strong></span> <span class='ocrx_word' id='word_1_802' title='bbox 2379 4778 2482 4816; x_wconf 93' lang='lat' dir='ltr'><strong>non</strong></span> <span class='ocrx_word' id='word_1_803' title='bbox 2520 4770 2695 4829; x_wconf 82' lang='lat' dir='ltr'><strong>potest</strong></span> <span class='ocrx_word' id='word_1_804' title='bbox 2719 4762 2967 4813; x_wconf 86' lang='lat' dir='ltr'><strong>obtinere</strong></span> <span class='ocrx_word' id='word_1_805' title='bbox 3005 4758 3176 4812; x_wconf 85' lang='lat' dir='ltr'><strong>fames</strong></span> <span class='ocrx_word' id='word_1_806' title='bbox 3207 4758 3373 4819; x_wconf 73' lang='lat' dir='ltr'><strong>Isaac,</strong></span> <span class='ocrx_word' id='word_1_807' title='bbox 3402 4757 3627 4810; x_wconf 83' lang='lat' dir='ltr'><strong>utdicat</strong></span> <span class='ocrx_word' id='word_1_808' title='bbox 3661 4759 3725 4807; x_wconf 81' lang='lat' dir='ltr'><strong>ad</strong></span> 
     </span>
    </p>
   </div>
   <div class='ocr_carea' id='block_1_109' title="bbox 2162 4847 3725 4917">
    <p class='ocr_par' dir='ltr' id='par_1_109' title="bbox 2162 4847 3725 4917">
     <span class='ocr_line' id='line_1_109' title="bbox 2162 4847 3725 4917; baseline -0.01 -5"><span class='ocrx_word' id='word_1_809' title='bbox 2162 4873 2284 4913; x_wconf 89' lang='lat' dir='ltr'><strong>eum</strong></span> <span class='ocrx_word' id='word_1_810' title='bbox 2325 4855 2583 4909; x_wconf 88' lang='lat' dir='ltr'><strong>Dominus</strong></span> <span class='ocrx_word' id='word_1_811' title='bbox 2617 4870 2629 4903; x_wconf 93' lang='lat'><strong>:</strong></span> <span class='ocrx_word' id='word_1_812' title='bbox 2662 4849 2786 4905; x_wconf 86' lang='lat' dir='ltr'><strong>Noli</strong></span> <span class='ocrx_word' id='word_1_813' title='bbox 2829 4850 3140 4905; x_wconf 78' lang='lat' dir='ltr'><strong>descendere</strong></span> <span class='ocrx_word' id='word_1_814' title='bbox 3181 4851 3233 4901; x_wconf 90' lang='lat' dir='ltr'><strong>in</strong></span> <span class='ocrx_word' id='word_1_815' title='bbox 3282 4847 3596 4917; x_wconf 66' lang='lat' dir='ltr'><strong>zEgyptum,</strong></span> <span class='ocrx_word' id='word_1_816' title='bbox 3635 4848 3725 4898; x_wconf 85' lang='lat' dir='ltr'><strong>sed</strong></span> 
     </span>
    </p>
   </div>
   <div class='ocr_carea' id='block_1_110' title="bbox 2167 4938 3727 5009">
    <p class='ocr_par' dir='ltr' id='par_1_110' title="bbox 2167 4938 3727 5009">
     <span class='ocr_line' id='line_1_110' title="bbox 2167 4938 3727 5009; baseline -0.008 -10"><span class='ocrx_word' id='word_1_817' title='bbox 2167 4949 2346 5001; x_wconf 78' lang='lat' dir='ltr'><strong>habita</strong></span> <span class='ocrx_word' id='word_1_818' title='bbox 2375 4947 2427 4998; x_wconf 89' lang='lat' dir='ltr'><strong>in</strong></span> <span class='ocrx_word' id='word_1_819' title='bbox 2461 4957 2603 4998; x_wconf 87' lang='lat' dir='ltr'><strong>terra</strong></span> <span class='ocrx_word' id='word_1_820' title='bbox 2632 4955 2992 5009; x_wconf 85' lang='lat' dir='ltr'><strong>quamcunque</strong></span> <span class='ocrx_word' id='word_1_821' title='bbox 3027 4940 3296 4993; x_wconf 83' lang='lat' dir='ltr'><strong>ostendero</strong></span> <span class='ocrx_word' id='word_1_822' title='bbox 3328 4938 3460 5004; x_wconf 85' lang='lat' dir='ltr'><strong>tibi,</strong></span> <span class='ocrx_word' id='word_1_823' title='bbox 3494 4948 3541 4991; x_wconf 90' lang='lat' dir='ltr'><strong>et</strong></span> <span class='ocrx_word' id='word_1_824' title='bbox 3574 4938 3626 4989; x_wconf 83' lang='lat' dir='ltr'><strong>in</strong></span> <span class='ocrx_word' id='word_1_825' title='bbox 3666 4954 3727 4988; x_wconf 85' lang='lat' dir='ltr'><strong>ea</strong></span> 
     </span>
    </p>
   </div>
   <div class='ocr_carea' id='block_1_111' title="bbox 2450 5075 3718 5143">
    <p class='ocr_par' dir='ltr' id='par_1_111' title="bbox 2450 5075 3718 5143">
     <span class='ocr_line' id='line_1_111' title="bbox 2450 5075 3718 5143; baseline -0.005 -10"><span class='ocrx_word' id='word_1_826' title='bbox 2450 5083 2493 5114; x_wconf 82' lang='lat'><strong>&#39;&quot;</strong></span> <span class='ocrx_word' id='word_1_827' title='bbox 2529 5079 2706 5133; x_wconf 85' lang='lat' dir='ltr'><strong>lTim.</strong></span> <span class='ocrx_word' id='word_1_828' title='bbox 2759 5093 2796 5143; x_wconf 86' lang='lat' dir='ltr'><strong>t,</strong></span> <span class='ocrx_word' id='word_1_829' title='bbox 2828 5077 2917 5131; x_wconf 67' lang='grc' dir='ltr'><strong>ΞΟ.</strong></span> <span class='ocrx_word' id='word_1_830' title='bbox 3029 5076 3075 5110; x_wconf 80' lang='grc'>⁸⁸</span> <span class='ocrx_word' id='word_1_831' title='bbox 3099 5077 3312 5130; x_wconf 88' lang='lat' dir='ltr'><strong>Denter.</strong></span> <span class='ocrx_word' id='word_1_832' title='bbox 3384 5089 3555 5138; x_wconf 78' lang='lat' dir='ltr'><strong>xxxtl,</strong></span> <span class='ocrx_word' id='word_1_833' title='bbox 3585 5075 3637 5139; x_wconf 85' lang='lat'><strong>8,</strong></span> <span class='ocrx_word' id='word_1_834' title='bbox 3670 5078 3718 5129; x_wconf 89' lang='lat'><strong>9.</strong></span> 
     </span>
    </p>
   </div>
   <div class='ocr_carea' id='block_1_112' title="bbox 2462 5147 3109 5214">
    <p class='ocr_par' dir='ltr' id='par_1_112' title="bbox 2462 5147 3109 5214">
     <span class='ocr_line' id='line_1_112' title="bbox 2462 5147 3109 5214; baseline -0.008 -9"><span class='ocrx_word' id='word_1_835' title='bbox 2462 5152 2509 5184; x_wconf 83' lang='lat'><strong>&quot;</strong></span> <span class='ocrx_word' id='word_1_836' title='bbox 2539 5150 2734 5205; x_wconf 86' lang='lat' dir='ltr'><strong>Genes.</strong></span> <span class='ocrx_word' id='word_1_837' title='bbox 2768 5162 2914 5214; x_wconf 68' lang='lat' dir='ltr'><strong>xxvi,</strong></span> <span class='ocrx_word' id='word_1_838' title='bbox 2959 5147 3014 5213; x_wconf 75' lang='lat'><strong>2,</strong></span> <span class='ocrx_word' id='word_1_839' title='bbox 3054 5147 3109 5200; x_wconf 82' lang='grc'><strong>5.</strong></span> 
     </span>
    </p>
   </div>
   <div class='ocr_carea' id='block_1_113' title="bbox 2147 5266 3727 5337">
    <p class='ocr_par' dir='ltr' id='par_1_113' title="bbox 2147 5266 3727 5337">
     <span class='ocr_line' id='line_1_113' title="bbox 2147 5266 3727 5337; baseline -0.006 -6"><span class='ocrx_word' id='word_1_840' title='bbox 2147 5276 2279 5331; x_wconf 76' lang='lat' dir='ltr'><strong>ritus</strong></span> <span class='ocrx_word' id='word_1_841' title='bbox 2299 5309 2317 5328; x_wconf 88' lang='lat'><strong>.</strong></span> <span class='ocrx_word' id='word_1_842' title='bbox 2339 5312 2353 5327; x_wconf 94' lang='lat'><strong>.</strong></span> <span class='ocrx_word' id='word_1_843' title='bbox 2379 5311 2392 5327; x_wconf 94' lang='lat'><strong>.</strong></span> <span class='ocrx_word' id='word_1_844' title='bbox 2416 5312 2430 5326; x_wconf 94' lang='lat'><strong>.</strong></span> <span class='ocrx_word' id='word_1_845' title='bbox 2453 5313 2466 5326; x_wconf 95' lang='lat'><strong>.</strong></span> <span class='ocrx_word' id='word_1_846' title='bbox 2495 5311 2509 5325; x_wconf 95' lang='lat'><strong>.</strong></span> <span class='ocrx_word' id='word_1_847' title='bbox 2537 5286 2600 5325; x_wconf 72' lang='lat' dir='ltr'><strong>ea:</strong></span> <span class='ocrx_word' id='word_1_848' title='bbox 2629 5268 2826 5337; x_wconf 82' lang='lat' dir='ltr'><strong>peccati</strong></span> <span class='ocrx_word' id='word_1_849' title='bbox 2850 5268 3146 5320; x_wconf 87' lang='lat' dir='ltr'><strong>conditione</strong></span> <span class='ocrx_word' id='word_1_850' title='bbox 3171 5274 3429 5331; x_wconf 87' lang='lat' dir='ltr'><strong>suscepta,</strong></span> <span class='ocrx_word' id='word_1_851' title='bbox 3461 5282 3552 5331; x_wconf 77' lang='lat' dir='ltr'><strong>per</strong></span> <span class='ocrx_word' id='word_1_852' title='bbox 3589 5266 3727 5321; x_wconf 75' lang='lat' dir='ltr'><strong>hanc</strong></span> 
     </span>
    </p>
   </div>
   <div class='ocr_carea' id='block_1_114' title="bbox 2153 5337 3725 5411">
    <p class='ocr_par' dir='ltr' id='par_1_114' title="bbox 2153 5337 3725 5411">
     <span class='ocr_line' id='line_1_114' title="bbox 2153 5337 3725 5411; baseline -0.004 -15"><span class='ocrx_word' id='word_1_853' title='bbox 2153 5342 2489 5411; x_wconf 79' lang='lat' dir='ltr'><strong>temporalem</strong></span> <span class='ocrx_word' id='word_1_854' title='bbox 2548 5339 2867 5411; x_wconf 29' lang='lat' dir='ltr'><strong>seruitutem-</strong></span> <span class='ocrx_word' id='word_1_855' title='bbox 2899 5337 3247 5411; x_wconf 73' lang='lat' dir='ltr'><strong>signiﬁcatur,</strong></span> <span class='ocrx_word' id='word_1_856' title='bbox 3316 5338 3579 5411; x_wconf 71' lang='lat' dir='ltr'><strong>quomodo</strong></span> <span class='ocrx_word' id='word_1_857' title='bbox 3634 5355 3725 5401; x_wconf 77' lang='lat' dir='ltr'><strong>per</strong></span> 
     </span>
    </p>
   </div>
   <div class='ocr_carea' id='block_1_115' title="bbox 2156 5406 3725 5466">
    <p class='ocr_par' dir='ltr' id='par_1_115' title="bbox 2156 5406 3725 5466">
     <span class='ocr_line' id='line_1_115' title="bbox 2156 5406 3725 5466; baseline -0.005 -2"><span class='ocrx_word' id='word_1_858' title='bbox 2156 5406 2391 5466; x_wconf 80' lang='lat' dir='ltr'><strong>sanctum</strong></span> <span class='ocrx_word' id='word_1_859' title='bbox 2437 5413 2607 5464; x_wconf 79' lang='lat' dir='ltr'><strong>virum</strong></span> <span class='ocrx_word' id='word_1_860' title='bbox 2642 5409 2698 5461; x_wconf 84' lang='lat' dir='ltr'><strong>in</strong></span> <span class='ocrx_word' id='word_1_861' title='bbox 2737 5407 3032 5461; x_wconf 83' lang='lat' dir='ltr'><strong>servitutem</strong></span> <span class='ocrx_word' id='word_1_862' title='bbox 3075 5406 3243 5458; x_wconf 77' lang='lat' dir='ltr'><strong>omnis</strong></span> <span class='ocrx_word' id='word_1_863' title='bbox 3280 5414 3420 5456; x_wconf 80' lang='lat' dir='ltr'><strong>terra</strong></span> <span class='ocrx_word' id='word_1_864' title='bbox 3454 5407 3725 5459; x_wconf 76' lang='lat' dir='ltr'><strong>addicitur</strong></span> 
     </span>
    </p>
   </div>
   <div class='ocr_carea' id='block_1_116' title="bbox 2157 5480 2472 5536">
    <p class='ocr_par' dir='ltr' id='par_1_116' title="bbox 2157 5480 2472 5536">
     <span class='ocr_line' id='line_1_116' title="bbox 2157 5480 2472 5536; baseline -0.016 0"><span class='ocrx_word' id='word_1_865' title='bbox 2157 5483 2428 5536; x_wconf 81' lang='lat' dir='ltr'><strong>Pharaoni</strong></span> <span class='ocrx_word' id='word_1_866' title='bbox 2450 5480 2472 5531; x_wconf 71' lang='lat'><strong>.9</strong></span> 
     </span>
    </p>
   </div>
   <div class='ocr_carea' id='block_1_117' title="bbox 2229 5541 3721 5619">
    <p class='ocr_par' dir='ltr' id='par_1_117' title="bbox 2229 5541 3721 5619">
     <span class='ocr_line' id='line_1_117' title="bbox 2229 5541 3721 5619; baseline -0.009 -11"><span class='ocrx_word' id='word_1_867' title='bbox 2229 5552 2340 5619; x_wconf 89' lang='lat'><strong>(8)</strong></span> <span class='ocrx_word' id='word_1_868' title='bbox 2376 5548 2609 5604; x_wconf 88' lang='lat' dir='ltr'><strong>Consule</strong></span> <span class='ocrx_word' id='word_1_869' title='bbox 2644 5544 3024 5619; x_wconf 85' lang='lat' dir='ltr'><strong>clarissimum</strong></span> <span class='ocrx_word' id='word_1_870' title='bbox 3062 5541 3313 5598; x_wconf 80' lang='lat' dir='ltr'><strong>Huetium</strong></span> <span class='ocrx_word' id='word_1_871' title='bbox 3369 5541 3721 5611; x_wconf 83' lang='lat' dir='ltr'><strong>Origem&#39;ano-</strong></span> 
     </span>
    </p>
   </div>
   <div class='ocr_carea' id='block_1_118' title="bbox 2155 5615 3719 5685">
    <p class='ocr_par' dir='ltr' id='par_1_118' title="bbox 2155 5615 3719 5685">
     <span class='ocr_line' id='line_1_118' title="bbox 2155 5615 3719 5685; baseline -0.005 -14"><span class='ocrx_word' id='word_1_872' title='bbox 2155 5615 2267 5675; x_wconf 77' lang='lat' dir='ltr'><strong>runt</strong></span> <span class='ocrx_word' id='word_1_873' title='bbox 2295 5615 2431 5679; x_wconf 80' lang='lat' dir='ltr'><strong>libro</strong></span> <span class='ocrx_word' id='word_1_874' title='bbox 2453 5615 3145 5685; x_wconf 77' lang='lat' dir='ltr'><strong>secundo,qu:est.quiuta,</strong></span> <span class='ocrx_word' id='word_1_875' title='bbox 3165 5628 3315 5685; x_wconf 81' lang='lat' dir='ltr'><strong>num.</strong></span> <span class='ocrx_word' id='word_1_876' title='bbox 3334 5628 3445 5685; x_wconf 82' lang='lat' dir='ltr'><strong>sec.</strong></span> <span class='ocrx_word' id='word_1_877' title='bbox 3474 5624 3524 5666; x_wconf 86' lang='lat' dir='ltr'><strong>et</strong></span> <span class='ocrx_word' id='word_1_878' title='bbox 3544 5630 3719 5681; x_wconf 58' lang='grc' dir='ltr'><strong>δέσμῃ..</strong></span> 
     </span>
    </p>
   </div>
   <div class='ocr_carea' id='block_1_119' title="bbox 2152 5683 3719 5757">
    <p class='ocr_par' dir='ltr' id='par_1_119' title="bbox 2152 5683 3719 5757">
     <span class='ocr_line' id='line_1_119' title="bbox 2152 5683 3719 5757; baseline -0.004 -14"><span class='ocrx_word' id='word_1_879' title='bbox 2152 5692 2238 5744; x_wconf 90' lang='lat' dir='ltr'><strong>ubi</strong></span> <span class='ocrx_word' id='word_1_880' title='bbox 2259 5688 2542 5744; x_wconf 85' lang='lat' dir='ltr'><strong>ventilatur</strong></span> <span class='ocrx_word' id='word_1_881' title='bbox 2555 5683 2799 5757; x_wconf 78' lang='lat' dir='ltr'><strong>Origenis</strong></span> <span class='ocrx_word' id='word_1_882' title='bbox 2812 5684 3072 5738; x_wconf 75' lang='lat' dir='ltr'><strong>sententia</strong></span> <span class='ocrx_word' id='word_1_883' title='bbox 3092 5684 3151 5739; x_wconf 78' lang='lat' dir='ltr'><strong>de</strong></span> <span class='ocrx_word' id='word_1_884' title='bbox 3168 5683 3480 5737; x_wconf 55' lang='lat' dir='ltr'><strong>tutelat&#39;ihus</strong></span> <span class='ocrx_word' id='word_1_885' title='bbox 3499 5686 3719 5752; x_wconf 66' lang='grc' dir='ltr'><strong>ειιςεοιεὶε.</strong></span> 
     </span>
    </p>
   </div>
  </div>
