4122 6248
521 281 627 339 ’.39

1732 279 1799 332 IN
1835 278 2134 335 GENESIM
2177 277 2456 334 llOMlLlA
2493 276 2635 332 XVI.

3683 278 3791 332 330

518 397 724 461 habita,
758 405 806 450 et
847 411 942 464 ego
981 410 1068 448 ero
1105 401 1298 449 tecum.
1327 392 1637 449 Secundum
1668 393 1829 459 hanc,
1866 405 1926 448 ιιι
1953 396 2100 448 arbi-
2136 399 2181 454 Α
2213 394 2406 456 fames,
2435 409 2554 462 quae
2597 390 2900 445 invalescat
2947 406 3108 459 super
3143 391 3377 446 terram?
3409 390 3511 459 Qui
3539 392 3682 448 cnim
3719 397 3791 448 de

519 498 659 556 tror,
686 490 1079 543 observantiam
1099 487 1258 556 longe
1291 498 1411 557 post
1431 488 1531 541 ista
1558 497 1801 556 tempora
1829 487 2098 556 Propheta

522 581 734 634 dicebat
782 580 827 612 ”
865 577 1130 634 :Juvenis
1177 579 1295 648 fui,
1342 581 1531 633 etenim
1564 580 1731 641 senui,
1779 591 1826 631 et
1865 597 1966 632 non
1996 581 2102 632 vidi

518 671 714 743 justum
756 670 1085 734 derelictum,
1117 686 1208 724 nec
1255 687 1431 725 semen
1461 670 1574 736 eius
1606 688 1847 739 qumrens
1877 687 2097 739 panem.

521 764 586 816 Et
615 763 738 816 alibi
770 762 849 817 ’δε
880 763 1000 817 Non
1033 764 1230 816 occidet
1265 763 1520 817 Dominus
1547 776 1561 832 (
1585 764 1654 830 9)
1693 765 1835 833 fame
1867 767 2098 817 animum

514 855 669 924 justi.
701 855 774 908 Ex
801 855 999 923 quibus
1018 856 1271 910 omnibus
1302 856 1615 910 declaratur
1644 867 1844 909 terram
1881 857 2096 924 quidem

517 963 680 1019 posse
708 949 819 1015 pati
858 948 1081 1012 famem,
1107 957 1161 1003 et
1198 964 1293 1003 eos
1323 951 1413 1018 qui
1441 960 1654 1003 terrena
1682 949 1918 1016 sapiunt.
1955 949 2101 1016 Quo-

516 1055 632 1093 rum
682 1050 858 1093 autem
904 1040 1005 1095 iste
1051 1042 1206 1095 cibus
1252 1050 1372 1102 est,
1419 1051 1478 1093 ut
1524 1041 1725 1097 faciant
1767 1044 2097 1098 voluntatem

517 1131 693 1184 Patris
731 1132 820 1200 qui
861 1132 915 1184 in
949 1131 1105 1187 caelis
1140 1143 1260 1198 est,
1307 1139 1361 1186 et
1408 1145 1639 1202 quorum
1675 1135 1911 1189 animam
1945 1137 2100 1203 panis

515 1222 603 1275 ille
636 1221 752 1286 alit,
785 1222 879 1292 qui
914 1223 980 1277 de
1026 1225 1168 1278 ccelo
1203 1224 1518 1284 descendit,
1554 1241 1828 1293 nunquam
1872 1235 2100 1295 possunt

513 1310 674 1366 famis
735 1312 917 1367 inedia
971 1313 1241 1367 laborare.
1287 1313 1496 1369 Idcirco
1558 1330 1688 1383 ergo
1742 1317 2102 1371 observanter

514 1403 805 1473 Scriptura
833 1405 1019 1458 divina
1045 1421 1150 1458 non
1178 1406 1310 1458 dicit
1336 1420 1432 1459 eos
1465 1405 1610 1458 fame
1638 1406 1872 1460 obtineri
1902 1408 2102 1475 quibus

513 1499 663 1552 novit
702 1513 823 1553 esse
868 1500 1158 1552 scientiam
1201 1498 1319 1561 Dei,
1364 1507 1419 1552 et
1461 1499 1640 1552 cibum
1678 1500 1910 1555 caelestis
1953 1519 2100 1570 prte-

509 1589 626 1642 beri
683 1589 991 1658 sapientiae.
1047 1588 1154 1642 Sed
1205 1595 1259 1642 et
1317 1589 1368 1642 in
1417 1589 1578 1642 tertio
1611 1590 1919 1660 Regnorum
1960 1594 2098 1648 libro

509 1680 745 1735 similem
779 1680 846 1734 de
881 1680 1148 1734 relatione
1194 1680 1356 1735 famis
1407 1682 1646 1736 invenies
1691 1684 1927 1738 habitam
1970 1702 2094 1741 es<e

510 1770 803 1836 cautelam,
833 1770 920 1823 ubi
956 1785 1080 1824 eum
1114 1770 1284 1823 fames
1316 1770 1633 1825 invaluisset
1665 1789 1829 1842 super
1862 1785 2084 1842 terram,

515 1861 783 1915 dicentem
826 1863 978 1917 audis
1015 1862 1181 1915 Elian)
1213 1862 1278 1915 ad
1317 1861 1505 1917 Achab
1530 1865 1616 1918 "z
1654 1864 1787 1920 Vivit
1835 1867 2089 1924 Dominus

518 1951 657 2006 Deus
691 1955 960 2016 rirtutum,
999 1952 1140 2006 Deus
1180 1952 1372 2018 Israel,
1417 1957 1470 2008 in
1502 1957 1652 2026 cujus
1680 1973 1953 2025 conspectu
1985 1971 2087 2026 sto,

509 2045 636 2098 siin
692 2047 771 2099 Itis
821 2046 974 2099 annis
1030 2061 1114 2099 ros
1153 2045 1230 2100 vel
1255 2046 1436 2111 pluvia
1477 2049 1637 2117 fuerit
1678 2067 1838 2118 super
1871 2066 2089 2116 terram,

507 2138 614 2190 nisi
644 2153 735 2204 per
764 2153 1054 2191 sermonem
1086 2139 1193 2192 oris
1225 2141 1346 2193 mei.
1388 2140 1450 2193 Et
1491 2152 1609 2210 post
1642 2143 1759 2197 haec
1802 2145 2092 2199 mandatur

506 2238 535 2274 a
587 2221 812 2275 Domino
867 2225 1052 2278 corvis
1113 2234 1170 2278 ut
1229 2236 1455 2294 pascant
1512 2231 1874 2297 prophetam,
1932 2242 1988 2287 et
2034 2242 2093 2287 ut

504 2328 701 2382 aquam
749 2313 895 2368 bibat
939 2316 1005 2369 de
1047 2316 1206 2388 104
1256 2327 1495 2376 torrente
1542 2321 1773 2376 Corrath
1823 2323 1984 2396 (10).
2026 2325 2092 2380 Et

505 2403 702 2458 iterum
771 2406 822 2458 in
901 2405 1131 2475 Sarepta
1203 2408 1442 2464 Sidonia:
1514 2412 1809 2466 mandatur
1874 2413 2087 2470 mulieri

507 2491 682 2545 videre
740 2507 968 2560 pascere
1021 2497 1367 2565 prophetam,
1436 2508 1494 2553 ut
1553 2501 1638 2556 cui
1697 2519 1802 2557 non
1859 2505 2090 2574 amplius

503 2598 667 2652 quam
705 2585 866 2639 unius
908 2587 1017 2640 diei
1046 2599 1331 2656 supererat
1363 2591 1539 2646 victus
1564 2633 1578 2657 ,
1620 2592 1903 2664 largiendo
1937 2598 2092 2653 inde-

512 2675 700 2732 flciens
735 2678 908 2743 fieret,
937 2690 993 2737 et
1024 2680 1398 2750 multipliciter
1431 2685 1733 2739 abundaret
1761 2687 2086 2745 exhaustus.

504 2765 706 2838 llydria
768 2769 912 2823 enim
966 2771 1155 2826 farinae
1215 2782 1270 2827 et
1319 2789 1579 2844 capsaces
1630 2775 1733 2830 olei
1786 2781 2087 2836 secundum

501 2858 725 2912 verbum
770 2860 980 2916 Domini
1025 2878 1126 2916 non
1171 2864 1374 2918 defecit
1433 2868 1706 2935 pascendo
1749 2870 2087 2938 prophetam.

502 2951 713 3007 Similia
739 2968 957 3022 quoque
986 2957 1226 3012 invenies
1250 2957 1417 3012 etiam
1448 2959 1497 3012 in
1528 2962 1863 3029 temporibus
1888 2962 2088 3049 Elisaci,

2207 497 2353 542 terra
2407 496 2556 551 sunt,
2621 495 2674 538 et
2731 493 2944 536 terrena
3002 485 3236 550 sapiunt,
3286 493 3341 537 et
3390 500 3497 538 non
3563 496 3791 554 possunt

2206 578 2486 648 percipere
2520 593 2638 645 qua:
2672 585 2797 630 sunt
2841 575 3083 642 Spiritus
3112 575 3200 627 Dei
3222 611 3236 636 ,
3277 576 3472 630 famem
3500 578 3656 632 verbi
3693 576 3789 631 Dei

2203 669 2503 739 patiuntur,
2539 668 2668 738 legis
2703 668 2958 720 mandata
2994 680 3101 720 non
3138 666 3384 730 audiunt,
3417 670 3790 738 correptiones

2200 763 2584 832 prophetarum
2649 761 2941 822 nesciant,
2998 760 3331 828 apostolicas
3387 760 3790 816 consolationes

2204 857 2493 924 ignorant,
2539 870 2644 907 non
2688 853 2938 907 sentiunt
2985 852 3266 922 Evangelii
3325 852 3668 905 medicinam.
3725 853 3792 906 Et

2205 948 2324 1001 ideo
2370 950 2435 1001 de
2485 947 2571 1002 his
2622 947 2818 1000 merito
2868 945 3110 1008 dicitur,
3151 945 3292 1012 quod
3346 943 3578 997 invaluit
3618 945 3788 998 fames

2203 1055 2364 1107 super
2395 1053 2509 1092 eos.
2553 1037 2722 1090 Justis
2763 1045 2968 1099 autem,
3013 1045 3066 1090 et
3112 1038 3163 1090 in
3215 1036 3330 1104 lege
3367 1036 3583 1090 Domini
3617 1037 3787 1090 medio

2205 1131 2444 1185 tantibus
2480 1131 2565 1184 die
2607 1145 2669 1183 ac
2702 1138 2882 1191 nocte,
2917 1128 3184 1199 sapientia
3220 1135 3491 1196 praeparat
3544 1141 3786 1180 mensam

2203 1239 2380 1285 suam,
2441 1224 2641 1278 occidit
2686 1225 2940 1278 victimas
2995 1237 3144 1284 suas,
3202 1222 3397 1274 miscet
3459 1219 3511 1273 in
3575 1228 3790 1273 cratere

2202 1317 2387 1370 vinmn
2413 1333 2568 1370 suum
2602 1318 2669 1380 ",
2699 1326 2753 1369 et
2775 1331 2983 1369 summa
3018 1330 3148 1368 voce
3178 1315 3398 1376 clamat,
3435 1328 3541 1365 non
3574 1322 3631 1364 ιιι
3661 1327 3787 1365 om-

2205 1423 2302 1460 nes
2329 1408 2540 1460 veniaut
2572 1447 2586 1467 .
2628 1423 2733 1461 non
2789 1417 2845 1460 ιιι
2883 1407 3248 1459 abundantes.
3303 1421 3409 1458 non
3466 1413 3524 1457 ut
3567 1404 3787 1468 divites,

2203 1513 2380 1567 neque
2439 1506 2494 1551 ut
2533 1500 2810 1566 sapientes
2841 1497 3003 1566 hujus
3037 1498 3223 1551 mundi
3277 1498 3548 1550 tlivertaut
3595 1497 3659 1548 ad
3701 1510 3784 1558 se.

2199 1593 2293 1643 sed
2329 1591 2372 1642 si
2424 1590 2515 1658 qui
2563 1599 2711 1656 sunt,
2770 1591 2966 1659 inquit,
3004 1589 3193 1658 inopes
3237 1604 3423 1653 sensu,
3458 1589 3680 1642 veniant
3717 1590 3783 1642 ad

2200 1696 2307 1746 me,
2348 1681 2396 1734 id
2431 1691 2536 1745 est,
2574 1682 2620 1734 si
2647 1682 2737 1749 qui
2766 1691 2890 1735 sunt
2915 1680 3147 1734 humiles
3173 1682 3360 1738 corde.
3389 1681 3479 1750 qui
3514 1696 3543 1733 a
3567 1681 3784 1734 Christo

2195 1768 2506 1823 ddicerunt
2555 1770 2715 1824 mites
2764 1784 2886 1824 esse
2940 1779 2992 1823 et
3036 1769 3271 1822 htnuiles
3318 1772 3488 1824 corde
3553 1770 3592 1835 ί,
3639 1771 3780 1839 quod

2190 1861 2313 1915 alibi
2354 1862 2550 1916 dicitur
2571 1863 2760 1931 Spiritu
2798 1877 3096 1932 pauperes,
3145 1863 3238 1916 sed
3282 1863 3386 1916 fide
3440 1864 3660 1926 divites,
3695 1864 3780 1917 isti

2191 1954 2520 2006 conveniant
2567 1954 2632 2006 ad
2679 1955 2866 2022 epulas
2909 1955 3229 2020 sapientizr,
3285 1964 3338 2006 et
3390 1955 3618 2022 dapibus
3667 1956 3783 2022 ejus

2195 2043 2377 2097 refecti
2410 2043 2681 2111 depellant
2726 2043 2924 2097 famem
2985 2060 3104 2111 qua:
3149 2044 3434 2098 invalescit
3464 2062 3627 2114 super
3674 2056 3783 2096 ter-

2196 2150 2333 2188 ram.
2365 2133 2500 2188 Vide
2528 2150 2658 2205 ergo
2693 2151 2760 2189 ne
2794 2144 2848 2189 ct
2888 2146 2940 2189 tu
2977 2137 3116 2190 forte
3150 2135 3445 2190 inveniaris
3470 2134 3783 2205 Egyptius,

2194 2233 2246 2278 et
2281 2226 2525 2280 obtineat
2553 2235 2602 2280 te
2637 2225 2843 2290 fames,
2882 2243 2948 2282 ne
2989 2227 3130 2282 forte
3172 2227 3353 2280 sarculi
3383 2228 3592 2280 actibus
3617 2243 3784 2279 octu-

2194 2333 2352 2386 patus
2398 2329 2492 2371 aut
2536 2319 2789 2372 avaritiae
2833 2319 3068 2373 vinculis
3113 2319 3362 2383 strictus,
3415 2328 3509 2372 aut
3553 2317 3781 2371 luxuria:

2191 2409 2454 2466 effusione
2499 2413 2808 2477 resolutus,
2887 2411 3100 2466 alienus
3148 2410 3400 2465 efficiaris
3432 2427 3459 2463 a
3503 2412 3781 2479 sapientia:

2192 2503 2353 2567 cibis,
2403 2504 2492 2572 qui
2542 2519 2758 2573 semper
2794 2503 2845 2557 in
2885 2502 2979 2557 Dei
3033 2504 3287 2557 ecclesiis
3330 2504 3681 2556 exhibentur.
3719 2500 3776 2556 Si

2193 2597 2337 2650 enim
2374 2605 2593 2650 avertas
2625 2596 2874 2649 auditum
2908 2599 2975 2649 ab
3019 2595 3126 2656 his,
3167 2610 3287 2663 qute
3314 2595 3394 2650 vel
3443 2595 3692 2663 leguntur
3722 2597 3774 2648 iu

2204 2687 2456 2751 ecclesia,
2483 2688 2566 2742 vel
2600 2688 2969 2758 disputantur,
3009 2687 3127 2740 sine
3173 2688 3339 2742 dubio
3389 2687 3588 2742 famem
3619 2689 3770 2743 verbi

2198 2778 2287 2833 Dei
2317 2780 2560 2847 patieris.
2589 2781 2644 2833 Si
2677 2795 2807 2834 vero
2838 2782 2903 2832 de
2935 2781 3210 2833 Abraham
3240 2782 3410 2849 stirpe
3446 2782 3774 2848 descendas,

2193 2883 2248 2926 et
2278 2873 2616 2926 nobilitatem
2652 2873 2934 2927 lsraelitici
2974 2873 3192 2942 generis
3235 2875 3510 2928 custodias
3537 2914 3551 2938 ,
3601 2879 3775 2944 pascit

2197 2973 2247 3016 te
2271 2978 2485 3032 semper
2516 2963 2622 3026 lex,
2663 2976 2895 3033 pascunt
2941 2965 3252 3033 prolibeta',
3302 2967 3560 3020 exhibent
3591 2966 3682 3020 tibi
3718 2977 3772 3020 et

501 3058 622 3097 cum
668 3044 810 3099 filius
855 3047 999 3100 Ader
1061 3048 1211 3120 (ll)
1267 3064 1359 3104 rex
1401 3050 1573 3122 Syria:
1607 3055 1856 3108 ascendit
1899 3044 2160 3144 mirer-'0
2195 3055 2425 3123 apostoli
2497 3055 2751 3124 opulenta
2819 3057 3089 3110 convivia.
3169 3056 3224 3110 ln
3292 3057 3500 3111 sinibus
3553 3072 3772 3127 quoque

499 3151 619 3190 sum
673 3137 1012 3200 Samariam,
1068 3149 1122 3194 et
1181 3141 1390 3196 obsedit
1454 3158 1570 3196 eam
1607 3162 1620 3197 :
1659 3144 1726 3198 Et
1786 3148 1930 3215 facta
1969 3160 2083 3215 est,

499 3229 673 3298 inquit
703 3231 769 3291 ⁸⁸,
802 3231 968 3299 {antes
1000 3249 1189 3301 magna
1228 3235 1281 3285 in
1321 3232 1572 3287 Samaria
1621 3253 1883 3308 usquequo
1915 3242 2082 3311 eﬂice-

500 3333 645 3374 retur
690 3335 844 3390 caput
893 3326 1032 3377 asini
1093 3327 1477 3396 quinquaginta
1524 3331 1668 3382 siclis
1706 3335 1985 3400 argenteis,
2035 3345 2083 3388 et

497 3415 831 3482 quartarium
890 3418 1134 3469 stercoris
1187 3419 1471 3472 columbini
1519 3421 1748 3488 quinque
1795 3431 2078 3494 argenteis.

501 3502 608 3558 Sed
636 3505 815 3558 subito
856 3521 951 3574 per
995 3508 1217 3561 verbum
1258 3510 1537 3578 prophetae
1577 3511 1637 3564 fit
1679 3515 1811 3566 mira
1848 3531 2080 3571 conver-

498 3595 603 3657 sio,
655 3597 885 3652 dicentis
917 3598 962 3629 "
999 3616 1013 3651 :
1050 3601 1192 3652 Audi
1240 3601 1447 3653 verbum
1497 3600 1726 3656 Domini.
1777 3604 1905 3659 Ha'c
1952 3609 2082 3662 dicit

497 3683 758 3740 Dominus
815 3683 956 3742 Deus
993 3703 1012 3741 :
1044 3688 1192 3744 Sicut
1235 3689 1335 3741 hac
1382 3691 1515 3743 liora
1558 3692 1789 3748 crastino
1837 3714 2083 3754 mensura

494 3776 811 3847 similaginis
843 3779 974 3833 sic/0
1016 3797 1154 3843 uno,
1184 3793 1234 3836 et
1271 3785 1391 3839 dua:
1428 3802 1687 3842 mensura:
1729 3790 1914 3843 hordei
1951 3791 2081 3846 siclo

497 3881 599 3919 uno
630 3866 686 3919 in
709 3869 874 3933 portis
901 3868 1164 3925 Samariw
1181 3883 1357 3928 erunt.
1400 3873 1561 3932 Vides
1590 3893 1718 3949 ergo
1746 3894 1810 3934 ex
1847 3882 1929 3936 bis
1960 3897 2078 3936 om-

496 3959 657 4013 nibus
711 3960 839 4029 qnid
901 3960 1212 4031 colligatur,
1278 3965 1411 4033 quia
1460 3984 1580 4020 cum
1643 3979 1845 4026 terram
1903 3973 2076 4030 fames

493 4054 757 4117 obtineat,
786 4070 890 4108 non
921 4056 1092 4109 solum
1127 4071 1230 4110 non
1261 4057 1475 4112 obtinet
1501 4061 1703 4128 justos,
1740 4065 1835 4119 sed
1863 4067 2073 4122 medela

495 4149 676 4213 potius
705 4163 798 4215 per
826 4161 920 4200 eos
952 4147 1233 4202 intentata:
1257 4150 1394 4203 cladi
1434 4152 1703 4209 defertur.

566 4238 620 4290 s.
658 4237 790 4291 Cum
823 4252 951 4306 ergo
983 4239 1168 4293 videas
1217 4242 1521 4310 hujusmodi
1564 4247 1971 4303 observantiam
2018 4251 2069 4307 in

493 4328 744 4383 ottinibus
807 4344 944 4397 pene
1004 4329 1300 4399 Scriptura:
1371 4345 1573 4390 sancta:
1651 4337 1782 4392 locis
1856 4341 2070 4409 integre

2189 3147 2485 3212 Abraham,
2541 3156 2595 3202 et
2652 3149 2821 3211 Isaac,
2877 3159 2931 3202 et
2983 3147 3175 3214 Jacob,
3235 3151 3288 3203 in
3359 3165 3524 3218 regno
3593 3150 3770 3203 Patris

2188 3243 2511 3294 recumbere
2541 3251 2591 3295 te
2627 3241 2934 3294 invitabunt
2968 3241 3258 3311 Evangelia
3282 3284 3297 3308 ,
3345 3253 3400 3296 ut
3436 3245 3506 3296 ibi
3541 3243 3770 3296 mandu-

2187 3345 2279 3384 ces
2311 3331 2377 3384 de
2410 3330 2554 3396 ligno
2597 3331 2753 3393 vitaz,
2780 3339 2833 3383 et
2870 3329 3023 3383 bibas
3058 3331 3242 3383 vinum
3274 3329 3339 3383 de
3359 3332 3468 3383 vite
3501 3344 3649 3392 vera,
3686 3330 3770 3382 vi-

2187 3435 2313 3473 num
2357 3434 2550 3473 novum
2584 3433 2705 3474 cum
2733 3419 2950 3473 Christo
2980 3419 3031 3472 in
3067 3434 3229 3488 regno
3268 3419 3447 3473 Patris
3489 3420 3629 3488 ejus.
3683 3422 3766 3475 Ab

2184 3511 2268 3566 his
2295 3512 2439 3566 enim
2471 3511 2606 3566 cibis
2640 3528 2742 3566 non
2762 3509 3273 3582 possuntjejunerc,
3296 3527 3393 3566 nec
3426 3513 3620 3567 famem
3649 3513 3758 3583 pali

2185 3603 2276 3656 filii
2320 3603 2525 3671 sponsi,
2574 3605 2744 3658 donec
2794 3619 2913 3658 cum
2947 3604 3079 3672 ipsis
3107 3613 3188 3657 est
3217 3619 3468 3671 spmisus.

2253 3691 2306 3744 5.
2336 3691 2587 3745 Refertur
2619 3707 2752 3747 sane
2787 3692 2838 3744 in
2877 3695 3343 3761 consequentibus
3366 3695 3407 3759 ',
3438 3697 3582 3762 quod
3617 3704 3761 3746 terra

2185 3785 2529 3835 sacerdotum
2590 3781 2968 3852 [Egyptiorum
3019 3798 3124 3836 non
3195 3784 3266 3838 sit
3333 3784 3384 3837 in
3442 3786 3760 3838 servitutem

2184 3873 2406 3926 redacta
2462 3871 2770 3938 Pharaoni,
2830 3889 3004 3943 neque
3058 3891 3179 3929 cum
3229 3876 3440 3930 caeteris
3491 3875 3762 3948 Egypiiis

2179 3965 2523 4019 vendiderint
2551 3967 2896 4035 semetipsos,
2930 3967 3021 4022 sed
3050 3971 3192 4037 quod
3227 3970 3569 4024 extrinsecus
3604 3986 3763 4024 acce-

2178 4059 2380 4126 perint,
2415 4059 2498 4113 vel
2539 4061 2834 4128 frumenta,
2884 4063 2966 4118 vel
3004 4081 3250 4132 munera,
3310 4082 3415 4120 non
3467 4082 3495 4120 a
3537 4065 3758 4136 Joseph,

2178 4152 2272 4205 sed
2323 4152 2391 4206 ab
2447 4154 2564 4222 ipso
2597 4153 2904 4217 Pharaone,
2962 4167 3016 4212 et
3070 4169 3299 4228 propter
3344 4160 3446 4214 hoc
3495 4168 3756 4229 tanquam

2175 4240 2560 4299 familiariores
2627 4247 2883 4310 caeteris,
2974 4264 3079 4303 non
3141 4250 3492 4304 vendiderint
3554 4262 3757 4306 terram

2175 4349 2329 4387 suam
2363 4333 2670 4404 Pharaoni;
2707 4338 2801 4392 sed
2832 4354 2928 4409 per
2953 4340 3056 4394 hoc
3083 4341 3372 4410 nequiores
3394 4356 3515 4397 esse
3539 4345 3752 4400 caeteris

494 4420 790 4484 custodiri,
845 4432 1102 4478 converte
1150 4425 1264 4479 hmc
1317 4427 1384 4480 ad
1429 4431 1696 4497 tropicum
1730 4442 1783 4485 et
1816 4432 2066 4503 allegori-
2099 4418 2143 4472 D
2173 4429 2559 4497 ostenduntur,
2595 4431 2686 4500 qui
2713 4446 2810 4499 pro
2839 4432 3006 4486 nimia
3041 4433 3439 4500 familiaritate,
3486 4451 3607 4506 qua:
3630 4445 3751 4492 erat

492 4523 613 4563 cum
647 4525 903 4574 sensum,
953 4528 1113 4581 quem
1165 4515 1403 4584 ipsorum
1450 4520 1798 4576 nihilominus
1834 4528 2069 4594 prophe-

494 4607 668 4652 tarum
704 4603 1047 4657 sermonibus
1084 4604 1396 4661 edocemur.
1443 4607 1594 4664 Unus
1625 4614 1766 4666 enim
1816 4630 1880 4668 ex
1931 4617 2066 4672 duo-

490 4691 663 4746 decim
693 4693 971 4762 pr0phetis
1010 4706 1197 4766 aperte
1229 4707 1281 4751 et
1306 4700 1590 4754 evidenter
1623 4705 1918 4771 spiritalem
1957 4709 2063 4763 dici

490 4779 689 4836 famem
728 4784 871 4837 nudo
917 4800 1168 4840 sermone
1209 4791 1524 4856 pronuntiat
1577 4792 1762 4849 dicens
1803 4797 1849 4828 "
1887 4798 2066 4855 :Ecce

485 4873 596 4927 dies
629 4877 857 4940 veniunt,
900 4879 1022 4929 dicit
1051 4878 1337 4940 Dominus,
1364 4890 1408 4933 et
1434 4883 1668 4937 emittam
1693 4886 1885 4953 famem
1910 4905 2066 4958 super

485 4974 701 5030 terram,
750 4983 852 5020 non
901 4969 1094 5036 famem
1141 4972 1320 5036 panis,
1359 4991 1523 5043 neque
1551 4976 1692 5028 sitim
1732 4985 1883 5048 aqua:
1912 5020 1925 5041 ,
1971 4982 2062 5035 sed

484 5056 675 5123 [amem
729 5059 984 5112 audiendi
1041 5063 1248 5118 verbum
1307 5064 1539 5120 Domini.
1606 5067 1767 5123 Vides
1819 5086 1938 5140 quae
1991 5073 2060 5126 sit

484 5147 686 5213 fames,
759 5164 882 5217 qua!
938 5153 1146 5207 obtinet
1209 5159 1558 5223 peccatores?
1608 5157 1772 5212 Vides
1824 5176 1943 5229 qua:
1987 5162 2058 5215 sit

551 5258 597 5291 ”
632 5259 772 5331 Psal.
807 5263 1099 5320 κιιν1.25.
1176 5265 1394 5320 “Prov.
1431 5285 1485 5331 χ,
1530 5269 1584 5324 3.

481 5343 599 5390 vnt,
650 5330 737 5382 ll.
813 5333 858 5364 θ’
935 5331 1097 5388 Prov.
1131 5351 1210 5401 Ix,
1259 5336 1313 5401 Ξ,
1353 5337 1403 5402 3,
1440 5330 1492 5392 4’.

721 5498 884 5573 Abas,
923 5499 1096 5573 Deus;
1122 5509 1177 5573 at
1214 5514 1369 5573 mss.
1411 5501 1686 5573 Dominus.

551 5568 568 5632 {
599 5569 696 5634 to)
742 5568 889 5629 Mss,
925 5569 1170 5624 Corratft.
1220 5570 1378 5632 Editi,
1412 5571 1669 5637 Corrupit.
1709 5575 1873 5630 Paulo
1909 5579 2044 5631 infra

484 5649 590 5711 mss
622 5637 944 5711 ,_largicn:1o
999 5640 1303 5694 inde‘iciens
1349 5641 1515 5708 ﬁeret.
1571 5644 1736 5711 Alias,
1777 5649 2045 5711 largiendo

481 5720 537 5754 ea
571 5709 867 5774 inrfeﬁciens
897 5709 1062 5779 ﬁeret.
1349 5706 1357 5708 _
1723 5706 1744 5723 Ἢ
1860 5706 1866 5714 ι

1662 5271 1707 5342 ξ’
1735 5271 1799 5325 ΙΙΙ
1835 5271 2111 5342 Reg.xvtt,
2153 5277 2202 5328 f.

1573 5340 1587 5370 ¹
1630 5339 1820 5394 Matth.
1882 5339 1936 5405 νζ
1986 5344 2134 5409 4;χι,
2170 5348 2262 5404 ‘29.
2337 5349 2356 5378 ’
2398 5339 2594 5406 Cenes.
2659 5368 2826 5418 nvtt,
2887 5355 2958 5408 22
3012 5339 3168 5429 sedi.
3217 5339 3460 5417 ‘I'Joan.
3525 5339 3736 5424 tta-‘15:

2174 4521 2254 4576 eis
2296 4537 2418 4576 cum
2480 4523 2787 4592 Pharaone,
2835 4525 2972 4579 nihil
3022 4527 3418 4582 immutationis
3459 4529 3752 4598 recipiunt,

2174 4611 2267 4664 sed
2313 4627 2636 4681 permanent
2673 4616 2724 4669 in
2769 4615 2906 4670 mala
2956 4620 3340 4686 possessione,
3386 4627 3440 4673 et
3487 4620 3624 4675 sicut
3665 4621 3752 4674 his

2171 4703 2263 4772 qui
2317 4703 2367 4757 iu
2401 4705 2504 4759 flde
2536 4715 2590 4760 et
2639 4707 2929 4762 sanctitate
2976 4709 3357 4778 profecerant,
3399 4710 3534 4763 dicit
3561 4711 3748 4762 Domi-

2174 4811 2273 4848 nus
2305 4796 2324 4827 ³
2359 4810 2373 4849 :
2405 4796 2526 4850 Jam
2570 4814 2672 4852 non
2715 4801 2832 4853 dico
2875 4819 2960 4857 vos
3008 4820 3204 4869 servas,
3251 4804 3341 4857 sed
3388 4803 3614 4866 amicos,
3674 4803 3745 4855 ita

2173 4889 2308 4943 dicit
2366 4902 2422 4944 et
2476 4892 2595 4945 istis
2639 4893 2876 4960 Pharao,
2932 4905 3188 4964 tanquam
3232 4895 3325 4964 qui
3375 4896 3437 4949 ad
3476 4910 3745 4949 summum

2169 4981 2391 5049 gradum
2413 4983 2662 5050 nequitiae
2678 4995 2732 5037 et
2749 4985 2816 5037 ad
2837 4986 3197 5039 sacerdotium
3219 4985 3536 5053 perditionis
3551 4999 3747 5039 ascen—

2168 5070 2522 5126 det‘int:Jam
2561 5091 2663 5128 non
2693 5076 2811 5126 dico
2852 5092 2936 5128 vos
2976 5056 3170 5138 servos,
3199 5079 3288 5127 sed
3318 5076 3534 5129 amicos.
3579 5073 3742 5130 Deni-

2164 5177 2267 5230 que
2294 5165 2373 5217 vis
2398 5167 2537 5219 scire
2563 5169 2689 5236 quid
2732 5170 2945 5223 intersit
2977 5171 3115 5225 inter
3172 5172 3486 5227 sacerdotes
3536 5171 3626 5225 Dei
3684 5182 3741 5225 et

2281 5277 2436 5359 ’⁸,Ιῖ
2461 5281 2588 5350 Reg-
2611 5296 2684 5338 "is
2706 5282 2797 5336 23-
2876 5283 3018 5359 ’ξ’-Ν
3043 5286 3174 5359 Reg.
3205 5303 3300 5350 vn,
3338 5289 3386 5343 1.
3487 5287 3533 5319 ⁸⁸
3571 5290 3738 5344 Amos

2233 5507 2372 5589 (Η)
2427 5509 2602 5589 filius
2654 5513 2811 5589 :‘tder.
2871 5515 2943 5589 Ita
2997 5535 3127 5575 mss.
3200 5534 3431 5589 quorum
3469 5518 3730 5589 ittnttttttlli

2159 5580 2362 5655 habent
2415 5579 2594 5655 Filius
2646 5584 2826 5643 Iader.
2898 5588 3122 5655 Vulgata
3190 5579 3414 5654 Catina,“
3457 5588 3731 5645 Bettadab.

2160 5649 2302 5704 tum
2340 5652 2468 5707 editi
2500 5653 2769 5724 Origcnis,
2801 5659 2946 5729 ﬁlius
2972 5649 3265 5718 Adadmr.
