4122 6248
344 251 442 307 251

1820 242 1979 301 ORIG
1989 242 2074 298 ΕΝ
2083 243 2143 297 IS

3486 228 3596 286 25‘!

346 370 658 425 sacerdotes
710 368 1051 423 Pharaonis?
1118 368 1331 423 Pharao
1420 377 1599 423 terras
1671 367 1924 423 concedit
1953 370 2000 427 Α
2033 374 2141 418 tur.
2171 363 2240 419 At.
2275 377 2404 417 vero
2435 360 2765 416 Israelitieus
2812 356 3041 430 populus
3084 354 3310 410 honorat
3338 352 3592 407 decadem

345 460 723 517 sacerdotibus
744 461 885 524 suis,
916 460 1175 513 Dominus
1200 470 1380 514 autem
1412 459 1789 515 sacerdotibus
1805 458 1919 513 suis

346 563 556 621 partem
592 566 702 607 non
734 551 985 606 concedit
1014 551 1065 605 in
1110 561 1286 615 terra,
1322 552 1415 605 sed
1444 552 1575 605 dicit
1596 553 1676 607 eis
1703 553 1724 584 ⁸
1753 570 1766 606 :
1804 551 1916 622 Ego

341 658 460 698 sum
494 659 619 710 pars
649 650 839 695 uestra.
905 639 1205 696 Observate
1248 657 1377 712 ergo
1417 643 1507 712 qui
1555 643 1669 699 hate
1716 642 1917 714 legitis,

344 748 535 787 omnes
563 732 774 786 Domini
812 733 1124 788 sacerdotes
1145 773 1161 799 ,
1191 743 1246 787 et
1284 735 1460 788 videte
1502 750 1624 804 qua:
1657 734 1729 789 sit
1764 734 1918 790 diil'e-

343 823 521 878 rentia
555 822 931 886 sacerdotum,
964 838 1030 876 ne
1062 823 1202 877 forte
1244 824 1336 893 qui
1384 833 1589 893 partem
1635 825 1834 880 habent
1865 826 1915 880 in

344 926 485 969 terra
564 925 620 969 et
649 916 883 968 terrenis
913 914 1150 969 cultibus
1194 930 1257 969 ae
1288 916 1485 971 studiis
1530 927 1759 982 vacant,
1809 934 1915 973 non

345 1013 456 1059 tam
493 1005 709 1061 Domini
754 1022 918 1075 quam
972 1007 1277 1062 Pharaonis
1325 1010 1634 1064 sacerdotes
1674 1026 1795 1066 esse
1836 1012 1919 1066 vi-

350 1101 602 1155 deantur.
662 1098 756 1152 Ille
801 1108 884 1152 est
942 1100 1084 1152 enim
1114 1099 1202 1168 qui
1256 1100 1370 1155 vult
1424 1101 1738 1157 sacerdotes
1790 1117 1917 1158 suos

344 1190 549 1244 habere
598 1188 977 1257 possessiones
1023 1199 1308 1255 terrarum,
1372 1200 1427 1245 et
1474 1206 1730 1246 exercere
1777 1194 1915 1263 agri,

344 1296 450 1334 non
512 1279 711 1333 anima:
767 1280 1059 1344 culturam,
1110 1282 1222 1335 ruri
1281 1293 1335 1337 et
1380 1299 1485 1336 non
1536 1282 1636 1353 legi
1691 1300 1915 1353 operam

343 1368 498 1426 dare.
528 1368 780 1423 Christus
805 1379 983 1423 autem
1019 1371 1277 1425 Dominus
1307 1381 1495 1425 noster
1536 1367 1916 1430 sacerdotibus

343 1459 458 1513 suis
506 1459 633 1529 quid
666 1462 926 1529 praecepit
960 1463 1266 1518 audiamus.
1304 1462 1409 1528 Qui
1449 1481 1551 1517 non
1579 1461 1914 1519 abrenuntia-

344 1552 497 1617 verit,
538 1552 716 1622 inquit
757 1552 802 1613 ',
861 1555 1100 1608 omnibus
1141 1572 1259 1625 qua:
1298 1557 1560 1625 possidet,
1607 1574 1711 1610 non
1752 1567 1917 1624 potest

342 1659 487 1696 meus
522 1659 632 1696 esse
659 1643 973 1711 discipulus.
999 1643 1372 1699 Contremisco
1399 1651 1511 1701 hate
1537 1646 1741 1700 dicens.
1771 1646 1919 1701 Meus

2027 454 2380 523 perfectionis
2411 467 2722 508 numerum.
2760 450 2955 507 Decem
2983 449 3125 504 enim
3156 446 3312 501 verba
3348 443 3479 515 legis
3507 459 3594 498 ac-

2025 544 2189 613 cepit,
2228 553 2283 598 et
2314 542 2568 611 Decalogi
2599 542 2803 597 virtute
2834 542 3130 596 instructus
3176 538 3356 607 ignota
3395 537 3594 588 mundo

2027 634 2155 688 huic
2182 641 2526 690 sacramenta
2556 632 2742 686 divina
2790 630 3076 701 largitione
3105 626 3365 695 suscepit.
3398 625 3504 679 Sed
3539 634 3594 677 et

2025 725 2078 779 itt
2105 725 2252 780 Novo
2280 725 2631 779 Testamento
2667 723 2919 779 similiter
2942 718 3268 775 venerabilis
3296 727 3381 772 est
3410 718 3594 781 decas,

2024 818 2166 872 sicut
2207 824 2261 871 et
2290 814 2503 871 fructus
2525 815 2752 885 spiritus
2792 813 2950 867 denis
2977 810 3262 880 exponitur
3285 807 3597 877 germiuate

2024 911 2320 965 virtutibus
2353 909 2398 964 ⁸.
2428 909 2493 964 Ει
2523 921 2711 963 servus
2753 905 2928 960 ﬁdelis
2958 904 3023 957 de
3069 901 3450 972 negotiationis
3483 915 3593 953 sua:

2024 1001 2191 1056 lueris
2218 1002 2406 1056 decem
2441 1014 2596 1054 mnas
2618 996 2778 1052 offert
2804 997 3053 1062 Domino,
3087 1003 3143 1048 et
3182 993 3365 1047 decem
3401 991 3593 1045 civita-

2029 1102 2144 1147 tum
2190 1093 2391 1162 accipit
2421 1099 2745 1162 potestatem
2773 1088 2817 1142 ’.
2852 1087 3050 1140 Verum
3078 1086 3203 1153 quia
3235 1098 3374 1137 unus
3404 1092 3593 1134 attclor

2024 1194 2108 1240 est
2130 1185 2397 1249 omnium,
2435 1194 2490 1239 et
2524 1183 2645 1237 linis
2669 1191 2726 1236 et
2762 1180 2975 1235 initium
2999 1175 3111 1249 (12)
3156 1191 3295 1230 unus
3318 1184 3400 1230 est
3431 1174 3591 1228 Chri-

2025 1286 2161 1339 stus,
2193 1276 2396 1332 idcirco
2424 1284 2479 1328 et
2508 1272 2736 1345 populus
2772 1271 3012 1326 decimas
3059 1268 3277 1337 quidem
3332 1265 3593 1319 ministris

2024 1380 2080 1424 et
2117 1368 2492 1425 sacerdotibus
2544 1373 2785 1434 praestat,
2839 1360 3194 1433 primogenita
3249 1373 3379 1412 vero
3436 1355 3596 1409 oﬂ‘ert

2023 1462 2386 1531 primogenito
2418 1460 2597 1514 omnis
2639 1465 2922 1519 creaturas,
2971 1463 3027 1508 et
3074 1451 3228 1507 initia
3278 1449 3433 1504 initio
3476 1463 3594 1499 οιιιο

2025 1554 2212 1621 nium;
2246 1555 2312 1607 de
2344 1568 2449 1619 quo
2494 1552 2755 1622 scriptum
2801 1557 2885 1602 est
2923 1548 2964 1578 '°
3018 1564 3033 1602 :
3084 1543 3190 1609 Qui
3232 1554 3307 1597 est
3359 1542 3591 1606 initium,

2025 1647 2397 1713 primogenitus
2444 1644 2611 1697 omnis
2642 1653 2918 1695 creaturm.
2950 1637 3084 1693 Vide
3114 1651 3244 1707 ergo
3271 1650 3338 1688 ex
3370 1633 3453 1687 his
3477 1646 3563 1684 om

340 1735 488 1788 enim
531 1734 707 1803 primo
739 1735 1005 1798 omnium,
1042 1751 1217 1797 meus.
1252 1737 1470 1807 inquam
1501 1777 1515 1799 ,
1558 1738 1672 1806 ipse
1699 1754 1922 1792 accusa-
1958 1724 1997 1777 Β
2025 1736 2186 1790 nibus
2215 1733 2573 1788 diﬂ'erettliam
2598 1732 2775 1802 populi
2806 1730 3183 1801 Aigyptiornm
3211 1736 3266 1783 et
3290 1724 3468 1796 populi
3513 1723 3589 1777 ls-

341 1833 429 1880 tor
473 1828 700 1892 exsisto,
737 1841 888 1881 meas
949 1828 1435 1883 condemnationes
1482 1827 1693 1898 loquor.
1746 1829 1921 1897 Negat

340 1917 591 1972 Christus
646 1933 803 1972 suum
837 1933 956 1974 esse
996 1919 1355 1989 discipulum,
1400 1934 1561 1988 quem
1590 1920 1785 1974 viderit
1820 1921 1920 1974 ali-

342 2007 474 2075 quid
506 2009 897 2075 possidentem,
936 2018 991 2063 et
1025 2023 1148 2063 eunt
1188 2010 1277 2077 qui
1316 2024 1421 2064 non
1449 2011 1920 2065 renuntiatoumi-

341 2098 444 2153 bus
477 2113 598 2167 quae
640 2099 901 2167 possidet.
938 2099 1005 2153 Et.
1033 2100 1161 2170 quid
1190 2100 1443 2168 agimus?
1481 2101 1760 2168 Quomodo
1808 2102 1921 2158 haec

340 2198 433 2243 aut
465 2190 570 2258 ipsi
608 2190 855 2262 legimus,
904 2201 997 2245 aut
1044 2191 1253 2261 populis
1296 2193 1645 2262 exponimus,
1682 2193 1772 2261 qui
1810 2208 1920 2248 non

341 2280 514 2334 solum
540 2296 644 2335 non
660 2280 1106 2335 abrenuntiamus
1133 2280 1217 2335 his
1238 2296 1354 2350 quae
1379 2282 1740 2350 possidemus,
1756 2281 1847 2345 sed
1866 2290 1921 2336 et

341 2373 625 2442 acquirere
647 2372 896 2425 volumus
921 2386 981 2425 ea
1006 2386 1128 2441 quae
1160 2388 1436 2439 nunquam
1461 2371 1750 2425 habuimus
1775 2380 1920 2424 ante-

340 2478 503 2533 quam
552 2462 863 2516 veniremus
901 2462 968 2516 ad
1004 2461 1320 2517 Christum?
1367 2460 1751 2530 Nunquidnam
1792 2461 1918 2530 quia

344 2572 442 2611 nos
466 2556 744 2625 redarguit
761 2556 1116 2621 conscientia,
1142 2564 1326 2623 tegere
1348 2566 1397 2609 et
1419 2571 1523 2610 non
1546 2554 1789 2625 proferre
1803 2570 1921 2624 qua:

346 2646 503 2717 105
538 2647 739 2715 scripta
779 2655 905 2700 sunt
952 2644 1277 2713 possumus?
1322 2642 1454 2699 Nolo
1500 2644 1757 2713 duplicati
1804 2646 1919 2700 cri-

340 2738 503 2792 minis
559 2736 673 2791 tieri
723 2752 870 2791 reus.
946 2735 1221 2790 Confiteor
1270 2744 1325 2789 et
1363 2732 1533 2803 palam
1580 2734 1774 2803 populo
1819 2750 1909 2788 au-

348 2830 553 2893 diente,
590 2829 855 2883 confiteor
888 2828 1002 2883 haec
1053 2828 1262 2897 scripta
1313 2840 1436 2880 esse
1472 2827 1728 2881 :etiamsi
1787 2842 1921 2881 non-

350 2918 481 2972 dunt
514 2918 766 2988 implesse
796 2934 880 2971 me
917 2917 1062 2971 novi.
1096 2916 1201 2971 Sed
1234 2931 1300 2970 ex
1328 2916 1433 2970 hoc
1458 2914 1650 2970 saltem
1690 2930 1921 2969 commo-

345 3006 444 3061 niti
488 3007 810 3062 festinemus
858 3007 1108 3077 implere,
1139 3005 1461 3061 festinemus
1505 3005 1736 3059 transire
1769 3021 1797 3059 a
1835 3019 1922 3061 sa-

342 3099 659 3155 cerdotibus
688 3099 1010 3163 Pharaonis,
1042 3099 1237 3167 quibus
1266 3107 1481 3152 terrena
1520 3096 1792 3165 possessio
1816 3107 1917 3160 est,

346 3194 413 3248 ad
448 3198 761 3249 saecrdotes
785 3191 1014 3252 Domini,
1047 3191 1245 3260 quibus
1271 3190 1323 3243 in
1357 3200 1499 3242 terra
1527 3204 1652 3258 pars
1683 3204 1785 3243 non
1813 3197 1920 3255 est,

345 3287 543 3356 quibus
604 3286 780 3355 portio
830 3284 1089 3339 Dominus
1138 3292 1247 3339 est.
1281 3281 1427 3337 Talis
1479 3282 1620 3337 enim
1654 3290 1771 3335 erat
1806 3280 1917 3340 ille.

346 3378 438 3449 qui
473 3378 690 3431 dicebat
720 3377 740 3408 °
776 3390 791 3429 :
823 3374 1096 3444 Tanquam
1132 3382 1358 3439 egentes,
1399 3372 1591 3427 multos
1631 3382 1805 3425 autem
1836 3370 1918 3423 lo-

346 3466 689 3534 cupletantes.
727 3462 792 3518 Ut
818 3465 950 3518 nihil
986 3464 1256 3529 habentes,
1283 3471 1330 3516 et
1366 3465 1543 3516 omnia
1573 3461 1917 3528 possidentes.

346 3555 543 3610 Paulus
574 3556 660 3609 hic
691 3563 771 3608 est
800 3555 890 3624 qui
922 3555 972 3606 in
1010 3553 1210 3607 talibus
1264 3551 1548 3622 gloriatur.
1599 3552 1692 3606 Vis
1732 3552 1921 3606 audire

347 3647 478 3719 quid
509 3646 671 3701 etiam
727 3644 920 3700 Petrus
964 3646 1029 3699 de
1082 3644 1261 3714 seipso
1317 3642 1677 3715 pronuntiet?
1726 3644 1920 3699 Audite

349 3754 474 3793 eum
501 3755 625 3792 cum
644 3736 853 3803 Joanne
886 3738 1089 3803 pariter
1107 3736 1451 3803 proﬁtentem
1483 3746 1532 3790 et
1564 3738 1838 3792 dicentem
1860 3737 1919 3791 ":

347 3831 550 3885 Aurum
583 3840 630 3883 et
671 3838 945 3897 argentum
975 3843 1077 3879 non
1113 3827 1299 3889 habeo,
1335 3828 1423 3879 sed
1455 3829 1594 3895 quod
1625 3828 1791 3881 habeo
1824 3828 1920 3881 hoc

348 3924 444 3977 tibi
498 3926 587 3976 da.
627 3921 693 3976 In
737 3924 945 3975 nomine
993 3920 1122 3975 Jesu
1154 3920 1355 3974 Christi
1390 3937 1546 3990 surge
1586 3931 1636 3975 et
1684 3924 1919 3977 ambula.

350 4014 513 4068 Vides
549 4014 896 4067 sacerdotum
929 4012 1128 4068 Christi
1164 4012 1402 4075 divitias,
1450 4013 1604 4067 vides
1650 4014 1786 4067 nihil
1825 4014 1922 4067 ba-

350 4107 562 4171 beutes,
594 4114 799 4174 quanta
828 4113 883 4159 et
911 4104 1094 4174 qualia
1133 4104 1460 4174 largiuntur.
1496 4105 1634 4160 Istas
1659 4120 1787 4176 opes
1815 4106 1921 4161 lar-

348 4196 448 4267 giri
477 4212 581 4249 non
609 4203 785 4264 potest
817 4190 1043 4267 terrena
1061 4196 1357 4265 possessio.

418 4287 471 4341 6.
536 4287 873 4343 Contulimus
931 4288 1249 4344 sacerdotes
1310 4289 1910 4358 sacerdotilms,nunc,

2025 1826 2228 1890 rael,et
2259 1823 2617 1879 differentiam
2645 1824 2989 1877 sacerdotum
3035 1820 3357 1882 Pharaonis,
3402 1825 3455 1871 et
3509 1830 3593 1870 sa-

2022 1917 2300 1971 cerdotum
2336 1916 2570 1981 Domini,
2602 1925 2656 1968 et
2708 1914 3005 1967 discutiens
3047 1910 3413 1979 temetipsum,
3468 1921 3593 1977 pero

2022 2010 2145 2064 vide
2171 2010 2234 2063 de
2284 2024 2392 2078 quo
2430 2006 2629 2078 popqu
2656 2007 2753 2070 sis,
2801 2015 2855 2059 et
2905 2002 3057 2073 cujus
3103 2004 3309 2059 ordinis
3338 2005 3594 2059 sacerdo-

2024 2102 2156 2156 tium
2186 2112 2395 2156 teneas.
2428 2098 2484 2153 Si
2513 2098 2689 2153 adhuc
2751 2095 3065 2151 carnalibus
3102 2095 3349 2150 sensibus
3395 2096 3593 2160 servis,

2021 2193 2067 2249 si
2091 2193 2269 2247 adhuc
2296 2191 2547 2256 quinario
2577 2202 2799 2242 numero
2824 2186 3059 2256 vectigal
3084 2186 3353 2253 exsolvis,
3407 2196 3461 2242 et
3504 2202 3594 2241 re-

2029 2280 2192 2348 spicis
2217 2297 2279 2336 ea
2302 2295 2424 2349 qua:
2451 2277 2683 2334 visibilia
2736 2286 2789 2330 et
2832 2276 3151 2346 temporalia
3205 2284 3353 2334 sunt,
3395 2282 3446 2323 ιιι
3482 2286 3586 2321 non

2024 2372 2248 2442 respicis
2283 2386 2346 2424 ea
2377 2386 2495 2439 qua:
2548 2371 2836 2427 invisibilia
2884 2379 2938 2423 et
2969 2382 3168 2422 aeterna
3215 2373 3363 2427 sunt,
3395 2362 3458 2414 de
3493 2361 3590 2415 ΑΞ·-

2021 2472 2183 2534 gypto
2214 2473 2263 2517 te
2293 2464 2488 2534 populo
2520 2478 2643 2518 esse
2667 2478 2949 2533 cognosce.
2992 2461 3047 2515 Si
3089 2474 3217 2513 vero
3263 2456 3589 2523 Decaloguut

2021 2556 2176 2626 legis,
2224 2565 2277 2609 et
2332 2557 2589 2611 decadem
2639 2554 2769 2609 Novi
2814 2552 3173 2614 Testatnenti,
3218 2565 3379 2619 quam
3425 2562 3586 2616 supra

2021 2648 2386 2717 exposuimus,
2422 2662 2636 2715 semper
2676 2659 2801 2701 ante
2847 2647 3031 2700 oculos
3078 2646 3271 2707 habes,
3306 2652 3360 2696 et
3403 2648 3469 2694 de
3503 2638 3589 2693 bis

2022 2739 2260 2793 decimas
2293 2736 2475 2803 otiers,
2522 2747 2576 2792 et
2620 2737 2983 2806 primogenita
3027 2750 3221 2789 sensus
3265 2732 3339 2786 tui
3391 2731 3441 2785 iu
3485 2730 3590 2783 fide

2022 2829 2270 2885 immolas
2296 2828 2652 2899 primogenito
2673 2844 2736 2882 ex
2765 2828 3011 2892 mortuis,
3036 2835 3092 2879 et
3115 2824 3267 2878 initia
3298 2834 3388 2876 tua
3419 2820 3589 2875 refers

2024 2922 2092 2977 ad
2122 2921 2338 2975 initium
2366 2921 2633 2983 omnium,
2676 2935 2833 2973 verus
2865 2917 3101 2973 Israelita
3143 2931 3222 2980 es,
3262 2915 3315 2970 itt
3347 2930 3453 2983 quo
3493 2912 3591 2966 do-

2024 3011 2106 3066 lus
2133 3028 2234 3067 non
2267 3021 2350 3067 est
2382 3013 2445 3066 η.
2481 3012 2584 3067 Sed
2623 3021 2676 3066 et
2702 3011 3016 3065 sacerdotes
3056 3008 3265 3063 Domini
3301 3008 3345 3062 si
3392 3016 3588 3061 semet-

2026 3105 2171 3173 ipsos
2197 3102 2515 3165 discutiant,
2543 3112 2599 3155 et
2637 3117 2665 3155 a
2701 3101 2929 3155 terrenis
2979 3100 3190 3154 actibus
3220 3098 3371 3153 liberi
3400 3097 3509 3150 sint
3536 3107 3588 3150 et

2021 3196 2365 3266 possessione
2394 3194 2689 3257 mundana,
2713 3208 2842 3248 vere
2866 3200 3091 3260 possunt
3117 3190 3296 3244 dicere
3321 3192 3387 3244 ad
3412 3189 3567 3243 Domi
3589 3215 3599 3226 -

2023 3303 2150 3351 num
2172 3287 2214 3319 “
2240 3304 2253 3341 :
2288 3285 2424 3341 Ecce
2449 3301 2543 3338 nos
2579 3284 2877 3337 dimisimus
2909 3284 3104 3348 omnia,
3134 3290 3183 3335 et
3213 3282 3374 3335 secuti
3408 3298 3592 3335 sumus

2020 3390 2113 3445 te;
2140 3388 2304 3448 atque
2330 3379 2522 3432 audire
2546 3377 2612 3431 ab
2638 3392 2718 3436 eo.
2752 3379 2878 3445 quia
2915 3392 3000 3429 vos
3026 3376 3115 3445 qui
3144 3375 3306 3428 secuti
3332 3374 3454 3428 estis
3488 3390 3591 3438 me,

2020 3473 2075 3525 in
2104 3472 2494 3540 regeneratione
2516 3468 2775 3529 omnium,
2800 3484 2915 3519 cum
2943 3468 3133 3520 venerit
3159 3464 3333 3519 Filius
3363 3466 3588 3518 hominis

2020 3562 2077 3615 in
2104 3577 2258 3631 regno
2282 3575 2399 3622 suo,
2420 3558 2664 3612 aedebitis
2686 3567 2732 3610 et
2758 3573 2845 3609 vos
2871 3572 3027 3624 super
3051 3556 3326 3609 duodecim
3354 3561 3586 3619 thronos,

2014 3652 2315 3721 judicantes
2343 3650 2618 3704 duodecim
2650 3649 2817 3703 tribus
2845 3646 3051 3726 Israel.-

2093 3744 2146 3799 7.
2182 3742 2310 3798 Post
2348 3744 2459 3797 haec
2483 3743 2759 3795 videamus
2787 3741 2913 3809 quid
2946 3740 3081 3795 dicit
3119 3738 3329 3810 Moyses
3358 3758 3374 3795 :
3400 3738 3463 3792 Et
3493 3744 3593 3796 ha-

2023 3835 2225 3897 bitauit,
2256 3834 2428 3902 inqttit
2456 3834 2517 3898 ‘1',
2553 3832 2724 3886 Israel
2750 3833 2802 3884 in
2824 3830 3074 3901 /Egypto,
3112 3833 3166 3885 in
3204 3841 3344 3885 terra
3374 3831 3589 3892 Gessen.

2022 3924 2419 3993 Interpretatur
2482 3934 2662 3977 autem
2716 3924 2920 3975 Cessen
2976 3924 3287 3988 proximitas
3331 3923 3464 3994 (I3),
3511 3925 3595 3979 vel

2023 4015 2414 4085 propinquitas.
2450 4012 2552 4067 Per
2582 4013 2725 4081 quod
2763 4013 3089 4077 ostenditur,
3116 4014 3237 4082 quia
3278 4014 3495 4069 etiamsi
3538 4017 3594 4069 in

2026 4104 2263 4175 IEgypto
2311 4103 2513 4157 habitet
2542 4103 2727 4167 Israel,
2768 4118 2874 4157 non
2906 4112 3079 4157 tamen
3106 4104 3263 4171 longe
3284 4115 3368 4159 est
3396 4122 3424 4157 a
3461 4105 3592 4169 Deo,

2024 4198 2117 4250 sed
2143 4198 2423 4263 proximus
2452 4205 2536 4250 est
2565 4196 2612 4249 ei
2650 4206 2704 4249 et
2730 4194 3076 4261 coniunctus,
3106 4196 3246 4251 sicut
3284 4198 3445 4251 etiam
3478 4199 3593 4273 ipse

2024 4288 2154 4342 dicit
2194 4288 2255 4353 ιδ,
2290 4290 2416 4358 quia
2450 4305 2543 4357 ego
2572 4288 2885 4342 descendant
2913 4300 3080 4343 tecum
3113 4289 3168 4341 in
3203 4287 3515 4358 Egyptum,
3544 4300 3590 4342 et

347 4381 390 4434 si
424 4380 654 4444 videtur,
684 4389 739 4433 et
767 4379 1018 4453 populum
1042 4379 1569 4459 Egyptiumpopulo
1614 4384 1917 4439 Israelitico
1949 4382 1996 4441 ί)
2028 4398 2120 4450 ego
2151 4398 2238 4434 ero
2264 4392 2453 4435 tecum.
2482 4380 2547 4434 Et
2575 4395 2673 4435 nos
2704 4395 2833 4450 ergo
2855 4381 3018 4435 etiam
3056 4382 3099 4435 si
3130 4382 3377 4434 videmur
3419 4381 3469 4434 in
3496 4379 3593 4434 ΔΞ-

347 4471 714 4525 conferamus.
752 4471 963 4533 Dicitur
991 4472 1138 4525 enim
1189 4473 1244 4526 in
1276 4476 1758 4541 consequentibus,
1789 4476 1917 4545 quia

348 4572 465 4630 post
495 4559 691 4615 fantem
723 4570 785 4633 et
813 4562 1134 4614 servitutem
1182 4562 1412 4631 populus
1438 4563 1727 4635 IEgypthts
1758 4568 1919 4635 quin-

349 4661 430 4706 tas
457 4650 651 4706 oiI'erat
699 4648 992 4707 Pharaoni.
1052 4649 1373 4707 Econtrario
1405 4669 1535 4708 vero
1588 4656 1921 4712 lsraeliticus

346 4743 576 4812 populus
601 4743 841 4798 decimas
872 4741 1029 4796 offert
1054 4745 1452 4800 sacerdotibus.
1486 4744 1620 4801 Vide
1647 4758 1701 4800 et
1736 4749 1786 4802 in
1818 4749 1921 4805 hoc

348 4834 688 4903 Scripturam
718 4836 957 4889 divinam
984 4835 1186 4905 ingenti
1226 4837 1434 4890 ratione
1464 4837 1768 4902 subnixam,
1801 4842 1917 4895 vide

343 4923 661 4998 Egyptium
700 4926 957 4998 populum
994 4928 1249 4998 qttinario
1290 4943 1518 4984 numero
1548 4931 1748 4984 tributa
1781 4947 1917 5000 pett-

343 5018 587 5076 dentem.
608 5019 857 5095 Quinque
882 5021 1028 5076 enim
1055 5036 1247 5077 sensus
1266 5022 1516 5088 corporei
1543 5022 1916 5092 designantur,

346 5113 546 5181 quibus
588 5113 818 5182 populus
847 5114 1085 5170 carnalis
1114 5114 1371 5170 deservit.
1400 5112 1626 5183 Semper
1660 5115 1801 5169 enim
1827 5115 1921 5171 AS-

347 5206 513 5277 pyptii
556 5202 868 5262 visibilibus
909 5206 1073 5263 rebus
1118 5215 1173 5262 et
1207 5207 1585 5277 corporalibus
1611 5206 1919 5276 obsequun-

419 5364 439 5395 ⁸
468 5366 631 5421 Num.
655 5380 814 5426 xvut.
841 5364 932 5420 20.
1008 5366 1029 5398 '
1055 5365 1185 5423 Luc.
1227 5384 1337 5430 xtv.
1374 5368 1463 5423 55.

348 5435 394 5475 "
421 5437 629 5491 Coloss.
666 5453 706 5503 ι,
752 5438 841 5493 18.
918 5436 957 5468 ⁸¹
990 5433 1147 5490 Joan.
1181 5452 1218 5504 ι,
1252 5437 1340 5492 «I7.

345 5632 395 5674 ﬁt
423 5547 737 5675 “Eximi-13,
767 5564 815 5605 et
848 5556 989 5624 fons,
1014 5568 1063 5613 et
1090 5557 1315 5611 initium.
1346 5559 1454 5613 Sed
1483 5574 1611 5613 mss.
1648 5567 1701 5611 ttt
1744 5558 1795 5610 in
1820 5571 1914 5611 tto-

403 5637 461 5675 ro
506 5639 535 5675 e
638 5655 653 5670 .

403 5637 461 5676 το
487 5637 653 5676 ιρῑιη.

1577 5369 1596 5399 ⁸
1628 5367 1664 5421 ΙΙ
1689 5367 1812 5423 Cor.
1848 5384 1922 5428 γι.
1949 5368 2030 5422 I0.

1425 5438 1464 5469 “
1493 5436 1678 5491 Matth.
1712 5454 1824 5503 ιιι,
1853 5439 1941 5502 ‘27,
1979 5440 2070 5495 28.

2022 4483 2243 4542 gyptum
2277 4473 2647 4536 descendisse,
2688 4471 2903 4526 etiamsi
2929 4471 2982 4525 itt
3009 4487 3174 4526 carne
3201 4473 3360 4540 positi
3394 4487 3591 4543 agones

2024 4564 2207 4618 mundi
2240 4564 2398 4632 hujus
2424 4572 2478 4618 et
2509 4564 2807 4617 certamina
2838 4562 3197 4627 sustinemus,
3232 4563 3393 4616 etiam
3430 4563 3475 4617 si
3512 4564 3593 4616 iu-

2026 4665 2108 4709 ter
2135 4672 2228 4710 eos
2259 4654 2565 4709 habitamus
2591 4654 2683 4723 qui
2717 4653 3031 4707 deserviunt
3079 4653 3372 4719 Pharaoni,
3413 4662 3593 4710 tamen

2023 4748 2070 4801 si
2101 4763 2264 4817 prope
2293 4750 2462 4803 Deum
2490 4749 2681 4811 simus,
2708 4745 2754 4799 si
2784 4744 2837 4798 in
2880 4745 3256 4800 mandatorum
3284 4745 3400 4814 eius
3425 4747 3593 4801 medi-

2025 4841 2228 4895 tatione
2248 4854 2545 4901 versemur,
2592 4848 2647 4893 et
2675 4846 2942 4908 praecepta
2973 4838 3087 4906 ejus
3126 4852 3191 4894 ac
3229 4837 3431 4905 judicia
3473 4854 3594 4908 per-

2024 4931 2305 5000 quiramus
2344 4928 2495 5001 (hoc
2522 4938 2607 4984 est
2638 4929 2783 4985 enim
2818 4944 2983 4995 prope
3033 4944 3153 4986 esse
3198 4929 3330 4995 Deo,
3382 4944 3593 4997 semper

2026 5037 2146 5089 qua:
2186 5022 2278 5076 Dei
2305 5031 2433 5076 sunt
2461 5022 2721 5093 cogitare,
2748 5036 2869 5090 quis
2909 5021 3002 5076 Dei
3032 5032 3159 5076 sunt
3198 5038 3444 5093 quaerere
3466 5024 3508 5091 ),
3541 5029 3593 5076 et

2030 5113 2172 5167 Deus
2214 5129 2431 5184 semper
2456 5116 2564 5171 erit
2615 5113 2896 5169 nobiscum
2948 5131 3045 5185 per
3088 5114 3274 5173 Jesum
3314 5116 3590 5173 Christum

2118 5376 2138 5405 ⁷
2171 5367 2468 5429 Act.m,8.
2542 5367 2563 5399 ⁸
2592 5366 2772 5421 Galat.
2810 5382 2863 5433 v,
2887 5367 3095 5429 22,23.
3169 5371 3189 5402 ’
3232 5369 3426 5423 Matth.
3460 5382 3589 5423 xxv.

2155 5438 2196 5469 “
2231 5437 2429 5493 Cenes.
2487 5453 2651 5499 κινη,
2706 5438 2798 5494 27.
2877 5440 2918 5472 “
2949 5440 3149 5495 Cenes.
3183 5453 3328 5502 xtvt,
3359 5439 3412 5493 4.

2093 5556 2205 5623 (I5)
2246 5554 2447 5628 Gessen
2506 5554 2823 5628 proximitas
2888 5532 3282 5628 interpretatur
3324 5571 3355 5611 ι
3409 5554 3591 5610 radice

2023 5636 2130 5684 Ivi:
2169 5626 2411 5691 accessit,
2450 5626 2904 5695 appropinquavit.
