4122 6248
492 259 524 312 '1'.
534 259 596 312 313

1689 254 1753 308 ΙΝ
1790 255 2086 336 GENESI}!
2123 254 2405 310 HOMlLlA
2443 254 2601 310 XVII.

3647 252 3750 308 ςκι

495 379 778 432 Dominum
811 387 1080 441 nostrum,
1115 377 1199 432 cui
1230 385 1313 430 est
1339 376 1505 446 gloria
1538 376 1587 429 in
1623 378 1817 442 szeeula
1839 378 2058 433 saeculo.
2093 389 2137 440 Α
2173 381 2359 432 Ruben
2396 380 2445 432 in
2486 375 2845 431 concubinam
2881 373 3048 442 patris
3074 372 3387 428 elferhuerit
3423 372 3640 427 ﬂamma
3675 375 3748 426 li-

493 481 638 520 rum.
672 467 864 520 Amen.

1039 554 1318 611 HOMILIA
1355 554 1515 612 XVII.

756 649 831 704 De
871 649 1316 702 benedictionibus
1347 649 1796 716 patriarcharum.

580 743 632 798 1.
663 741 949 796 Sciendum
985 749 1065 795 est
1094 739 1292 807 primo,
1321 740 1463 807 quod
1498 740 1549 792 in
1585 739 1814 808 singulis
1843 741 2069 808 quibus-

501 847 599 898 que
640 830 770 884 locis
818 831 905 883 ubi
957 833 1241 897 Scriptura
1293 831 1359 882 de
1384 830 1684 902 ‘duodecim
1738 831 2067 899 patriarchis

498 932 914 986 commemorat,
959 922 1126 975 multa
1177 923 1246 976 sit
1291 923 1340 974 in
1401 923 1513 990 ipsa
1559 923 1766 974 ordinis
1824 923 2070 976 conscri-

495 1013 674 1080 ptione
709 1013 1012 1066 diversitas.
1052 1012 1207 1066 Alius
1235 1013 1368 1066 ordo
1402 1022 1484 1066 est
1515 1014 1563 1065 iu
1607 1013 1717 1080 ipsa
1757 1027 1942 1066 eorum
1974 1029 2069 1065 ua-

499 1103 706 1153 tivitate
741 1101 1108 1170 conscriptus,
1147 1102 1288 1155 alius
1319 1117 1440 1155 cum
1472 1109 1670 1156 terram
1703 1101 1923 1172 Egypti
1959 1118 2066 1155 una

495 1207 615 1245 cum
673 1203 828 1262 patre
875 1209 972 1246 suo
1019 1192 1178 1247 Israel
1228 1202 1281 1248 et
1320 1194 1509 1248 sobole
1544 1195 1878 1261 posteritatis
1930 1193 2073 1247 refe-

500 1296 692 1338 runtur
730 1286 951 1338 intrare.
995 1285 1145 1340 Alius
1181 1301 1323 1339 nunc
1357 1300 1476 1338 cmn
1520 1287 1924 1340 benedictiones
1953 1286 2074 1339 obi-

499 1375 604 1428 turi
645 1376 888 1444 parentis
915 1377 1216 1445 excipiunt,
1248 1376 1387 1429 alius
1416 1393 1536 1429 cum
1560 1392 1789 1445 egressae
1813 1377 1878 1430 de
1908 1375 2076 1446 Egy-

497 1475 589 1535 pto
631 1467 826 1526 tribus.
863 1467 945 1519 vel
990 1482 1112 1520 cum
1181 1467 1233 1519 in
1295 1468 1516 1520 deserto
1572 1481 2074 1522 commemorantur

495 1559 702 1628 aliquid
735 1574 920 1627 agere,
969 1557 1054 1611 vel
1095 1568 1297 1610 terram
1345 1557 1780 1624 repromissionis
1818 1558 2076 1626 ingressae

496 1651 548 1704 in
583 1661 769 1703 monte
806 1647 975 1702 Gebal
1015 1663 1114 1715 pro
1145 1648 1608 1702 benedictionibus
1635 1660 1689 1702 et
1727 1649 2066 1702 maledictio-

2169 471 2389 532 hidiuis,
2467 479 2518 521 et
2592 476 2872 535 paternum
2944 466 3286 518 maculaverit
3372 475 3588 532 torum,
3657 466 3749 520 sed

2170 561 2309 629 quod
2344 559 2394 611 in
2442 557 2612 610 initiis
2665 554 2838 607 laudis
2879 553 2928 605 ei
2982 552 3180 619 aliquid
3221 553 3432 605 videtur
3469 553 3748 605 ascribere

2169 651 2395 703 dicens:
2429 647 2505 700 Tu
2541 649 2707 699 virtus
2741 661 2878 707 mea,
2916 642 3122 695 idcirco
3160 643 3218 695 lit
3274 652 3330 695 ut
3387 645 3607 712 gravius
3652 657 3752 697 n0-

2173 751 2312 795 tctur
2344 742 2393 792 itt
2427 739 2677 800 crimine,
2708 735 2797 804 qui
2859 750 2981 788 cum
3021 735 3191 787 virtus
3223 735 3392 801 patris
3438 734 3746 795 haberetur.

2170 845 2222 888 et
2265 832 2479 886 initium
2543 830 2814 892 ﬁliorum,
2887 826 3081 879 nesciit
3131 841 3351 879 servare
3399 828 3749 880 reverentiam

2173 928 2335 996 patri.
2372 925 2541 992 Quale
2575 932 2660 977 est
2692 933 2744 974 ct
2780 921 2909 974 illud
2955 922 3100 987 quod
3138 919 3338 972 dicitur
3383 934 3478 986 per
3517 921 3751 988 prophe-

2175 1029 2280 1071 tam
2313 1019 2357 1049 ¹⁸
2396 1034 2409 1068 :
2459 1016 2570 1084 Ego
2606 1023 2651 1067 te
2699 1013 2934 1081 plantavi
2966 1014 3171 1065 vineam
3211 1009 3537 1077 fructiferam
3593 1019 3754 1060 tomm

2176 1124 2408 1161 ueracem
2442 1105 2576 1175 (15),
2611 1105 2868 1174 quomodo
2898 1119 3147 1156 conversa
3178 1119 3230 1154 es
3260 1102 3314 1153 in
3348 1101 3755 1153 amaritudinem

2177 1199 2295 1253 vitis
2333 1199 2567 1252 alienat?
2605 1197 2910 1252 Secundum
2952 1210 3085 1249 vero
3133 1193 3566 1259 intelligentiam,
3607 1191 3746 1245 vide.

2181 1299 2269 1342 tur
2300 1289 2429 1341 mihi
2452 1287 2641 1340 Ruben
2661 1287 2858 1355 prioris
2886 1284 3064 1354 populi
3090 1283 3400 1338 Judazorunt
3427 1282 3572 1336 ferre
3600 1295 3758 1350 posse

2181 1396 2498 1449 personam,
2537 1379 2627 1446 qui
2666 1388 2722 1432 et
2747 1376 3140 1446 primogenitus
3165 1385 3266 1440 est,
3297 1384 3352 1428 et
3379 1375 3592 1427 initium
3625 1372 3760 1426 lilio-

2183 1488 2301 1525 rum
2339 1473 2473 1525 sicut
2515 1469 2772 1539 propheta
2812 1469 2940 1522 dicit
2982 1468 3024 1499 ¹⁹
3083 1487 3096 1521 :
3155 1466 3328 1520 Israel
3380 1456 3760 1537 primogenitus

2179 1579 2345 1616 mens.
2393 1561 2577 1614 Primo
2615 1575 2844 1629 namque
2895 1557 3001 1614 illis
3056 1559 3179 1612 data
3235 1567 3360 1612 sunt
3393 1557 3603 1625 eloquia
3640 1555 3755 1609 Dei.

2180 1651 2332 1717 Quod
2371 1661 2548 1704 autem
2577 1651 2742 1704 durus
2775 1649 2937 1703 fuerit
2963 1648 3051 1703 ille
3084 1648 3315 1719 populus
3338 1656 3388 1701 et
3417 1646 3757 1711 temerarius,

495 1742 657 1796 nibus
724 1747 1062 1793 statuuntur.
1126 1739 1272 1793 Alius
1327 1741 1488 1793 etiam
1564 1755 1684 1794 cum
1744 1740 2061 1793 divisionem
2102 1723 2475 1813 l3Scriptura3
2534 1743 2874 1796 denuntiant.
2945 1741 3087 1796 Dicit
3149 1740 3295 1796 enim
3353 1740 3418 1794 de
3492 1739 3572 1794 eis
3631 1755 3758 1808 pro-

497 1840 658 1884 terrte
701 1829 1031 1882 hereditatis
1082 1840 1229 1884 sorte
1261 1831 1584 1898 suscipiunt.
1626 1830 1691 1883 Et
1747 1830 1797 1883 itt
1854 1839 2063 1884 tantum

497 1927 629 1973 ordo
677 1920 776 1971 iste
822 1920 1085 1984 variatur,
1125 1929 1182 1973 ιιι
1228 1920 1495 1972 interdum
1542 1920 1758 1988 quidam
1803 1936 1869 1974 ex
1913 1921 2064 1988 ipsis,

497 2026 598 2065 nec
633 2012 856 2078 ascripti
907 2012 1252 2065 inveniantur
1301 2014 1352 2064 in
1396 2026 1646 2066 numero.
1679 2011 1832 2078 Quod
1883 2013 2070 2080 utique

497 2114 710 2156 certum
753 2116 834 2158 est
880 2119 987 2157 non
1033 2103 1234 2170 alisque
1269 2103 1449 2171 aliqua
1496 2104 1706 2158 ratione
1757 2104 1980 2164 variari,
2018 2114 2074 2157 et

495 2206 713 2248 exstare
742 2210 936 2248 causas
967 2193 1295 2261 probabiles,
1331 2194 1527 2263 quibus
1570 2195 1624 2247 in
1666 2195 1774 2248 alio
1815 2193 1932 2246 loco
1959 2194 2070 2256 ille,

489 2286 545 2340 in
598 2287 704 2339 alio
744 2301 870 2340 vero
910 2286 1046 2338 alius
1105 2284 1447 2354 przeleratur.
1515 2285 1620 2338 Sed
1684 2285 1870 2339 dehis
1919 2284 2074 2338 nobis

490 2393 632 2430 nunc
680 2379 1011 2446 propositum
1070 2392 1174 2430 nou
1239 2387 1342 2441 est,
1396 2377 1500 2431 nisi
1555 2393 1618 2431 ea
1680 2377 2070 2441 tantummodo,

489 2476 646 2532 prout
680 2465 819 2519 Deus
859 2468 1092 2532 dederit,
1128 2468 1426 2534 explicare,
1465 2483 1584 2536 qua:
1638 2468 1689 2521 in
1742 2468 2077 2521 benedictio-

492 2557 648 2610 uibus
674 2572 808 2624 quas
842 2559 1031 2610 mortis
1057 2569 1300 2626 tempore
1331 2575 1358 2611 a
1394 2570 1544 2626 patre
1567 2558 1865 2626 suscipiunt
1895 2558 2073 2611 conti-

495 2658 709 2701 nentur.
722 2648 880 2719 106
895 2652 1021 2714 Quae
1036 2651 1252 2718 quidem
1273 2651 1673 2706 benedictioues
1690 2667 1752 2703 ex
1773 2664 1837 2702 eo
1855 2649 2082 2703 fortasse

492 2738 832 2790 solummodo
878 2739 1136 2806 appellari
1171 2751 1480 2808 potuerunt,
1504 2742 1648 2809 quod
1679 2741 1729 2792 in
1772 2740 2082 2795 novissimis

491 2830 692 2884 dicitur
717 2830 759 2862 ¹⁸
783 2848 796 2884 :
821 2829 886 2882 Et
917 2831 1026 2883 ltwc
1055 2829 1258 2883 locutus
1282 2843 1353 2884 est
1383 2834 1456 2883 eis
1481 2843 1630 2899 pater
1649 2847 1824 2884 eorum
1854 2841 1900 2884 et
1931 2831 2085 2886 bene-

489 2922 623 2974 dixit
675 2921 814 2983 illos,
875 2938 1289 2991 unumquemque
1332 2923 1617 2975 secundum
1667 2919 2081 2974 benedictionem

489 3031 638 3068 suam
670 3015 928 3067 benedixit
966 3013 1454 3069 illos.C:eterumiu
1478 3014 1647 3067 initiis
1693 3014 1779 3066 tibi
1804 3022 2077 3068 convocat

490 3123 584 3162 eos
607 3118 779 3176 pater,
803 3123 906 3160 non
926 3109 1079 3177 quasi
1105 3110 1168 3160 ad
1202 3109 1629 3162 benedictionem
1659 3117 1944 3168 convocat,
1973 3107 2066 3160 sed

495 3199 566 3252 ita
597 3200 862 3268 scriptum
900 3209 981 3252 est
1020 3199 1062 3228 ¹⁶
1097 3217 1110 3252 :
1151 3197 1356 3252 Vocat-it
1381 3211 1555 3252 autem
1577 3198 1740 3252 Jacob
1769 3199 1911 3266 ﬁlios
1933 3214 2056 3266 suos

490 3299 541 3343 et
578 3291 710 3343 dixit
741 3306 761 3344 :
797 3289 1195 3359 Congregamini
1227 3302 1278 3343 ut
1314 3291 1618 3343 annuntiem
1657 3291 1797 3343 vobis
1837 3305 1956 3358 quae
1985 3305 2071 3341 oc-

493 3399 716 3435 cursum
750 3393 870 3435 sunt
895 3384 1036 3435 vobis
1061 3386 1114 3436 in
1141 3384 1430 3436 novissimis
1460 3385 1664 3435 diebus.
1695 3383 1848 3448 Quod
1885 3382 2071 3449 utique

497 3475 671 3539 magis
711 3475 1052 3540 prophetiam
1104 3477 1408 3543 significat,
1466 3491 1562 3543 per
1607 3489 1769 3542 quam
1826 3490 1945 3542 qua:
1992 3475 2072 3526 eis

505 3577 769 3621 eventura
800 3578 928 3618 sunt
959 3569 1379 3636 praesignantur.
1407 3567 1459 3619 ltt
1496 3567 1612 3633 ipso
1643 3578 1820 3619 autem
1845 3580 2072 3634 corpore

497 3671 552 3716 et
597 3662 739 3714 serie
792 3662 1107 3721 verborum,
1158 3673 1333 3724 neque
1385 3658 1791 3711 benedictiones
1836 3668 2069 3719 tantum,

499 3769 675 3822 neque
707 3753 1012 3806 futurorum
1061 3749 1172 3803 sola
1213 3749 1616 3818 praenuntiatio,
1660 3757 1921 3819 quantum
1951 3765 2070 3803 mo-

496 3860 603 3910 res,
634 3843 716 3896 vel
754 3842 1090 3912 propositum
1118 3856 1330 3905 eorum,
1372 3843 1455 3894 vel
1495 3842 1658 3893 etiam
1700 3841 1950 3908 quaedam
2004 3840 2073 3893 ab

492 3939 574 3992 eis
631 3946 782 4005 gesta
843 3934 1161 3988 notabiliter
1211 3941 1535 4001 arguuntur.
1583 3934 1715 3999 Quae
1779 3947 1866 3987 res
1917 3932 2072 3986 nobis

500 4028 846 4096 tripertitam.
885 4037 944 4078 ut
977 4027 1028 4078 in
1059 4025 1179 4078 aliis
1232 4024 1482 4088 fecimus,
1526 4026 1924 4092 explanationis
1955 4040 2069 4076 ma-

497 4119 685 4171 teriam
718 4117 962 4185 suhjicit,
997 4116 1068 4169 ita
1105 4127 1160 4168 ιιι
1191 4118 1594 4170 benedictiones
1618 4116 1856 4169 historias
1885 4116 2060 4168 locum

497 4218 733 4272 servent,
785 4207 1068 4277 prapltetia
1100 4221 1227 4261 vero
1262 4207 1549 4276 mysticum
1596 4215 1758 4272 atque
1801 4204 2066 4272 dogmati-

496 4317 641 4358 cum.
679 4315 886 4354 tuorum
926 4300 1200 4367 correptio
1234 4298 1344 4369 (Η)
1385 4307 1440 4352 et
1476 4297 1782 4367 ohjttrgatio
1811 4296 2066 4350 moralem

500 4392 697 4460 dirigat
729 4390 951 4459 Slylum.

569 4481 622 4532 2.
680 4479 884 4537 Ruben.
935 4479 1104 4548 inquit
1148 4479 1211 4540 ¹⁷,
1261 4479 1632 4545 primogenitus
1679 4493 1856 4543 meus,
1910 4479 2070 4531 virtus

497 4590 611 4626 mea
647 4584 692 4624 et
730 4571 938 4623 initium
971 4571 1205 4638 ﬁliorum
1239 4585 1489 4634 meorum,
1545 4570 1709 4620 durus
1759 4569 1813 4620 in
1856 4583 2068 4620 conver-

498 4665 721 4725 satione,
752 4664 918 4716 durus
948 4675 992 4715 et
1045 4663 1359 4714 temerarius
1401 4659 1748 4714 contumelias
1792 4659 2061 4728 irrogasti.

506 4753 774 4818 Tanquam
811 4771 946 4821 aqua
979 4771 1082 4808 non
1116 4755 1444 4823 effervescat.
1477 4754 1772 4806 Ascendiin
1812 4753 1947 4806 enim
1971 4769 2064 4805 su-

499 4863 592 4913 per
620 4846 789 4899 cubile
845 4847 1007 4913 patris
1052 4849 1150 4899 tui.
1215 4845 1294 4898 Tu
1345 4845 1577 4913 polluisti
1628 4853 1803 4896 torum
1864 4845 1950 4896 ubi
1979 4859 2067 4895 as-

495 4937 736 4990 cendisti.
778 4935 1018 4990 Incestus
1049 4935 1271 4988 historia
1313 4935 1584 4987 nemiuem
1617 4933 1767 4996 latet,
1796 4934 2064 5001 quomodo

2173 1837 2336 1905 pheta
2374 1835 2418 1865 ¹⁰
2459 1849 2472 1887 :
2507 1831 2675 1888 Omne
2725 1835 2866 1901 quod
2897 1834 3133 1903 loquitur
3163 1833 3387 1901 populus
3427 1832 3530 1895 hic,
3567 1833 3758 1883 durant

2174 1939 2270 1982 est.
2307 1927 2372 1979 Et
2409 1927 2604 1979 iterum
2651 1927 2782 1979 alibi
2822 1926 2886 1980 de
2936 1926 3068 1993 ipsis
3113 1926 3247 1978 dicit
3271 1924 3316 1955 ἰ
3352 1939 3367 1976 :
3410 1921 3512 1976 Vos
3543 1931 3758 1989 semper

2178 2017 2313 2070 dura
2367 2017 2561 2069 cervice
2595 2027 2640 2068 et
2677 2017 3032 2068 incircumcisi
3069 2016 3244 2070 corde.
3299 2013 3444 2066 Patri
3487 2029 3616 2065 vero
3655 2013 3760 2065 Dcu

2181 2108 2443 2176 irrogavit
2477 2107 2726 2172 injurias,
2778 2121 2897 2158 cum
2945 2105 3218 2158 convertit
3255 2104 3319 2156 ad
3360 2119 3481 2157 eum
3515 2104 3761 2168 dorsum,

2181 2208 2236 2254 et
2293 2215 2397 2253 non
2454 2199 2645 2253 faciem
2705 2213 2881 2251 suam.
2942 2196 3144 2250 Torum
3206 2207 3387 2250 atttem
3443 2196 3761 2250 concubium

2183 2291 2371 2360 polluit
2408 2306 2566 2358 quem
2629 2290 2892 2352 ascendit,
2933 2290 2986 2343 id
3038 2299 3120 2342 cst
3183 2289 3352 2358 legem
3415 2289 3613 2342 veteris
3683 2297 3760 2340 te-

2184 2383 2436 2438 stamenti
2488 2396 2649 2450 quam
2679 2396 2822 2446 srepe
2849 2380 3255 2449 pra-varicando
3275 2379 3583 2432 maculavit.
3610 2378 3763 2444 Quod

2186 2485 2364 2527 autem
2431 2475 2484 2527 in
2537 2473 2852 2527 concubina:
2910 2487 3138 2541 persona
3199 2472 3283 2524 lex
3329 2471 3529 2525 veteris
3597 2480 3759 2524 testa-

2188 2566 2353 2620 menti
2398 2579 2653 2633 ponatur,
2691 2563 2888 2617 Paulus
2926 2563 3105 2616 docuit
3151 2563 3337 2615 dicens
3367 2564 3411 2593 “
3443 2577 3457 2612 :
3493 2560 3762 2614 Abraham

2187 2665 2316 2712 duos
2342 2657 2480 2726 ﬁlios
2510 2657 2711 2719 (tabuit,
2750 2673 2909 2708 unum
2935 2655 2997 2708 de
3027 2655 3248 2720 ancilla,
3296 2663 3345 2707 et
3378 2669 3539 2706 unum
3596 2654 3660 2706 de
3695 2653 3762 2704 li-

2191 2751 2332 2802 bera.
2363 2748 2492 2801 Haec
2514 2759 2686 2800 autem
2717 2755 2836 2799 sunt
2881 2748 2986 2798 duo
3016 2755 3355 2800 testamenta.
3389 2745 3444 2798 in
3477 2761 3583 2812 quo
3617 2746 3762 2812 Agar

2189 2854 2308 2908 quae
2344 2839 2646 2892 concubina
2685 2836 2804 2899 fuit,
2849 2836 2900 2888 in
2937 2836 3139 2890 veteris
3189 2835 3494 2890 testamenti
3544 2834 3762 2902 ponitur

2193 2939 2339 3003 typo.
2393 2930 2508 2986 Una
2540 2929 2742 2983 etenim
2775 2936 2894 2983 erat
2933 2928 3170 2996 perfecta
3203 2927 3450 2982 columba
3484 2926 3762 2992 genitricis

2193 3039 2320 3081 suae.
2356 3038 2474 3091 qua:
2510 3025 2660 3091 virgo
2703 3029 2848 3075 casta
2885 3022 3072 3091 regina
3119 3034 3316 3090 sponso
3372 3018 3480 3090 regi
3521 3017 3759 3072 Ecclesia

2178 3132 2273 3184 per
2304 3115 2651 3183 Evangelium
2681 3113 2928 3182 jungitur
2979 3112 3222 3167 Christo.
3275 3112 3380 3166 Sed
3433 3121 3488 3166 et
3539 3109 3762 3164 moralis

2177 3208 2335 3261 nobis
2368 3208 2420 3261 in
2458 3207 2558 3262 hoc
2590 3207 2662 3259 ita
2693 3203 3022 3259 tractabitur
3054 3204 3223 3257 locus.
3256 3203 3448 3258 Ruben
3481 3204 3759 3270 interpre-

2176 3311 2314 3354 tatus
2361 3309 2446 3352 est
2481 3317 2508 3350 a
2565 3299 2885 3365 majoribus,
2924 3299 3066 3365 filius
3108 3299 3198 3364 qui
3247 3297 3458 3348 videtur
3487 3293 3620 3364 (l6),
3660 3294 3760 3349 hoc

2172 3402 2253 3445 est
2287 3389 2513 3443 visibilis
2562 3400 2615 3443 et
2669 3388 2929 3450 carnalis,
2978 3387 3115 3455 ipse,
3151 3387 3339 3446 credo,
3366 3384 3433 3437 de
3479 3398 3584 3450 quo
3627 3383 3760 3437 dicit

2173 3479 2468 3548 Apostolus
2505 3480 2552 3510 "
2591 3492 2605 3530 :
2647 3476 2860 3530 Primus
2894 3477 3048 3530 homo
3091 3477 3154 3527 de
3211 3485 3354 3528 terra
3401 3487 3655 3527 terrenus.
3693 3472 3759 3528 Et

2173 3571 2297 3624 alibi
2340 3568 2388 3601 "’
2420 3587 2434 3624 :
2468 3566 2528 3623 Si
2587 3569 2724 3621 enim
2765 3568 2810 3619 is
2861 3566 2952 3631 qui
2997 3565 3203 3619 videtur
3248 3573 3424 3616 noster
3454 3563 3608 3615 homo
3640 3577 3760 3614 cor-

2172 3666 2453 3730 rumpitur,
2482 3666 2568 3714 sed
2595 3663 2681 3730 qui
2705 3661 2846 3712 intus
2879 3670 2952 3712 est
2983 3669 3297 3720 renovatur;
3328 3657 3469 3709 hunc
3499 3655 3752 3708 eumdem

2179 3753 2270 3820 qui
2297 3752 2511 3804 videtur
2553 3750 2880 3802 exteriorem
2917 3749 3195 3800 hominem
3225 3746 3522 3813 appellans.
3565 3745 3628 3797 Et
3657 3745 3756 3796 ite-

2176 3859 2293 3896 rum
2338 3842 2468 3896 dicit
2503 3843 2570 3905 ",
2600 3842 2725 3908 quia
2762 3855 2863 3892 non
2900 3841 3068 3904 primo
3097 3838 3237 3907 quod
3271 3837 3509 3905 spiritale
3543 3847 3640 3898 est,
3665 3834 3758 3888 sed

2171 3937 2310 4004 quod
2374 3935 2624 3987 animale.
2668 3933 2849 3986 Primo
2899 3945 3029 4000 ergo
3081 3929 3260 3982 onmis
3319 3927 3478 3982 homo
3542 3927 3593 3980 in
3657 3929 3758 3980 hoc

2174 4025 2378 4077 mundo
2410 4024 2704 4077 carnaliter
2739 4022 2891 4087 vivit,
2935 4031 2989 4075 et
3039 4019 3341 4075 secundum
3380 4033 3604 4072 carnem
3639 4033 3758 4069 mo-

2172 4125 2348 4168 vctttr.
2383 4115 2450 4167 Et
2498 4115 2706 4184 primus
2758 4124 2842 4168 est
2879 4112 3116 4168 carnalis
3165 4121 3346 4164 motus
3402 4110 3452 4161 in
3503 4107 3756 4175 concupi-

2170 4208 2376 4262 scentia
2410 4207 2667 4271 libidinis,
2698 4207 2786 4275 qui
2811 4222 2934 4260 cum
2978 4206 3167 4274 prima:
3193 4203 3490 4270 iuventutis
3544 4212 3760 4267 tempus

2172 4298 2470 4362 obsederit,
2503 4299 2696 4350 durum
2726 4307 2781 4351 et
2810 4297 3158 4352 temerarium
3197 4294 3356 4348 simul
3403 4302 3453 4346 et
3488 4292 3755 4347 lascivum

2105 4389 2425 4474 Djuvenem
2473 4389 2668 4455 reddit,
2724 4390 3105 4444 ascendentem
3166 4387 3330 4439 etiam
3373 4401 3536 4453 super
3576 4385 3755 4439 cubile

2180 4482 2368 4550 patris,
2417 4489 2473 4535 et
2520 4481 2845 4550 polluentem
2899 4490 3076 4535 torum
3151 4489 3476 4550 paternum,
3534 4478 3586 4532 id
3645 4489 3752 4539 est.

2183 4572 2344 4625 etiam
2403 4581 2670 4642 pratcepta
2700 4582 2756 4626 et
2791 4572 2988 4626 monita
3043 4569 3308 4626 naturalis
3358 4568 3510 4638 legis,
3545 4583 3664 4636 qua:
3699 4568 3752 4620 iu

2179 4663 2333 4717 nobis
2357 4674 2439 4717 est
2469 4673 2522 4719 et
2553 4680 2697 4719 nunc
2741 4675 2996 4735 paternus
3041 4675 3192 4720 torus
3227 4663 3451 4724 dicitur,
3503 4659 3756 4728 praevari-

2173 4765 2409 4811 cantem.
2441 4756 2536 4812 ESt
2564 4759 2710 4812 enim
2741 4759 2884 4813 intra
2928 4774 3025 4814 nos
3071 4759 3156 4814 lex
3183 4759 3430 4826 quantam
3476 4750 3754 4806 naturalis

2170 4864 2289 4918 qua:
2334 4851 2511 4919 arguit
2575 4866 3014 4921 unumquemque
3063 4859 3405 4920 peccantem,
3451 4855 3507 4898 et
3553 4841 3754 4897 maltnu

2168 4938 2221 4991 ei
2248 4954 2368 4994 esse
2401 4943 2647 5012 suggerit
2672 4943 2816 5012 quod
2860 4942 3151 5011 delinquit.
3191 4938 3383 4993 Cubile
3435 4948 3566 5004 ergo
3618 4932 3754 5000 legis

572 5045 615 5079 "
645 5047 1136 5121 Genes._rxt.tx,gf28_.
1183 5046 1254 5121 _"
1287 5047 1524 5121 ihid._,_l.
1568 5048 1646 5121 “'1
1673 5049 1866 5121 Cenes.
1908 5061 2054 5121 xt._t._v,

2175 5081 2202 5105 ν.
2281 5055 2323 5085 ’⁸
2346 5055 2456 5111 Jcr.
2505 5074 2565 5121 lt,
2596 5059 2687 5112 2|.
2767 5057 2809 5087 "
2841 5056 3008 5110 Exod.
3045 5073 3116 5116 tv,
3139 5054 3230 5108 22.
3309 5053 3352 5085 ²⁰
3383 5052 3484 5107 lsa.
3512 5067 3630 5115 vut,
3666 5050 3754 5105 12.

501 5119 540 5150 ’³
573 5127 691 5173 Aet.
727 5137 820 5186 vn,
857 5119 944 5173 51.
1021 5119 1064 5150 ³⁸
1099 5117 1276 5172 Galat.
1305 5118 1486 5182 tv,22.
1562 5119 1606 5150 ¹³
1633 5118 1792 5171 lCor.
1832 5130 1923 5180 xv,
1956 5115 2046 5171 47.

567 5305 676 5373 (Η)
712 5304 920 5358 Marum
952 5312 1229 5372 correptio.
1287 5306 1450 5358 Recte
1495 5319 1683 5357 omnes
1734 5321 1888 5365 mss.,
1923 5306 2063 5361 male

497 5391 621 5426 vero
647 5376 802 5438 editi,
832 5393 1055 5444 quarunt
1084 5377 1358 5437 correptio.
1391 5374 1530 5444 Infra
1564 5375 1652 5426 tibi
1685 5391 1813 5428 mss.
1844 5375 2064 5440 habent,

495 5446 868 5514 e/fervescas...
893 5445 1225 5514 e/ferbuerit;
1257 5461 1307 5496 Ill
1331 5444 1492 5497 editis
1520 5443 1714 5511 legitur
1738 5444 2062 5510 fervescas...

495 5513 766 5580 (inbuerit.

715 5585 885 5660 élias,
914 5583 1158 5660 feracem.
1189 5591 1241 5634 at
1269 5597 1424 5641 mss.,
1454 5597 1687 5660 verat-ent
1716 5583 1933 5660 rectius.

565 5652 675 5721 (lli)
711 5652 884 5706 Ruben
921 5655 1290 5720 interpretatus
1345 5661 1417 5705 est
1468 5669 1497 5703 a
1549 5652 1859 5720 majoribus,
1921 5655 2058 5708 lilitts

2127 5123 2172 5150 “
2207 5123 2243 5176 Il
2276 5124 2402 5180 Cor.
2438 5143 2514 5192 tv,
2543 5127 2629 5181 16.

2703 5127 2749 5158 ’³
2781 5125 2800 5177 l
2825 5127 2946 5180 Cor.
2974 5142 3064 5189 xv,
3093 5124 3182 5178 46.

2165 5311 2254 5378 qui
2283 5311 2518 5365 videtur.
2558 5309 2822 5364 Nimirum
2863 5325 2886 5359 a
2925 5317 2986 5378 τι
3029 5309 3196 5376 ﬁlius,
3231 5315 3280 5363 et
3314 5317 3426 5367 nm
3463 5307 3640 5378 tvidit._
3663 5304 3754 5358 ln-

2165 5376 2244 5431 fra
2274 5391 2434 5434 antea
2463 5381 2620 5441 editi,
2655 5380 2746 5434 sed
2777 5379 2864 5448 qui
2903 5376 3046 5448 intra
3103 5391 3195 5444 est,
3253 5388 3532 5432 renovatur
3595 5376 3750 5443 Mss,

2164 5453 2252 5503 sed
2277 5453 2365 5519 qui
2397 5451 2537 5502 intus
2564 5461 2638 5503 est
2664 5447 2966 5504 renovatur.
3008 5447 3174 5502 Paulo
3205 5459 3327 5518 post
3374 5464 3531 5507 mss.,
3557 5458 3606 5500 et
3639 5464 3750 5519 pri.

2165 5517 2388 5573 muscst
2434 5521 2666 5575 carnalis
2695 5533 2882 5575 motus.
2917 5519 3084 5585 Alias,
3131 5529 3176 5571 et
3205 5517 3354 5587 prius
3387 5530 3460 5572 est
3503 5517 3744 5571 carnalis

2165 5600 2354 5645 motus.
