4122 6248
370 304 476 360 253

1843 305 2166 364 ORIGENIS
3150 315 3175 334 '

3536 300 3642 357 256

373 421 533 493 hujus
560 429 811 486 temerat,
840 436 902 477 ac
934 421 1115 477 sedero
1161 418 1356 474 secreti
1404 417 1520 486 ejus
1547 417 1802 483 maculat,
1864 421 1953 491 qui
1986 423 2031 480 Α
2063 416 2389 473 maledictus
2420 413 2592 483 furor,
2630 415 2761 486 quia
2794 413 3124 471 temerarius
3173 421 3275 479 est,
3304 421 3361 469 et
3402 413 3481 467 ira
3523 413 3645 468 illo-

373 528 616 586 prteceps
643 524 695 569 et
728 513 956 567 infrenis
994 512 1165 579 fertur
1187 513 1252 566 ad
1288 512 1441 566 vitia.

443 606 499 660 3.
526 602 737 658 SimeOn
757 615 802 655 et
822 603 940 655 Levi
958 603 1155 671 fratres
1170 605 1499 674 perfecerunt
1523 604 1855 671 iniquitatem
1874 618 1960 655 vo-

372 694 595 749 luntatis
618 712 747 749 sure.
778 694 842 747 In
872 696 1151 749 consilium
1175 712 1354 750 eorum
1383 715 1482 750 non
1510 699 1736 751 introeat
1773 697 1956 749 anima

372 806 508 852 mea,
524 799 575 844 et
600 792 653 843 in
680 788 901 843 consilio
926 805 1107 843 eorum
1130 806 1230 842 non
1259 789 1560 842 innituntur
1582 790 1777 842 viscera
1802 805 1916 841 mea
1936 829 1951 851 ,

373 884 618 950 quoniam
646 883 697 933 in
723 883 803 932 ira
826 897 922 932 sua
949 880 1252 933 occiderunt
1278 881 1537 945 homines,
1563 891 1609 933 et
1636 881 1692 933 in
1743 880 1954 948 cupidi—

372 983 476 1024 tate
510 989 604 1024 sua
653 978 1101 1025 subnervaverunt
1169 981 1404 1027 taurum.
1446 971 1763 1027 Maledictus
1808 973 1960 1040 furor

370 1081 573 1127 eorum,
634 1066 761 1132 quia
824 1067 1137 1119 temerarius
1201 1075 1301 1130 est,
1350 1079 1397 1119 et
1440 1066 1522 1119 ira
1570 1067 1784 1120 illorum
1828 1067 1953 1137 quia

371 1156 627 1210 indurata
662 1168 761 1212 est.
813 1157 1055 1211 Dividam
1101 1156 1217 1212 illos
1268 1159 1321 1212 in
1357 1157 1547 1223 Jac‘ob,
1587 1170 1632 1212 et
1661 1160 1955 1227 dispergam

371 1247 494 1299 illos
545 1247 597 1299 in
630 1246 803 1301 Israel
844 1247 912 1304 ³⁸.
965 1247 1236 1313 Quantum
1287 1249 1505 1317 quidem
1562 1249 1628 1301 ad
1676 1251 1956 1305 historiam

375 1340 638 1408 pertinet,
670 1338 886 1392 videtur
926 1340 1054 1392 illud
1094 1354 1279 1393 eorum
1324 1341 1548 1410 culpare
1582 1343 1956 1409 commissum,

370 1430 515 1499 quod
552 1430 770 1483 Emmor
797 1430 963 1484 filium
990 1430 1234 1501 Sicltem,
1262 1433 1351 1502 qui
1379 1442 1499 1500 post
1540 1435 1746 1487 Sororis
1770 1450 1957 1487 eorum

371 1521 724 1574 concubitum
765 1521 983 1573 familiae
1036 1522 1198 1576 lsrael
1239 1524 1485 1577 voluerat
1515 1526 1738 1588 sociari,
1774 1526 1959 1580 lrand’e

373 1624 429 1667 et
464 1613 929 1668 rircmnventione
974 1616 1318 1684 jngnlarunt.
1378 1627 1540 1682 atque
1589 1633 1782 1672 omnes
1841 1617 1961 1685 ejus

376 1707 602 1776 populos
637 1717 1017 1774 peremerunt;
1064 1710 1279 1777 quando
1308 1719 1361 1762 et
1389 1710 1607 1763 dicebat
1651 1709 1730 1763 eis
1794 1710 1958 1764 Israel

381 1810 536 1867 pater
582 1815 807 1860 eorum,
860 1801 984 1868 quia
1045 1800 1287 1854 odibilem
1358 1818 1437 1854 me
1493 1801 1692 1869 fecistis
1746 1803 1798 1855 in
1859 1805 1958 1856 hac
1992 1778 2033 1832 Β

376 1889 573 1941 mundo
600 1890 679 1951 ’7;
715 1888 1062 1943 maledictum
1100 1906 1288 1945 eorum
1343 1892 1509 1946 furori
1553 1894 1961 1963 temeritatique

378 1979 742 2048 imprecatnr,
775 1992 830 2034 et
869 1982 1186 2037 dividendos
1234 1996 1328 2036 eos
1367 1998 1464 2052 per
1494 1983 1749 2052 populum
1794 1984 1957 2040 Israel

376 2084 743 2142 protestatur;
798 2088 985 2145 utpme
1041 2094 1107 2133 ex
1159 2078 1291 2146 ipsis
1331 2080 1526 2134 levitas
1554 2089 1609 2133 et
1649 2067 1962 2137 sacerdotes

372 2164 606 2231 futuros,
641 2168 729 2237 qui
770 2179 917 2224 sorte
947 2178 1147 2223 terram
1186 2170 1463 2239 propriam
1493 2185 1599 2224 non
1631 2172 1960 2228 halmerunt.

373 2256 650 2326 Spiritalis
672 2272 853 2314 autem
877 2261 1048 2315 dehis
1071 2263 1384 2330 explanatio
1409 2262 1533 2318 talis
1559 2263 1690 2317 mihi
1713 2265 1959 2334 quredam

370 2364 531 2419 posse
550 2352 762 2407 videtur
783 2363 903 2422 apta
915 2354 977 2418 ri,
998 2358 1139 2424 quod
1162 2354 1381 2410 Simeon
1399 2366 1451 2408 et
1468 2355 1620 2421 Levi,
1641 2356 1959 2412 Scribarum

372 2452 425 2495 et
448 2439 849 2497 Pharismorum
886 2444 1097 2499 Judaici
1130 2446 1310 2514 populi
1343 2447 1556 2515 possint
1590 2449 1736 2501 ferre
1776 2463 1964 2516 perso-

376 2550 523 2599 nam,
556 2537 624 2591 de
673 2536 871 2601 quibus
900 2538 1102 2591 dictum
1136 2547 1221 2593 est
1265 2539 1310 2571 ³⁸
1343 2557 1356 2592 :
1387 2537 1681 2593 Consilium
1730 2540 1962 2603 fecerunt

278 2676 285 2683 .
375 2623 580 2682 Scriba:
599 2638 647 2681 et
682 2627 939 2681 Pharistri
962 2637 1016 2682 nt
1035 2629 1217 2683 Jesum
1245 2638 1495 2694 tenerent,
1519 2630 1583 2684 de
1613 2646 1719 2703 quo
1736 2632 1963 2686 consilio

373 2718 507 2773 dicit
542 2729 768 2791 sanctus
795 2721 885 2788 qui
921 2731 1097 2775 mente
1130 2720 1297 2774 Deum
1328 2722 1545 2777 videbat
1591 2724 1635 2755 ”
1670 2741 1684 2778 :
1720 2722 1786 2777 In
1835 2740 1965 2777 con-

372 2810 552 2863 silium
576 2825 758 2862 eorum
789 2827 889 2864 non
917 2812 1144 2865 introeat
1170 2811 1349 2864 anima
1375 2828 1509 2866 ntea.
1534 2811 1711 2868 Falsis
1735 2812 1964 2868 teSIibus

375 2901 636 2964 adhibitis
668 2901 826 2972 107
849 2901 1501 2958 cornletnnabantJesnm.
1524 2901 1671 2965 Non,
1694 2903 1889 2973 inquit.
1909 2904 1963 2957 in

374 2993 595 3047 consilio
617 3010 795 3047 eorum
825 2995 1123 3047 innituntur
1153 2995 1350 3049 viscera
1398 3012 1535 3051 inea.
1575 2994 1693 3051 Non
1734 2997 1826 3050 tibi
1861 2998 1965 3052 hoc

2064 526 2206 575 rum,
2237 509 2364 578 quia
2390 508 2638 563 indurata
2657 518 2761 566 est.
2798 507 3044 562 Dividam
3088 506 3210 560 illos
3250 507 3304 560 in
3346 504 3547 569 Iacob,
3590 518 3639 560 et

2060 602 2357 672 dispergam
2386 616 2473 655 eos
2490 604 2546 654 in
2582 600 2773 655 Israel.
2806 601 3107 656 Videndum
3148 610 3232 655 est
3277 613 3344 652 ne
3391 599 3531 650 forte
3558 599 3641 649 di-

2060 695 2198 748 visio
2232 695 2331 748 ista
2363 710 2484 764 qua:
2544 694 2630 748 hic
2678 704 3163 754 commemoratur,
3199 692 3321 745 talis
3357 692 3428 745 sit
3460 689 3643 760 qualis

2059 798 2113 843 et
2152 789 2239 842 illa
2271 788 2337 841 de
2371 803 2475 855 qua
2546 786 2598 840 in
2656 785 2947 854 Evangelio
2993 785 3197 839 dicitur
3234 783 3299 849 “,
3352 783 3477 850 quia
3516 798 3638 834 cum

2061 882 2271 935 venerit
2312 881 2565 935 dominus
2590 880 2733 931 servi
2769 878 2933 943 illius,
2972 877 3167 931 dividet
3219 892 3363 941 eum,
3401 886 3637 943 partem-

2061 989 2159 1043 que
2183 971 2325 1025 illius
2356 989 2474 1025 cum
2502 970 2798 1039 inﬁdelibus
2833 980 3007 1038 ponet,
3039 968 3119 1021 vel
3158 978 3326 1032 certe,
3365 978 3420 1019 ut
3457 966 3640 1018 audivi

2062 1062 2350 1130 quemdam
2398 1077 2463 1116 ex
2510 1060 2717 1115 sanctis
2771 1059 3026 1113 Patribus
3073 1059 3460 1119 disserentem,
3512 1058 3639 1124 quia

2063 1154 2258 1207 divisio
2284 1153 2445 1207 sitnul
2480 1163 2534 1208 et
2574 1152 2841 1222 dispersio
2879 1150 3215 1211 nominatur.
3253 1165 3348 1219 pro
3395 1165 3460 1204 eo
3500 1149 3641 1215 quod

2064 1245 2303 1299 nonnulli
2337 1261 2402 1299 ex
2437 1246 2570 1314 ipsis
2603 1245 2831 1299 Domino
2854 1244 3230 1304 crediderunt.
3266 1253 3320 1298 et
3354 1243 3442 1297 alii
3474 1244 3523 1295 in
3564 1243 3645 1294 in-

2065 1337 2325 1392 fidelitate
2357 1347 2805 1408 permanserunt,
2862 1338 3021 1391 divisi
3065 1337 3321 1391 dicantur
3363 1336 3414 1390 bi
3460 1335 3549 1405 qui
3577 1336 3647 1388 ab

2064 1432 2146 1484 eis
2172 1440 2518 1498 separantur.
2553 1440 2608 1485 et
2633 1432 2855 1485 veniunt
2892 1432 2958 1484 ad
2993 1430 3176 1493 fidem.
3224 1440 3281 1483 et
3325 1429 3552 1496 dispersi
3591 1428 3643 1481 hi

2064 1537 2293 1593 quorum
2324 1525 2496 1593 patria
2529 1526 2836 1594 temploque
2890 1540 2987 1595 per
3020 1524 3207 1578 orbem
3255 1532 3414 1577 terra:
3462 1523 3644 1575 incre-

2066 1615 2250 1668 dnlnm
2311 1615 2647 1685 dispergitur
2711 1632 2885 1686 genus
2957 1614 3093 1685 (l7).
3170 1613 3398 1668 Videtur
3447 1624 3500 1667 et
3551 1627 3649 1682 per

2069 1706 2218 1775 ipsos
2252 1707 2559 1777 tripartitus
2590 1709 2695 1763 iste
2724 1718 2902 1763 motus
2937 1708 3107 1761 totius
3141 1703 3645 1773 animmdesiguari.

2063 1799 2120 1853 In
2157 1799 2353 1871 quibus
2407 1800 2596 1854 Ruben
2635 1813 2820 1855 servat
2856 1802 3085 1870 primam
3140 1809 3325 1853 notam
3359 1798 3649 1863 sanguinis

2063 1907 2183 1946 cum
2216 1891 2421 1945 macula
2451 1891 2629 1945 effusi.
2663 1890 2966 1947 Secundam
2998 1891 3095 1943 irae
3146 1889 3228 1943 vel
3268 1888 3474 1942 furoris
3517 1902 3643 1957 spec

2062 1984 2202 2040 ciem
2246 1993 2393 2038 tenet
2439 1986 2680 2046 Simeon.
2727 1985 2819 2053 qui
2852 1995 2904 2038 ct
2937 1984 3049 2052 ipse
3077 1998 3142 2036 ex
3182 1981 3382 2035 furoris
3409 1979 3525 2048 ejus
3551 1980 3647 2034 dc-

2065 2088 2403 2132 incustratur
2434 2077 2754 2146 approbrio.
2783 2075 3027 2131 Tertiam
3077 2076 3310 2130 formam
3364 2083 3543 2127 motus
3573 2072 3650 2126 itu

2063 2168 2405 2224 rationabilis
2442 2178 2588 2223 Ieuet
2616 2167 2766 2231 Levi,
2798 2167 2996 2236 quippe
3023 2167 3110 2222 cui
3141 2166 3308 2221 etiam
3336 2164 3506 2234 legem
3538 2177 3650 2218 ser-

2065 2276 2195 2315 vare
2227 2262 2548 2333 permissum
2579 2271 2684 2315 est.
2724 2259 2830 2315 llas
2872 2276 3004 2327 ergo
3047 2268 3157 2314 tres
3191 2258 3408 2328 Species
3433 2257 3647 2312 videtur

2066 2353 2195 2408 mihi
2224 2354 2403 2407 omnis
2429 2367 2596 2422 prope
2629 2354 2811 2406 anima
2837 2367 2959 2420 qua:
3001 2352 3053 2405 in
3086 2352 3229 2405 hunc
3266 2351 3532 2405 mundum
3556 2362 3655 2405 ve.

2066 2444 2147 2498 nit
2198 2444 2392 2513 primis
2457 2443 2696 2497 motibus
2754 2442 3098 2511 culpabiliter
3136 2456 3319 2511 agere,
3366 2455 3660 2509 usquequo

2064 2546 2414 2605 peccatorum
2448 2535 2595 2589 vitiis
2620 2543 2955 2604 prtegravata
2985 2544 3040 2588 et
3086 2533 3353 2588 malorum
3392 2534 3652 2588 societate

2066 2628 2230 2694 fessa,
2257 2631 2323 2682 ad
2351 2630 2526 2684 locum
2550 2630 2728 2697 possit
2770 2627 3108 2695 ptenitentiae
3137 2627 3447 2696 pervenire.
3477 2624 3649 2681 Judas

2064 2719 2208 2775 enim
2255 2726 2374 2788 post
2420 2718 2535 2773 haec
2587 2719 2859 2787 sequitur,
2910 2718 3003 2785 qui
3056 2725 3252 2787 purgat
3284 2714 3648 2770 confessionis

2064 2820 2310 2881 peccata,
2363 2813 2489 2882 quia
2544 2810 2713 2866 Judas
2765 2810 3028 2880 confessio
3085 2811 3484 2879 interpretatur
3530 2808 3647 2877 (l8)

2066 2900 2251 2971 lingua
2284 2900 2506 2957 Hebraea
2519 2940 2532 2955 .

2136 2992 2191 3048 4.
2229 2995 2317 3048 Ait
2354 3009 2485 3064 ergo
2512 2996 2557 3029 ³⁸
2590 3014 2604 3052 :
2634 2993 2804 3056 Iuda,
2851 3003 2900 3047 te
2946 2992 3248 3047 collaudent
3300 2991 3495 3061 fratres
3543 2993 3645 3056 tui,

376 3087 590 3141 videtur
617 3087 797 3141 dicere
822 3088 867 3119 ³⁰
901 3104 915 3141 :
954 3086 1188 3141 Mundus
1212 3104 1309 3158 ego
1339 3105 1455 3142 sum
1488 3106 1519 3141 a
1554 3090 1811 3159 sanguine
1827 3090 1963 3158 justi
1991 3115 2033 3173 ο
2068 3104 2255 3142 manus
2288 3097 2395 3142 tua
2421 3104 2581 3157 super
2650 3088 2868 3141 dorsum
2909 3086 3243 3139 inimicorum
3277 3095 3514 3138 tuorum.
3547 3084 3652 3139 Po-

376 3179 562 3246 hujns.
594 3186 825 3232 mundus
852 3194 949 3245 ego
981 3195 1098 3234 sum
1129 3196 1159 3233 a
1190 3180 1464 3235 sententia
1499 3195 1664 3249 quam
1699 3180 1956 3236 decerni-

375 3270 446 3325 tis
483 3272 743 3324 adversus
792 3271 1164 3326 innocentem?
1200 3272 1339 3339 Quia
1371 3272 1426 3327 in
1468 3272 1549 3326 ira
1584 3290 1707 3338 sua,
1766 3274 1961 3342 inquit,

373 3363 678 3416 occiderunt
706 3364 964 3425 homines,
1003 3373 1051 3417 et
1094 3364 1152 3417 in
1200 3365 1497 3426 cupiditate
1530 3381 1629 3418 sua
1672 3365 1966 3420 subnerua-

373 3463 555 3506 uerunt
586 3465 821 3507 taurum.
854 3454 1104 3522 Requiro
1141 3469 1281 3524 quos
1328 3456 1582 3510 homines
1612 3456 1963 3523 occiderunt,

375 3557 499 3599 cum
555 3555 764 3599 certum
817 3546 885 3599 sit
922 3553 1049 3599 ante
1080 3545 1388 3614 passionem
1431 3545 1644 3600 Domini
1691 3547 1963 3601 neminem

377 3634 719 3689 credentium
773 3651 891 3689 esse
944 3637 1236 3704 punitum,
1288 3636 1390 3691 nisi
1452 3637 1594 3692 forte
1645 3637 1772 3708 quis
1829 3638 1966 3709 ipsis

379 3724 620 3779 ascribat
650 3726 813 3779 etiam
860 3728 1177 3796 sanguinem
1226 3728 1664 3796 prophetarum;
1709 3729 1865 3796 quia,
1906 3738 1963 3784 ut

377 3815 509 3869 dicit
567 3815 829 3870 Don'rinus
886 3816 953 3881 ³¹,
990 3819 1304 3886 asanguine
1338 3817 1469 3871 Abel
1496 3816 1631 3885 justi
1688 3835 1861 3890 nsque
1894 3820 1963 3874 ad

378 3908 698 3977 sanguinem
734 3908 1011 3963 Zachariae
1036 3910 1215 3962 omnis
1242 3908 1335 3975 qui
1360 3906 1568 3963 effusus
1616 3920 1701 3965 est
1742 3911 1968 3980 sanguis

371 3999 643 4069 j'tstorum
683 4000 750 4053 ab
794 4001 907 4068 ipsa
956 4000 1305 4067 generatione
1356 3999 1689 4067 requiratur.
1745 4002 1852 4057 Sed
1885 4004 1967 4054 vi-

379 4091 605 4144 deamus
644 4107 711 4145 ne
758 4091 895 4145 forte
934 4099 981 4147 et
1020 4091 1142 4144 illos
1186 4092 1436 4146 homines
1477 4094 1786 4148 occiderint
1825 4108 1967 4163 quos

379 4194 769 4251 persuaserunt
806 4185 1047 4240 clamare
1078 4187 1121 4219 ³’
1159 4207 1172 4243 :
1210 4186 1442 4257 Sanguis
1487 4189 1634 4242 illius
1672 4205 1833 4257 super
1869 4205 1965 4243 nos

377 4286 427 4330 et
457 4294 615 4343 super
648 4278 786 4346 ﬁlios
823 4290 1048 4334 nostros.
1081 4280 1146 4334 Et
1185 4283 1237 4335 in
1261 4286 1557 4352 cupiditate
1601 4300 1699 4338 sua
1742 4283 1967 4335 subner-

379 4379 625 4420 vaverunt
657 4380 887 4423 taurum.
926 4370 1165 4425 Taurum
1203 4375 1463 4443 appellari
1521 4373 1712 4428 Filium
1750 4374 1841 4427 Dei
1884 4372 1964 4427 le-

2071 3188 2176 3234 test
2209 3180 2312 3234 hoc
2364 3180 2452 3234 vel
2496 3180 2563 3233 ad
2615 3193 2795 3248 Ipsum
2843 3174 3060 3240 ludam,
3106 3177 3187 3230 vel
3239 3179 3306 3230 ad
3338 3192 3431 3231 eos
3457 3177 3546 3245 qui
3584 3192 3649 3231 es

2069 3272 2238 3341 ipsius
2263 3271 2516 3326 videntur
2542 3286 2667 3326 esse
2700 3272 2971 3341 progenie
3010 3269 3229 3332 referri.
3270 3269 3362 3334 qui
3417 3284 3646 3337 regnum

2068 3364 2243 3432 gentis
2275 3363 2421 3418 illius
2468 3364 2915 3419 administramus
2952 3362 3303 3417 inimicorum
3349 3370 3501 3430 terga
3551 3359 3651 3415 do-

2069 3464 2341 3511 mnernnt.
2381 3454 2487 3510 Sed
2521 3456 2652 3510 etin
2686 3455 2907 3512 Christo
2963 3463 3336 3525 competenter
3383 3454 3652 3522 accipitur

2071 3548 2163 3618 qui
2197 3563 2225 3601 a
2258 3547 2522 3602 fratribus
2548 3546 2683 3611 suis,
2733 3547 2785 3601 id
2823 3556 2907 3603 est
2949 3547 3017 3601 ab
3059 3547 3329 3617 apostolis
3359 3563 3495 3614 quos
3527 3543 3650 3616 ipse

2070 3640 2270 3696 fratres
2295 3641 2347 3695 in
2381 3640 2678 3711 Evangelia
2700 3640 3023 3703 nominavit,
3058 3641 3253 3694 merito
3280 3639 3655 3694 collaudatur:

2070 3730 2274 3787 inimici
2314 3744 2442 3786 vero
2476 3730 2596 3796 ejus
2618 3746 2785 3798 super
2819 3746 3052 3799 quorum
3090 3732 3253 3784 dorsa
3302 3746 3495 3785 uiantis
3533 3730 3650 3798 ejus

2068 3833 2175 3887 est,
2208 3824 2280 3878 illi
2308 3824 2682 3892 intelliguntur
2709 3838 2846 3892 quos
2867 3821 3030 3877 Pater
3061 3824 3335 3889 promittit
3358 3824 3459 3876 sub
3486 3824 3651 3891 pedes

2069 3916 2187 3984 ejus
2217 3931 2277 3970 se
2304 3917 2628 3984 positurum,
2665 3916 2855 3969 dicens
2888 3915 2934 3946 "
2970 3936 2981 3968 :
3022 3914 3213 3970 Sedea
3252 3916 3457 3969 dextris
3497 3918 3648 3979 meis,

2069 4010 2233 4061 donec
2282 4024 2475 4075 ponam
2512 4008 2756 4060 inimicos
2803 4016 2924 4062 tuos
2963 4009 3061 4061 sub
3089 4010 3309 4077 pedibus
3345 4009 3475 4064 tuis.
3512 4010 3652 4063 Sunt

2069 4112 2202 4169 ergo
2236 4099 2465 4161 inimici.
2500 4099 2673 4153 donec
2736 4099 3001 4153 increduli
3040 4109 3167 4154 sunt
3203 4112 3257 4154 et
3298 4101 3564 4163 infideles,
3596 4109 3652 4154 et

2072 4194 2193 4248 ideo
2222 4193 2511 4247 cteduntur
2545 4191 2598 4245 in
2651 4200 2806 4260 tergo
2862 4191 2954 4260 qui
2998 4200 3348 4261 posteaquam
3397 4194 3648 4248 conversi

2072 4280 2277 4336 fuerint
2327 4280 2636 4335 efﬁciuntur
2677 4281 2896 4347 fratres,
2933 4292 2988 4336 et
3032 4282 3349 4337 collaudant
3394 4299 3518 4338 eum
3548 4284 3642 4353 qui

2070 4387 2164 4426 eos
2195 4374 2246 4426 in
2274 4374 2613 4441 adoptionem
2650 4369 2828 4426 Patris
2864 4384 3087 4428 vocatos
3126 4374 3229 4428 sibi
3262 4385 3316 4429 et
3337 4375 3650 4429 cohaeredes

380 4457 559 4525 gimus
595 4459 647 4511 in
689 4460 1096 4528 Scripturarnm
1122 4463 1333 4533 figuris.
1385 4465 1642 4518 nimirum
1695 4465 1749 4518 in
1792 4464 1963 4517 Evan-
1992 4452 2039 4509 Ῑ)
2070 4460 2198 4516 fecit
2227 4473 2281 4516 et
2308 4462 2523 4516 fratres.
2565 4461 2708 4518 Bene
2745 4473 2928 4518 autem
2963 4473 3116 4534 terga
3142 4464 3484 4519 inimicorum
3515 4465 3647 4518 caedi

380 4548 635 4619 gelio,ubi
665 4551 923 4620 scriptmn
956 4562 1135 4607 estex
1175 4570 1406 4622 persona
1450 4556 1543 4609 filii
1590 4556 1829 4610 senioris
1877 4554 1963 4607 di-

378 4641 552 4695 centis
586 4642 651 4695 ad
690 4652 894 4711 patrem
920 4643 966 4673 ³³
1001 4662 1015 4698 :
1048 4644 1165 4714 Ego
1186 4662 1393 4715 semper
1418 4658 1590 4700 tecum
1612 4647 1713 4714 fui,
1737 4656 1785 4699 et
1814 4661 1962 4698 man-

378 4734 560 4786 datum
590 4743 737 4788 tuum
761 4751 1027 4805 nunquam
1053 4738 1337 4806 prtcteriui,
1371 4748 1417 4792 et
1453 4754 1717 4807 nunquam
1764 4736 1956 4790 dedisti

379 4825 508 4876 milii
532 4825 739 4879 [nedum
771 4835 825 4879 ut
852 4842 970 4879 cum
998 4829 1183 4879 amicis
1212 4832 1339 4882 meis
1379 4830 1643 4895 epularer.
1695 4827 1827 4881 Cum
1861 4844 1960 4880 au-

379 4924 481 4967 tem
515 4917 646 4968 venit
684 4914 827 4982 ﬁlius
853 4926 975 4971 tuus
1003 4918 1089 4971 hic
1125 4919 1335 4988 junior,
1363 4919 1454 4988 qui
1500 4917 1807 4984 dilapidauit
1847 4932 1964 4969 ont-

378 5021 496 5059 nem
528 5007 875 5062 substantiam
906 5026 1079 5073 suam,
1108 5011 1351 5064 occidisti
1395 5012 1441 5064 ei
1484 5010 1705 5063 vitulum
1744 5012 1963 5079 sagina-

381 5105 514 5153 tum.
540 5100 707 5153 Istum
738 5116 867 5169 ergo
895 5112 1106 5156 taurum
1139 5102 1254 5155 sive
1292 5103 1521 5155 vitnlmn
1568 5100 1803 5154 consilio
1860 5114 1960 5154 suo

384 5183 592 5239 Scriba:
628 5196 683 5240 et
710 5186 970 5245 Phariszei
1001 5193 1367 5248 subnervasse
1391 5192 1687 5255 dicuntur;
1726 5205 1957 5260 quorum

454 5323 503 5356 ”
549 5326 746 5399 Cenes.
793 5346 931 5392 ηις,
992 5332 1046 5397 5,
1107 5333 1161 5397 6,
1211 5333 1263 5399 7,
1311 5334 1363 5389 8.

384 5406 555 5461 XXVII.
580 5398 670 5454 Ἡ.
749 5400 790 5431 ³⁸
822 5400 1003 5454 Matth.
1033 5418 1187 5456 xxtu.
1217 5398 1306 5459 55.
1382 5403 1424 5434 ³¹
1452 5402 1635 5455 Matth.
1670 5418 1834 5461 xxvn.
1864 5401 1954 5455 ‘25.

384 5460 437 5519 8.
517 5466 561 5497 ³⁸
593 5469 735 5523 l’sal.
774 5485 889 5537 clx,
930 5471 984 5525 2.
1062 5472 1105 5503 ⁸⁷
1134 5472 1333 5530 Jerem.
1366 5489 1428 5539 ιι,
1464 5472 1554 5528 27.

458 5587 767 5655 (l7)A|ias.
799 5607 1019 5657 quorum
1071 5591 1245 5657 patria
1301 5600 1571 5660 totumque
1621 5606 1714 5658 per
1763 5591 1956 5643 orbem.

388 5657 455 5711 Λι
496 5676 624 5712 ttrss.
662 5669 713 5711 nt
747 5662 796 5711 in
834 5671 1020 5712 nostro
1051 5671 1221 5713 textu.

466 5730 576 5797 (18)
606 5730 773 5782 Indus
828 5729 1099 5783 confessio
1150 5731 1522 5797 interpretatur
1560 5749 1588 5783 a
1652 5730 1826 5785 radice
1868 5738 1962 5787 ΓΠν

1443 5333 1486 5364 ’⁷
1514 5331 1707 5387 Cenes.
1739 5345 1925 5395 rxxtv,
1954 5331 2043 5386 50.
2118 5331 2164 5363 ’³
2195 5331 2380 5385 Matth.
2419 5347 2564 5387 xxvi.

1452 5402 1635 5455 Matth.
1670 5418 1834 5456 xxvlt.
1864 5401 1954 5455 ‘25.
2034 5400 2081 5431 ³³
2114 5400 2242 5456 an.
2265 5417 2352 5456 XV.
2386 5403 2471 5456 ‘29.
2500 5402 2567 5455 50

1632 5443 1635 5453 .
1670 5418 1834 5461 xxvn.
1864 5417 1954 5455 τις).
2034 5417 2081 5431 δ’
2115 5417 2242 5457 huc.
2265 5417 2352 5466 sv,
2386 5417 2471 5468 τιν,
2500 5417 2588 5455 ou.

1632 5472 1676 5503 "'
1705 5472 1901 5529 Genes.
1934 5487 2077 5535 χιιι,
2108 5472 2161 5525 8.

2071 4553 2209 4607 dixit
2234 4568 2263 4606 a
2290 4554 2532 4608 Christo.
2566 4554 2771 4610 Omnes
2803 4556 2952 4609 enim
2993 4559 3087 4624 qui
3141 4557 3448 4610 adorabant
3484 4557 3648 4619 idola,

2073 4655 2222 4714 terga
2259 4644 2461 4699 dabant
2487 4646 2633 4699 Deo:
2659 4650 2803 4700 sicut
2833 4650 2891 4700 et
2911 4662 3008 4715 per
3039 4648 3355 4717 prophetam
3389 4647 3652 4702 Dominus

2066 4736 2362 4802 exprobrat
2392 4736 2577 4789 dicens
2608 4736 2651 4767 ⁸⁷
2684 4753 2697 4789 :
2732 4734 2836 4800 Qui
2872 4748 3236 4790 converterunt
3279 4738 3350 4790 ad
3376 4754 3455 4791 me
3489 4739 3651 4792 dorsa

2064 4841 2161 4878 sua
2192 4836 2371 4879 etnon
2406 4825 2615 4893 faciem.
2653 4825 2778 4880 Haec
2817 4842 2949 4896 ergo
2981 4830 3141 4882 dorsa
3182 4829 3360 4891 caadit,
3407 4838 3465 4882 ut
3509 4844 3648 4883 con-

2068 4919 2212 4971 versi
2249 4917 2542 4987 aliquando
2564 4928 2712 4989 terga
2742 4919 2875 4973 dent
2899 4920 3081 4985 idolis,
3115 4930 3170 4974 et
3214 4920 3408 4976 faciem
3433 4930 3651 4990 erigant

2072 5011 2139 5063 ad
2173 5011 2358 5073 Demn,
2406 5020 2457 5065 et
2496 5010 2704 5064 faciant
2762 5010 2865 5063 hoc
2893 5015 3036 5079 quod
3089 5012 3141 5065 in
3185 5012 3651 5082 consequemibus

2072 5101 2335 5169 scriptum
2366 5112 2450 5155 est
2488 5101 2533 5133 ³⁸
2566 5119 2578 5153 :
2611 5101 2675 5155 Et
2704 5104 2925 5156 adorent
2956 5103 3127 5170 ter/iiii
3155 5106 3322 5171 patris
3363 5104 3461 5157 tui.
3499 5103 3651 5157 Tunc

2066 5192 2356 5244 cnimcum
2390 5192 2641 5255 adorant,
2682 5209 2804 5247 cum
2856 5194 2949 5248 filii
2983 5192 3163 5248 Patris
3203 5195 3409 5248 fuerint
3447 5194 3648 5261 effecti,

2118 5331 2164 5363 ’³
2195 5330 2380 5385 Matth.
2419 5347 2564 5387 xxvi.
2597 5331 2650 5385 4.
2732 5333 2780 5364 ¹⁹
2808 5331 3005 5388 Genes.
3049 5347 3196 5397 xux,
3225 5330 3279 5385 6.
3386 5332 3431 5365 ³ο
3455 5332 3651 5389 Matth.

2666 5403 2709 5434 ”
2741 5402 2871 5458 an.
2893 5419 2995 5467 xu,
3029 5402 3119 5457 Mi.
3194 5402 3236 5433 ³⁵
3260 5401 3457 5458 Gencs.
3489 5418 3632 5460 sua.

2073 5606 2190 5655 qum
2233 5591 2282 5644 in
2325 5590 2505 5658 Ilipltil
2542 5600 2698 5645 sonat
2744 5590 2999 5659 conﬁteri.
3052 5589 3193 5643 lufra
3235 5587 3648 5656 editi,Regnunt

2072 5666 2235 5729 gentis
2268 5663 2411 5713 illius
2442 5664 2820 5715 ministrantes.
2859 5661 3010 5722 5155.,
3046 5660 3497 5737 administramus.
