4122 6248
585 233 691 289 95⁹

1802 240 1864 295 IN
1905 237 2204 294 GENESIM
2241 236 2525 293 HOMILIA
2562 236 2723 291 XV".

3730 240 3836 296 2'38

591 362 647 403 et
676 350 935 421 Spiritum
974 351 1275 419 adoptionis
1304 355 1635 423 acceperint,
1669 356 1719 411 in
1752 374 1858 427 quo
1883 358 2116 412 clamem
2144 375 2159 411 :
2192 361 2234 416 Α
2264 356 2586 410 ostenditur.
2628 354 2734 409 Sed
2769 356 3044 409 videntum
3090 372 3256 425 quare
3290 369 3344 409 ιιι
3388 358 3468 410 leo
3497 369 3547 410 et
3589 367 3647 411 nt
3682 372 3837 414 eatu-

594 441 737 495 Abba
785 451 929 508 pater
966 441 1026 493 ³⁹.
1060 440 1227 494 Nemo
1267 443 1412 495 cnim
1463 444 1594 497 dicit
1649 445 1930 501 Dominum
1980 447 2160 501 Iesum

556 537 561 543 ’
595 534 699 587 nisi
731 534 784 585 iu
823 531 1023 599 Spiritu
1064 543 1246 586 sancto
1280 533 1351 586 ⁸ο.
1403 534 1505 587 Iste
1538 550 1720 590 sermo
1765 540 1924 605 paulo
1977 540 2165 593 durius

601 626 828 679 refertur
853 626 918 677 ad
950 622 1164 687 Judam,
1198 626 1299 679 nisi
1338 626 1563 681 abusive
1614 630 1861 684 dicamus
1906 632 2163 685 adoratos

594 732 712 770 esse
741 716 893 784 quasi
934 731 1084 784 reges
1118 733 1145 769 a
1202 718 1459 772 fratribus
1496 721 1629 783 suis,
1666 724 1718 774 id
1764 732 1846 776 cst
1884 737 1912 775 a
1951 724 2162 778 caeteris

592 808 1005 869 contribulihns,
1031 808 1173 862 ﬁlios
1198 807 1357 862 Jnda.

660 898 711 952 5.
747 898 968 952 Catulus
998 900 1161 954 leonis
1190 899 1359 964 .luda,
1391 901 1454 953 de
1485 904 1718 972 germine
1739 905 1853 974 ejus
1880 906 2113 960 ascendit
2141 924 2158 961 :

592 993 844 1044 recubans
878 990 1121 1043 dormisti
1157 992 1290 1044 sicut
1329 990 1431 1054 leo,
1465 1005 1511 1044 et
1541 995 1676 1047 sicut
1732 997 1939 1050 catulus
1971 998 2157 1054 leonis.

594 1080 727 1146 Quis
754 1083 1022 1135 suscitabit
1060 1099 1177 1135 eum
1225 1082 1302 1136 ιιι
1352 1081 1405 1135 In
1459 1084 1540 1137 his
1582 1087 1863 1141 versiculis
1904 1104 2009 1141 non
2048 1088 2159 1155 jam

591 1175 989 1238 conclmlimur,
1025 1176 1121 1229 sed
1153 1191 1292 1242 pene
1333 1177 1674 1231 excludimur
1706 1197 1719 1230 :
1756 1195 1877 1231 nam
1921 1180 2159 1233 catulum

592 1265 760 1320 leonis
785 1268 831 1320 si
863 1282 1127 1335 ponamus
1149 1266 1341 1320 ludam
1369 1268 1474 1321 diei
1506 1283 1665 1336 posse
1693 1285 1790 1336 pro
1816 1272 2015 1323 virtute
2044 1270 2159 1324 hcl-

588 1363 753 1424 landi,
786 1363 1064 1429 quomodo
1092 1362 1387 1429 eXponitur
1408 1363 1549 1427 quod
1589 1362 1655 1414 de
1678 1363 1920 1428 germine
1949 1362 2063 1430 ejus
2090 1364 2165 1415 di-

590 1456 736 1507 citur
769 1451 1117 1506 ascendisse?
1140 1451 1373 1504 Germcn
1397 1462 1583 1505 autem
1613 1452 1698 1505 hic
1738 1453 1787 1504 in
1827 1452 2014 1507 Graeco
2038 1452 2163 1523 βλα-

590 1546 714 1605 στὸς
745 1544 947 1595 dicitur
975 1539 1114 1607 (19),
1156 1539 1296 1605 quod
1326 1542 1500 1609 magis
1535 1540 1817 1609 virgultum
1857 1543 1936 1595 vel
1983 1558 2161 1595 ramus

590 1636 794 1691 rectius
851 1636 1265 1700 interpretatur,
1309 1634 1397 1701 qui
1442 1634 1508 1687 de
1565 1634 1748 1686 radice
1798 1634 2155 1702 repnllnlare,

588 1725 675 1780 vel
705 1728 769 1780 de
804 1728 923 1793 ipso
956 1726 1154 1779 robore
1190 1727 1395 1779 arboris
1421 1725 1578 1778 solet.
1614 1723 1690 1777 Ex
1740 1739 1846 1792 quo
1880 1740 2009 1796 ergo
2047 1726 2158 1780 vir-

590 1815 758 1886 gulto,
790 1815 871 1869 vel
902 1829 966 1869 ex
994 1830 1101 1883 quo
1158 1832 1301 1868 ramo
1349 1812 1514 1868 Jndas
1552 1816 1861 1870 ascendisse
1908 1818 2155 1871 dicitur?

594 1907 673 1961 vel
697 1906 963 1976 quomodo
993 1909 1309 1960 recumbens
1336 1905 1607 1960 dormisse
1635 1916 1697 1959 ιιι
1727 1908 1808 1961 leo
1841 1918 1894 1962 et
1924 1919 1983 1962 ιιι
2012 1920 2158 1964 catu-

591 1999 671 2053 lus
701 1998 889 2057 leonis.
918 1999 989 2050 ita
1024 2007 1080 2049 ιιι
1109 2010 1385 2066 quaeratur
1407 2002 1530 2067 quis
1569 2014 1693 2052 eum
1733 2001 1991 2055 suscitet?
2038 2001 2157 2058 Nisi

588 2090 726 2144 forte
771 2089 966 2157 aliquis
1018 2088 1123 2141 vim
1175 2087 1379 2144 faciens
1434 2090 1566 2145 velit
1630 2090 1702 2143 ita
1735 2105 2054 2148 asseverare
2087 2110 2153 2150 ex

584 2182 823 2249 genuine
870 2181 1205 2249 processisse
1253 2180 1475 2245 ludam,
1534 2183 1584 2237 id
1636 2192 1742 2248 est,
1796 2190 1853 2238 ut
1908 2186 2157 2253 superius

582 2274 837 2337 diximus,
883 2273 965 2327 vel
1009 2290 1072 2329 ex
1110 2274 1376 2343 virgulto,
1419 2274 1500 2327 vel
1531 2289 1595 2328 ex
1646 2291 1837 2341 ramo;
1892 2278 2037 2344 quod
2091 2277 2157 2331 de

583 2361 698 2429 ipsa
732 2362 900 2430 patris
930 2361 1247 2417 fortitudine
1274 2373 1327 2418 et
1360 2364 1557 2416 virtute
1584 2362 1875 2431 signiticet,
1908 2364 1997 2430 qtti
2039 2363 2153 2417 vir-

585 2456 718 2507 tutis
747 2455 1079 2509 confidentia
1136 2457 1375 2517 recubet,
1424 2464 1478 2509 ct
1513 2454 1815 2523 requiescat
1857 2464 1912 2509 ut
1960 2455 2046 2510 leo
2098 2464 2151 2511 et

582 2556 639 2599 ιιι
669 2549 881 2602 catulus
904 2547 1100 2610 leonis.
1136 2562 1233 2602 nec
1266 2561 1388 2602 eum
1415 2560 1583 2600 ausus
1630 2545 1831 2614 aliquis
1870 2556 1939 2600 su
1972 2548 2152 2602 susci-

583 2646 722 2702 tare,
750 2639 874 2691 dum
904 2653 1002 2707 pro
1034 2639 1405 2709 magnitudine
1435 2637 1634 2691 virium
1669 2648 1723 2691 et
1746 2639 1987 2706 potentia
2035 2637 2152 2692 hel-

584 2729 817 2783 latorum
866 2731 1134 2785 suscitare
1183 2747 1305 2785 eum
1347 2730 1527 2785 nullus
1583 2733 1782 2785 audeat
1839 2733 1903 2784 ad
1944 2731 2147 2801 praelia.

583 2821 686 2875 Sed
715 2821 880 2873 ntulto
910 2821 1321 2875 convenientius
1351 2821 1626 2888 aptabitur
1652 2822 1776 2874 huic
1814 2820 1933 2876 loco
1966 2822 2157 2894 mysti-

581 2927 641 2964 ca
668 2912 956 2977 expositio,
1011 2912 1171 2982 108
1214 2915 1265 2966 itt
1298 2929 1403 2982 qna
1434 2913 1642 2967 catulus
1682 2914 1854 2968 leonis
1899 2913 2148 2970 Christus

2267 446 2348 499 lus
2381 448 2552 500 leonis
2587 446 2810 501 dormit.
2864 448 2938 502 De
2997 451 3158 501 catuli
3205 450 3421 517 quidem
3484 466 3678 504 somno
3720 450 3833 517 jam

2265 536 2516 603 superius
2546 536 2752 589 dictum
2789 546 2875 589 est
2918 538 3060 605 quod
3110 537 3265 591 Valde
3307 540 3693 595 convenienter
3739 556 3834 609 ap-

2268 636 2413 679 tatur
2444 626 2499 679 in
2527 627 2765 692 Christo,
2797 629 2887 696 qui
2923 628 3097 681 tribus
3140 627 3329 682 diebus
3356 640 3408 683 et
3437 630 3607 685 tribus
3651 632 3836 685 nocti-

2262 716 2366 769 bus
2407 717 2459 769 in
2506 718 2672 770 corde
2696 726 2853 771 terra:
2901 715 3144 786 sepultus
3187 732 3442 771 somnum
3489 721 3677 775 mortis
3726 722 3837 777 im-

2262 807 2447 876 plevit.
2481 808 2552 863 Ut
2584 809 2667 863 leo
2691 820 2873 862 autem
2912 811 3014 864 hoc
3063 812 3223 866 modo
3255 812 3455 866 debere
3488 814 3706 883 intelligi
3737 830 3829 867 ar.

2261 898 2449 952 hitror
2484 898 2625 953 Mors
2646 898 2848 954 Christi
2893 903 3176 971 Oppressio
3210 912 3263 955 et
3308 902 3613 972 trinmplms
3637 906 3836 959 daemo-

2263 1005 2391 1042 num
2438 991 2559 1043 fttit.
2592 991 2817 1045 Omnem
2864 1009 3100 1061 namque
3131 995 3367 1062 praedam
3429 1010 3588 1063 quam
3626 995 3707 1049 leo
3740 996 3830 1050 illo

2264 1087 2573 1137 contrarius
2615 1085 2891 1140 invaserat
2924 1093 3202 1152 prostrato
3242 1086 3461 1139 homine
3498 1098 3549 1139 et
3600 1086 3836 1154 dejecm,

2266 1175 2352 1227 hic
2383 1174 2468 1229 leo
2503 1176 2832 1245 interripnit.
2872 1177 3109 1246 Denique
3136 1176 3353 1230 rediens
3387 1179 3454 1229 ah
3501 1176 3691 1231 inferis
3722 1175 3836 1248 (22)

2263 1275 2317 1317 et
2365 1265 2651 1318 ascendens
2692 1267 2744 1319 in
2797 1265 2986 1329 altum,
3040 1266 3299 1333 captivam
3348 1267 3502 1320 duxit
3555 1268 3837 1331 captivita-

2266 1362 2366 1406 tem
2407 1354 2473 1408 ".
2505 1354 2617 1409 Hoc
2643 1371 2772 1422 ergo
2795 1357 2954 1409 modo
2976 1366 3029 1408 et
3058 1356 3110 1410 in
3139 1372 3329 1411 somno
3354 1373 3454 1413 suo
3480 1358 3561 1413 leo
3590 1358 3691 1412 fuit.
3725 1360 3837 1413 vin-

2265 1460 2395 1499 Cens
2446 1446 2624 1500 omnia
2690 1458 2745 1501 et
2798 1448 3095 1512 debellans,
3145 1460 3199 1503 et
3262 1452 3530 1505 destruxit
3579 1468 3700 1505 eum
3739 1452 3833 1521 qttl

2265 1534 2499 1590 habebat
2530 1538 2721 1590 mortis
2766 1537 3072 1605 imperium,
3111 1551 3165 1592 et
3207 1540 3355 1593 velut
3400 1543 3614 1595 catulus
3664 1543 3835 1597 leonis

2262 1626 2350 1679 die
2389 1629 2547 1680 tertia
2583 1629 2904 1682 suscitatur.
2958 1630 3090 1695 Quis
3129 1634 3405 1685 suscitabit
3456 1633 3617 1686 eum?
3665 1632 3833 1690 Βιιοιθ

2264 1718 2415 1785 quasi
2449 1718 2773 1786 inquirentis
2801 1723 3078 1790 prophetae
3120 1737 3408 1791 personam
3448 1740 3566 1791 qua:
3600 1728 3832 1780 suscita-

2259 1810 2328 1863 rit
2358 1809 2630 1864 Christum
2669 1827 2850 1866 sermo
2875 1815 3169 1885 signilit-at.
3218 1816 3355 1881 Quia
3383 1817 3678 1883 Apostolus
3716 1819 3834 1886 qni-

2256 1902 2377 1955 dem
2412 1903 2544 1956 dicit
2567 1904 2637 1965 ‘3,
2666 1905 2789 1972 quia
2827 1905 2968 1958 Deus
3010 1908 3099 1974 qui
3128 1910 3404 1959 suscitavit
3450 1924 3574 1961 eum
3605 1926 3635 1962 a
3684 1925 3828 1962 mor-

2257 1993 2383 2054 tuis,
2427 1995 2700 2047 suscitabit
2743 2006 2790 2047 et
2833 1997 3077 2047 mortalia
3131 2013 3355 2062 corpora
3398 2007 3564 2051 uestra
3617 2008 3834 2068 propter

2257 2085 2639 2140 inltabitautem
2707 2089 2951 2155 spiritum
3036 2088 3151 2156 ejus
3199 2093 3252 2143 in
3300 2092 3462 2143 vobis.
3523 2091 3587 2145 Et
3637 2094 3831 2147 iterum

2258 2174 2507 2231 Christus
2561 2177 2691 2231 dicit
2739 2177 2790 2229 in
2859 2177 3163 2242 Evange'iis
3200 2178 3247 2209 “
3286 2195 3299 2231 :
3348 2177 3546 2233 Solvite
3583 2185 3831 2248 templum

2257 2267 2373 2332 Itoc,
2425 2276 2471 2319 et
2514 2283 2607 2335 ego
2652 2269 2705 2333 iu
2748 2268 2916 2320 tribus
2972 2269 3158 2321 diebus
3205 2274 3467 2323 suscitabo
3506 2270 3638 2323 illud
3678 2286 3697 2323 :
3738 2273 3835 2326 Itoc

2256 2366 2431 2410 autem
2461 2357 2663 2409 dicebat
2695 2359 2759 2410 de
2778 2356 2972 2426 templo
2999 2359 3240 2426 corporis
3269 2361 3371 2412 sui.
3418 2362 3554 2426 Quia
3594 2377 3722 2431 ergo
3774 2372 3835 2417 et

2257 2447 2371 2515 ipse
2422 2460 2480 2500 se
2507 2448 2641 2501 dicit
2707 2449 2977 2502 suscitare
3018 2450 3274 2516 templum
3355 2467 3535 2517 suum,
3586 2464 3639 2507 et
3690 2454 3832 2509 Deus

2258 2539 2406 2592 illum
2469 2539 2672 2593 dicitur
2707 2540 3034 2602 suscitasse,
3086 2553 3234 2595 recte
3284 2542 3546 2612 prepheta
3608 2555 3832 2613 stupore

2259 2638 2420 2682 tanta.
2451 2629 2631 2684 Patris
2682 2638 2738 2683 et
2786 2628 2910 2684 Filii
2947 2631 3169 2686 unitatis
3212 2643 3374 2699 atque
3429 2634 3831 2691 indiScretionis

2257 2721 2516 2776 attonitus
2541 2721 2617 2774 ait
2646 2737 2658 2773 :
2691 2721 2819 2786 Quis
2845 2723 3114 2775 suscitabit
3144 2738 3263 2775 eum
3291 2722 3441 2794 (‘25)?

2326 2810 2379 2864 6.
2412 2808 2535 2864 Non
2577 2811 2780 2880 deﬁciet
2822 2817 3062 2882 princeps
3112 2829 3177 2867 ex
3221 2814 3388 2880 Judtt,
3430 2833 3591 2884 neque
3621 2818 3733 2875 dua:
3760 2820 3829 2874 a's

2256 2904 2542 2975 femoribus
2602 2904 2716 2972 ejus
2762 2920 3025 2975 usqucqtto
3087 2906 3293 2959 veniant
3333 2924 3393 2960 ea
3445 2924 3565 2978 qut:
3599 2913 3826 2978 reposita

582 3018 687 3055 non
736 3002 909 3056 solum
955 3006 1182 3072 tropice,
1226 3019 1421 3058 verum
1471 3006 1633 3059 etiam
1671 3006 1889 3076 physice
1917 3006 2028 3077 (20)
2058 3008 2151 3061 dc-
2177 3030 2218 3087 α
2254 3004 2375 3049 ⁸³⁸³⁸⁸
2398 2997 2445 3048 οἱ
2477 2995 2610 3065 (εθι
2641 2995 2741 3055 νυί·
2784 3008 2841 3050 ιιι
2887 2998 2937 3049 ⁵³³
2985 2996 3104 3051 θυῖε
3140 2998 3541 3068 θκυηιριδτίὶηιδ
3573 3002 3831 3068 habetur.

579 3094 870 3163 signatur:
904 3108 1026 3146 nam
1072 3093 1426 3164 Physiologus
1473 3096 1539 3150 de
1584 3096 1763 3149 catulo
1825 3096 1996 3151 leoois
2030 3099 2145 3152 haec

579 3185 767 3237 sci-ibit
822 3184 965 3252 quod
1012 3199 1133 3237 eum
1186 3184 1352 3238 fuerit
1418 3195 1583 3240 natus
1634 3187 1810 3240 tribus
1867 3187 2061 3241 diebus
2090 3196 2145 3242 et

583 3276 754 3328 tribus
783 3278 1030 3330 noctibus
1051 3276 1307 3340 dormiat,
1337 3287 1448 3330 tum
1481 3277 1674 3331 deimle
1711 3277 1882 3345 patris
1921 3276 2146 3332 fremitu

582 3365 661 3416 vel
696 3366 868 3432 rugitu
904 3376 1158 3435 tanquam
1186 3370 1536 3423 tremefactus
1571 3367 1769 3421 cubilis
1798 3368 1947 3423 locus
1972 3370 2149 3424 susci-

585 3464 659 3508 te:
678 3457 914 3509 catulum
940 3459 1318 3512 dormientem.
1352 3458 1455 3511 Iste
1489 3457 1703 3512 catulus
1731 3474 1861 3528 ergo
1893 3461 2146 3513 ascendit

581 3558 646 3597 ex
678 3546 919 3610 germine
950 3563 965 3600 :
1000 3561 1066 3600 ex
1099 3548 1307 3616 virgine
1354 3548 1498 3602 enim
1548 3557 1708 3601 natus
1765 3558 1869 3602 est.
1918 3548 2034 3602 Non
2079 3564 2144 3604 ex

580 3641 804 3703 semine,
842 3640 931 3693 sed
969 3654 1032 3693 es
1075 3640 1282 3710 virgine
1318 3641 1524 3710 absque
1577 3639 1868 3693 concubitu
1919 3641 2046 3703 viri,
2096 3649 2149 3694 et

578 3736 784 3802 absque
824 3733 1044 3786 semine
1078 3731 1312 3785 naturali
1374 3733 1623 3786 nascitur
1681 3732 1954 3798 Christus,
2002 3732 2147 3786 velut

580 3826 868 3895 virgultum
916 3825 1031 3879 sive
1083 3840 1288 3879 ramus.
1331 3824 1385 3877 In
1430 3839 1538 3893 quo
1603 3824 2051 3878 manifestissime
2096 3833 2149 3878 et

579 3920 773 3972 veritas
803 3917 984 3972 carnis
1029 3928 1322 3985 assumpta}
1372 3930 1438 3970 ex
1483 3916 1693 3985 virgine
1747 3918 2059 3970 declaratur
2088 3917 2144 3969 itt

578 4024 733 4062 sacro
767 4019 954 4063 Sancto
981 4008 1320 4077 germine,ct
1346 4021 1373 4059 a
1396 4008 1649 4074 contagio
1684 4006 1903 4059 lmmani
1933 4014 1988 4060 et
2017 4021 2143 4059 car-

581 4101 721 4155 nalis
754 4102 976 4153 seminis
1009 4108 1302 4153 excusatur
1346 4097 1482 4169 (2l).
1534 4096 1855 4151 Recumbeus
1900 4096 2145 4151 dormiin

578 4195 707 4246 situt
738 4194 837 4255 leo,
865 4203 912 4243 et
944 4194 1078 4245 sicut
1104 4191 1309 4244 catulus
1347 4190 1535 4245 leonis.
1568 4189 2003 4243 Manifestissime
2054 4204 2144 4242 re-

581 4282 828 4335 cubuisse
885 4290 941 4334 et
990 4281 1256 4334 dormisse
1297 4279 1505 4333 dictum
1552 4278 1619 4331 de
1653 4278 1911 4348 passione
1954 4276 2148 4332 mortis

649 4403 692 4433 ³³
727 4403 882 4456 Itom.
918 4416 1034 4464 vnt,
1075 4401 1161 4455 15.
1281 4397 1367 4450 “l
1399 4397 1526 4453 Cor.
1561 4413 1659 4463 xu,
1691 4399 1744 4452 ὅ.

580 4474 665 4527 19.
764 4474 808 4503 ⁸⁸
846 4472 1043 4528 Cenes.
1081 4485 1228 4535 xm,
1261 4468 1348 4524 10.
1441 4469 1486 4500 ⁸⁸
1531 4469 1654 4526 Aut.
1686 4468 1780 4523 lib.
1809 4482 1921 4533 χιιι,
1951 4482 2070 4535 cap.
2100 4465 2155 4519 ‘2.

1819 4394 2300 4461 “Genesmuxﬁ.
2374 4393 2419 4425 ⁸³
2448 4390 2643 4461 Ephes.
2669 4405 2742 4454 tv,
2780 4391 2833 4445 ὃ.

2251 3088 2422 3140 veniat
2458 3088 2504 3140 is
2542 3089 2625 3139 cui
2671 3088 2953 3153 repositum
3001 3099 3096 3155 est,
3138 3102 3184 3143 et
3231 3093 3341 3153 ipse
3373 3094 3469 3145 erit
3509 3097 3829 3159 exspectatio

2249 3179 2476 3246 gentium
2500 3178 2562 3231 ".
2586 3176 2681 3232 llic
2721 3179 2868 3234 locus
2904 3181 3185 3233 manifeste
3213 3183 3449 3235 refertur
3473 3184 3538 3235 ad
3565 3182 3754 3237 Jttdant
3806 3200 3822 3237 :

2252 3278 2459 3321 constat
2492 3270 2636 3322 enim
2674 3284 2845 3338 usque
2876 3271 2942 3323 ad
2983 3272 3319 3325 nativitatem
3350 3272 3552 3325 Christi
3587 3289 3692 3326 non
3731 3274 3825 3331 de~

2252 3357 2448 3413 fecisse
2494 3362 2762 3440 principes
2815 3378 2880 3416 ex
2921 3374 3122 3432 genere
3169 3361 3341 3427 Judac,
3391 3380 3492 3418 nec
3543 3365 3706 3419 duces
3757 3369 3827 3424 de

2256 3450 2549 3506 feruoribus
2573 3454 2877 3523 ejusnsque
2922 3455 2988 3507 ad
3030 3454 3297 3510 Herodem
3357 3471 3560 3524 regem,
3603 3459 3693 3528 qui
3736 3476 3823 3515 se-

2256 3543 2488 3597 cumlum
2513 3542 2753 3597 historia:
2802 3546 2959 3598 tidem
3007 3560 3166 3611 quam
3204 3542 3468 3615 Jusephus
3520 3549 3706 3603 scribit
3752 3552 3823 3616 δ’,

2258 3636 2556 3704 alienigena
2615 3636 2801 3697 fuisse,
2845 3646 2899 3689 et
2945 3650 3041 3705 per
3085 3637 3437 3692 ambitionem
3490 3639 3543 3693 in
3600 3658 3821 3711 regnum

2256 3726 2558 3780 Iudaeorum
2609 3727 2808 3780 dicitur
2862 3727 3180 3794 irrepsisse;
3220 3730 3406 3783 statim
3444 3747 3573 3800 ergo
3618 3743 3675 3787 ut
3718 3735 3819 3790 hoc.

2256 3817 2456 3872 factum
2508 3829 2611 3881 est,
2657 3827 2712 3872 et
2762 3826 2820 3871 ut
2851 3818 3049 3872 defecit
3091 3822 3197 3873 dux
3227 3821 3293 3876 de
3321 3822 3610 3878 femoribus
3650 3824 3825 3891 ludio,

2256 3906 2472 3961 advenit
2528 3908 2615 3962 ille
2663 3909 2747 3961 cui
2799 3917 2917 3962 erat
2972 3924 3199 3979 regnum
3248 3914 3562 3981 repositum.
3612 3916 3666 3969 lu
3715 3932 3827 3986 quo

2255 4001 2524 4067 quomodo
2573 4010 2758 4068 gentes
2782 4010 3021 4075 sperent,
3066 4001 3339 4073 Evangelii
3375 4007 3505 4061 lides
3540 4017 3594 4061 et
3632 4007 3825 4065 Eccle-

2254 4091 2452 4144 siarum
2473 4091 2629 4144 docet
2654 4093 2994 4160 propagatio.
3028 4091 3287 4164 Reposita
3337 4110 3519 4152 autem
3567 4100 3828 4159 dicuntur

2254 4197 2318 4237 ea
2353 4198 2473 4251 qua:
2497 4195 2801 4251 opportuno
2844 4193 3083 4252 tempore
3130 4187 3448 4256 proferenda
3485 4199 3631 4244 sunt.
3663 4190 3824 4247 Sicut

2253 4286 2309 4328 et
2333 4272 2581 4328 Christus
2609 4273 2662 4325 in
2706 4273 2866 4326 linem
2914 4273 3231 4329 saeculorum
3268 4278 3822 4350 advenissediciur,

2910 4391 2955 4423 “
2979 4390 3134 4447 Rom.
3174 4408 3254 4459 nt,
3287 4395 3373 4449 11.
3477 4396 3523 4428 ⁵⁸
3561 4396 3719 4453 Joan.
3752 4414 3821 4471 ιι,

650 4590 1086 4662 (19)λΒλαστός
1162 4588 1377 4642 dicitur.
1451 4586 1543 4642 Sic
1609 4600 1739 4640 mss.
1812 4583 1959 4639 Libri
2016 4598 2144 4637 vero

2256 4579 2525 4662 Trypltoue
2564 4574 2693 4629 illud
2723 4567 2768 4643 ᾧ
2809 4575 3095 4662 (itaqueita:
3127 4648 3139 4662 '
3164 4594 3517 4662 vcram_esse_
3747 4585 3825 4639 le-

577 4658 908 4728 editi,'$aiov
936 4662 1149 4711 dicitur.

651 4723 773 4801 (20)’
798 4732 965 4791 Alias,
1002 4730 1256 4796 tropicus,
1308 4743 1481 4801 ve_run_t
1518 4725 1987 4801 etiam‘pltysicus.
2038 4723 2145 4778 Sed

581 4817 708 4854 mss.
742 4795 801 4853 ut
845 4802 895 4853 in
930 4809 1117 4852 nostro
1154 4810 1323 4851 textu.
1348 4795 1515 4850 Paulo
1544 4807 1664 4865 post
1690 4797 1847 4848 iidem
1876 4810 2030 4853 mss.,
2055 4812 2147 4859 pa-

579 4873 672 4922 ttis
691 4871 903 4937 fremitu
928 4868 1004 4922 uel
1030 4869 1202 4938 rugitu
1222 4883 1242 4922 :
1265 4867 1415 4931 editi,
1438 4865 1806 4934 patrisgemitu
1829 4867 1901 4917 rel
1921 4866 2145 4933 mugitu.

649 4954 762 5025 (2|)
791 4950 1113 5025 Excusatur.
1151 4952 1240 5005 Sic
1274 4950 1403 5004 libb.
1436 4950 1563 5025 editi
1594 4959 1646 5002 et
1685 4964 1847 5007 mss.;
1893 4948 2026 5000 tnihi
2070 4956 2149 4999 ta.

579 5040 700 5077 men
741 5021 1033 5076 admodum
1088 5030 1334 5089 suspecta
1389 5030 1469 5072 est
1510 5021 1609 5073 ista
1657 5034 1783 5082 vox,
1832 5027 2138 5081 excusatur,

578 5110 675 5161 pro
702 5108 803 5160 qua
841 5091 1043 5156 malim,
1080 5092 1395 5145 excluditur.

649 5157 765 5230 (Ξὲ)
798 5161 966 5221 Alias,
989 5163 1179 5230 quique
1220 5166 1421 5212 rediens
1449 5158 1513 5210 ttb
1535 5157 1743 5230 inferis.

649 5168 740 5229 (2‘2
798 5168 966 5221 Alias,
989 5168 1179 5230 quique
1220 5168 1421 5212 rediens
1449 5168 1513 5210 ub
1540 5168 1743 5227 tuteris.
2104 5168 2107 5173 ‘

648 5168 765 5301 (23;
798 5231 890 5283 Sic
916 5244 1043 5282 mss.
1073 5231 1268 5285 rectius
1292 5245 1450 5298 quam
1480 5228 1612 5301 editi
1634 5228 1686 5281 in
1706 5227 1901 5297 quibus
1928 5225 2141 5297 legitur,

579 5297 838 5358 attonitus
856 5308 952 5356 est.
988 5300 1103 5368 quis
1132 5301 1399 5352 suscitavit
1435 5314 1552 5350 eum
1588 5297 1615 5351 I

650 5386 765 5457 (24)
807 5383 1029 5457 Veniant
1057 5402 1117 5439 ea
1146 5401 1264 5457 qua:
1313 5385 1548 5457 reposita
1577 5390 1700 5457 sunt
1746 5384 1815 5457 ei,
1863 5382 1967 5446 vel,
1997 5391 2055 5457 ut
2089 5383 2141 5435 itt

581 5454 699 5511 aliis
721 5454 1123 5523 exemplaribus
1150 5455 1397 5523 habetur,
1438 5455 1606 5523 ueniat
1649 5454 1818 5523 isrcui
1857 5454 2140 5523 repositum

580 5538 677 5582 est.
725 5514 895 5579 Prior'
924 5524 1104 5589 lectio,
1146 5522 1217 5593 τὰ
1271 5514 1604 5593 ἀποκείμενα
1659 5521 1826 5593 αὐτῷ.
1875 5514 2052 5593 Altera
2098 5514 2143 5589 ᾧ

583 5596 883 5650 ἀπόκειται.
926 5596 1107 5650 Sancti
1140 5592 1325 5647 Patres
1349 5593 1505 5645 modo
1534 5591 1699 5656 illam,
1729 5591 1885 5646 modo
1916 5591 2140 5645 alteram

584 5668 868 5724 adhibent.
896 5664 1183 5722 Contendit
1222 5671 1399 5718 autem
1421 5659 1665 5717 Justinus
1698 5661 1752 5717 in
1779 5660 1995 5731 Dialogo
2023 5677 2140 5714 cum

2251 4646 2508 4711 ctiimem,
2527 4660 2631 4722 non
2654 4658 2832 4699 autem
2852 4646 2921 4699 τὰ
2944 4648 3281 4720 ἀποκείμενα
3311 4651 3477 4722 αὐτῷ.
3502 4652 3557 4705 ltt
3593 4653 3821 4709 llchnco

2250 4734 2481 4787 habt-tur
2529 4713 2675 4787 πιιιιῃ
2714 4739 2811 4788 κιν
2852 4739 2906 4787 7:
2944 4740 3017 4794 ἰν
3077 4713 3338 4800 ttsqucquo
3392 4713 3565 4786 veniat
3618 4733 3818 4793 Scltilo.

2251 4802 2610 4870 Hieronymus
2660 4804 2817 4870 vertit
2862 4803 3025 4852 donec
3066 4804 3230 4870 veniat
3269 4801 3358 4870 qui
3396 4802 3682 4857 mittendus
3714 4818 3815 4861 est.

2248 4886 2413 4951 Quasi
2456 4866 2675 4953 legisset
2724 4866 2910 4945 m‘rw,
2957 4886 3036 4937 vel
3099 4866 3570 4954 nbtmpdeceptns
3624 4887 3819 4942 simili-

2256 4958 2440 5009 tudine
2477 4954 2795 5014 litterarmn,
2834 4964 2872 5009 Π
2909 4962 2961 5004 et
3001 4964 3061 5012 Π.
3110 4956 3367 5008 Vitiosum
3415 4968 3594 5009 autem
3651 4956 3821 5016 fuisse

2252 5022 2564 5092 Hieronymi
2606 5019 2888 5073 lectionem
2922 5021 3044 5075 inde
3075 5032 3240 5089 patet,
3293 5029 3432 5092 quod
3476 5036 3692 5079 veteres
3732 5030 3819 5081 in-

2247 5118 2508 5176 terpretes
2578 5103 2929 5172 Septuaginta
2983 5112 3038 5157 et
3085 5104 3276 5173 Aquila
3348 5122 3452 5161 non
3514 5093 3666 5171 τὺιω
3721 5113 3816 5166 sed

2245 5173 2388 5249 Πίνξζγ
2428 5188 2673 5262 legerint.
2725 5185 2918 5262 Aquila
2968 5189 3126 5262 vertit
3161 5181 3206 5256 ᾧ
3243 5190 3547 5256 ἀπόκειται,
3591 5192 3817 5262 Septua-

2246 5262 2391 5328 ginta
2451 5258 2521 5311 τὰ
2578 5255 2917 5325 ἀποκείμενα
2967 5257 3135 5329 αὐτῷ,
3179 5255 3337 5330 quasi
3391 5279 3457 5316 ex
3507 5274 3589 5330 ω,
3635 5255 3683 5317 id
3731 5275 3817 5321 est

2246 5342 2352 5405 cui,
2382 5342 2486 5404 vel,
2529 5356 2668 5410 quae,
2717 5347 2999 5416 spectato)
3033 5328 3095 5395 ut
3137 5328 3311 5416 vocali
3342 5360 3390 5409 e,
3423 5355 3478 5399 et
3515 5328 3588 5405 ῆι)
3615 5348 3687 5410 ei,
3715 5361 3813 5416 po-

2247 5424 2352 5479 sito
2388 5435 2427 5482 rt
2460 5408 2555 5491 pro
2583 5431 2643 5487 Ἰ,
2686 5437 2881 5490 nempe
2925 5408 2998 5483 Τι’-ι
3050 5441 3148 5494 pro
3187 5410 3273 5493 1'7;
3310 5408 3436 5483 sunt
3473 5429 3618 5484 enim
3671 5408 3818 5485 liue-

2249 5523 2319 5561 ιω
2362 5504 2765 5581 permutabiles.
2826 5505 3146 5563 Dividebant
3194 5513 3375 5581 itaque
3431 5527 3615 5567 Vocem
3666 5498 3817 5573 .‘t‘mv

2248 5592 2299 5646 ιιι
2336 5572 2410 5649 νιν
2439 5600 2494 5662 et
2522 5572 2596 5649 δή
2628 5605 2753 5662 qute
2773 5587 2842 5654 ei,
2864 5591 3038 5661 suppl.
3074 5572 3301 5662 repositti
3322 5607 3457 5650 suat.
3495 5595 3586 5649 Sic
3611 5572 3814 5654 Echh.

2251 5677 2337 5714 ut
2376 5677 2388 5713 :
2427 5660 2597 5713 Donec
2644 5659 2809 5713 reuiat
2843 5659 3019 5715 cui'esl
3043 5659 3323 5733 judicium.
