4122 6248
406 333 473 386 ii!)
1834 332 1992 391 ORIG
2002 331 2107 388 ENl
2118 335 2153 389 S

3502 345 3605 401 260

364 468 487 506 cum
518 452 649 506 dicit
688 451 970 522 Apostolus
1001 450 1042 483 "
1078 467 1092 504 :
1133 449 1266 505 Erce
1291 467 1427 505 nunc
1448 462 1650 518 tempus
1690 460 1931 520 aceepta-
1962 456 2008 513 Α
2038 452 2167 507 illud
2201 452 2414 509 videtur
2446 455 2751 520 ostendere,
2802 458 2943 525 quod
2982 458 3184 513 Christi
3226 458 3280 512 in
3319 475 3483 515 carne
3509 477 3608 530 po-

308 531 316 557 ¹
367 543 486 607 bile,
523 542 726 597 scilicet
765 543 831 596 ad
873 543 1101 595 salutem
1160 543 1413 608 gentibus
1459 541 1816 596 inferendam.
1869 539 1928 595 Si

366 650 497 688 vero
520 637 642 704 quis
672 634 722 686 in
750 634 995 687 oninibus
1022 634 1206 700 cupiat
1245 647 1463 687 cursum
1517 636 1800 701 utriusque
1833 646 1932 686 ex-

304 718 308 733 τ
367 728 653 796 positionis
686 738 890 792 aptare,
943 735 1119 791 potest
1162 735 1491 793 extorquere
1542 723 1811 787 fortassis,
1874 732 1930 777 ut

367 817 530 870 etiam
565 817 631 869 de
656 815 870 869 Christo
897 817 1007 869 haec
1028 817 1131 871 hoc
1164 817 1321 870 modo
1344 817 1629 869 videantur
1658 814 1926 884 intelligi:

366 910 487 978 quia
525 924 629 962 non
675 907 876 976 deﬁciet
911 913 1150 976 princeps
1192 924 1256 962 ex
1289 906 1456 970 Iuda,
1507 908 1557 960 id
1597 916 1681 961 est
1709 905 1797 961 hic
1839 905 1930 975 qui

365 1011 486 1071 post
547 1002 998 1054 resurrectionem
1058 998 1175 1065 ejus
1243 998 1611 1053 Ecclesiarum
1675 999 1928 1068 princeps

361 1091 664 1146 ordinatur.
696 1085 763 1140 Et
791 1089 901 1141 dua:
930 1089 994 1141 de
1022 1088 1301 1153 femoribus
1330 1089 1465 1156 ejus.
1523 1089 1696 1144 Duces
1717 1104 1930 1159 quoque

362 1180 792 1235 Christianorum
826 1181 888 1234 de
925 1180 1223 1233 femoribus
1244 1179 1445 1235 Christi
1479 1181 1581 1234 hoc
1634 1182 1793 1235 modo
1830 1197 1927 1235 ex-

362 1281 544 1341 ponet.
579 1270 812 1324 Membra
848 1271 1047 1325 Christi
1079 1285 1198 1325 esse
1232 1271 1361 1325 dicit
1386 1271 1675 1342 Apostolus
1705 1272 1751 1304 ⁸⁸
1800 1272 1927 1327 fide.

362 1360 467 1415 lem
520 1360 771 1429 populum
818 1362 934 1414 sine
978 1359 1137 1413 dubio
1184 1361 1501 1430 spiritaliter
1549 1360 1925 1431 intelligenda.

363 1453 593 1509 Possunt
639 1469 766 1522 ergo
806 1461 858 1506 et
898 1453 1103 1507 femora
1142 1453 1258 1521 ejus
1299 1454 1613 1522 spiritaliter
1658 1454 1925 1510 intellecta

362 1545 605 1600 indicare
648 1560 739 1599 eos
784 1545 875 1614 qui
912 1534 1022 1612 pro
1069 1544 1323 1600 firmitate
1365 1545 1477 1615 (‘25)
1523 1557 1577 1599 et
1623 1547 1925 1601 conatantia

362 1634 691 1689 fortitudinis
721 1649 883 1690 omne
902 1650 1099 1704 corpus
1130 1635 1383 1690 Ecclesiae
1408 1646 1716 1691 sustentare
1748 1638 1928 1691 viden-

360 1736 450 1781 tur
477 1738 530 1780 et
557 1725 717 1779 ferre.
769 1723 862 1778 Vel
915 1726 1038 1793 quia
1101 1726 1324 1780 humani
1383 1727 1615 1781 seminis
1669 1727 1923 1781 indicium

360 1818 497 1871 solet
528 1817 579 1869 in
607 1815 869 1869 femorum
902 1814 1263 1883 appellatione
1288 1815 1594 1883 figuraliter
1622 1816 1750 1882 dici,
1786 1818 1925 1885 apud
1962 1794 2000 1849 Β

361 1925 459 1963 nos
490 1919 668 1961 autem
702 1908 792 1977 qui
824 1907 1078 1970 seminat,
1104 1908 1325 1961 verbum
1359 1907 1627 1970 seminat;
1673 1918 1928 1974 poterunt

358 2015 489 2068 ergo
522 2001 610 2069 qui
654 1999 1011 2055 ministerium
1048 1997 1199 2052 verbi
1239 1997 1495 2052 Ecclesia:
1535 1997 1817 2062 exhibent,
1861 1999 1928 2055 de

358 2090 559 2145 Christi
588 2089 879 2145 femoribus
910 2089 1135 2157 intelligi
1179 2089 1343 2143 duces
1385 2103 1667 2157 usquequo
1709 2089 1927 2144 veniant

359 2199 478 2252 quas
511 2183 742 2251 reposita
770 2192 915 2237 sunt.
951 2182 1015 2235 Et
1053 2181 1325 2235 videbitur
1365 2180 1436 2234 ita
1478 2196 1634 2244 posse
1679 2181 1923 2251 intelligi,

358 2275 498 2343 quod
526 2290 697 2344 usque
741 2274 807 2328 ad
836 2274 1359 2328 consummationem
1415 2272 1596 2326 seculi
1658 2287 1763 2327 neu
1795 2272 1923 2327 dee-

360 2375 485 2419 runt
550 2366 635 2419 isti
687 2367 875 2425 duces.
918 2364 1087 2417 donec
1148 2364 1456 2417 veniantea
1517 2378 1637 2432 qua:
1693 2364 1923 2431 reposita

356 2466 501 2518 sunt,
531 2470 649 2524 ane
678 2454 1002 2523 pra-paravit
1032 2454 1171 2507 Deus
1199 2453 1283 2507 his
1309 2453 1398 2521 qui
1431 2454 1653 2522 diligunt
1678 2469 1822 2509 eum.
1852 2452 1923 2508 Et

356 2550 463 2614 ipse
493 2549 590 2600 erit
617 2547 936 2613 exspectatio
982 2549 1235 2615 gentium.
1269 2546 1321 2598 in
1355 2545 1443 2600 die
1483 2545 1689 2600 scilicet
1712 2546 1922 2614 judicii,

356 2654 477 2690 eum
504 2653 692 2690 omnes
725 2647 913 2704 gentes
947 2645 1001 2689 et
1046 2636 1223 2705 populi
1274 2636 1549 2691 Christum
1593 2638 1831 2708 judicent
1869 2640 1921 2694 in

356 2744 552 2798 pavore
605 2729 789 2783 cordis
839 2739 891 2782 et
936 2738 1170 2783 tremore
1234 2729 1579 2785 conscientiae
1636 2742 1917 2800 exspecta-

354 2822 507 2876 bunt.

423 2913 475 2966 7.
520 2914 757 2981 Atligans
818 2912 885 2966 ad
936 2911 1091 2966 vitem
1142 2912 1345 2980 pullum
1381 2929 1555 2979 suum,
1606 2923 1653 2967 et
1691 2914 1761 2968 ad
1799 2914 1918 2984 pal-

352 3005 530 3057 mitem
569 3004 773 3056 asinam
832 3019 984 3056 suam
1018 3004 1083 3056 δ’.
1119 3002 1233 3057 Hoc
1268 3004 1331 3057 de
1360 3004 1581 3059 Christo
1620 3015 1674 3061 et
1702 3008 1921 3076 proprie

351 3107 408 3149 et
444 3094 788 3165 singulariter
809 3093 1006 3148 dicitur
1035 3111 1047 3147 :
1076 3093 1191 3164 ipse
1225 3095 1365 3147 enim
1397 3094 1639 3165 alligavit
1664 3098 1731 3150 ad
1756 3096 1916 3150 vitem

352 3180 550 3247 pullum
586 3195 741 3233 suum
764 3180 853 3250 qui
890 3180 1029 3234 dixit
1053 3180 1141 3247 ’ές
1178 3181 1287 3252 Ego
1325 3199 1441 3237 sum
1492 3184 1611 3236 citis
1660 3200 1801 3239 vero.
1836 3185 1916 3239 Ad

350 3273 493 3325 hanc
513 3287 641 3325 vero
674 3271 837 3324 vitem
870 3270 1066 3340 pulhnn
1090 3287 1247 3327 suum
1271 3272 1511 3343 alligavit
1543 3284 1600 3328 et
1629 3270 1696 3329 ad
1721 3276 1916 3344 palmi-

348 3374 457 3419 tem
489 3365 693 3419 asinam
723 3380 898 3421 suam.
927 3364 1109 3420 Pullus
1144 3375 1229 3421 est
1256 3381 1323 3420 ex
1358 3366 1608 3436 gentibus
1656 3367 1904 3436 populus,

349 3458 435 3509 cui
471 3455 655 3525 utique
683 3469 955 3524 nunquam
988 3456 1164 3511 adhuc
1201 3456 1331 3525 legis
1360 3433 1497 3512 onus
1530 3433 1707 3512 fuerat
1731 3433 1911 3526 impo-

349 3548 537 3609 situm,
572 3555 628 3600 et
654 3561 818 3615 super
850 3560 1012 3616 quem
1042 3561 1198 3601 nemo
1221 3547 1322 3601 nisi
1356 3548 1464 3615 ipse
1490 3546 1739 3601 Christus
1774 3550 1917 3603 inse-

348 3640 522 3692 derat.
544 3636 727 3691 Pnllus
751 3650 880 3692 vero
900 3638 1069 3691 asinae
1095 3648 1221 3691 sunt
1246 3636 1300 3691 hi
1324 3637 1416 3707 qui
1438 3638 1501 3693 de
1519 3639 1918 3708 pri‘ore‘pepulo

348 3730 439 3799 qui
474 3746 613 3785 nunc
651 3730 702 3783 in
734 3729 904 3801 ilgura
938 3730 1103 3785 asina:
1131 3730 1461 3793 nominatur,
1497 3729 1656 3784 electi
1695 3737 1822 3784 sunt
1852 3729 1917 3785 ad

352 3822 511 3894 109
534 3823 782 3885 salutem,
807 3823 872 3876 de
891 3823 1086 3890 quibus
1122 3823 1382 3890 propheta
1410 3822 1540 3877 dicit
1562 3821 1607 3854 “
1640 3839 1654 3875 :
1692 3818 1749 3877 Si
1792 3820 1912 3889 [ue-

348 3916 451 3967 rint
503 3914 603 3984 lilii
657 3911 826 3967 Israel
871 3910 1025 3980 quasi
1048 3927 1212 3965 arena
1258 3912 1460 3975 maris,
1494 3912 1709 3983 reliqua:
1757 3913 1918 3969 salute

345 4006 491 4075 ﬁent.
521 4004 743 4074 Abjecta
772 4018 904 4071 ergo
938 4003 1092 4056 asina
1131 4016 1251 4070 qua:
1288 4017 1429 4057 onus
1472 4001 1605 4070 legis
1637 4005 1687 4057 in
1724 4004 1914 4060 inlide-

345 4100 501 4157 litate
528 4108 743 4165 portare
774 4093 985 4156 maluit,
1016 4090 1193 4161 pullus
1218 4107 1284 4147 ex
1325 4094 1436 4163 ipsa
1478 4104 1638 4149 natus
1676 4094 1914 4166 eligitur,

344 4192 399 4247 id
426 4200 507 4245 est
550 4187 793 4243 novellus
831 4201 898 4241 ex
949 4198 1133 4241 vetere
1163 4200 1259 4254 per
1310 4184 1467 4239 fidem
1513 4185 1746 4256 pepulus
1774 4187 1915 4242 asci-

343 4283 539 4344 scitur,
589 4293 654 4334 ac
699 4276 896 4350 populo
929 4292 995 4333 ex
1026 4277 1275 4347 gentibus
1327 4276 1592 4331 sociatur.
1623 4273 1758 4330 Vitis
1785 4293 1913 4348 ergo

340 4373 592 4428 Christus
623 4386 691 4428 es
720 4386 781 4425 ea
825 4380 976 4440 parte
1027 4369 1247 4435 dicitur,
1284 4383 1391 4438 qua
1449 4377 1699 4423 naturam
1724 4385 1910 4423 susce-

2038 542 2125 597 sili
2162 552 2309 612 gesta
2345 543 2397 598 in
2423 546 2539 613 ipso
2570 546 2854 602 credentes
2886 547 3188 603 imitantur.
3229 548 3440 604 Palmes
3477 567 3606 607 vero

2037 632 2166 686 illud
2187 633 2536 704 intelligitur,
2568 634 2708 702 quod
2734 634 2936 703 palmes
2962 637 3141 691 arbori
3176 639 3519 693 connectitur
3549 647 3607 695 et

2035 722 2392 777 conﬁrmatur
2424 739 2453 777 a
2486 724 2659 793 lapsu,
2693 739 2799 793 quo
2835 724 3161 780 adminiculo
3215 726 3382 782 fretus
3417 739 3606 785 ventos

2035 794 2098 865 ac
2134 812 2375 867 turbines
2399 813 2700 868 contemnit
2745 822 2800 868 et
2832 814 3057 882 respuit,
3094 814 3395 872 futurorum
3431 818 3602 875 bono-

2037 917 2153 955 rum
2186 902 2388 957 indicat
2413 917 2562 972 spem
2600 921 2616 967 ;
2649 898 2774 973 quia
2820 904 3001 960 fideles
3032 906 3232 974 quique
3278 924 3382 962 non
3426 910 3601 964 solum

2035 993 2086 1047 in
2120 993 2203 1047 his
2247 1010 2369 1065 quae
2427 1006 2643 1065 gerunt,
2697 997 2789 1052 sed
2822 1006 2873 1051 et
2921 997 2974 1052 in
3014 999 3099 1052 his
3140 1013 3261 1068 quae
3307 1013 3607 1069 sperautet

2032 1086 2277 1147 credunt,
2313 1085 2546 1140 futuram
2603 1090 3121 1145 consummationem
3174 1091 3364 1149 salutis
3411 1108 3603 1162 exspe-

2031 1188 2203 1230 ctant.
2237 1177 2292 1231 ln
2323 1195 2429 1247 quo
2478 1180 2630 1249 quasi
2681 1182 2748 1234 ad
2801 1185 3090 1251 quamdam
3126 1189 3396 1255 patientize
3441 1191 3605 1242 arbo-

2032 1286 2142 1323 rem
2168 1285 2262 1339 spe
2282 1271 2462 1339 'juncti
2508 1283 2563 1327 et
2614 1274 2957 1343 confirmati,
2993 1279 3347 1332 tentationum
3390 1281 3602 1348 procel-

2031 1359 2110 1414 las
2147 1376 2208 1415 ac
2262 1363 2506 1419 turbines
2547 1363 2750 1427 ferunt,
2778 1370 2919 1434 quod
2963 1368 3031 1422 de
3061 1369 3484 1426 historialiludi
3511 1372 3599 1428 in-

2032 1453 2314 1518 terpretari
2348 1453 2488 1505 nulla
2514 1454 2644 1508 mihi
2684 1456 2821 1509 ratio
2847 1458 3061 1512 videtur
3082 1474 3240 1525 posse
3262 1463 3599 1527 permittere,

2028 1538 2133 1592 nisi
2180 1538 2420 1596 Judaicis
2466 1542 2658 1597 fabulis
2706 1558 3029 1615 annuentcs,
3066 1560 3315 1617 putemus
3340 1553 3412 1605 ita
3443 1568 3601 1622 posse

2028 1631 2280 1701 intelligi.
2324 1648 2419 1702 pro
2457 1652 2522 1690 eo
2555 1638 2698 1704 quod
2744 1641 2930 1694 dicunt
2976 1654 3181 1710 partem
3217 1646 3384 1702 tribus
3426 1646 3596 1712 Judte,

2030 1734 2188 1787 quam
2241 1723 2290 1775 in
2348 1731 2506 1777 terra:
2551 1726 2863 1783 luereditate
2914 1733 3174 1800 suscepit,
3204 1735 3275 1787 ita
3343 1736 3596 1792 refertam

2034 1828 2153 1867 esse
2179 1814 2369 1881 vineis,
2406 1827 2463 1869 ut
2498 1828 2753 1889 tanquam
2784 1823 2927 1877 nullo
2958 1823 3180 1879 alterius
3207 1828 3418 1895 generis
3450 1829 3599 1884 exsi-

2034 1914 2209 1957 stente
2238 1906 2469 1975 virgulto
2519 1919 2662 1964 tanta
2709 1913 2837 1967 vitis
2892 1929 3011 1970 esse
3046 1917 3200 1986 copia
3248 1918 3510 1984 videatur,
3544 1931 3600 1975 ut

2033 2012 2102 2051 ne
2130 1997 2327 2051 animal
2363 2001 2577 2066 quidem
2610 2001 2860 2073 alligandi
2886 2007 2953 2059 ad
2994 2007 3137 2061 aliud
3188 2024 3357 2077 genus
3387 2011 3597 2066 arboris

2032 2088 2190 2141 detur
2221 2089 2467 2145 facultas.
2503 2091 2608 2147 Sed
2640 2093 2776 2161 ham,
2801 2105 2859 2149 ut
2888 2098 3143 2162 diximus,
3166 2096 3390 2156 Iudaica
3427 2104 3598 2171 magis

2032 2191 2338 2237 commenta
2398 2185 2720 2240 videbuntur
2763 2203 2775 2240 :
2826 2189 2979 2243 nobis
3025 2200 3205 2244 autem
3248 2194 3491 2263 mystica,
3542 2207 3597 2253 et

2031 2274 2151 2344 plus
2200 2276 2362 2331 etiam
2401 2278 2443 2331 si
2473 2277 2584 2331 sola
2615 2281 2705 2344 sit,
2734 2280 2904 2349 placet
2925 2281 3211 2351 expositio,

2100 2453 2150 2509 8.
2189 2452 2409 2508 Larabit
2434 2456 2485 2509 in
2514 2456 2628 2509 vino
2651 2456 2835 2510 stolam
2871 2474 3038 2516 suam.
3060 2470 3105 2512 et
3134 2460 3186 2513 in
3210 2462 3463 2530 sanguine
3484 2479 3593 2518 um

2030 2547 2276 2599 amictum
2305 2564 2459 2600 suum
2479 2548 2544 2600 ".
2587 2548 2922 2603 Videbuntur
2955 2561 3009 2603 et
3056 2552 3167 2606 lnrc
3216 2565 3472 2622 quantum
3524 2556 3590 2609 ad

2032 2631 2341 2686 historicum
2376 2635 2766 2701 expositionem
2793 2652 2977 2705 agrum
3005 2639 3237 2694 fertilem
3276 2642 3403 2703 vite.
3430 2643 3594 2715 ὑπερ-

2030 2720 2256 2786 ϐολικῶς
2286 2724 2393 2778 vini
2430 2725 2812 2782 abundantiam
2862 2729 3186 2798 signiﬁcate.
3219 2731 3326 2787 Sed
3357 2734 3591 2789 nobilio-

2029 2826 2141 2866 rem
2177 2829 2392 2867 sensum
2419 2817 2641 2885 mystica
2669 2820 2916 2884 producit
2941 2822 3205 2890 esposit‘o
3236 2836 3439 2879 nostra.
3459 2824 3588 2879 Nam

2029 2904 2166 2957 stola
2196 2903 2399 2960 Christi
2427 2920 2548 2976 quas
2592 2906 2803 2961 lavatur
2832 2911 2884 2962 in
2948 2912 3093 2978 vino,
3136 2916 3327 2969 merito
3356 2915 3472 2983 ejus
3511 2917 3591 2971 in-

1994 2995 2287 3079 vtelligitnr
2343 2995 2606 3061 Ecclesia,
2644 3016 2805 3068 quam
2842 3002 2955 3070 ipse
2988 3005 3266 3058 mnndavit
3318 3006 3419 3059 sibi
3466 3023 3589 3061 san-

2027 3086 2189 3156 guine
2220 3100 2339 3152 suo,
2374 3103 2476 3141 non
2532 3088 2821 3143 habentem
2863 3091 3122 3145 maculam
3165 3103 3255 3147 aut
3282 3109 3467 3163 rugam
3497 3095 3541 3128 "
3572 3114 3584 3150 :

2024 3174 2145 3229 Non
2178 3177 2331 3235 enim.
2371 3177 2543 3245 inquit
2564 3176 2852 3247 Apostolus
2881 3180 2949 3243 ⁸⁸,
2980 3190 3213 3249 argento,
3244 3182 3467 3238 velauro
3501 3202 3586 3239 re-

2018 3266 2213 3331 dempti
2238 3266 2380 3332 estis,
2406 3269 2496 3320 sed
2518 3271 2743 3335 pretioso
2763 3270 3016 3339 sanguine
3037 3269 3306 3341 Unigeniti
3328 3291 3356 3329 a
3390 3276 3513 3330 Deo.
3533 3276 3585 3331 ln

2019 3353 2179 3422 hujus
2208 3356 2352 3408 enim
2384 3357 2659 3426 sanguinis
2703 3358 2848 3423 vino,
2883 3358 2933 3412 id
2978 3370 3060 3414 est
3107 3361 3324 3417 lavacro
3365 3380 3587 3433 regene-

2020 3446 2244 3501 rationis
2270 3463 2297 3500 a
2331 3436 2548 3502 Christo
2584 3447 2799 3502 lavatur
2854 3448 3118 3504 Ecclesia.
3176 3451 3587 3523 Consepelimur

2019 3536 2163 3589 enim
2197 3552 2293 3605 per
2320 3537 2647 3607 baptismum
2682 3540 2733 3594 in
2776 3551 3008 3595 mortem
3045 3542 3111 3607 ⁸⁵,
3146 3552 3198 3597 et
3230 3544 3282 3598 in
3325 3544 3587 3616 sanguine

2021 3626 2209 3695 ipsius,
2237 3628 2287 3681 id
2326 3628 2495 3698 estin
2550 3640 2722 3686 morte
2760 3630 2927 3702 ipsius
2966 3634 3335 3703 baptizamur.
3374 3635 3427 3689 ln
3460 3652 3585 3691 san-

2021 3720 2181 3790 guine
2207 3729 2382 3775 autem
2414 3736 2531 3776 uvae
2557 3724 2825 3791 quomodo
2854 3724 3108 3778 amictum
3134 3739 3289 3779 suum
3320 3726 3469 3789 lavit,
3504 3728 3584 3781 vi-

2018 3812 2248 3866 dendum
2282 3822 2385 3869 est.
2436 3814 2682 3869 Amictus
2713 3816 3068 3885 propinquior
3104 3818 3347 3886 quedam
3382 3818 3461 3872 vrl
3493 3835 3581 3873 se-

2019 3903 2218 3956 cretior
2245 3903 2459 3971 corpori
2519 3908 2686 3958 vestis
2735 3906 2947 3961 videtur
2975 3923 3093 3962 esse
3125 3923 3285 3977 quam
3322 3913 3481 3965 stola.
3518 3910 3579 3966 lii

2015 4008 2145 4060 ergo
2175 3995 2263 4063 qui
2291 3994 2436 4063 prius
2460 4007 2555 4063 per
2597 3994 2871 4051 lavacrum
2900 3997 2990 4051 loti
3023 3998 3158 4054 stola
3203 3999 3321 4068 ejus
3366 3999 3582 4057 fuerant

2015 4081 2212 4157 effecti,
2267 4095 2614 4155 posteaquam
2651 4087 2716 4139 ad
2747 4099 3146 4143 sacramentum
3166 4092 3441 4160 sanguinis
3469 4109 3582 4146 uvse

2016 4188 2407 4242 pervenerunt,
2435 4177 2517 4230 vel
2550 4177 2824 4232 interioris
2874 4181 3116 4252 mysterii
3163 4183 3582 4254 secretiorisque

2017 4264 2144 4319 facti
2178 4276 2305 4320 sunt
2356 4267 2666 4337 participes,
2712 4269 2949 4323 amictus
2977 4270 3095 4339 ejus
3142 4285 3263 4325 esse
3304 4274 3577 4329 dicuntur.

2013 4356 2247 4411 Lavatnr
2288 4362 2431 4412 enim
2462 4367 2518 4414 et
2549 4361 2602 4413 in
2647 4374 2764 4413 uva:
2799 4363 3064 4431 sanguine
3104 4363 3304 4431 anima,
3336 4381 3455 4419 cum
3489 4382 3579 4420 sa-

341 4466 419 4539 pit
455 4466 767 4529 humanam,
795 4463 860 4516 ad
893 4477 1053 4530 quam
1084 4460 1229 4514 Deus
1264 4459 1495 4515 Verbum
1524 4477 1677 4514 silum
1705 4462 1905 4530 pullum
1942 4474 1984 4528 ι)
2012 4449 2272 4503 cramenti
2304 4449 2462 4518 hujus
2512 4450 2736 4520 cteperit
2783 4465 2974 4519 copere
3029 4452 3317 4507 rationem.
3382 4455 3572 4523 Agnita

340 4552 527 4622 alligat
560 4566 575 4602 :
614 4549 664 4602 id
715 4555 801 4601 est
847 4546 1105 4616 populum
1140 4559 1295 4598 suum
1330 4543 1630 4614 conjungit,
1655 4554 1708 4597 et
1742 4547 1915 4600 sociat

340 4645 391 4703 ei
439 4636 844 4696 conversationi
897 4648 1060 4704 quam
1116 4633 1230 4701 ipse
1276 4633 1456 4701 exegit
1508 4634 1563 4685 in
1619 4646 1817 4697 carne;
1855 4641 1914 4685 ut

341 4732 641 4789 imitatione
664 4727 854 4799 ipsius,
878 4724 1074 4795 pullus.
1096 4723 1186 4793 qui
1229 4725 1299 4776 ad
1330 4724 1505 4790 ipsum
1534 4721 1783 4789 alligatus
1804 4732 1910 4787 est,

337 4823 602 4880 efﬁciatur
626 4835 748 4875 cum
782 4817 873 4872 illo
899 4823 954 4869 et
1000 4812 1141 4866 filius
1171 4810 1288 4876 Dei,
1316 4820 1371 4865 et
1418 4811 1656 4865 eobaeres
1685 4810 1903 4867 Christi.

337 4918 618 4980 Palmitem
644 4926 774 4966 vero
797 4911 866 4965 de
888 4922 996 4978 quo
1019 4906 1069 4959 in
1096 4903 1265 4958 initiis
1295 4902 1420 4971 quid
1444 4902 1775 4970 significaret
1801 4916 1904 4956 non

334 5009 695 5080 exposuimus!
719 5000 831 5075 (26)
857 5041 874 5066 ,
909 4997 1210 5069 intelligere
1259 5010 1545 5064 possumus
1576 4994 1677 5047 hoc
1725 4994 1902 5047 modo.

339 5103 495 5158 Fides
514 5113 635 5169 qua!
657 5096 711 5151 in
734 5093 954 5149 Christo
1000 5099 1106 5156 est,
1138 5098 1193 5143 et
1220 5086 1502 5156 prasentis
1521 5084 1643 5137 vita:
1662 5083 1901 5153 regulam

334 5198 502 5255 tenet,
532 5196 588 5243 et
635 5186 830 5241 futurae
882 5180 997 5252 spei
1052 5177 1301 5233 fiduciam
1341 5182 1580 5244 praestat.
1615 5169 1752 5225 Vitis
1773 5186 1902 5242 ergo

410 5376 446 5406 δ’
480 5374 517 5425 ιι
553 5374 681 5425 Cor.
712 5384 788 5425 vt.
812 5367 869 5425 ἓ.
941 5366 985 5397 ⁸⁸
1018 5364 1035 5417 1
1094 5364 1221 5417 Cor.
1263 5374 1359 5423 vt,
1395 5361 1483 5417 45.
1558 5360 1604 5391 δ’
1636 5359 1833 5414 Cenes.
1893 5374 2038 5424 χιιι,
2077 5359 2161 5413 ll.

480 5374 517 5429 ll
553 5374 681 5429 Cor.
712 5384 788 5434 vt,
812 5374 869 5425 Ξ.
941 5374 985 5397 δ”
1019 5374 1035 5417 |
1094 5374 1221 5417 tier.
1263 5374 1316 5414 vt
1345 5401 1359 5423 ,
1395 5374 1483 5417 ιδ,
1558 5374 1604 5391 ”
1636 5374 1833 5414 uenes.
1893 5375 1919 5412 x

480 5460 607 5492 mes.
644 5459 794 5492 ηις.
835 5439 921 5492 Η.
1000 5437 1047 5469 ⁸³
1074 5434 1271 5492 Ephes.
1300 5448 1355 5492 ν.
1377 5430 1467 5486 27.
1545 5431 1590 5462 ⁵⁸
1620 5431 1635 5483 Ι
1675 5429 1819 5485 Petr.
1844 5443 1883 5491 t,
1916 5448 1919 5459 ί

2025 5400 2038 5424 ,
2077 5374 2161 5413 τι.
2237 5374 2281 5391 υ·
2304 5374 2458 5415 man.

2076 5430 2121 5460 ⁸⁸
2150 5428 2304 5483 Rom.
2333 5444 2405 5492 vt,
2427 5430 2479 5482 4.

329 5447 378 5483 ⁵²
412 5443 607 5499 Cenes.
644 5430 794 5505 sus,
835 5439 921 5494 ll.
1000 5437 1047 5469 ⁸³
1074 5434 1271 5504 Ephes.
1300 5448 1355 5494 v,
1377 5430 1467 5486 27.

407 5612 520 5683 (25)
555 5613 839 5685 Sic__mss._,
874 5611 1008 5685 alias
1027 5622 1184 5685 vero,
1224 5606 1457 5685 ﬁdelium
1494 5603 1891 5685 populum'sine

329 5678 860 5752 dubio'inlclligemlo
905 5678 1218 5748 spiritaliter
1242 5678 1481 5743 judicare
1544 5691 1628 5727 eos
1674 5678 1761 5736 qui
1797 5689 1889 5741 pro

332 5758 595 5807 htinttalc.

2015 4552 2246 4607 namque
2283 4548 2339 4592 et
2380 4538 2647 4594 intellecta
2687 4540 2886 4593 virtute
2936 4542 3214 4611 sanguinis
3259 4540 3419 4597 Verbi
3458 4543 3572 4604 Dei.

2011 4636 2213 4695 quanto
2237 4627 2493 4695 eapacior
2521 4627 2708 4682 enecta
2752 4627 2918 4682 fuerit
2958 4632 3159 4695 anima,
3193 4640 3344 4686 tanto
3391 4633 3574 4701 purior

2016 4717 2070 4771 iit
2111 4728 2166 4770 et
2215 4716 2425 4770 lavatur
2460 4719 2699 4785 quotidie
2744 4719 2809 4771 ad
2858 4720 3097 4775 scientiae
3141 4720 3440 4791 profectum
3467 4766 3481 4787 ,
3522 4732 3577 4776 et

2008 4808 2243 4878 jungens
2273 4825 2332 4863 se
2390 4811 2495 4865 Deo
2540 4826 2646 4867 non
2703 4813 2879 4867 solum
2934 4816 3167 4871 amictus
3210 4816 3352 4883 ejus,
3383 4832 3572 4871 verum

2012 4901 2171 4953 etiam
2204 4916 2341 4955 llltllS
2363 4901 2470 4970 jam
2501 4917 2623 4957 eum
2665 4902 2783 4972 ipso
2810 4905 3030 4975 spiritus
3058 4908 3165 4961 fiet.
3192 4906 3328 4964 Huic
3354 4918 3574 4963 contra-

2013 4990 2126 5045 rius
2156 5002 2277 5045 erat
2300 4994 2534 5047 amictus
2558 4993 2646 5048 ille
2670 4996 2844 5064 populi
2883 4994 3068 5063 Israel,
3102 4998 3153 5052 in
3186 5014 3291 5068 quo
3314 5008 3369 5053 ut
3398 5001 3571 5069 gentis

2014 5080 2399 5148 impudicitiam
2434 5081 2762 5150 designaret,
2811 5099 2913 5138 non
2957 5095 3062 5139 tam
3108 5089 3365 5141 amictum
3409 5102 3569 5156 quam

2014 5172 2449 5241 praecinctoriuut
2490 5172 2807 5230 nominavit.
2842 5173 2995 5241 Quod
3034 5176 3299 5233 .leremias
3338 5179 3576 5234 circum-

2237 5360 2281 5391 ⁸⁸
2304 5358 2458 5415 Joan.
2492 5374 2580 5424 xv,
2619 5359 2670 5415 Ι.
2742 5360 2787 5392 ’ί
2820 5360 2919 5417 les.
2954 5362 3134 5428 1,22;
3171 5362 3327 5418 Rom.
3369 5375 3445 5425 Is,
3477 5359 3567 5415 27.

2069 5602 2181 5671 (9-6)
2226 5603 2374 5667 “$5..
2411 5619 2511 5657 nou
2556 5599 2909 5669 exposuimus.
2950 5600 3100 5655 Alias
3126 5598 3273 5654 deest
3302 5594 3565 5669 particula

2000 5690 2121 5726 non.

2642 5855 2673 5866 κ
