4122 6248
498 299 597 356 iiii

1691 297 1755 352 ΙΝ
1795 294 2095 355 GENESIM
2125 294 2413 352 HOMILIA
2448 296 2609 353 XVII.

3650 306 3757 361 26‘)

500 419 636 474 dare
672 415 874 472 lumbis
900 416 1032 480 suis,
1064 426 1117 471 et
1153 416 1370 470 auferre
1414 432 1626 482 rursus,
1664 428 1824 486 atque
1854 417 1907 469 in
1960 415 2068 469 Eu-
2100 414 2145 469 Α
2175 410 2346 481 Super
2368 428 2460 468 eos
2488 414 2581 485 qui
2610 414 2750 470 lacte
2768 415 3004 483 aluntur,
3025 420 3211 476 dentes
3226 419 3341 489 ejus
3363 431 3490 477 sunt
3517 420 3758 476 candidi.

501 511 732 578 phraten
759 506 973 575 jnbetur
1009 508 1342 564 abscondere
1368 510 1437 563 ⁸⁸.

574 601 608 656 9
671 596 912 666 Gratiﬁci
935 599 1072 653 oculi
1104 600 1217 666 ejus
1247 617 1279 652 a
1323 601 1463 663 uino,
1484 610 1533 652 et
1559 601 1736 653 dentes
1776 600 1890 668 ejus
1940 598 2074 650 lacte

505 694 831 746 candidiores
861 693 927 750 ".
987 694 1149 747 Vides
1204 695 1471 763 quomodo
1522 692 1858 747 historialem
1914 689 2073 743 intel-

507 785 697 839 lectum
736 800 861 856 erga
896 784 1054 847 finem
1096 786 1368 854 praecipue
1424 793 1668 853 amputat
1698 795 1751 838 et
1783 783 2072 838 abscindit.

505 877 559 931 Si
598 878 739 931 enim
790 878 964 932 adlmc
1007 877 1398 932 contentiosius
1432 885 1653 947 agentes
1704 877 1887 930 dicere
1942 875 2073 928 veli-

501 984 640 1031 mus.
695 969 822 1038 quia
865 968 1091 1038 gratifici
1131 978 1256 1023 sunt
1300 968 1439 1023 oculi
1493 968 1644 1022 ludat
1674 984 1738 1022 ex
1789 969 1935 1029 vino,
1974 982 2073 1037 pro

502 1060 857 1127 abundantia,
884 1071 938 1115 ut
967 1075 1130 1131 supra
1177 1061 1440 1127 diximus,
1471 1059 1604 1123 viui,
1637 1070 1692 1114 et
1742 1058 2071 1115 abundantia

502 1154 817 1221 poculorum
856 1170 871 1207 ;
914 1156 1043 1224 quid
1075 1156 1139 1210 dc
1188 1155 1433 1209 candidis
1482 1155 1732 1210 dentibus
1772 1154 2073 1224 responde-

500 1247 700 1312 bimus,
739 1255 795 1302 et
826 1247 1073 1316 qualitati
1124 1245 1282 1301 iactis
1321 1246 1600 1314 praelatis?
1639 1245 1694 1299 ln
1726 1262 1833 1314 quo
1876 1246 2073 1299 adver-

494 1355 611 1394 sum
648 1339 935 1392 veritatem
985 1339 1330 1409 impudenter
1370 1353 1476 1392 non
1518 1348 1603 1393 est
1656 1339 1946 1407 agendum,
1977 1337 2073 1392 sed

490 1430 896 1501 interruptione
959 1430 1330 1500 intelligentia:
1400 1429 1698 1484 historialis
1745 1428 1954 1483 exclusi
2007 1429 2075 1481 ad

491 1522 790 1592 spiritualis
812 1522 1169 1589 espositiouis
1195 1520 1441 1574 ordinem
1467 1520 1771 1573 redeamus.
1808 1516 2072 1585 Gratiﬁci,

485 1614 686 1682 inquit,
713 1612 853 1664 oculi
883 1612 1000 1680 ejus
1030 1629 1060 1663 α
1088 1612 1229 1665 vino.
1263 1608 1525 1677 Superius
1556 1608 1892 1663 ostendimus
1939 1624 2072 1678 apo-

486 1704 688 1758 stolica
745 1704 1071 1755 auctoritate
1096 1701 1143 1732 ⁵⁸
1178 1703 1417 1753 tnetttbra
1460 1700 1658 1753 Christi
1716 1699 1822 1753 dici
1873 1699 2063 1769 dignos

484 1791 1023 1862 quosqnclidelium,
1056 1800 1109 1845 et
1162 1792 1369 1845 diversa
1426 1790 1773 1858 singulariter
1816 1791 2058 1843 membra

489 1883 784 1943 nominari.
817 1899 915 1951 pro
938 1898 1002 1936 eo
1042 1883 1179 1950 quod
1234 1882 1598 1953 unusquisque
1622 1882 1766 1934 omni
1799 1880 2061 1937 Ecclesiae

486 1975 705 2042 corpori
736 1974 984 2043 dependit
1004 1972 1257 2026 officium.
1286 1973 1450 2026 Erunt
1469 1973 1612 2026 enim
1644 1973 1805 2040 pedes
1833 1972 2061 2039 Christi,

491 2065 584 2134 qui
626 2074 849 2118 currunt
886 2064 952 2116 ad
1006 2061 1306 2116 faciendam
1353 2078 1542 2132 pacem
1564 2106 1579 2130 ,
1613 2065 1700 2129 qui
1732 2074 1965 2134 pergunt
1994 2066 2061 2117 ad

486 2154 909 2208 subveniendum
959 2152 1041 2206 bis
1089 2152 1180 2221 qui
1225 2151 1279 2205 in
1323 2154 1647 2209 necessitate
1686 2163 1817 2209 sunt
1874 2154 2060 2222 positi.

488 2244 656 2296 Erunt
680 2256 866 2295 manus
892 2241 1119 2305 Christi,
1151 2257 1271 2311 qua:
1294 2243 1361 2296 ad
1402 2244 1834 2299 misericordiam
1867 2254 2063 2298 exten-

484 2336 707 2399 duntur,
739 2349 858 2403 qua:
886 2333 1145 2388 auxilium
1195 2334 1558 2404 indigentibus
1590 2336 1789 2394 ferunt.
1818 2351 1940 2405 qute
1977 2337 2063 2390 in-

484 2428 678 2482 validis
724 2428 792 2481 ad
830 2427 1216 2482 adminiculum
1252 2428 1617 2497 porriguntur.
1652 2426 1744 2482 Sic
1791 2438 1953 2483 erunt
2003 2437 2059 2483 ct

482 2521 619 2574 oculi
650 2522 872 2586 Christi,
903 2523 992 2591 qui
1043 2521 1282 2575 scientia:
1331 2522 1508 2576 lumen
1550 2522 1801 2577 universo
1848 2522 2058 2591 corpori

485 2622 760 2680 praestant.
798 2610 949 2667 Sicut
994 2614 1046 2667 in
1089 2613 1377 2683 Evangelia
1426 2614 1685 2682 scriptum
1725 2624 1808 2668 est
1829 2613 1874 2645 "
1904 2631 1918 2667 :
1953 2613 2061 2667 Lu-

484 2722 641 2758 cerna
688 2708 922 2775 corporis
969 2705 1047 2758 tui
1095 2718 1169 2759 est
1208 2706 1393 2759 oculus
1440 2714 1582 2759 tuus.
1632 2704 1876 2760 Gratiﬁci
1925 2720 2055 2774 ergo

483 2809 609 2849 sunt
632 2796 770 2850 oculi
814 2796 904 2850 isti
936 2814 950 2849 :
983 2812 1163 2850 sermo
1197 2795 1341 2849 enim
1377 2796 1621 2851 scientiae
1661 2796 1771 2851 salc
1808 2797 2055 2852 conditus

486 2896 568 2940 est
594 2886 661 2948 ",
699 2889 755 2937 ut
787 2886 874 2939 det
924 2886 1152 2953 gratiam
1204 2886 1568 2942 audientibus.
1616 2886 1730 2941 Non
1781 2903 1909 2958 ergo
1960 2904 2056 2957 per

489 2980 589 3032 hoc
614 2979 785 3032 solum
823 2979 1098 3050 gratificns
1131 2981 1358 3046 dicitur,
1394 2984 1518 3052 quia
1556 2982 1797 3038 scientia:
1839 2999 2053 3038 sermo-

2176 502 2227 555 id
2261 506 2442 567 est,hi
2490 506 2579 575 qui
2623 510 2923 576 perfectmn
2978 511 3156 564 cibum
3206 527 3400 581 capere
3444 526 3666 582 possunt
3701 522 3759 568 ct

2175 597 2480 659 comedere.
2511 614 2676 668 super
2707 600 2824 655 illos
2848 611 2974 655 sunt
3004 603 3093 672 qui
3126 612 3379 670 tanquam
3408 607 3612 674 parvuli
3654 608 3753 658 ad-

2174 682 2281 737 huc
2306 684 2446 741 lacte
2482 689 2739 759 indigent.
2776 689 3017 760 Denique
3049 694 3178 747 etin
3225 694 3369 762 lege,
3402 710 3464 749 ea
3508 700 3756 751 animau-

2177 777 2244 830 tia
2281 794 2402 848 quae
2438 782 2727 847 ruminant,
2766 790 2821 837 et
2877 796 3149 853 sumptum
3204 785 3386 840 cibum
3448 788 3513 841 ad
3561 791 3749 858 dentes

2174 868 2352 924 denuo
2429 882 2731 937 revoeant,
2780 888 2941 942 quem
3006 875 3283 929 subtiliter
3339 877 3751 947 minutatimque

2174 963 2556 1017 sustentationi
2616 962 2727 1035 (9.8)
2778 968 3023 1034 corporis
3071 969 3310 1030 tradunt,
3369 969 3564 1020 munda
3628 984 3752 1024 esse

2175 1051 2430 1105 animalia
2468 1054 2840 1122 designantur.
2868 1055 3163 1123 Aptissime
3191 1070 3323 1111 sane
3353 1055 3516 1110 etiam
3562 1058 3754 1110 candi-

2175 1142 2271 1199 dos
2299 1144 2491 1198 dentes
2514 1144 2632 1213 ejus
2662 1146 2816 1200 dicit.
2839 1145 3036 1201 Omnes
3057 1149 3205 1201 enim
3236 1148 3326 1216 qui
3354 1148 3578 1216 perfecti
3604 1160 3752 1216 sunt,

2174 1246 2228 1289 et
2260 1240 2349 1304 qui
2389 1235 2793 1304 Scripturarum
2832 1238 2982 1291 cibos
3013 1238 3188 1305 dignis
3226 1248 3277 1292 et
3317 1241 3753 1309 competentibus

2178 1324 2717 1393 interpretationibus
2768 1327 3121 1395 explanantes
3175 1329 3421 1383 subtilem
3466 1343 3521 1384 et
3573 1332 3754 1385 minu-

2180 1424 2289 1469 tum
2340 1416 2706 1480 intellectum,
2755 1418 2842 1485 qui
2896 1418 3192 1486 Spiritualis
3239 1420 3458 1483 dicitur,
3491 1418 3751 1478 Ecclesia}

2177 1505 2392 1573 corpori
2428 1506 2862 1569 subministrant,
2891 1506 3105 1560 candidi
3142 1509 3335 1563 debent
3366 1524 3485 1564 esse
3528 1521 3582 1565 et
3604 1512 3747 1579 puri,

2175 1607 2333 1665 atque
2353 1597 2420 1650 ab
2444 1598 2590 1651 omni
2634 1598 2773 1651 malo
2806 1598 2981 1664 liberi,
3026 1615 3091 1654 ne
3123 1599 3261 1655 forte
3306 1601 3516 1655 dicatur
3547 1603 3627 1656 eis
3652 1602 3696 1634 "
3732 1622 3744 1657 :

2177 1686 2276 1752 Qui
2312 1688 2447 1741 alios
2470 1688 2871 1760 doces,teipsum
2900 1707 3003 1744 non
3050 1692 3225 1745 doces.
3263 1691 3455 1745 Verum
3490 1694 3744 1761 quoniam

2166 1780 2348 1835 divina
2376 1781 2659 1849 Scriptura
2716 1796 2821 1836 non
2864 1782 3037 1837 solum
3074 1797 3540 1840 sacramentorum
3588 1787 3748 1844 debet

2165 1872 2449 1928 scientiam
2499 1876 2802 1939 continere,
2832 1891 3018 1930 verum
3052 1878 3215 1931 etiam
3265 1891 3444 1932 mores
3488 1887 3747 1947 gestaque

2168 1964 2469 2018 informare
2519 1964 2842 2021 discentium
2882 1985 2897 2032 ;
2935 1968 3014 2020 sic
3055 1969 3198 2022 enim
3240 1977 3295 2021 et
3338 1967 3613 2035 Sapientia
3651 1982 3751 2036 per

2166 2057 2510 2111 Salomonem
2544 2056 2676 2109 dicit
2697 2058 2741 2089 ⁸⁸
2770 2073 2784 2108 :
2824 2057 3071 2112 Describe
3108 2062 3216 2112 lucc
3249 2059 3341 2110 tibi
3383 2058 3667 2127 dupliciter
3697 2069 3748 2115 et

2167 2149 2449 2217 tripliciter
2478 2149 2535 2201 in
2563 2149 2720 2203 corde
2743 2159 2857 2210 tuo.
2889 2160 2940 2203 et
2968 2164 3092 2203 arca
3127 2163 3247 2217 quae
3279 2150 3696 2205 construebatur
3716 2167 3744 2202 a

2164 2238 2301 2303 Noe,
2334 2238 2667 2293 bicamerata
2718 2249 2771 2292 et
2817 2238 3165 2291 tricamerata
3218 2235 3332 2291 fieri
3361 2236 3583 2303 jnbetur
3611 2253 3626 2301 ;
3660 2251 3753 2290 co—

2164 2345 2360 2383 nemur
2380 2342 2432 2384 et
2472 2345 2571 2383 nos
2598 2335 2948 2397 posteaquam
2972 2327 3257 2397 dupliciter
3294 2328 3428 2395 ista,
3462 2336 3621 2396 prout
3646 2340 3748 2398 po—

2166 2423 2365 2476 tuimus
2398 2422 2631 2484 sentire.
2654 2420 3065 2491 descripsimus,
3116 2420 3167 2475 id
3204 2429 3289 2475 est
3318 2422 3611 2475 secundum
3661 2422 3738 2479 hi-

2163 2515 2390 2571 Storiam
2436 2523 2494 2568 et
2527 2514 2819 2567 secundum
2870 2510 3158 2581 mysticum
3198 2511 3550 2576 intellectum,
3598 2528 3743 2570 nunc

2162 2607 2215 2661 in
2241 2614 2503 2675 quantum
2534 2602 2782 2673 recipere
2808 2602 2961 2657 locus
2983 2610 3183 2672 p0test,
3213 2603 3375 2656 etiam
3400 2601 3658 2658 moralem
3688 2605 3739 2658 in

2162 2711 2224 2752 eo
2256 2696 2530 2750 discutere
2575 2709 2886 2748 sermonem
2924 2709 2939 2747 :
2973 2704 3030 2746 ut
3082 2690 3421 2759 Scripturam
3483 2694 3742 2761 studiosi,

2162 2800 2266 2840 non
2314 2785 2485 2840 solum
2525 2783 2657 2855 quid
2689 2784 2742 2839 in
2771 2782 2925 2849 aliis,
2989 2781 3074 2836 vel
3116 2782 3187 2835 ab
3229 2780 3348 2835 aliis
3397 2791 3604 2851 gestum
3643 2784 3748 2848 sit,

2158 2879 2252 2932 sed
2277 2878 2443 2933 etiam
2482 2879 2581 2949 ipsi
2620 2874 2759 2933 intra
2793 2890 2851 2933 se
2880 2874 3008 2948 quid
3040 2888 3232 2944 gerere
3252 2874 3487 2929 debeant
3516 2875 3748 2930 docean-

2159 2976 2267 3026 tur.
2290 2968 2457 3025 ludas
2494 2971 2756 3039 confessio
2783 2970 3197 3038 interpretatur.
3224 2963 3325 3035 Qui
3359 2980 3487 3039 ergo
3511 2966 3591 3020 vel
3624 2980 3745 3034 pec-

484 3085 605 3124 nem
634 3071 923 3136 ministrat,
957 3073 1051 3128 sed
1071 3075 1211 3143 quod
1246 3074 1405 3127 habet
1438 3074 1489 3127 in
1524 3089 1602 3137 se,
1637 3074 1863 3145 gratiam
1898 3074 2047 3130 facit.

2162 3067 2278 3113 cata
2315 3074 2411 3114 sua
2440 3058 2724 3115 confessus
2767 3058 3143 3126 penitentiam
3173 3060 3328 3128 gerit,
3354 3060 3438 3114 vei
3466 3060 3739 3114 Christum

485 3160 584 3215 llis
608 3164 767 3225 enim,
803 3164 978 3232 inquit
1009 3163 1235 3234 Sapiens
1262 3166 1331 3231 ",
1360 3167 1579 3231 auditis,
1605 3168 1810 3237 sapiens
1839 3170 2050 3234 sapien~

482 3255 590 3308 tior
609 3257 730 3307 erit.
755 3253 998 3309 Gratiflci
1048 3270 1176 3326 ergo
1211 3269 1335 3311 sunt
1375 3259 1514 3313 oculi
1540 3261 1656 3328 ejus
1684 3275 1713 3314 a
1746 3261 1891 3322 vino,
1920 3263 2047 3329 quia

483 3348 615 3401 nihil
644 3358 727 3402 est
757 3363 1019 3417 aquarum
1047 3350 1097 3402 in
1134 3351 1297 3404 verbo
1335 3352 1594 3413 scientiae.
1637 3353 1769 3406 nihil
1799 3351 2048 3417 ﬂuidum,

486 3438 615 3490 nihil
646 3438 927 3507 frigidum,
960 3439 1052 3492 sed
1087 3439 1267 3495 vinum
1289 3444 1431 3510 quod
1470 3443 1706 3499 itetillcat
1740 3458 1835 3499 cor
1876 3444 2052 3500 homi-

486 3527 592 3587 nis.
617 3540 670 3582 et
698 3529 841 3597 quod
887 3528 1188 3583 infunditur
1220 3531 1528 3587 vulneribus
1573 3534 1718 3590 illius
1767 3537 1858 3607 qui
1914 3538 2053 3592 inci-

485 3620 563 3671 dit
600 3619 651 3674 in
695 3619 938 3674 latrones
965 3621 1030 3687 ",
1062 3636 1169 3692 quo
1202 3622 1412 3678 scilicet
1451 3625 1782 3680 audientium
1826 3629 2050 3683 vulnera

482 3720 829 3779 peccatorum
856 3728 961 3767 non
985 3712 1158 3767 solum
1189 3712 1292 3768 olei
1339 3714 1561 3769 lenitate
1595 3716 1934 3787 mitigantur,
1961 3735 2054 3774 ve-

484 3816 600 3854 rum
629 3801 795 3856 etiam
827 3804 937 3857 vini
971 3806 1289 3861 austeritate
1328 3817 1647 3875 purgentur.
1690 3808 1758 3863 Et
1803 3811 1920 3879 quis
1951 3822 2049 3876 est,

480 3894 656 3962 inquit
690 3892 976 3963 Apostolus
998 3897 1063 3960 ⁸³,
1092 3898 1183 3966 qui
1215 3914 1293 3951 me
1320 3898 1553 3966 thiﬁcat
1572 3938 1587 3964 ,
1612 3900 1716 3953 nisi
1742 3901 1829 3970 qui
1854 3903 2052 3954 contri-

478 3997 652 4038 statur
681 4001 745 4039 επ
772 4002 852 4039 me
915 3982 1222 4042 “lCandidi
1248 3990 1423 4045 dentes
1457 3991 1572 4059 ejus
1619 4008 1777 4061 super
1802 3990 1903 4046 Iac.
1937 3992 2050 4046 Ste-

479 4078 599 4145 pins
631 4079 698 4131 de
728 4077 1088 4133 membrorum
1123 4081 1323 4137 Christi
1349 4083 1538 4137 ordine
1575 4093 1628 4137 et
1675 4084 1884 4139 ratione
1931 4082 2044 4155 jam

477 4171 732 4235 diximus,
773 4172 932 4242 110
978 4183 1032 4227 et
1069 4177 1259 4227 eadem
1308 4174 1646 4243 frequentius
1678 4176 1729 4231 in
1777 4178 1858 4232 eis
1909 4177 2046 4233 locis

478 4276 724 4335 repeti-re
760 4268 1052 4321 absurdum
1079 4267 1312 4321 videtur.
1356 4269 1553 4324 Dentes
1577 4285 1706 4339 ergo
1729 4269 1846 4338 ejus
1885 4286 2048 4339 super

481 4354 562 4410 lac
588 4356 804 4409 candidi
838 4364 998 4410 erttnt
1044 4355 1119 4421 hi,
1158 4357 1246 4426 qui
1280 4355 1476 4414 fortem
1509 4367 1565 4415 et
1604 4359 1838 4415 solidum
1867 4361 2041 4414 cibum

481 4448 627 4502 verbi
693 4448 782 4503 Dei
831 4450 1086 4504 mandere
1131 4461 1187 4506 et
1240 4453 1607 4507 comminuere
1655 4455 1723 4505 ad
1778 4468 2043 4507 summam

476 4541 832 4594 subtilitatem
865 4542 1116 4596 deutilms
1145 4544 1488 4612 possunt;de
1528 4545 1723 4614 quibus
1744 4545 1871 4598 dicit
1904 4545 2048 4614 Apo-

2160 3150 2213 3204 iu
2256 3152 2635 3219 persecutione
2684 3165 2866 3205 coram
2912 3150 3227 3204 hominibus
3265 3152 3577 3215 conﬁtetur,
3623 3151 3739 3205 col-

2161 3241 2413 3296 laudatur
2439 3257 2467 3294 a
2501 3240 2764 3296 fratribus
2796 3241 2929 3295 suis.
2958 3239 3172 3293 Lwtitia
3204 3241 3349 3295 enim
3399 3252 3446 3295 et
3481 3242 3732 3311 gaudium

2160 3338 2233 3387 est
2263 3333 2460 3402 angelis
2493 3334 2549 3386 in
2589 3331 2717 3386 casto
2762 3347 2920 3399 super
2949 3347 3052 3383 una
3082 3341 3356 3400 peccatore
3381 3332 3739 3399 penitentiam

2160 3434 2342 3495 agente
2365 3425 2431 3477 “.
2460 3424 2543 3477 Ab
2573 3423 2705 3495 ipsis
2747 3436 2878 3493 ergo
2910 3430 3166 3490 tanquam
3199 3436 3229 3475 a
3261 3420 3522 3477 fratribus
3552 3420 3741 3493 (unius

2162 3515 2448 3572 etenim‘et
2474 3514 2749 3570 Creatoris
2793 3524 2846 3568 et
2876 3513 3056 3568 Patris
3104 3513 3202 3568 lilii
3241 3523 3368 3568 sunt
3409 3524 3462 3568 et
3490 3515 3738 3570 homines

2160 3618 2214 3665 et
2257 3608 2457 3677 angeli)
2509 3606 2906 3661 collaudantur.
2952 3606 3152 3662 Verum
3210 3604 3254 3659 is
3302 3605 3392 3675 qui
3443 3607 3736 3664 confitetur

2162 3700 2451 3755 Dominum
2475 3697 2678 3762 Jesnm,
2703 3698 2827 3767 quia
2856 3696 2911 3751 in
2944 3696 3151 3767 Spiritu
3192 3705 3383 3750 sancto
3424 3696 3732 3761 confitetur,

2163 3806 2359 3845 manus
2412 3790 2533 3859 ejus
2576 3804 2740 3855 super
2770 3788 2990 3842 dorsum
3039 3787 3379 3841 inimicorum
3409 3785 3733 3841 efﬁciuntur.

2161 3882 2260 3951 Qui
2294 3881 2437 3936 enim
2479 3890 2608 3935 ante
2644 3877 2968 3932 exhibuerat
2991 3876 3231 3931 membra
3269 3891 3364 3930 sua
3403 3876 3737 3932 servireini-

2158 3974 2352 4044 quitati
2411 3973 2478 4025 ad
2516 3969 2881 4040 iniquitatem,
2916 3981 3063 4022 nunc
3115 3981 3178 4021 ea
3227 3966 3491 4021 exhibens
3526 3969 3735 4022 servire

2147 4066 2375 4136 justitite
2406 4064 2462 4118 in
2503 4061 3018 4123 sanctiﬁcationem,
3045 4058 3158 4126 jam
3190 4058 3513 4127 fugientium
3538 4073 3596 4112 se
3624 4058 3730 4112 ini-

2155 4159 2419 4213 micorum
2451 4168 2698 4218 suorum,
2728 4151 2780 4207 id
2812 4158 2896 4205 est
2920 4151 3247 4214 daemonum,
3292 4158 3440 4216 terga
3470 4156 3632 4204 vexat
3675 4159 3733 4204 et

2155 4250 2333 4305 caedit.
2384 4247 2475 4303 Sic
2508 4245 2652 4301 enim
2683 4252 2891 4312 pugnat
2930 4256 3037 4295 non
3085 4240 3237 4309 quasi
3270 4254 3448 4294 aerem
3496 4242 3731 4303 credens,

2157 4343 2248 4396 sed
2287 4341 2561 4395 daemones
2602 4332 3062 4406 fugans:quique
3097 4332 3166 4385 ob
3214 4330 3410 4386 nimios
3458 4331 3733 4400 profectus

2076 4410 2123 4465 Β
2152 4434 2298 4488 velut
2320 4432 2410 4487 Dei
2434 4430 2546 4499 jam
2577 4429 2631 4483 in
2665 4442 2723 4482 se
2755 4424 3103 4495 participium
3138 4422 3343 4476 habens
3375 4422 3541 4474 etiam
3594 4422 3730 4476 ado-

2146 4527 2252 4581 rari
2291 4524 2490 4579 dicitur
2512 4538 2542 4576 a
2576 4521 2701 4575 filiis
2720 4518 2895 4573 Patris
2916 4517 3022 4570 sui.
3052 4514 3225 4569 Filios
3242 4513 3421 4567 Patris
3451 4514 3533 4568 sui
3565 4516 3721 4582 quasi

477 4632 646 4686 stolus
673 4633 725 4687 in
752 4632 984 4700 Epistola
1005 4634 1068 4686 ad
1100 4634 1351 4691 llehrteos
1377 4635 1422 4667 ⁸⁸
1448 4654 1463 4689 :
1491 4634 1847 4705 Perfectorunt
1875 4646 2048 4690 autem

2167 4636 2196 4672 n
2238 4615 2431 4671 morali
2464 4615 2586 4669 loco
2618 4625 2907 4682 possumus
2936 4605 3232 4673 intelligere
3279 4605 3503 4659 minoris
3547 4604 3732 4661 meriti

474 4735 550 4778 est
571 4725 713 4778 cibus
750 4728 972 4791 solidus,
1000 4727 1091 4796 qui
1117 4744 1209 4795 pro
1239 4728 1588 4796 possibilitate
1625 4729 1864 4781 sumendi
1898 4744 2047 4783 exer-

473 4820 660 4872 citatos
682 4819 868 4871 habent
890 4836 1070 4873 sensus
1114 4821 1184 4873 ad
1226 4821 1591 4875 discretionem
1635 4824 1759 4873 bont'
1803 4829 1853 4873 et
1892 4821 2043 4873 mali.

479 4907 553 4962 De
584 4907 915 4976 imperfectis
962 4918 1138 4962 autem
1180 4908 1479 4963 Corinthiis
1510 4909 1696 4987 (27),⁶⁶
1725 4908 1859 4962 dicit
1894 4924 1906 4960 :
1938 4905 2044 4959 Lac

476 4994 616 5047 vobis
636 5001 818 5061 potum
847 4993 987 5056 dedi,
1012 5010 1113 5046 non
1142 5009 1333 5060 cscmn,
1356 4997 1587 5047 nondum
1613 4995 1749 5046 enim
1770 4992 2041 5061 poteratis.

545 5168 588 5200 ³⁵
622 5132 734 5224 Jer.
769 5185 809 5224 ι.
924 5169 967 5199 ⁵⁷
993 5167 1188 5221 Cenes.
1219 5184 1364 5234 smx,
1395 5170 1479 5226 12.
1592 5168 1638 5202 ⁸³
1663 5167 1681 5221 1
1705 5168 1828 5222 Cor.
1853 5184 1927 5232 vt,
1954 5167 2040 5220 15.

475 5239 519 5270 "
551 5240 679 5293 Luc.
722 5255 777 5304 ι,
833 5238 924 5292 34.

476 5310 522 5342 ⁵⁵
551 5308 711 5365 Prov.
762 5325 902 5371 XXII,
960 5307 1051 5363 20.
1127 5309 1171 5340 "
1211 5308 1336 5364 Luc.
1372 5325 1457 5374 xv,
1503 5309 1591 5364 l0.

543 5468 657 5541 (37)
701 5468 873 5535 Alias,
898 5465 1267 5535 semiperfectis
1298 5476 1470 5522 autem
1515 5463 1827 5521 Corinthiis.

1003 5238 1047 5269 ⁸³
1074 5239 1112 5291 ll
1144 5242 1267 5293 tlor.
1307 5231 1365 5297 n.
1413 5239 1466 5292 Ξ.
1542 5239 1591 5271 “
1624 5238 1826 5295 Cenes.
1861 5231 2007 5299 κως.
2042 5238 2129 5293 12.
2204 5237 2251 5269 "
2282 5235 2445 5291 llebr.
2497 5250 2546 5296 v.
2595 5231 2683 5286 14.

1003 5307 1051 5363 D.
1127 5309 1171 5340 "
1211 5308 1336 5363 Luc.
1372 5325 1457 5363 xv.
1503 5309 1591 5363 l0.
1671 5310 1715 5341 "°
1746 5311 1845 5363 Isa.
1883 5327 1973 5363 ιχ.
2004 5308 2093 5363 H.

1766 5325 1845 5367 sa.
1883 5327 1973 5377 Ls,
2004 5325 2025 5363 ι
2046 5325 2093 5362 s.

2144 4709 2350 4772 fideles,
2380 4708 2471 4778 qui
2518 4707 2570 4761 in
2603 4720 2670 4760 eo
2700 4704 2934 4772 majores
2979 4712 3225 4770 quosque
3267 4705 3323 4751 et
3374 4696 3729 4767 perfectiores

2140 4798 2550 4869 adorant,qu0'l
2590 4813 2776 4853 eorum
2804 4808 2970 4865 opera
3016 4789 3248 4846 humiles
3278 4802 3342 4841 ac
3371 4785 3605 4854 subjecti
3634 4802 3728 4839 re.

2152 4902 2413 4949 nerantur
2441 4900 2492 4944 et
2527 4889 2747 4943 laudant
2779 4907 2793 4943 :
2822 4887 2964 4941 unde
2999 4885 3065 4937 ad
3095 4880 3387 4936 Ecclesium
3417 4877 3615 4932 dicitur
3635 4879 3684 4915 τα
3713 4900 3727 4937 τ

2153 4988 2463 5043 Adorabunt
2506 4984 2722 5053 vestigia
2748 4982 2934 5052 pedum
2974 4989 3208 5032 tuorum.
3244 5014 3247 5017 η

3338 5152 3382 5183 ⁸⁸
3406 5149 3564 5203 Prov.
3593 5165 3633 5215 Ι,
3667 5151 3721 5209 5.

3292 5223 3334 5253 "
3366 5221 3522 5276 lium.
3545 5235 3606 5288 II,
3628 5223 3721 5283 2!.

2752 5160 2795 5191 ⁸ο
2816 5155 3023 5211 Coloss.
3072 5168 3145 5218 tv,
3176 5151 3229 5205 6.

2153 5167 2200 5199 "
2231 5165 2419 5220 Matth.
2440 5178 2516 5226 vt,
2545 5161 2636 5216 εἳ.
2752 5161 2795 5191 ⁸ο
2816 5161 3023 5211 Coloss.
3072 5168 3145 5218 tv,
3176 5161 3210 5205 ti

2204 5237 2251 5269 ι’
2282 5235 2445 5285 Hebr.
2497 5250 2546 5285 v.
2595 5231 2683 5285 M.
2761 5225 2996 5283 “lCor.
3031 5240 3111 5285 tu.
3163 5223 3217 5276 2.

2218 5459 2330 5535 (28)
2378 5458 2549 5526 Alias,
2580 5453 2840 5511 subtiliter
2872 5454 3188 5509 minutatum
3217 5447 3614 5514 sustentatimti.
