4122 6248
402 310 515 366 265

1842 296 1908 353 IN
1938 295 2171 354 EXODU
2180 295 2248 349 Μ.

3530 300 3632 353 266

397 426 511 480 θεῖν
537 422 702 477 αὐτοῦ
740 422 816 494 τῷ
855 423 1182 495 βουλήματι;
1222 421 1377 492 δῆλον
1404 422 1511 493 γὰρ
1543 420 1625 473 ὅτι
1673 417 1748 490 μὴ
1794 416 1965 487 βουλο-

2072 413 2401 480 morigerum
2443 410 2643 465 habere
2682 410 2947 464 mandatis
2993 413 3105 467 suis
3152 413 3489 471 Pharaonem
3520 418 3633 472 ture

402 515 567 587 μένου
596 513 914 584 πειθόμενον
936 513 1075 584 ἔχειν
1100 512 1209 583 (50)
1231 506 1317 575 οἷς
1356 511 1688 581 προστάσσει
1731 508 1821 560 τὸν
1863 508 1971 558 Φα-

404 601 711 676 ραὼταῦτα
738 602 884 655 δοκεῖ
910 601 1163 670 λέγεσθαι
1201 600 1271 653 τὰ
1314 601 1550 671 ῥήματα.
1607 599 1732 660 Τοῖς
1764 596 1823 649 δὲ
1878 614 1971 649 πι-
2013 622 2023 636 ο

407 691 618 745 στεύειν
661 692 1030 762 νομιζομένοις
1052 691 1318 761 διαφωνία
1344 692 1443 761 οὐχ
1488 693 1521 762 ἡ
1550 688 1787 759 τυχοῦσα
1809 686 1972 756 γεγέ-

406 801 580 853 νηται,
632 782 719 835 διὰ
774 782 867 834 τό·
900 800 919 834 ι
971 782 1299 853 Ἐσκλήρυνε
1354 782 1557 852 Κύριος
1606 779 1705 849 τὴν
1745 777 1971 848 καρδίαν

404 874 633 945 Φαραώο
678 894 695 925 ›
738 875 785 926 οἱ
837 873 935 944 μὲν
991 874 1099 945 γὰρ
1140 874 1451 945 πειθόμενοι
1502 872 1574 943 μὴ
1616 871 1772 926 ἄλλον
1828 865 1969 921 εἶναι

403 966 534 1020 Θεὸν
579 964 728 1036 παρὰ
764 966 854 1019 τὸν
901 966 1226 1040 δημιουργὸν
1273 966 1560 1039 φρονοῦσιν
1585 964 1660 1028 ὡς
1690 965 1799 1036 ἄρα
1831 964 1972 1017 κατά

400 1061 785 1131 ἀποκλήρωσιν
816 1062 844 1113 ὁ
869 1062 997 1126 Θεὸς
1028 1063 1087 1116 ὃν
1105 1062 1243 1115 ϐέλει
1282 1062 1438 1124 ἐλεεῖ,
1471 1060 1529 1113 ὃν
1561 1060 1616 1113 δὲ
1638 1059 1780 1111 Θέλει
1812 1058 1973 1129 σκλη-

405 1152 572 1223 ρύνει,
620 1152 797 1204 αἰτίαν
824 1153 923 1205 οὐκ
965 1154 1179 1222 ἔχοντος
1209 1150 1323 1216 τοῦ,
1360 1151 1509 1204 τόνδε
1546 1150 1645 1221 μὲν
1685 1148 1969 1213 ἐλεεῖσθαι,

399 1244 549 1296 τόνδε
579 1242 635 1294 δὲ
669 1243 1061 1315 σκληρύνεσθαι
1103 1245 1193 1297 ὑπ’
1228 1241 1412 1297 αὐτοῦ.
1442 1244 1658 1313 Ἔτεροι
1683 1242 1737 1295 δὲ
1771 1241 1973 1310 βέλτιον

402 1336 552 1408 παρά
576 1338 794 1399 τούτους
819 1337 1127 1407 φερόμενοι,
1157 1336 1289 1405 φασδ⁸
1311 1334 1478 1387 πολλά
1507 1336 1601 1389 καὶ
1624 1335 1757 1389 ἄλλα
1777 1331 1975 1403 κεκρύο

402 1428 528 1497 φθαι
559 1430 657 1498 τῆς
688 1429 912 1498 Γραφῆς
935 1429 1119 1490 αὐτοῖς
1141 1429 1409 1497 νοήματα,
1446 1427 1538 1479 καὶ
1557 1427 1615 1479 ού
1643 1425 1792 1494 παρά
1820 1424 1977 1476 τοῦτο

398 1519 497 1587 τῆς
518 1516 701 1585 ὑγιοῦς
731 1517 963 1579 πίστεως
982 1516 1279 1586 τρέπεσθαι
1301 1532 1314 1544 ·
1343 1515 1400 1567 ἓν
1422 1514 1477 1566 δὲ
1502 1514 1609 1567 τῶν
1626 1514 1977 1583 ἀποκεκρυμ-

404 1608 578 1677 μένων
614 1604 753 1660 εἶναι
805 1608 898 1660 καὶ
940 1607 1029 1658 τὸν
1080 1608 1208 1675 περὶ
1240 1604 1441 1675 ταύτης
1475 1606 1573 1675 τῆς
1615 1605 1829 1676 γραφῆς
1863 1604 1973 1673 (51)

401 1700 529 1767 ὑγιῆ
553 1700 730 1767 λόγον.
762 1700 825 1752 Οἱ
879 1698 935 1750 δὲ
973 1698 1161 1767 ἓτερον
1202 1696 1320 1751 Θεὸν
1357 1697 1651 1766 φάσκοντες
1698 1696 1843 1767 παρά
1884 1697 1971 1749 τὸν

401 1788 755 1858 δημιουργὸν,
789 1787 996 1839 δίκαιον
1023 1787 1118 1856 μὲν
1154 1786 1314 1838 αὑτὸν
1348 1783 1483 1838 εἷναι
1510 1785 1716 1839 θέλουσι
1745 1786 1837 1839 καὶ
1868 1786 1967 1839 οὐκ

407 1878 627 1946 ἀγαθὸν,
660 1877 865 1949 σφόδρα
912 1876 1191 1939 ἰδιωτικῶς
1218 1877 1329 1947 ἅμα
1365 1877 1457 1929 καὶ
1480 1875 1689 1940 ἀσεϐῶς
1721 1876 1967 1947 ἐνεχθέν-

406 1986 517 2031 τες,
575 1969 633 2021 ὲν
687 1968 762 2038 τῷ
805 1967 1055 2038 χωρίζειν
1103 1965 1443 2039 δικαιοσύνην
1493 1966 1969 2037 ἀγαθότητος,καὶ

409 2058 615 2111 οἴεσθαι
642 2055 857 2112 ὅτιοῖόν
876 2058 934 2110 τέ
972 2058 1085 2110 ἐστι
1114 2058 1452 2127 δικαιοσύνην
1478 2054 1615 2112 εἶναι
1645 2057 1701 2111 ἕν
1733 2075 1836 2111 τινι
1867 2076 1971 2128 χω-

407 2150 491 2218 ρὶς
514 2147 844 2219 ἀγαοότητος
874 2149 1103 2219 (52),καὶ
1133 2148 1443 2220 ἀγαθότητα
1464 2150 1584 2221 δίχα
1606 2149 1970 2219 δικαιοσύνης-

399 2239 549 2308 ὅμως
579 2238 636 2291 δὲ
673 2238 763 2291 καὶ
799 2237 956 2290 τοῦτο
990 2238 1237 2306 λέγοντες
1276 2240 1496 2293 ἐναντία
1537 2243 1603 2311 τῇ
1638 2240 1743 2311 ἰδίᾳ
1767 2240 1970 2308 ὑπολή-

398 2331 489 2400 ψει
536 2332 661 2402 περὶ
692 2330 895 2383 δικαίου
936 2329 1249 2400 προσίενται
1296 2330 1453 2395 Θεοῦ,
1510 2329 1828 2403 σκληρύνειν
1873 2330 1970 2401 τὴν

398 2420 622 2492 καρδίαν
673 2421 890 2492 Φαραὼ,
949 2422 1042 2476 κα)⁵
1088 2421 1287 2491 ἀπειθῆ
1334 2422 1502 2494 αὐτὴν
1544 2421 1970 2485 κατασκευάζειν

395 2512 592 2582 ἑαυτῷ.
625 2513 688 2565 Ei
710 2515 819 2585 γὰρ
844 2514 873 2566 ὁ
902 2512 961 2566 τὸ
982 2515 1102 2566 κατ’
1134 2512 1290 2580 ἀξίαν
1322 2513 1612 2583 ἀπονέμων
1640 2513 1854 2582 ἑκάστῳ
1891 2512 1969 2565 δί-

398 2620 573 2669 καιος,
602 2604 695 2657 καὶ
726 2604 833 2657 ἀπὸ
874 2604 973 2674 τῆς
998 2603 1206 2658 ἑαυτῶν
1241 2604 1419 2668 αἰτίας
1447 2603 1746 2675 κρείττοσιν
1778 2603 1812 2674 ἢ
1856 2603 1967 2674 χεί-

398 2712 522 2765 ροσι
562 2697 948 2767 γεγενημένοις
980 2695 1262 2759 ἀποδιδοὺς
1299 2688 1373 2749 ὧν
1405 2695 1711 2767 ἐπιτήδειον
1740 2694 1969 2748 ἕκαστον

396 2787 684 2857 τυγχάνειν
708 2788 1011 2851 ἐπίσταται,
1035 2786 1150 2851 πῶς
1183 2786 1407 2851 δίκαιος,
1433 2787 1462 2839 ὁ
1494 2786 1764 2857 ἁμαρτίας
1790 2785 1966 2858 χείρο-

392 2896 486 2942 νος
531 2879 702 2941 αἴτιος
761 2879 1045 2949 γενόμενος
1092 2876 1169 2948 τῷ
1219 2877 1449 2950 (hepatia;
1497 2878 1590 2932 καὶ
1636 2879 1734 2949 οὐχ
1782 2877 1968 2943 ἀπλῶς

392 2968 591 3033 αἴτιος,
627 2969 737 3022 ἀλλ’
770 2970 890 3022 ὅσον
922 2970 1029 3039 (55)
1060 2970 1144 3038 ἐφ’
1167 2963 1245 3032 οἷς
1272 2972 1467 3023 ἐκεῖνοι
1508 2969 1811 3035 ἐξεδέξαντο
1844 2988 1967 3025 συν-

2075 521 2200 559 εεςθ
2238 504 2423 558 verba.
2452 502 2523 557 Iis
2556 513 2742 558 autem
2773 503 2861 573 qui
2893 506 3113 559 credere
3135 517 3407 574 putantur,
3433 524 3537 563 non
3559 508 3638 562 le-

2075 598 2156 649 vis
2186 594 2552 648 controversia
2583 594 2828 647 exoritur
2863 609 2927 649 ex
2967 595 3049 649 his
3088 598 3268 651 verbis
3298 614 3312 651 :
3352 618 3371 649 ι
3406 600 3633 655 Indura-

2074 688 2151 739 vit
2182 686 2441 740 Dominus
2492 700 2588 742 cor
2635 685 2953 741 Pharaonis.
3004 706 3022 738 ι
3056 687 3158 753 Qui
3216 690 3356 743 enim
3408 696 3635 749 credun‘;

2074 777 2240 832 Deum
2282 794 2386 832 non
2420 778 2580 831 alium
2626 793 2747 833 esse
2776 795 2934 847 quam
2994 779 3177 834 mundi
3209 782 3475 849 epilicem,
3513 799 3631 839 sen-
3668 836 3677 841 .

2075 871 2213 925 tiunt
2240 871 2403 925 Deum
2438 869 2682 935 fortuito,
2716 871 2879 938 cujus,
2903 873 3028 937 vult,
3076 875 3348 938 misereri,
3373 884 3429 929 et
3473 892 3631 944 quem

2072 963 2204 1026 vult,
2243 962 2519 1027 indurare,
2558 978 2679 1017 eum
2712 978 2871 1018 causa
2912 964 3054 1018 nulla
3092 964 3184 1027 sit,
3218 981 3317 1019 cur
3358 966 3517 1032 hujus
3542 969 3638 1019 tui-

2075 1063 2340 1118 sereatur,
2381 1054 2521 1108 alius
2572 1056 2638 1108 ab
2671 1070 2734 1109 eo
2768 1056 3077 1114 induretur.
3106 1057 3209 1110 Alii
3242 1058 3335 1127 qtti
3374 1060 3637 1125 potiorem

2075 1145 2397 1198 sententiam
2432 1155 2757 1215 sequuntur,
2790 1148 2890 1200 alia
2925 1148 3092 1201 multa
3132 1147 3429 1217 Seriplurce
3480 1140 3638 1220 112

2075 1251 2236 1291 sensa
2270 1236 2371 1290 sibi
2403 1236 2720 1290 abscondita
2771 1252 2889 1292 esse
2924 1238 3148 1305 dicunt;
3211 1254 3310 1292 nec
3347 1254 3405 1292 se
3449 1242 3567 1294 ideo
3608 1256 3638 1294 a

2076 1342 2223 1384 recta
2260 1331 2363 1384 ﬁde
2396 1331 2566 1385 averti
2602 1348 2614 1384 :
2642 1347 2805 1385 unttm
2840 1347 2969 1386 vero
3006 1348 3069 1387 ex
3097 1335 3386 1389 reconditis
3406 1350 3524 1391 esse
3547 1352 3638 1391 sa-

2079 1436 2201 1474 nam
2237 1420 2400 1487 hujus
2441 1420 2544 1474 loci
2603 1422 3127 1490 interpretationem.
3189 1423 3357 1479 Tertii
3417 1427 3634 1495 quidam

2078 1510 2240 1564 alium
2276 1525 2396 1566 esse
2424 1512 2591 1566 Deum
2622 1515 2688 1566 ab
2714 1512 2922 1581 Opiﬁce,
2960 1524 3013 1568 et
3044 1514 3246 1581 justum
3284 1532 3403 1572 esse
3429 1518 3635 1583 volunt,

2076 1603 2170 1656 sed
2200 1618 2303 1658 non
2338 1604 2561 1668 bonum,
2599 1604 2759 1659 stulte
2792 1604 2842 1658 id
2871 1606 3085 1673 quidem
3118 1616 3170 1661 ct
3200 1608 3379 1676 impie,
3406 1625 3524 1664 cum
3550 1611 3638 1679 ju-

2074 1694 2276 1747 stitiam
2321 1709 2350 1748 a
2392 1695 2636 1750 bonitate
2687 1706 2958 1766 separant,
2993 1709 3049 1752 et
3086 1708 3274 1768 putant
3316 1700 3427 1756 fieri
3479 1718 3637 1771 posse

2074 1796 2131 1838 ut
2161 1785 2283 1853 quis
2312 1785 2582 1855 justitiam
2613 1787 2809 1843 haheat
2836 1790 2954 1844 sine
2981 1791 3219 1845 bonitate
3247 1801 3295 1847 et
3339 1794 3634 1851 bonitatem

2071 1875 2191 1930 sine
2215 1876 2459 1943 justitia;
2487 1877 2578 1946 qui
2604 1881 2700 1932 etsi
2734 1878 2837 1934 hoc
2868 1880 3071 1946 dicunt,
3101 1884 3339 1951 opinioni
3371 1901 3481 1939 sure
3509 1901 3638 1940 con-

2074 1968 2239 2020 traria
2281 1967 2349 2020 de
2391 1967 2540 2035 justo
2584 1967 2693 2022 Deo
2743 1970 3054 2035 admittunt,
3091 1975 3343 2027 nimirum
3382 1976 3637 2030 indurare

2075 2060 2248 2129 ipsum
2281 2072 2376 2112 cur
2398 2058 2720 2121 Pharaonis,
2746 2068 2800 2112 et
2839 2060 2969 2114 illud
3016 2064 3119 2117 sibi
3157 2065 3339 2119 facere
3386 2067 3633 2122 immori-

2074 2165 2281 2220 gerum.
2314 2148 2369 2203 Si
2394 2149 2536 2203 enim
2568 2150 2613 2203 is
2639 2158 2723 2203 est
2754 2149 2950 2217 justus,
2983 2153 3072 2221 qui
3103 2170 3197 2221 pro
3230 2156 3488 2225 dignitate
3519 2160 3640 2213 uni-

2072 2239 2268 2307 cuique
2303 2237 2513 2301 tribuit,
2553 2246 2604 2293 et
2642 2238 2726 2304 iis,
2776 2240 2865 2308 qui
2897 2254 2961 2295 ex
3010 2256 3068 2295 se
3100 2243 3347 2299 meliores
3376 2246 3458 2301 vel
3492 2248 3637 2303 dete-

2074 2331 2249 2385 riores
2273 2330 2566 2394 evaserint,
2602 2330 2774 2384 reddit
2797 2346 2917 2399 qua:
2954 2333 3245 2402 unicuique
3273 2336 3508 2406 ipsorum
3542 2355 3637 2393 no-

2072 2420 2289 2475 vitesse
2320 2421 2513 2474 idonea
2554 2437 2567 2473 :
2606 2420 2875 2487 quomodo
2904 2422 3083 2491 justus
3108 2432 3208 2483 est.
3247 2428 3337 2494 qui
3373 2430 3637 2496 gravioris

2071 2510 2274 2581 peccati
2308 2525 2470 2565 causa
2518 2510 2787 2566 Pharaoni
2832 2511 2970 2566 fuit?
3020 2514 3122 2567 Sed
3159 2530 3262 2569 non
3318 2517 3638 2588 simpliciter

2076 2613 2259 2665 causa,
2288 2600 2380 2654 sed
2413 2600 2467 2653 in
2492 2609 2753 2669 quantum
2784 2614 2843 2654 ea
2885 2616 3005 2670 qua:
3048 2602 3122 2656 illi
3160 2620 3509 2675 susceperunt
3540 2613 3635 2662 atl-

2064 2689 2223 2759 juvit,
2253 2701 2311 2745 ut
2348 2690 2502 2745 ﬁeret
2536 2693 2648 2761 ipse
2682 2691 3069 2760 injustissimus
3106 2709 3120 2748 :
3155 2699 3248 2765 qni
3292 2702 3435 2753 enim
3479 2702 3634 2755 indu-

2070 2783 2336 2837 rationem
2391 2783 2572 2837 cordis
2629 2782 2929 2839 Pharaonis
2989 2786 3055 2840 ad
3112 2788 3312 2842 nullam
3388 2792 3632 2847 referunt

2070 2873 2285 2942 dignam
2329 2870 2476 2941 justo
2526 2871 2637 2926 Deo
2678 2873 3033 2937 voluntatem,
3080 2878 3261 2933 nescio
3316 2895 3423 2949 quo
3475 2894 3632 2952 pacto

2063 2961 2268 3032 justum
2309 2964 2499 3027 Deum,
2547 2964 2647 3018 etsi
2697 2974 2754 3018 ut
2809 2967 3077 3033 exponitis
3106 2969 3294 3035 velint,
3346 2974 3633 3030 Ostendere

391 3060 636 3130 εργήσας
687 3059 765 3121 εἰς
806 3059 865 3111 τὸ
892 3058 1141 3127 γενέσθαι
1180 3058 1339 3111 αὐτὸν
1369 3057 1714 3113 ἀδικώτατον.
1734 3061 1848 3113 Ἐπ’
1878 3062 1965 3114 ού-

2073 3056 2301 3123 possint,
2334 3055 2422 3124 qui
2457 3054 2671 3111 induret
2708 3072 2801 3111 cor
2842 3056 3164 3114 Pharaonis.
3194 3063 3370 3128 Quare
3402 3068 3629 3135 urgendi

388 3145 478 3200 δὲν
514 3149 621 3217 γὰρ
650 3146 1008 3217 ἀναφέροντες
1039 3146 1185 3212 ἀξιον
1215 3147 1584 3218 προαιρέσεως
1612 3149 1820 3202 δικαίου
1845 3149 1965 3203 Θεοῦ

383 3236 488 3308 τὴν
550 3236 873 3309 σκλήρυνσιν
905 3238 1002 3308 τῆς
1033 3238 1257 3310 καρδίας
1299 3239 1517 3310 Φαραὼ,
1552 3241 1652 3293 ούκ
1698 3236 1794 3293 οἷδ’
1818 3242 1967 3306 ὅπως

383 3326 601 3382 δίκαιον
633 3327 771 3391 θεὸν,
804 3329 906 3381 κᾶν
939 3330 1187 3402 καθάπερ
1215 3331 1487 3401 διηγεῖσθε
1515 3331 1829 3401 βούλωνται,
1861 3351 1965 3386 πα·-

388 3418 666 3490 ραστῆσαι
695 3418 947 3472 δύνανται
972 3419 1063 3473 τδν
1094 3420 1462 3496 σκληρύνοντα
1485 3423 1581 3494 τὴν
1613 3424 1836 3493 καρδίαν
1859 3426 1969 3479 Φα-

388 3509 516 3581 ραώ
538 3526 551 3538 ο
591 3509 713 3561 ὃθεν
745 3510 992 3564 Θλιπτέον
1019 3512 1214 3575 αὐτοὺς
1244 3514 1301 3565 ἐν
1324 3516 1436 3576 τοῖς
1462 3512 1603 3567 κατά
1625 3514 1716 3567 τὸν
1746 3516 1967 3585 προκεί-

389 3617 563 3672 μενον
602 3600 785 3665 τόπον,
821 3602 967 3664 ὅπως
1010 3602 1127 3673 ἦτοι
1166 3605 1555 3675 παραστήσωσι
1593 3604 1710 3667 πῶς
1759 3606 1965 3669 δίκαιος

386 3692 711 3763 σκληρύνει,
738 3692 770 3762 ἢ
802 3692 1144 3763 τολμήσωσιν
1166 3695 1361 3757 εἰπεῖν,
1388 3695 1469 3746 ὅτι
1493 3696 1613 3747 ἐπεὶ
1649 3696 1959 3767 σκληρύνει,

384 3782 634 3853 πονηρὸς
658 3782 1071 3853 όΔημιουργόςο
1116 3783 1148 3853 ἢ
1186 3784 1320 3853 μήτε
1362 3782 1718 3852 εὐποροῦντες
1750 3784 1964 3837 ἀποδεί-

384 3875 527 3940 ξεων
562 3874 697 3945 πρὸς
742 3875 802 3928 τὸ
845 3876 935 3928 τὸν
971 3876 1176 3929 δίκαιον
1208 3875 1594 3947 σκληρυντικὺν
1631 3872 1767 3928 εἷναί
1796 3892 1958 3940 τινος,

384 3970 531 4039 μήτε
562 3966 865 4039 τολμῶντες
897 3968 958 4021 τὸ
1003 3969 1093 4021 ἐπὶ
1127 3969 1375 4022 τοσοῦτον
1420 3968 1613 4031 ἀσεϐὲς
1661 3969 1769 4039 (54)
1802 3969 1963 4041 προέ-

384 4057 512 4110 σθαι
531 4059 662 4127 περὶ
676 4058 767 4110 τοῦ
799 4058 1083 4120 κτίσαντος
1100 4057 1175 4121 ὼς
1198 4057 1452 4127 πονηροῦ,
1477 4056 1857 4126 καταφύγωσιν
1874 4057 1965 4110 ἐπὶ

380 4148 581 4221 ἑτέραν
618 4149 755 4209 ὁδὸν,
799 4149 1125 4221 ὲξηγητικὴν
1160 4149 1275 4213 τοῦ,
1313 4168 1330 4201 ι
1378 4150 1703 4221 Ἑσκλήρυνε
1755 4152 1957 4221 Κύριος

378 4242 483 4313 τὴν
519 4242 752 4313 καρδίαν
777 4241 996 4313 Φαραὼ,
1036 4262 1053 4293 ι
1093 4242 1426 4305 ἀποστάντες
1455 4242 1546 4295 τοῦ
1578 4244 1641 4296 ἐκ
1679 4242 1771 4295 τοῦ
1810 4244 1961 4313 νομί-

2071 3154 2199 3201 sunt
2236 3147 2287 3199 in
2324 3146 2390 3200 iis
2424 3162 2544 3216 quae
2570 3146 2635 3201 ad
2677 3147 2823 3202 hunc
2858 3147 3035 3203 locum
3072 3150 3298 3219 faciunt,
3339 3165 3395 3208 ut
3430 3158 3509 3211 vel
3537 3174 3633 3212 ex-

2069 3237 2273 3307 plicent
2294 3238 2564 3306 quomodo
2586 3237 2764 3307 justus
2794 3240 3031 3308 induret,
3059 3244 3139 3297 vel
3164 3245 3346 3299 dicere
3377 3246 3630 3315 audeant,

2067 3328 2192 3397 quia
2244 3327 2479 3390 indurat,
2526 3326 2726 3381 malum
2762 3344 2882 3383 esse
2924 3332 3215 3401 Opilicem;
3263 3335 3346 3389 vel
3386 3351 3508 3389 cum
3540 3338 3636 3392 de—

2070 3424 2383 3469 monstrare
2435 3431 2542 3469 non
2582 3417 2791 3485 possint
2828 3417 3035 3485 justum
3084 3423 3319 3493 aliquem
3358 3426 3630 3495 indurare,

2070 3519 2168 3558 nec
2191 3519 2255 3559 eo
2287 3505 2580 3574 procedere
2608 3506 2863 3572 audeant,
2896 3518 2954 3563 ut
2990 3510 3248 3580 Opificem
3286 3516 3482 3571 malum
3514 3533 3633 3573 esse

2068 3596 2274 3659 dicant,
2317 3597 2383 3651 ad
2413 3598 2574 3652 aliam
2608 3598 2748 3653 viam
2782 3602 3119 3671 confugiant,
3165 3619 3268 3673 qua
3310 3608 3582 3676 explicent
3612 3624 3627 3663 :

2075 3703 2094 3737 ι
2131 3685 2407 3740 lnduravit
2434 3686 2697 3743 Dominus
2731 3704 2823 3743 cor
2853 3689 3185 3759 Pharaonis;
3225 3713 3243 3746 ι
3293 3704 3347 3749 et
3379 3697 3635 3755 desinant

2069 3796 2133 3834 ex
2162 3796 2228 3835 eo
2256 3781 2396 3849 quod
2424 3783 2590 3836 verba
2630 3782 2937 3851 intelligere
2964 3800 3020 3840 se
3050 3796 3261 3855 putant,
3292 3793 3536 3860 proprias
3567 3796 3633 3850 de

2063 3872 2212 3941 justo
2240 3873 2348 3927 Deo
2400 3874 2705 3930 sententias
2754 3876 2959 3931 tollere.
2997 3878 3259 3948 Denique,
3292 3884 3537 3953 quisquis
3564 3887 3634 3942 sit

2068 3963 2229 4031 hujus
2252 3964 2522 4019 sermonis
2560 3980 2773 4032 sensus,
2810 3968 3058 4037 ignorare
3087 3985 3143 4025 se
3177 3971 3469 4028 fateantur.
3507 3975 3632 4032 ilice

2074 4056 2238 4125 igitur
2280 4056 2345 4109 de
2396 4056 2505 4110 Deo
2553 4055 2604 4110 in
2659 4059 2935 4127 proposita
2987 4061 3288 4128 quaestione
3319 4079 3415 4134 per
3450 4076 3631 4135 partes

2068 4149 2178 4203 sint
2208 4148 2489 4218 inquisita.
2539 4148 2805 4217 Quoniam
2864 4154 3158 4208 autem-ad
3202 4154 3381 4210 locum
3423 4159 3489 4213 de
3532 4177 3629 4213 ηει-

2070 4249 2210 4304 tura,
2246 4239 2281 4293 ii
2314 4240 2403 4309 qui
2434 4238 2641 4309 aliquos
2664 4241 2979 4297 existimant
3002 4243 3052 4298 in
3082 4245 3437 4314 perditionem
3467 4261 3519 4305 et
3549 4254 3632 4306 in-

451 4451 1361 4528 (3_0)_Bov.l_opdv‘ou_:r8t06yeror
1388 4452 1571 4528 ἔχειν,
1600 4458 1716 4528 _e__lc._
1749 4452 1839 4505 Sic
1874 4465 1957 4505 τε·

2068 4465 2221 4528 num,
2250 4447 2453 4528 justum
2482 4448 2635 4528 ξηρά,
2674 4450 2889 4528 tertium
2944 4453 3143 4528 malum
3197 4469 3317 4511 esse
3370 4456 3625 4528 tingebat.

378 4520 469 4578 cte
500 4520 709 4576 habent
738 4520 1047 4575 Philocan
1076 4520 1475 4588 manuscriptie,
1516 4523 1566 4573 in
1600 4521 1749 4574 libris
1780 4528 1959 4575 autem

380 4601 546 4646 antea
584 4592 751 4662 editis
782 4607 879 4658 pro
907 4590 1229 4662 βουλομένου
1278 4591 1475 4662 legitur
1514 4590 1855 4662 βουλᾷμενος,
1907 4599 1962 4662 et

380 4664 613 4727 insuper
645 4661 844 4715 desunt
874 4659 987 4715 hinc
1009 4659 1174 4715 verba
1207 4675 1221 4711 :
1258 4660 1430 4714 ταῦτα
1445 4659 1590 4714 δοκεῖ
1613 4659 1861 4728 λέγεσθαι
1893 4660 1961 4712 τὰ

378 4732 629 4801 ῥήματα.
715 4799 725 4809 .
874 4800 885 4811 .
1023 4800 1034 4812 υ
1413 4800 1438 4811 _
1546 4801 1572 4812 η
1794 4799 1817 4809 ~

453 4803 572 4871 (31)
622 4797 919 4871 ΡΙιοΙοςαίια
953 4800 1115 4871 edita,
1154 4802 1282 4871 περ).
1310 4800 1479 4871 αύτης
1512 4818 1609 4871 της
1641 4816 1877 4871 γραφηλς.

452 4867 569 4939 (52)
596 4868 712 4924 Καὶ
755 4868 980 4922 οιεσθαι
1019 4869 1108 4922 ὅτι
1148 4867 1277 4923 οἶόν
1300 4870 1361 4922 τέ
1390 4867 1521 4923 ἐστι
1565 4867 1955 4933 δικὰιοσύνην

376 4936 641 4995 εἶναι’ἔν
690 4955 810 4992 τινι
837 4939 1013 5007 χωρὶς
1041 4940 1421 5009 ἀγαθότητος.
1471 4939 1593 4993 Ihcc
1639 4940 1953 4992 desideran-

382 5024 469 5065 tur
506 5014 556 5063 in
591 5011 750 5063 libris
789 5020 943 5062 antea
974 5010 1153 5073 editis,
1184 5011 1275 5064 sed
1304 5010 1615 5076 supplentur
1652 5024 1681 5061 e
1714 5022 1842 5061 mss.

450 5082 562 5150 (35)
586 5080 811 5143 Αἶτιος,
841 5080 974 5132 ἀλλ’
1005 5078 1174 5144 ὅσον,
1213 5089 1320 5133 etc.
1349 5080 1497 5133 Alias
1534 5080 1705 5142 deest,
1755 5076 1949 5140 αἴτιος,

376 5153 520 5221 quod
549 5152 849 5221 restituunt
880 5150 1093 5221 codices
1122 5165 1251 5204 mss.

448 5221 560 5289 (54)
617 5217 789 5283 Μήτε
826 5216 1158 5289 τολμῶντες
1204 5218 1270 5271 τὸ
1329 5218 1755 5289 ἑπὶτοσοῦτον
1784 5217 1948 5289 *ἀσε-

378 5287 500 5356 ϐές,
534 5287 642 5344 etc.
681 5290 779 5340 Sic
816 5296 961 5340 recte
996 5287 1196 5341 habent
1240 5304 1367 5341 mss.
1406 5288 1537 5341 Male
1560 5298 1737 5340 autem
1774 5287 1951 5356 Philo-

379 5355 515 5418 calia
538 5360 707 5422 edita,
747 5357 888 5427 μήτε
930 5356 1232 5427 τολμῶντες
1272 5357 1331 5408 τὸ
1363 5360 1452 5410 ἐπὶ
1480 5357 1742 5410 τοσούτων
1784 5355 1948 5427 προὲα

382 5430 525 5493 σθαι,
558 5441 665 5483 etc.
711 5426 917 5481 Scribit
959 5426 1286 5493 Epiphanius
1338 5429 1530 5481 hmres.
1573 5443 1703 5489 χιιι,
1735 5426 1854 5495 cap.
1889 5429 1943 5490 5,

381 5499 437 5562 6,
462 5503 517 5566 7,
559 5500 650 5564 I3,
685 5507 887 5565 praeter
916 5497 1019 5550 duo
1045 5497 1129 5547 illa
1166 5497 1446 5566 principia.
1474 5497 1722 5564 opiﬁcem
1751 5512 1946 5565 nempe

378 5569 613 5639 jndicem
660 5578 716 5639 et
752 5566 1005 5639 justum‘
1039 5574 1093 5618 et
1129 5566 1324 5619 bonum
1354 5634 1366 5639 _
1402 5565 1563 5619 Deum
1589 5608 1603 5631 ,
1651 5568 1871 5639 tertium
1912 5582 1941 5619 a

385 5634 656 5694 Hart-ioue
689 5637 859 5689 fuisse
916 5634 1214 5696 inductum,
1264 5634 1459 5688 malum
1506 5652 1723 5705 nempe,
1755 5637 1846 5705 qui
1890 5646 1945 5688 et

386 5710 651 5770 diabolus.
691 5706 878 5759 Trium
919 5718 1048 5774 ergo
1070 5719 1290 5758 suorum
1323 5705 1702 5774 principiorum
1731 5710 1831 5762 hoc
1853 5706 1943 5760 bo-

741 5801 1015 5861 ΡΑτιιοι.
1060 5799 1176 5860 Gn.
1225 5798 1362 5861 XII.

2067 4516 2603 4594 Auctor_dial0gi_0e
2634 4522 2925 4594 art/tartara
2972 4523 3077 4587 ﬁde
3123 4528 3385 4594 quosdam
3436 4516 3627 4583 scribit

2070 4605 2099 4641 e
2133 4588 2422 4665 Marcionis
2452 4588 2633 4665 schola
2680 4592 2779 4665 tria
2813 4592 2923 4645 bare
2977 4588 3179 4661 puner'e
3221 4596 3513 4665 principia;
3552 4599 3622 4651 ita

2067 4666 2124 4709 ut
2151 4658 2476 4732 principium
2508 4660 2704 4732 bonum
2733 4660 2934 4727 justum
2967 4658 3068 4716 non
3102 4658 3458 4732 sin-justum
3493 4658 3620 4720 item

2065 4742 2179 4800 non
2199 4727 2272 4780 sit
2303 4729 2500 4781 bonum
2526 4744 2541 4789 ;
2577 4729 2773 4800 malum
2800 4732 3113 4800 necjustum
3144 4727 3358 4796 sitfnec
3383 4736 3580 4789 bonum
3608 4750 3624 4785 :

2065 4798 2198 4851 alios
2231 4811 2358 4850 vero
2400 4812 2466 4851 ex
2494 4797 2681 4850 eadem
2732 4797 2929 4853 schola
2967 4804 3073 4855 duo
3116 4813 3351 4867 tantum,
3400 4814 3457 4858 ut
3501 4818 3625 4857 mox

2064 4867 2425 4937 ostendimus,
2458 4876 2694 4919 statuere
2728 4870 3015 4937 principia,
3054 4875 3251 4926 bonum
3302 4884 3356 4927 et
3399 4874 3619 4928 malum.

2065 4936 2339 5009 Christum
2371 4945 2547 5009 autem
2580 4937 2770 5009 opilice
2802 4950 2984 4991 natum
3014 4943 3231 5009 quidam
3259 4957 3288 4996 e
3334 4941 3624 4995 Marcioni-

2062 5008 2165 5077 tis;
2208 5006 2297 5058 alii
2344 5022 2410 5059 ex
2448 5005 2728 5077 illisimalo
2754 5005 3090 5077 prOgt'nituin
3125 5026 3243 5064 eum
3288 5012 3619 5066 statuebant.

2059 5072 2113 5125 Id
2152 5085 2519 5146 commentum
2555 5072 3025 5144 Syrino'cnidam,
3053 5095 3155 5131 non
3191 5079 3473 5146 Marciani,
3508 5081 3618 5133 En-

2058 5147 2269 5198 sebium
2302 5145 2618 5209 ascripsisse
2666 5153 2896 5198 testatur
2946 5159 3136 5199 auctor
3173 5146 3545 5203 l’ra'deslinali
3589 5166 3618 5203 τι

2061 5213 2352 5267 Sirmundo
2388 5216 2515 5266 editi
2571 5214 2669 5267 lib.
2721 5230 2736 5267 ι
2797 5218 2982 5268 haeres.
3015 5216 3104 5269 21.
3139 5218 3203 5271 At
3253 5220 3618 5273 Tertullianus

2059 5284 2202 5358 Iib_.1
2254 5285 2372 5358 adv.
2417 5282 2762 5358 Marcionem,
2793 5287 3004 5358 cap.j6,
3057 5287 3163 5339 duo
3205 5288 3466 5345 duntaxat
3522 5306 3618 5358 po-

2056 5353 2404 5429 suissejllum
2454 5352 2716 5429 printtipia
2762 5355 2956 5429 asserit
2998 5374 3009 5408 :
3050 5373 3068 5405 ι
3111 5358 3386 5428 Alioquin,
3418 5352 3615 5429 inquit,

2051 5426 2183 5495 certi
2211 5422 2539 5495 Marcionem
2554 5423 2805 5495 dispares
2825 5426 2951 5480 deos
2979 5422 3308 5484 CDIISllIlICI‘e
3332 5448 3346 5495 ;
3374 5422 3615 5485 alterum

2041 5492 2303 5571 judicein,
2334 5491 2527 5571 ferum,
2553 5492 2985 5571 bellipotentetn;
3013 5499 3239 5553 alterum
3271 5491 3472 5571 mitem,
3503 5504 3616 5571 pla-

2044 5563 2251 5688 aidum.
2321 5569 2375 5617 et
2425 5565 2794 5619 tantummodo
2836 5567 3031 5622 bonum
3077 5580 3237 5640 atque
3265 5563 3545 5641 optimuni.
3587 5589 3607 5623 ι

2095 5648 2307 5688 uanus.

2095 5648 2307 5689 UETIUS.

3251 5783 3289 5842 9

3174 5783 3647 6127 γη
