4122 6248
493 286 597 343 ξιξ-ι

1895 287 2261 346 ORIGENES

3631 289 3731 344 9.68

496 408 715 461 teritum
747 419 866 461 esse
913 406 1106 472 factos,
1141 405 1251 459 haec
1305 408 1466 461 etiam
1517 409 1813 473 adducunt,
1845 413 2058 479 probari

2174 412 2281 472 ζειν
2328 411 2394 464 τά
2429 411 2570 464 κατά
2613 411 2708 473 τὰς
2751 410 2921 473 λέξεις
2973 411 3131 467 νοεῖν,
3164 406 3260 468 τὰς
3308 406 3444 469 ίδίας
3493 407 3735 476 ἀναιρεῖν

493 497 818 551 sententiam
846 498 999 566 [l3
1034 510 1182 550 suam
1211 496 1276 550 iis
1295 498 1502 552 verbis:
1535 518 1550 550 ι
1589 499 1862 554 lnduravit
1883 499 2066 554 Domi-

495 605 602 642 nus
632 603 725 642 cor
756 585 1090 652 Pharaonis;
1129 604 1146 638 ι
1189 601 1285 655 age
1314 597 1367 641 et
1398 589 1467 642 de
1495 591 1578 644 his
1610 591 1740 645 istos
1770 595 2066 661 interroge-
2102 597 2111 608 ”

498 664 638 734 mus.
677 679 776 744 Qui
810 680 1060 732 conditus
1101 686 1183 731 est
1217 677 1269 729 in
1305 679 1604 744 interitum,
1647 680 1780 735 nihil
1829 697 2063 750 unquam

499 773 620 824 boni
673 771 848 823 facere
881 778 1080 837 potest,
1131 785 1253 823 cum
1289 770 1387 836 ipsi
1445 770 1510 821 ad
1557 771 1780 824 honesta
1825 773 2064 826 tendenti

498 873 684 915 natura
719 861 829 927 ipsa
877 869 1159 927 repugnet.
1206 858 1344 925 Quid
1377 875 1506 928 ergo
1547 876 1682 928 opus
1708 870 1790 916 est
1818 861 2063 916 Pharao-

496 968 636 1011 nem,
671 950 858 1016 ﬁlium,
888 960 944 1003 ut
970 952 1167 1013 dicitis,
1202 951 1472 1016 interitus,
1505 967 1534 1005 a
1570 953 1677 1008 Deo
1705 954 1965 1019 indurari,
2000 970 2067 1009 ne

496 1043 748 1111 populum
781 1042 1056 1094 dimittat?
1084 1043 1127 1095 si
1174 1042 1316 1095 enim
1343 1060 1446 1096 non
1479 1044 1618 1098 foret
1658 1044 1958 1109 induratus,
1982 1046 2066 1098 di-

496 1138 751 1190 misisset.
824 1139 896 1191 De
955 1139 1046 1192 illo
1099 1141 1260 1207 igitur
1292 1141 1394 1192 hoc
1446 1141 1602 1192 modo
1655 1142 2059 1205 respondeant:

495 1232 623 1296 quid
652 1229 865 1282 fecisset
890 1230 1121 1295 Pharao,
1154 1231 1252 1285 nisi
1280 1230 1471 1284 fuisset
1492 1232 1813 1284 induratus?
1838 1230 1892 1283 Si
1914 1231 2062 1285 enim

496 1321 789 1374 dimisisset
821 1337 922 1375 non
955 1323 1254 1385 induratus,
1284 1336 1390 1375 non
1423 1330 1536 1376 erat
1572 1321 1791 1390 perdita:
1821 1329 2061 1381 naturm;

497 1422 548 1463 at
581 1412 622 1463 si
667 1427 773 1464 non
815 1413 1130 1477 dimisisset,
1179 1413 1311 1466 nihil
1351 1425 1571 1466 necesse
1603 1422 1722 1464 erat
1773 1412 1944 1480 ipsius
1972 1425 2066 1462 cor

499 1503 732 1556 indurari
761 1518 776 1557 :
812 1519 909 1557 nec
937 1505 1080 1557 enim
1101 1503 1417 1569 dimisisset,
1436 1505 1602 1557 etiam
1624 1518 1728 1557 non
1757 1503 2061 1556 induratus.

498 1595 740 1658 Quartam
797 1605 972 1648 autem
1021 1597 1234 1651 actione
1281 1607 1333 1650 et
1365 1596 1416 1648 vi
1455 1596 1506 1648 in
1555 1595 1904 1664 principalem
1950 1597 2065 1661 ejus

497 1686 806 1738 facultatem
831 1685 1002 1753 ipsum
1031 1685 1344 1739 induravit?
1363 1697 1420 1740 et
1457 1687 1727 1754 quomodo
1755 1701 1876 1739 eum
1904 1701 2065 1739 accu-

498 1785 600 1837 sat,
637 1777 821 1829 dit-ens
851 1792 862 1826 :
895 1795 910 1826 ι
950 1778 1082 1842 Quia
1111 1793 1214 1829 non
1249 1779 1595 1845 obtemperas
1627 1776 1778 1840 mihi,
1814 1791 1942 1830 ecce
1968 1792 2064 1845 ego

502 1868 822 1920 interﬁciant
865 1868 1044 1920 omnia
1094 1867 1452 1936 primogenita
1497 1877 1606 1929 tua,
1661 1877 1713 1920 et
1743 1876 2067 1935 cegnoscent

497 1975 687 2012 mnties
736 1958 997 2028 :Egyptii,
1047 1961 1171 2028 quia
1220 1975 1316 2029 ego
1363 1975 1478 2013 sum
1521 1959 1812 2025 Dominus;
1851 1979 1869 2011 ι
1914 1959 2064 2028 quasi

497 2063 806 2120 propterea,
868 2066 986 2119 qua:
1034 2060 1291 2120 putantur
1336 2066 1588 2104 terumnze
1623 2050 1690 2104 iis
1733 2049 2062 2120 inlligantur,

499 2148 552 2190 ut
583 2139 744 2191 Deum
780 2150 1129 2208 cognoscant.
1155 2141 1330 2209 Atque
1371 2141 1420 2194 in
1451 2140 1605 2196 libris
1636 2140 2065 2196 Machalmorum

497 2231 676 2285 simile
723 2232 849 2298 quid
881 2233 1075 2284 dicitur
1118 2232 1162 2261 ⁷³
1198 2249 1210 2284 :
1250 2250 1268 2281 ι
1303 2232 1575 2287 Adhortor
1621 2248 1837 2297 omnes,
1873 2233 1967 2301 qui
2000 2233 2067 2286 li-

499 2327 654 2376 hrum
688 2325 830 2376 hunc
863 2323 1066 2390 legunt,
1101 2339 1168 2376 ne
1205 2323 1440 2376 animum
1477 2325 1801 2380 contrahant
1850 2335 2069 2394 propter

497 2413 874 2465 calamitates:
923 2414 1015 2466 sed
1045 2413 1358 2465 existiment
1389 2428 1450 2465 ea
1493 2429 1610 2481 quae
1631 2413 1910 2476 eveniunt,
1962 2428 2066 2467 non

498 2505 564 2556 ad
604 2504 852 2564 exitium,
884 2502 976 2556 scd
1017 2506 1066 2554 in
1105 2502 1443 2569 disciplinam
1479 2503 1692 2572 generis
1720 2505 1883 2557 nostri
1903 2518 2020 2557 esse
2051 2521 2065 2556 :

499 2613 624 2651 nam
661 2598 749 2651 diu
793 2613 898 2649 non
931 2595 1160 2663 relinqui
1194 2595 1410 2662 impios,
1439 2597 1528 2648 sed
1572 2597 1753 2648 statim
1791 2597 1841 2648 in
1887 2611 2072 2664 ptenas

499 2690 762 2751 incidere,
817 2690 994 2757 tnagni
1054 2699 1136 2742 est
1194 2686 1439 2742 beneﬁcii
1500 2695 1897 2756 argumentum.
1954 2685 2069 2740 Non

498 2781 641 2834 enim
681 2791 737 2833 ut
769 2781 819 2834 in
851 2781 974 2833 aliis
1007 2781 1258 2849 gentibus
1291 2787 1567 2848 exspectat
1590 2777 1861 2832 sustinens
1895 2777 2073 2831 Domi-

503 2889 627 2938 nus,
664 2882 722 2926 ut
751 2872 982 2941 denique
1002 2872 1238 2925 dimissis
1258 2869 1492 2939 peccatis
1515 2869 1774 2936 ipsorum,
1803 2883 1896 2921 eos
1925 2878 2070 2937 post-

503 2981 568 3021 ea
626 2966 944 3028 ulciscatur,
997 2965 1066 3016 ita
1101 2973 1153 3018 et
1191 2963 1254 3015 de
1305 2962 1457 3014 nobis
1489 2961 1699 3020 statuit.
1729 2962 1818 3028 qui
1852 2961 2074 3013 calami-

2169 503 2298 572 περὶ
2347 501 2557 555 δικαίου
2615 500 2736 553 θεοῦ
2788 503 3020 570 νοήσεις.
3071 499 3143 551 Τὸ
3190 499 3246 551 δὲ
3277 498 3604 553 τελευταῖον.
3635 498 3736 553 κᾶν

2169 593 2390 662 ἀπορεῖν
2435 593 2462 644 ὃ
2502 610 2553 644 τι
2599 593 2727 644 ποτέ
2777 594 2806 644 6
2857 591 3010 658 λόγος
3066 590 3340 664 ὑποϐάλλῃ
3397 591 3733 662 ὁμολογήσω-

2171 698 2252 733 σιν
2284 682 2412 751 (55)’
2443 681 2609 734 ταῦτα
2649 683 2744 751 μὲν
2777 677 2866 734 οῦν
2893 681 3211 751 ἐστ-,αρὰχΘω
3231 680 3588 752 ἐξεταζόμενα
3612 682 3737 750 περὶ

2165 770 2301 823 Θεοῦ
2365 773 2423 823 ὲν
2483 771 2560 841 τῷ
2636 771 2986 842 προκειμένῳ
3041 772 3401 843 προϐλήματι.
3469 773 3619 826 Ἐπεὶ
3679 775 3737 829 δέ

2168 863 2248 923 είς
2273 862 2361 915 τὸν
2400 864 2527 934 περὶ
2575 862 2787 931 φύσεως
2831 864 2994 916 τόπον
3027 863 3134 933 (56)
3177 865 3224 916 οἱ
3269 863 3736 934 ὑπολαμϐάνοντές

2166 968 2318 1016 τινας
2363 955 2426 1005 ἐκ
2471 954 2569 1022 τῆς
2617 953 2959 1024 κατασκευῆς
3017 955 3104 1006 ἐπ’
3149 953 3393 1026 ἀπωλείᾳ.
3437 955 3735 1024 γεγονέναι,

2174 1044 2267 1095 καὶ
2330 1043 2499 1096 ταῦτα
2565 1044 2807 1113 φέρουσι,
2871 1043 3116 1111 λέγοντες
3159 1043 3448 1114 δηλοῦσθαι
3501 1046 3530 1098 ὃ
3590 1045 3732 1100 διδά-

2167 1152 2354 1188 σκουσι
2390 1135 2475 1187 διὰ
2509 1135 2600 1188 τοῦ
2639 1155 2656 1185 ι
2696 1134 3055 1205 ἐσκληρύνθαι
3089 1136 3192 1188 ὑπὸ
3225 1137 3427 1206 Κυρίου
3464 1136 3563 1207 τὴν
3602 1155 3734 1210 καρ-

2165 1227 2283 1278 δίαν
2339 1225 2564 1297 Φαραὼ,
2597 1245 2615 1276 ι
2671 1226 2804 1297 φέρε
2841 1225 3012 1278 ταῦτα
3054 1225 3232 1278 αὐτῶν
3261 1224 3744 1297 πυνθανώμεθα”0

2165 1319 2251 1371 ἐπ’
2291 1318 2532 1388 ἀπωλείᾳ.
2570 1318 2824 1381 κτισθεὶς,
2866 1319 2964 1371 οὐκ
3011 1317 3077 1371 ἄν
3124 1335 3251 1370 ποτε
3283 1318 3508 1388 ποιῆσαί
3546 1337 3598 1372 τι
3629 1319 3735 1372 τῶν

2165 1411 2488 1481 κρειττόνων
2513 1409 2744 1474 δύναιτο,
2771 1411 2938 1480 αὐτῆς
2962 1409 3059 1479 τῆς
3093 1410 3504 1481 ἐνυπαρχούσης
3527 1411 3737 1480 φύσεως

2166 1501 2629 1571 ἀντιπραττούσης
2678 1499 2824 1570 αὐτῷ
2857 1501 2991 1570 πρὸς
3040 1499 3107 1552 τά
3145 1500 3302 1553 καλά.
3335 1501 3430 1563 Τίς
3464 1497 3555 1554 οῦν
3583 1502 3739 1572 χρεία

2164 1594 2255 1647 τὸν
2299 1594 2517 1666 Φαραὼ,
2568 1594 2858 1657 ἀπωλείας,
2909 1593 2983 1656 ὦς
3031 1610 3184 1662 φατε,
3219 1593 3330 1647 υἱὸν
3383 1595 3738 1664 τυγχάνοντα,

2174 1686 2571 1755 σκληρύνεσθαι
2619 1686 2721 1737 ὑπὸ
2754 1685 2847 1738 τοῦ
2884 1683 3040 1747 Θεοῦ,
3074 1685 3159 1737 ἵνα
3196 1686 3268 1754 μὴ
3305 1686 3598 1758 ἀποστείλῃ
3650 1688 3739 1739 τὸν

2167 1776 2326 1839 λαόν;
2364 1777 2424 1828 Ei
2458 1775 2567 1847 γὰρ
2593 1777 2665 1847 μὴ
2699 1775 3074 1847 ὲσκληρύνετο,
3106 1775 3418 1828 ἀπέστειλεν
3455 1777 3540 1830 ἄν.
3590 1778 3741 1830 Ἀπο-

2167 1867 2534 1938 κρινέσθωσαν
2569 1867 2633 1938 δὴ
2661 1867 2787 1937 περὶ
2823 1867 3010 1919 τούτου
3043 1866 3310 1934 λέγοντες,
3345 1869 3396 1920 τί
3425 1866 3490 1920 ἂν
3521 1868 3738 1938 ἐποίησε

2165 1955 2363 2025 Φαραὼ
2408 1957 2457 2007 εί
2513 1954 2586 2026 μὴ
2617 1955 2988 2026 ἐσκληρῦνθη;
3029 1957 3090 2008 Ei
3128 1957 3227 2026 μὲν
3271 1957 3380 2028 γὰρ
3412 1957 3616 2011 ἀπέλυε
3666 1961 3739 2031 μὴ

2168 2047 2537 2118 σκληρυνθεὶς,
2561 2048 2678 2117 οὐχὶ
2713 2047 2926 2116 φύσεως
2958 2047 3332 2119 ἀπολλυμένης
3361 2045 3446 2119 ἦν·
3485 2052 3532 2102 εί
3567 2050 3622 2102 δὲ
3667 2051 3739 2122 μὴ

2167 2135 2393 2196 ἀπέλυε,
2439 2135 2695 2206 περισσὸν
2743 2136 2802 2188 τὸ
2844 2135 3236 2207 σκληρύνεσθαι
3270 2137 3433 2189 αὐτοῦ
3487 2138 3582 2209 τὴν
3619 2155 3742 2209 καρ-

2167 2228 2303 2289 δίαν,
2341 2228 2540 2297 όμοίως
2571 2227 2677 2297 γὰρ
2702 2228 2800 2280 οὐκ
2833 2227 3029 2279 ἀπέλυε
3051 2228 3144 2280 καὶ
3176 2229 3248 2299 μὴ
3282 2229 3651 2298 σκληρυνθείς.
3677 2231 3742 2283 Τί

2167 2317 2224 2371 δὲ
2255 2318 2491 2389 ἐνεργῶν
2511 2321 2538 2372 6
2568 2319 2700 2381 Θεὸς
2735 2319 2862 2389 περὶ
2903 2320 2962 2372 τὸ
2993 2321 3316 2390 ἡγεμονικὸν
3351 2321 3513 2374 αὐτοῦ
3549 2323 3740 2393 ἐσκλή-

2171 2425 2328 2481 ρυνεν
2362 2410 2524 2462 αὐτόν
2545 2426 2558 2474 ;
2583 2411 2676 2462 καὶ
2707 2409 2822 2472 πῶς
2854 2410 3012 2463 αὑτὸν
3049 2413 3285 2463 αίτιᾶται
3324 2412 3518 2480 λέγων,
3550 2431 3568 2463 ι
3603 2412 3742 2466 Ἀνθ’

2170 2495 2246 2554 ὧν
2280 2500 2524 2563 ἀπειθεῖς
2579 2518 2689 2571 μοι,
2735 2501 2842 2554 ἰδοὺ
2878 2500 2986 2569 ἐγὼ
3015 2502 3294 2555 ἀποκτενῶ
3329 2503 3395 2556 τὰ
3431 2504 3746 2576 πρωτότοκά

2172 2615 2287 2660 σου,
2321 2597 2414 2648 καὶ
2456 2594 2752 2664 γνώσονται
2783 2597 2912 2667 γὰρ,
2956 2597 3108 2667 φησὶ,
3146 2583 3342 2660 πάντες
3383 2599 3431 2650 oi
3466 2597 3746 2665 Αίγύπτιοι

2169 2688 2250 2739 ὅτι
2309 2686 2419 2754 ἐγὼ
2449 2687 2506 2740 δέ
2535 2689 2648 2758 εἰμι
2681 2686 2901 2757 Κύριος·
2945 2705 2964 2738 ι
3001 2687 3075 2751 ὼς
3107 2688 3190 2741 διὰ
3222 2687 3376 2740 τοῦτο
3409 2689 3514 2741 τῶν
3540 2690 3749 2760 νομιζο-

2175 2779 2346 2849 μένων
2375 2778 2621 2848 χαλεπῶν
2655 2779 3008 2849 ἐπαγομένων
3053 2780 3260 2842 αὑτοῖς,
3313 2780 3398 2832 ἵνα
3433 2781 3599 2848 γνῶσι
3656 2781 3748 2835 τὸν

2175 2869 2328 2922 Θεόν.
2372 2869 2460 2921 Ἐν
2479 2868 2536 2921 δὲ
2568 2872 2679 2931 τοῖς
2709 2870 3123 2933 Μακκαὸαἴκοῖς
3153 2870 3393 2924 τοιοῦτόν
3427 2890 3479 2925 τι
3513 2872 3746 2942 λέγεταιο

2181 2979 2198 3009 ι
2237 2959 2545 3030 Παρακαλῶ
2577 2962 2702 3024 τοὺς
2747 2961 3168 3032 ἐντυγχάνοντας
3196 2961 3321 3031 τῇδε
3362 2965 3425 3033 τῇ
3467 2961 3650 3034 βίϐλῳ,
3673 2965 3749 3037 μὴ

503 3070 613 3114 tale
664 3059 913 3127 p0pulu‘m
976 3072 1132 3110 suum
1183 3053 1439 3108 erudiens
1483 3069 1587 3106 non
1630 3053 1901 3120 relinquit.
1942 3070 1960 3103 ι
2014 3050 2070 3105 Si

2177 3057 2555 3111 συστέλλεσθαι
2582 3058 2667 3111 διὰ
2694 3059 2789 3122 τὰς
2823 3058 3129 3130 συμφορὰς,
3155 3057 3392 3126 νομίζειν
3417 3059 3472 3110 δὲ
3495 3058 3563 3111 τά
3602 3059 3751 3126 γινό-

501 3155 644 3205 enim
677 3154 728 3206 in
771 3165 955 3218 ptenas
989 3158 1209 3218 propter
1239 3156 1454 3215 peccata
1498 3146 1740 3200 incidere
1774 3145 1947 3214 magni
1991 3155 2074 3198 est

512 3245 758 3300 beneﬁcii
792 3251 1185 3311 argumentum,
1217 3239 1429 3292 Pharao
1461 3254 1698 3307 quoque,
1730 3238 1821 3306 qui
1855 3247 1968 3305 post
1996 3238 2075 3290 in-

502 3340 752 3389 duratum
816 3351 910 3388 cur
943 3349 1100 3387 suum
1156 3330 1472 3398 objurgalur
1506 3339 1558 3383 et
1587 3345 1689 3382 una
1719 3345 1841 3382 cum
1881 3327 2075 3396 populo

504 3446 601 3482 suo
630 3428 869 3497 punitur,
899 3426 1015 3478 vide
1047 3439 1172 3476 num
1195 3423 1360 3488 juste,
1387 3430 1546 3488 atque
1575 3420 1643 3472 ob
1677 3420 1952 3491 proprium
1985 3421 2074 3472 de-

505 3521 689 3574 lictum
721 3519 1052 3585 vituperetur
1078 3525 1131 3569 et
1164 3515 1442 3583 puniatur.
1481 3511 1646 3564 David
1681 3522 1884 3574 autem,
1919 3519 2076 3578 prout

504 3623 713 3678 tempus
754 3609 1031 3676 pescehat,
1071 3605 1162 3658 Dei
1197 3605 1375 3657 factus
1407 3603 1676 3665 imitator,
1713 3602 1776 3654 de
1805 3599 1940 3653 Joab
1974 3599 2076 3653 Sa-

505 3702 702 3756 lomoni
753 3701 971 3754 mandat
1003 3697 1078 3750 uti
1113 3713 1236 3751 eum
1284 3704 1505 3767 propter
1535 3694 1733 3747 ccedam
1764 3692 1949 3746 Abner
1982 3692 2076 3746 ﬁlii

506 3792 612 3846 Ner
630 3800 682 3844 et
708 3802 922 3860 propter
937 3789 1132 3843 delicta
1156 3787 1464 3841 interﬁciat.
1487 3783 1688 3839 Deinde
1711 3781 2072 3851 subiungit":

509 3905 526 3936 ι
560 3885 622 3938 Et
654 3884 888 3938 deduces
917 3895 1082 3933 canos
1123 3877 1238 3944 ejus
1265 3879 1317 3930 in
1365 3891 1495 3944 pace
1531 3875 1594 3926 ad
1634 3873 1854 3926 inferos.
1890 3892 1907 3924 ι
1945 3873 2075 3925 Per-

506 3979 750 4045 spicuum
811 3988 938 4026 vero
985 3983 1085 4035 est,
1143 3983 1199 4024 ut
1246 3967 1404 4022 nobis
1443 3965 1698 4019 Hebraeus
1731 3965 2074 4029 renuntiavit,

505 4085 654 4132 cuin,
700 4065 840 4136 quod
888 4064 1046 4116 fuerit
1095 4062 1417 4129 castigatus,
1451 4059 1503 4110 in
1534 4069 1663 4124 pace
1693 4054 2074 4116 dormiturum,

508 4174 613 4212 non
658 4156 769 4223 jam
817 4152 994 4206 dehita
1028 4151 1103 4204 illi
1156 4163 1313 4218 paena
1364 4156 1418 4200 et
1453 4153 1745 4205 tormento,
1797 4152 2077 4212 propterea

505 4249 648 4318 quod
675 4245 728 4300 id
767 4243 876 4314 jam
913 4241 1235 4309 susceperit,
1284 4247 1570 4306 postquam
1597 4249 1664 4290 ex
1704 4235 1808 4289 hac
1841 4233 1948 4286 vita
1979 4233 2080 4286 dis-

507 4338 754 4394 cesserit.
785 4337 873 4389 Sic
898 4335 1062 4388 etiam
1096 4346 1190 4384 nos
1225 4330 1396 4382 minas
1429 4341 1616 4380 omnes
1654 4324 1953 4394 accipimus
2011 4338 2078 4376 ex

2179 3167 2312 3219 μενα
2354 3149 2426 3219 μὴ
2460 3150 2594 3219 πρός
2627 3148 2865 3219 ὄλεθρον,
2911 3148 3045 3201 ἀλλά
3080 3147 3212 3218 πρὸς
3259 3147 3506 3201 παιδείαν
3537 3148 3630 3201 τοῦ
3660 3149 3752 3217 γέ-

2175 3255 2297 3299 νους
2326 3235 2479 3307 ἡμῶν
2509 3233 2665 3291 εἶναι·
2703 3237 2795 3289 καὶ
2826 3237 2933 3308 γὰρ
2965 3237 3025 3288 τὸ
3051 3237 3122 3306 μὴ
3144 3236 3306 3288 πολὺν
3340 3237 3528 3306 χρόνον
3558 3236 3751 3290 ἐᾶσθαι

2179 3325 2594 3389 δυσσεϐοῦντας,
2645 3326 2759 3379 ἀλλ’
2817 3325 3018 3388 εὐθέως
3055 3326 3402 3396 περιπίπτειν
3437 3327 3750 3395 ἐπιτιμίοις,

2149 3417 2420 3486 ⁴μεγόιλης
2466 3414 2780 3486 εὐεργεσίας
2811 3415 2925 3468 ἐστὶ
2974 3417 3216 3485 σημεῖονο
3255 3416 3315 3467 οὐ
3346 3415 3454 3486 γὰρ
3503 3415 3748 3485 καθάπερ

2178 3507 2269 3559 ἐπὶ
2294 3507 2399 3559 τῶν
2438 3505 2611 3559 ἄλλων
2627 3505 2794 3558 ἐθνῶν
2819 3505 3075 3575 ἀναμένει
3107 3504 3472 3576 μακροθυμῶν
3504 3508 3530 3558 6
3549 3509 3614 3559 Δε
3625 3505 3753 3559 σπό-

2177 3613 2295 3667 της,
2325 3595 2401 3659 ὡς
2431 3599 2510 3660 είς
2546 3597 2697 3658 τέλος
2736 3596 3039 3665 ἀφειμένων
3059 3596 3181 3665 ,(57)
3239 3595 3414 3648 αὐτῶν
3444 3595 3551 3648 τῶν
3578 3597 3754 3667 ἀμαρ-

2175 3689 2458 3759 τημάτων,
2481 3688 2700 3759 ὕστερον
2732 3689 2926 3748 αὐτοὺς
2961 3688 3170 3758 ἐκδικῇ·
3209 3686 3351 3739 οὕτω
3385 3688 3474 3740 καὶ
3507 3688 3592 3755 ἐφ’
3622 3689 3752 3756 ἡμῖν

2178 3782 2380 3853 ἔκρινε,
2409 3781 2672 3834 παιδεύων
2694 3780 2746 3832 δέ
2771 3779 2905 3848 μετά
2922 3780 3220 3849 συμφορᾶς,
3257 3781 3355 3832 οὐκ
3374 3778 3752 3847 ἐγκαταλείπει

2176 3875 2269 3926 τὸν
2303 3873 2492 3926 ἐαυτοῦ
2543 3873 2686 3926 λαόν.
2740 3891 2757 3921 ι
2792 3873 2853 3924 Ei
2884 3870 2992 3941 γὰρ
3025 3871 3085 3922 τὸ
3114 3871 3427 3923 ἐπιπίπτειν
3458 3871 3751 3940 ἐπιτιμίοις

2177 3963 2266 4018 διὰ
2309 3966 2376 4018 τὰ
2424 3965 2815 4035 ἁμαρτήματα,
2861 3962 3100 4032 μεγάλης
3151 3961 3468 4033 εὐεργεσίας
3511 3962 3628 4017 ἐστὶ
3659 3980 3754 4032 ση-

2182 4053 2352 4123 μεῖον,
2382 4052 2781 4123 ἐπιτιμώμενος
2815 4050 2906 4103 καὶ
2931 4052 2959 4102 6
2983 4048 3178 4122 Φαραὼ
3203 4052 3340 4120 μετά
3367 4053 3426 4105 τὸ
3458 4053 3753 4124 ἐσκληρύν-

2180 4141 2270 4196 θαι
2293 4142 2456 4195 αὐτοῦ
2486 4141 2582 4212 τὴν
2616 4140 2860 4211 καρδίαν,
2886 4139 2980 4192 καὶ
3013 4137 3372 4209 κολαζόμενος
3411 4141 3529 4210 ἅμα
3545 4141 3622 4212 τῷ
3643 4140 3754 4210 λαῷ

2181 4233 2365 4298 αὐτοῦ,
2393 4234 2495 4304 δρα
2523 4235 2570 4286 εί
2598 4232 2672 4303 μὴ
2699 4232 2758 4284 οὑ
2781 4233 2953 4302 μάτην
2974 4231 3369 4301 ἐπιτετίμηται,
3397 4233 3532 4303 μηδέ
3561 4234 3651 4286 ἐπὶ
3679 4232 3753 4303 τῷ

2186 4323 2298 4396 ίδίῳ
2345 4324 2498 4394 κακῷ
2537 4323 2666 4392 (58).
2717 4321 2979 4375 Οἰονεὶδέ
3022 4321 3156 4375 Θεοῦ
3190 4323 3430 4394 μιμητὴς
3473 4324 3752 4395 γινόμενος

506 4431 677 4485 sacris
705 4425 1023 4495 Scripturis,
1055 4432 1108 4477 et
1135 4437 1200 4474 ex
1238 4420 1286 4472 vi
1321 4432 1384 4471 ae
1413 4416 1727 4487 Operatione
1758 4413 2070 4484 magnitudi-

2189 4415 2328 4468 κατά
2367 4414 2426 4466 τὸ
2455 4412 2739 4467 ἐπιϐάλλον
2768 4415 2878 4475 τοῖς
2931 4413 3138 4481 καιροῖς
3170 4413 3198 4464 6
3226 4407 3406 4476 Δαυῒδ,
3453 4412 3747 4466 ἐντέλλεται

578 4601 624 4631 τ’
651 4599 691 4653 ll
726 4597 890 4651 illaec.
921 4611 992 4660 Vl,
1047 4593 1108 4645 l2
1151 4602 1202 4644 et
1235 4604 1350 4658 seq.
1437 4589 1481 4619 ⁷³
1518 4587 1578 4640 Ill
1623 4586 1753 4656 Reg.
1798 4603 1855 4650 ιι,
1889 4587 1939 4638 ii.

585 4768 692 4836 (35)
732 4764 936 4819 Philoc.
970 4779 1092 4826 ιω..
1119 4760 1518 4832 ὁμολογήσωσι.
1561 4755 1719 4810 Libb.
1753 4754 1905 4817 editi,
1947 4755 2076 4823 ὁμο-

501 4840 814 4908 λογὴσουσι.

581 4896 692 4978 (56)
730 4905 889 4978 Ἐπεί
916 4903 984 4956 δὲ
1013 4905 1099 4968 είς
1130 4899 1235 4954 τὸν
1271 4899 1404 4967 περὶ
1439 4897 1675 4976 φύσεως
1710 4896 1942 4978 τόποξιη
1970 4901 2076 4978 etc.

510 4961 880 5032 Va‘leultiniani
935 4961 1230 5040 eorumque
1273 4961 1642 5028 consectanei,
1686 4981 1832 5042 _cum_
1873 4961 2075 5042 triplex

511 5031 785 5104 hominum
818 5059 984 5115 genus
1011 5031 1333 5117 statuerent,
1368 5032 1772 5117 πνευματικῶν3
1807 5031 2076 5117 ψυχικῶν,

510 5132 563 5170 et
605 5105 940 5182 ὑλικῶνξεειιι
971 5110 1191 5183 χοῖκῶν,
1224 5105 1523 5178 postremos
1555 5106 1673 5160 illos
1706 5105 1770 5156 ad
1805 5105 2080 5183 interitum

509 5188 681 5242 fartus
707 5204 734 5237 ιι
768 5172 893 5244 Deo,
922 5172 1043 5236 Itoni
1065 5172 1356 5251 quidquam
1388 5193 1544 5251 agure
1570 5191 1672 5251 Mf)"
1707 5188 1862 5251 Ιξοδδθ
1893 5172 2080 5251 decf!"

511 5239 731 5310 nubant.
771 5239 898 5306 Vide
927 5267 1021 5304 nos
1061 5239 1125 5303 all
1156 5239 1448 5302 comment:
1479 5247 1533 5299 in
1582 5239 1769 5297 Matth.
1805 5257 1938 5302 xvtt,
1980 5239 2072 5301 21,

512 5337 562 5378 ct
598 5329 650 5379 in
677 5326 834 5378 Joun.
871 5337 943 5382 tv,
972 5321 1059 5381 46,
1099 5331 1226 5374 tom.
1271 5332 1426 5380 xvttt,
1455 5324 1507 5368 et
1548 5313 1601 5365 in
1628 5313 1790 5367 Joan.
1827 5326 1940 5371 vttt,
1987 5310 2076 5382 il,

515 5378 647 5451 tum.
680 5411 814 5448 xxii.
849 5378 1123 5446 \iidemlus
1161 5404 1374 5456 quoque
1416 5378 1680 5458 Origenes
1710 5392 1948 5458 _tom,_nt
1995 5378 2067 5458 De

513 5466 805 5533 principiis,
836 5479 951 5530 cap.
996 5461 1042 5521 ι,
1066 5451 1536 5533 -ιιίί--ιιιιιῇιὶιιιιίὶξιιῖ
1557 5453 1668 5533 fet'e
1710 5453 1794 5533 liie
1825 5451 2069 5533 disserit,

513 5517 861 5587 i-nnlitientut‘
901 5517 930 5586 ἐ
971 5517 1040 5600 et
1066 5517 1252 5600 humil.
1295 5529 1326 5580 6
1357 5529 1419 5600 in_
1447 5517 1698 5584 Exml.,et
1729 5520 1914 5600 Ιιοιιιὶί⁸
1952 5517 1987 5570 ‘2
2017 5518 2070 5570 in

513 5600 736 5666 Jerem.,
799 5602 886 5656 ubi
938 5599 1147 5653 Manent
1205 5596 1454 5668 Origcnis
1496 5606 1654 5668 (eluit:
1705 5596 2068 5668 [itislcritifﬁlll

516 5658 800 5747 ιιισιιιιίίιεὶ
847 5671 978 5728 ΙίιΙει)
1023 5667 1399 5723 Genelirardus
1440 5663 1789 5721 existimaxit,
1823 5670 1874 5711 et
1921 5658 2014 5711 lib.
2055 5671 2068 5708 l

2188 4749 2326 4819 Περὶ
2353 4745 2577 4819 ἀρχῶν,
2614 4759 2733 4811 cap.
2761 4744 2866 4819 ﬁet
2894 4741 2947 4804 8,
2980 4750 3031 4799 et
3063 4740 3152 4792 lib.
3193 4751 3379 4819 lLCE‘p.
3418 4735 3752 4819 5,‘e.t‘tra_ct.

2185 4803 2345 4874 337a
2389 4803 2610 4876 iram,
2659 4803 2712 4867 εἰ
2761 4813 2856 4866 lib.
2907 4826 2935 4859 ν
2982 4821 3163 4862 contra
3215 4803 3442 4876 Celsum.
3483 4803 3752 4876 Videndus

2186 4891 2314 4944 item
2355 4875 2605 4942 Irena‘ns
2634 4883 2727 4936 lib.
2769 4898 2808 4946 ι,
2837 4895 2958 4948 cap.
2997 4880 3017 4931 l
3051 4895 3064 4943 ;
3114 4887 3166 4930 et
3215 4875 3742 4948 Tertullianitsmdv.

2199 4941 2490 5019 l’aientin.,
2526 4964 2577 5008 et
2610 4941 2941 5025 Epiphanius
2968 4941 3168 5025 nam.
3187 4961 3338 5025 xxx-1.,
3361 4943 3562 5025 eam-7..
3584 4941 3753 5023 Porro

2187 5030 2241 5084 in
2269 5045 2388 5083 eam
2411 5014 2668 5079 videntur
2700 5014 2898 5074 inducti
2943 5019 3262 5072 sententiam
3293 5014 3754 5084 Valentiniauiex

2190 5081 2509 5158 ii'tlmngm,
2547 5095 2601 5152 9.
2636 5093 2722 5150 -l0,
2749 5102 2805 5143 et
2836 5093 2848 5140 l
2877 5088 3035 5141 Joan.
3064 5103 3122 5158 ν,
3154 5087 3207 5145 4.
3239 5086 3342 5158 418,
3389 5092 3446 5136 et
3483 5081 3634 5136 Iudae
3667 5081 3751 5136 l9.

2189 5155 2551 5223 Prtel-useraut
2579 5162 2710 5226 Ipsis
2737 5160 2900 5235 Stpici
2955 5156 3130 5235 simile
3161 5155 3756 5235 quitl_propugnatt‘tes;

2189 5219 2662 5306 qt'tosuelegant'er
2691 5229 2937 5285 confutat
2978 5219 3250 5282 Cicero-in
3295 5219 3434 5277 libro
3486 5219 3558 5274 De
3591 5219 3754 5274 Fato.

2191 5308 2572 5447 llqgglishiss.’
2749 5370 2828 5447 εἷς
2883 5365 3036 5447 τέγος
3089 5362 3419 5434 ἀφειμένων.
3459 5357 3754 5412 Philocalia

2184 5436 2454 5514 earinis;
2485 5436 3127 5514 ειςτέλρς.ἀφιεμένωγτ.
3504 5497 3518 5514 .
3569 5495 3599 5514 .

2256 5494 2649 5597 ξεξὺιιὶέζξτῷ
2685 5494 2798 5579 trita
2825 5494 3008 5576 κακῷ.
3048 5500 3238 5563 Libelli
3279 5499 3434 5567 editi,
3459 5495 3608 5571 αὐτῷ
3640 5494 3757 5567 ἰδίῳ

2181 5604 2360 5657 κακῳ.
