4122 6248
449 318 554 373 269

1859 315 1926 371 ΙΝ
1959 313 2269 372 ΕΧΟῡυΜ.

3585 311 3688 365 270

452 431 584 500 περὶ
612 428 706 482 τοῦ
752 428 906 482 Ἰωὲιϐ
933 429 1026 500 ’τῷ
1054 429 1363 499 Σολομῶντι
1390 430 1612 485 κολάσαι
1646 431 1804 484 αὐτὸν
1836 430 1922 486 διὰ
1959 432 2026 484 τὰ

2131 431 2238 494 nis,
2262 425 2420 498 115.
2447 435 2498 481 ct
2522 426 2710 481 ordine
2730 423 3060 495 Opiliciorum
3088 427 3200 492 Dei,
3227 427 3319 496 qui
3340 427 3688 494 aspectabilia

451 523 819 594 ἡμαρτημένα
853 523 930 585 εἰς
973 522 1217 593 Ἀϐενὴρ,
1254 522 1368 575 υἱὸν
1413 522 1553 596 Νὴρ,
1585 522 1678 576 καὶ
1711 523 2025 576 ἀποκτεῖναι

454 613 545 666 διὰ
567 613 636 665 τὰ
654 613 1004 681 ἐπταισμένα,
1035 609 1152 667 εἶτα
1175 614 1445 685 ἐπιφέρειο
1471 635 1487 664 ι
1512 614 1621 666 Καὶ
1647 614 1900 679 κατάξεις
1919 615 2025 687 ('59)

458 701 624 757 αὑτοῦ
647 702 738 771 τὴν
771 702 952 756 πολιὰν
985 707 1041 756 ἐν
1072 705 1262 774 εἰρήνῃ
1298 707 1378 768 είς
1395 705 1538 774 ᾅδου.
1583 726 1600 755 ι
1635 706 1804 775 Δῆλον
1835 706 1890 759 δὲ
1922 707 2024 771 ὅτι,

461 793 536 854 ὼς
572 792 660 844 καὶ
689 797 717 844 ό
763 792 1005 862 Ἐϐραῖος
1035 796 1167 864 ἡμῖν
1184 795 1507 864 ἀπήγγειλε,
1545 797 1603 849 τὸ
1632 797 1718 850 διὰ
1739 796 1831 850 τοῦ
1866 797 2026 850 κολα-

464 883 650 952 σθῆναι
669 883 826 936 αὐτὸν
855 887 912 937 ἐν
942 887 1131 958 είρήνῃ
1167 887 1619 958 κοιμηθήσεσθαι,
1648 891 1746 940 οὐκ
1779 888 1857 941 ἔτι
1877 889 2026 959 ὀφει-

459 969 688 1042 ὶομένης
718 972 864 1042 αὐτῷ
901 973 1173 1037 κολάσεως
1210 975 1304 1028 καὶ
1340 975 1592 1044 βασάνου,
1627 976 1715 1028 διὰ
1747 977 1807 1028 τὸ
1847 976 2028 1029 ἐντεῦ-

459 1061 546 1116 θεν
577 1063 676 1133 ἤδη
712 1065 1066 1133 ἀπειληφέναι
1099 1067 1279 1127 αὑτὸν,
1318 1065 1454 1135 μετὰ
1476 1067 1573 1137 τὴν
1595 1067 1840 1120 ἐντεῦθεν
1860 1067 2029 1119 ἀπαλ-

456 1152 646 1223 λαγήν.
681 1154 834 1206 Οὕτω
857 1155 901 1208 δ’
924 1158 1082 1226 ἡμεῖς
1102 1157 1195 1210 καὶ
1232 1158 1409 1211 πᾶσαν
1440 1159 1687 1228 ἀπειλὴν,
1714 1159 1820 1212 ἀπό
1837 1176 1895 1212 τε
1922 1158 2028 1211 τῶν

461 1246 620 1317 ἱερῶν
665 1247 914 1318 Γραφῶν,
946 1249 1040 1302 καὶ
1073 1251 1179 1301 ἀπὸ
1211 1250 1307 1319 τῆς
1350 1251 1626 1318 ἐνεργείας
1670 1251 1767 1319 τῆς
1796 1250 1933 1303 κατὰ
1971 1248 2032 1301 τὸ

461 1336 708 1407 μέγεθος,
745 1339 837 1391 καὶ
863 1339 1068 1403 τάξεως
1087 1340 1192 1392 τῶν
1208 1339 1270 1409 δη
1281 1357 1509 1410 μιουργη
1519 1342 1702 1409 μάτων
1729 1341 2031 1410 παραδεχό-

460 1427 597 1495 μεθα
623 1426 756 1480 Θεοῦ
791 1427 884 1480 τοῦ
915 1428 1198 1488 κτίσαντος
1245 1427 1311 1478 τά
1357 1426 1683 1495 βλεπόμενα,
1718 1427 1810 1477 καὶ
1835 1425 1922 1478 ’τὰ
1960 1424 2032 1495 μὴ

459 1515 783 1587 βλεπόμενα,
835 1516 904 1568 τά
954 1517 1282 1585 πρόσκαιρα,
1331 1515 1424 1566 καὶ
1456 1515 1524 1566 τὰ
1557 1515 1768 1578 αἰώνια,
1809 1516 1882 1578 ὡς
1917 1515 2035 1578 ἑνὸς

455 1606 606 1670 ὄντος
636 1609 731 1660 καὶ
755 1607 848 1659 τοῦ
867 1606 1031 1657 αὐτοῦ
1061 1605 1200 1657 κατὰ
1229 1606 1402 1657 πάντα
1423 1604 1498 1674 τῷ
1513 1606 1692 1675 Πατρὶ
1715 1607 1805 1660 τοῦ
1830 1607 2030 1677 Κυρίου

457 1699 551 1750 καὶ
586 1698 833 1766 Σωτῆρος
858 1697 891 1763 ἡ
902 1694 1017 1765 μῶν
1045 1693 1252 1764 ἀγαθῷ,
1275 1695 1366 1747 καὶ
1398 1695 1607 1764 δικαίῳ,
1633 1695 1724 1748 καὶ
1742 1695 1904 1765 σοφῷ,
1938 1696 2030 1748 καὶ

2128 529 2182 573 et
2215 533 2331 586 quae
2362 533 2468 571 non
2499 516 2748 570 videntur
2790 515 3067 580 condidit;
3101 520 3418 587 temporaria
3451 521 3580 574 item
3636 531 3691 574 et

2126 614 2358 668 acterna;
2393 614 2450 658 ut
2500 604 2590 674 qui
2639 620 2775 658 unus
2816 613 2869 657 et
2907 603 3047 657 idem
3077 605 3146 657 sit
3181 607 3231 657 in
3274 607 3543 670 omnibus.
3597 609 3690 678 qui

2127 695 2287 752 Pater
2318 696 2524 749 Domini
2559 704 2612 748 et
2648 693 2953 749 Servatoris
2985 695 3151 748 nostri
3184 695 3376 758 bonus,
3412 708 3462 750 et
3490 697 3690 765 justus,

2128 798 2182 843 et
2207 788 2450 856 sapiens;
2477 796 2530 839 et
2571 787 2637 838 ad
2677 801 2796 837 eum
2829 799 3048 853 scopum
3078 785 3386 852 Scripturas
3428 786 3693 842 deducere

2129 879 2372 942 nitimur,
2408 887 2461 930 ut
2510 878 2863 931 ostendamus
2906 877 3086 930 omnia
3142 891 3264 929 esse
3310 876 3434 931 boni
3480 878 3593 943 Dei,
3643 890 3693 932 et

2123 969 2277 1036 justi,
2311 976 2362 1021 et
2392 966 2669 1033 sapientis,
2700 979 2798 1018 nec
2831 965 2882 1017 in
2919 965 3370 1033 minimaquidem
3409 980 3486 1024 re.
3525 977 3697 1020 attenr

2134 1061 2268 1111 tisct
2307 1057 2659 1124 prudentibus
2692 1071 2880 1108 errare
2925 1055 3226 1112 videamur.
3265 1056 3346 1108 Ad
3387 1055 3438 1109 id
3494 1066 3697 1124 autem,

2131 1157 2188 1202 ut
2217 1150 2332 1218 ejus
2354 1145 2841 1212 bouit.ati,justiti:e
2861 1155 2916 1199 et
2955 1147 3253 1214 sapientize,
3284 1147 3698 1213 quaidicuntur,

2132 1247 2454 1305 congruant,
2489 1238 2596 1290 Deo
2625 1239 2914 1290 Servatore
2954 1251 3089 1304 opus
3126 1236 3406 1289 habemus.
3443 1236 3568 1292 Haec
3608 1238 3704 1306 igi-

2135 1336 2222 1381 tur
2265 1330 2329 1383 de
2377 1329 2444 1382 iis
2495 1327 2718 1382 verbis:
2756 1344 2773 1378 ι
2808 1327 3084 1380 induravit
3133 1326 3388 1381 Dominus
3427 1329 3566 1382 Deus
3606 1343 3702 1382 cor

2134 1418 2454 1482 Pharaonis,
2491 1438 2508 1470 ι
2546 1419 2940 1492 existimamus.
2977 1405 3215 1472 Medicus
3249 1427 3330 1472 cst
3359 1420 3552 1473 anima}
3579 1434 3700 1472 vcr-

2138 1511 2262 1564 luim
2307 1511 2421 1572 Dei,
2473 1510 2724 1564 remediis
2751 1511 2914 1563 variis
2949 1519 3000 1563 et
3027 1509 3316 1562 admodum
3369 1511 3701 1578 lcmpesmis

2136 1611 2184 1652 et
2213 1617 2331 1669 qua:
2364 1603 2582 1671 aegrotis
2631 1601 2861 1654 maxime
2904 1610 3227 1669 congruunt,
3260 1602 3464 1665 utitur;
3509 1601 3700 1653 horum

2135 1694 2232 1746 alia
2256 1695 2398 1762 plus,
2433 1695 2538 1748 alia
2563 1695 2740 1748 minus
2766 1693 2971 1747 laboris
2995 1702 3046 1746 et
3071 1693 3332 1747 molestia:
3360 1693 3425 1748 iis
3446 1692 3706 1767 afferunt.

458 1789 552 1842 ἐπὶ
579 1787 670 1839 τὸν
703 1786 903 1838 σκοπὸν
941 1787 1148 1837 ἐκεῖνον
1182 1785 1276 1847 τὰς
1315 1785 1352 1836 Γ
1357 1785 1530 1854 ραφάς
1563 1785 1714 1852 ἄγειν
1767 1787 2028 1854 ἀγωνιζό-

2131 1785 2220 1852 qui
2243 1793 2521 1838 curantur.
2547 1784 2781 1838 Rursum
2803 1784 3038 1838 remedia
3063 1783 3332 1837 interdum
3357 1785 3440 1837 dis
3458 1793 3704 1838 ~entance

467 1877 626 1947 μεθα,
662 1875 755 1926 τοῦ
792 1875 890 1944 μὲν
905 1874 1176 1928 δεικνύναι
1206 1874 1374 1926 πάντα
1398 1873 1603 1941 ἀγαθοῦ
1632 1873 1787 1939 Θεοῦ,
1818 1877 1912 1929 καὶ
1940 1894 2026 1929 σο-

465 1965 587 2032 φοῦ,
623 1966 716 2018 καὶ
749 1964 975 2026 δικαίου,
1021 1963 1139 2015 οὐδὲ
1175 1962 1310 2014 κατὰ
1343 1963 1404 2016 τὸ
1448 1965 1605 2033 τυχὸν
1641 1965 2028 2035 ὑπονοηθέντες

462 2052 529 2106 ἂν
560 2057 671 2117 τοῖς
700 2071 759 2122 γε
776 2053 898 2106 νοῦν
927 2054 1138 2122 ἔχουσιν
1155 2053 1498 2106 ἀποπίπτειν·
1528 2054 1667 2106 κατὰ
1694 2055 1749 2108 δὲ
1775 2056 1832 2107 τὸ
1863 2057 2029 2127 ἐφαρ-

378 2165 382 2167 ν
464 2144 672 2213 μύζειν,
708 2145 738 2214 ἦ
777 2145 872 2214 μὴ,
908 2147 972 2214 τῇ
1011 2143 1302 2214 ἀγαθότητι
1346 2144 1534 2206 αὐτοῦ,
1571 2147 1664 2198 καὶ
1697 2146 2027 2219 δικαιοσύνῃ,

459 2236 554 2288 καὶ
605 2237 763 2306 σοφίᾳ
816 2237 881 2288 τὰ
922 2236 1210 2305 λεγόμενα,
1261 2236 1396 2289 Θεοῦ
1466 2239 1709 2308 σωτῆρος
1764 2239 2025 2309 δεόμενοι.

457 2325 691 2380 Τοιαῦτα
728 2328 905 2379 τοίνυν
932 2327 1024 2378 καὶ
1050 2327 1176 2397 περὶ
1201 2327 1343 2380 τοῦ⁹ι
1400 2327 1592 2400 Ἐσκλὴ
1605 2346 1726 2400 ρυνε
1768 2329 1970 2401 Κύριος
2002 2330 2030 2381 ὁ

455 2417 586 2482 Θεὸς
609 2418 707 2488 τὴν
738 2418 964 2490 καρδίαν
994 2417 1212 2490 Φαραὼ,
1241 2439 1258 2470 ι
1295 2419 1643 2490 ὑπονοοῦμεν.
1686 2421 1886 2491 ’ἰατρός
1915 2421 2029 2473 ἐστι

455 2506 632 2576 ψυχῆς
665 2509 692 2559 ὁ
724 2506 877 2574 λόγος
912 2506 1006 2558 τοῦ
1040 2507 1196 2570 Θεοῦ,
1241 2507 1378 2570 ὁδοῖς
1424 2509 1716 2580 θεραπείας
1751 2507 2030 2579 χρώμενος

457 2597 874 2661 ποικιλωτάταις
906 2597 997 2650 καὶ
1030 2597 1315 2667 ἁρμοδίαις
1349 2597 1484 2667 πρὸς
1521 2600 1645 2662 τοὺς
1666 2599 1849 2663 κακῶς
1878 2598 2030 2669 ἔχον-

457 2708 554 2751 τας
579 2692 671 2742 καὶ
704 2689 1184 2761 ἐπικαιριωτάταις
1219 2688 1351 2755 (40)·
1374 2687 1483 2742 τῶν
1521 2690 1576 2742 δέ
1612 2691 1708 2760 τῆς
1741 2690 2031 2763 θεραπείας

458 2780 613 2842 ὁδῶν,
650 2783 708 2834 αἰ
742 2781 839 2851 μέν
873 2783 1008 2833 εἰσιν
1040 2781 1130 2832 ἐπει
1165 2780 1366 2844 πλεῖον,
1405 2783 1460 2832 αἱ
1489 2781 1545 2834 δὲ
1579 2782 1663 2834 ἐπ’
1688 2781 1905 2835 ἔλαττον
1937 2785 2032 2836 πό-

459 2890 581 2936 νους
611 2873 707 2925 καὶ
735 2871 1003 2941 βασάνους
1030 2872 1357 2942 ἐμποιοῦσαι
1386 2876 1498 2935 τοῖς
1529 2874 1608 2934 είς
1655 2871 1794 2926 ἴασιν
1828 2875 2030 2944 ἀγομέ-

459 2981 589 3027 νοις·
624 2963 781 3016 πάλιν
805 2963 851 3015 τ’
880 2960 945 3016 αὖ
983 2962 1318 3034 βοηθήματα,
1347 2960 1435 3015 ὁτὲ
1470 2965 1565 3033 μὲν
1588 2963 2032 3033 ἀπεμφαινόντως

457 3055 688 3124 γίνεται,
724 3054 812 3110 ὁτὲ
853 3055 906 3107 δὲ
937 3055 1033 3123 οὐχ
1063 3053 1234 3117 οὕτως
1266 3054 1400 3124 ἔχει,
1448 3056 1542 3107 καὶ
1575 3054 1730 3108 πάλιν
1760 3056 1941 3125 τάχιον
1995 3057 2026 3127 ἢ

2128 1891 2226 1930 nec
2267 1876 2619 1938 coharrcnter,
2685 1875 2974 1944 aliquando
3027 1889 3182 1928 secus
3240 1874 3397 1939 ﬁunt,
3427 1874 3700 1928 interdum

2078 2010 2084 2015 .
2130 1968 2357 2022 celerius
2411 1976 2506 2019 aut
2557 1966 2799 2031 tardius;
2849 1975 2903 2018 ct
2955 1974 3236 2033 postquam
3290 1967 3421 2031 :egri
3477 1973 3703 2034 peccato

2131 2057 2277 2110 velut
2310 2056 2544 2125 saginati
2576 2055 2804 2120 fuerint,
2839 2055 2922 2110 vel
2949 2065 3231 2125 postquam
3267 2055 3395 2108 illud
3419 2057 3704 2120 extremis,

2131 2155 2189 2200 ut
2239 2148 2309 2200 ita
2376 2147 2571 2208 dicam,
2619 2145 2786 2200 labris
2846 2146 3144 2215 attigerint.
3209 2144 3408 2198 llorum
3462 2145 3703 2198 oumium

2132 2237 2456 2292 testimoniis
2481 2237 2636 2304 plena
2680 2246 2765 2290 est
2809 2237 2989 2290 divina
3024 2235 3330 2304 Scriptura,
3379 2251 3498 2289 cum
3545 2251 3688 2304 aspe-

2132 2328 2274 2381 riora
2302 2327 2586 2380 duriorave
2617 2327 2854 2380 remedia
2894 2325 3014 2394 plus
3055 2326 3297 2378 minusve
3326 2325 3522 2393 p0pulo
3553 2325 3708 2378 adhi-

2130 2415 2239 2470 bita
2270 2416 2322 2469 in
2355 2415 2653 2484 Scripturis
2682 2415 3223 2485 legantur,'quacque
3263 2417 3337 2470 illi
3366 2420 3431 2471 ad
3474 2433 3703 2474 coiiver-

2131 2505 2338 2559 sionem
2371 2515 2424 2559 et
2449 2507 2886 2560 emendationem
2913 2507 3293 2575 contigerunt;
3335 2508 3384 2560 in
3411 2507 3563 2563 bellis
3588 2527 3705 2563 ma-

2141 2595 2369 2664 joribus,
2402 2596 2487 2649 vel
2539 2596 2866 2661 minoribus;
2918 2593 3060 2650 fame
3089 2595 3436 2665 diuturniori,
3475 2598 3556 2653 vel
3603 2602 3709 2654 mi-

2133 2703 2232 2741 nus
2268 2686 2494 2744 diutina.
2551 2687 2619 2740 At
2650 2687 3017 2751 dissentanee,
3057 2695 3166 2740 tum
3213 2699 3362 2756 puta,
3402 2705 3524 2743 cum
3566 2691 3706 2749 dicio~

2133 2781 2320 2836 tur":
2355 2800 2373 2833 ι
2415 2781 2528 2835 Non
2590 2782 2867 2835 advertam
2922 2783 2988 2836 ad
3040 2782 3176 2835 ﬁlias
3228 2793 3434 2838 vestras
3487 2800 3606 2838 cum
3647 2802 3706 2840 sc

2133 2874 2480 2938 prostituerit,
2536 2880 2590 2925 et
2640 2871 2705 2924 ad
2752 2871 3012 2940 conjuges
3053 2883 3260 2926 vestras
3287 2890 3407 2927 cum
3435 2876 3706 2931 adultera-

2133 2964 2354 3016 buntur.
2393 2982 2410 3015 ι
2453 2964 2725 3019 Fortassis
2753 2965 2894 3016 enim
2922 2967 3133 3017 animas
3172 2979 3289 3032 quae
3316 2979 3600 3034 corporea,
3652 2979 3706 3021 ct

2133 3069 2252 3122 quae
2281 3055 2518 3123 jucunda
2550 3071 2670 3110 esse
2701 3065 2982 3124 putantur.
3027 3055 3248 3108 multtnu
3303 3068 3590 3125 expetunt,
3623 3073 3709 3112 re-

461 3146 696 3219 βράδιον·
725 3147 818 3198 καὶ
848 3146 984 3216 μετὰ
1023 3146 1082 3198 τὸ
1119 3145 1496 3216 ἐμφορηθῆναι
1534 3146 1634 3214 τῆς
1656 3147 1950 3218 ἁμαρτίας,
1997 3148 2028 3217 ἢ

2143 3143 2358 3212 linquit.
2397 3147 2565 3199 donec
2594 3147 2866 3210 satietate,
2895 3161 3015 3214 qua:
3055 3146 3286 3199 maxime
3311 3158 3588 3216 appetunt,
3613 3147 3708 3202 ab-

462 3238 600 3308 μετὰ
635 3237 714 3299 τὸ,
742 3237 1154 3307 ὥσπερβίπεῖν,
1194 3237 1350 3305 μόνον
1384 3236 1620 3305 ἅψασθαι
1653 3237 1841 3305 αὐτῆς.
1877 3240 2032 3308 Μαρ-

458 3330 656 3401 τυριῶν
670 3330 724 3382 δὲ
744 3329 849 3382 τῶν
877 3331 954 3390 εἰς
977 3328 1206 3380 ἕκαστον
1230 3327 1441 3397 πλήρης
1467 3329 1658 3397 πᾶσαή
1683 3327 2032 3391 θεόπνευστος

457 3423 671 3495 Γραφὴ,
728 3421 1190 3492 σκυθρωποτέρων)
1251 3419 1605 3490 βοηθημάτων
1642 3422 1732 3472 ἐπὶ
1773 3420 1954 3472 πλεῖον
1997 3421 2028 3491 ἢ

457 3512 674 3566 ἔλαττον
695 3509 1196 3580 ἀναγεγραμμένων
1215 3509 1495 3576 γεγονέναι
1517 3509 1593 3578 τῷ
1626 3508 1758 3578 λαῷ,
1782 3509 1873 3561 καὶ
1903 3527 1965 3560 συ
1975 3527 2035 3579 μ-

458 3601 751 3672 ϐεϐηκέναι
789 3600 937 3668 αῦτῷ
983 3601 1123 3668 ὑπὲρ
1161 3600 1496 3669 ἐπιστροφῆς
1538 3601 1630 3651 καὶ
1673 3599 2024 3669 διορθώσεως

458 3696 517 3748 ἐν
549 3691 802 3760 πολέμοις
840 3688 1125 3758 μείζοσινῆ
1149 3689 1410 3753 ἐλάττοσι,
1445 3689 1538 3740 καὶ
1576 3686 1750 3757 λιμοῖς
1773 3688 2031 3759 πολυχρο-

455 3781 754 3852 νιωτέροις,
791 3781 823 3850 ἢ
859 3779 1405 3850 ὀλιγοχρονιωτέροις.
1456 3779 1928 3849 Ἀπεμφαινόντως
1976 3779 2032 3831 δὲ

459 3875 515 3926 ἐν
545 3871 639 3942 eq»
683 3891 700 3922 ι
743 3872 857 3924 Οὐκ
901 3870 1266 3940 ἐπισκέψομαι
1297 3871 1388 3922 ἐπί
1421 3870 1518 3932 τὰς
1552 3869 1853 3940 θυγατέρας
1883 3870 2035 3940 ὑμῶν

458 3965 582 4016 ὅταν
616 3963 936 4033 πορνεύωσι,
972 3963 1066 4014 καὶ
1092 3962 1183 4014 ἐπὶ
1208 3961 1305 4023 τάς
1331 3960 1543 4030 νύμφας
1574 3961 1725 4031 ὑμῶν
1752 3962 1876 4013 ὅταν
1914 3979 2032 4032 μοι-

459 4053 674 4124 χεύωσι.
718 4075 735 4107 ι
779 4055 930 4123 Τάχα
965 4054 1072 4123 γάρ
1103 4053 1195 4104 ἐπὶ
1237 4052 1416 4106 πλεῖον
1449 4053 1751 4122 άφιεμένας
1785 4053 1895 4122 (il)
1934 4053 2035 4122 ψυ-

459 4145 556 4214 χὰς
607 4144 714 4196 τῶν
757 4143 1086 4214 σωματικῶν
1141 4143 1233 4195 καὶ
1280 4142 1450 4211 ἡδέων
1502 4137 1636 4193 εῖναι
1663 4139 2032 4210 νομιζομένων

461 4239 586 4307 παρ’
611 4237 820 4298 ἑαυτοῖς
849 4233 1246 4300 ἐγκαταλείπει·
1272 4232 1376 4294 ἓως
1407 4231 1745 4302 κορεσθεῖσαι
1769 4231 2032 4298 ἀποστρα-

459 4328 599 4396 φῶσι
621 4326 724 4379 τῶν
753 4319 826 4378 ὧν
855 4326 1155 4395 ὀρέγονται,
1191 4326 1352 4376 οἱονεὶ
1387 4324 1478 4375 καὶ
1513 4323 1711 4393 ἐμέσαι
1733 4321 1871 4374 αὐτὰ
1908 4320 2032 4389 βου-

2128 3237 2380 3304 jecerint,
2407 3237 2560 3305 quasi
2590 3251 2650 3289 ca
2692 3239 2858 3291 velint
2892 3251 3163 3296 evomere.
3197 3252 3294 3291 nec
3333 3238 3398 3290 ad
3428 3255 3513 3304 ea,
3549 3239 3709 3293 satia-

2136 3341 2203 3385 trc
2231 3329 2484 3382 nimirum
2515 3337 2569 3381 et
2618 3328 2958 3397 gravissimis
2981 3329 3176 3394 'paauis
3207 3329 3479 3392 exercitm,
3523 3331 3703 3382 statim

2135 3421 2391 3474 reditura:
2416 3421 2540 3470 sint.
2583 3418 2770 3472 Serius
2800 3428 2979 3470 autem
3011 3427 3287 3476 curantur.
3317 3433 3435 3485 qua:
3460 3430 3674 3472 contem

2135 3513 2369 3580 psisscnt
2393 3511 2443 3561 in
2469 3510 2653 3562 eadem
2683 3511 2877 3562 iterum
2901 3508 3164 3574 recidere,
3188 3507 3332 3576 quod
3365 3508 3520 3563 malis
3546 3509 3702 3564 abso-

2138 3604 2263 3657 luta:
2288 3603 2471 3656 statim
2524 3601 2766 3654 fuissent.
2801 3600 2957 3655 Novit
2987 3611 3162 3654 autem
3191 3599 3370 3669 opifex
3418 3601 3556 3656 Deus
3590 3603 3705 3656 sin-

2139 3695 2384 3762 gularum
2409 3693 2738 3755 affectiones,
2770 3703 2823 3745 ct
2844 3702 2900 3745 ut
2926 3692 2974 3744 ei
3001 3693 3274 3755 convenit,
3299 3693 3444 3746 solus
3467 3694 3704 3748 scienter

2138 3800 2201 3839 ac
2223 3785 2396 3853 perite
2423 3785 2744 3836 medicinam
2788 3785 2967 3837 facere
2998 3795 3193 3851 potest,
3235 3794 3288 3837 et
3322 3785 3467 3854 quod
3502 3786 3705 3853 cuique

2137 3875 2410 3945 congruit,
2438 3884 2489 3930 et
2521 3877 2753 3945 quando,
2777 3875 3053 3928 adhibere.
3084 3877 3258 3943 Atque
3289 3886 3343 3928 ut
3383 3877 3433 3930 in
3479 3877 3706 3945 quibus-

2137 3969 2257 4022 dam
2295 3967 2532 4036 corporis
2586 3966 2804 4030 morbis,
2854 3967 2895 4019 si
2962 3964 3158 4018 malum
3194 3967 3258 4019 ad
3293 3967 3501 4030 intima,
3543 3977 3601 4020 ut
3631 3965 3702 4020 ita

2136 4059 2337 4120 dicam,
2367 4058 2756 4126 penetraverit,
2800 4055 3215 4110 medicamentis
3255 4057 3576 4126 quibusdam
3635 4055 3701 4109 ad

2135 4151 2389 4203 cxtimam
2452 4147 2790 4215 superficiem
2844 4148 3130 4200 materiam
3185 4147 3411 4200 attrahit
3441 4147 3698 4213 medicus,

2137 4223 2545 4294 molestissimas
2605 4238 3075 4314 inﬂammationes,
3145 4247 3384 4292 tumores
3446 4247 3502 4292 et
3556 4237 3705 4290 dolo—

2135 4346 2222 4384 res
2275 4332 2452 4399 plures
2509 4329 2598 4394 iis,
2654 4345 2789 4398 quos
2849 4340 3137 4398 antequam
3205 4336 3485 4381 curaretur
3531 4327 3703 4380 susu-

458 4419 702 4487 λόμεναι,
734 4417 826 4470 καὶ
860 4418 957 4468 οὐκ
1001 4416 1066 4470 ἂν
1098 4416 1177 4468 ἔτι
1209 4416 1418 4485 ταχέως
1457 4418 1568 4477 τοῖς
1598 4415 1800 4476 αὐτοῖς,
1839 4413 1924 4465 διὰ
1969 4413 2028 4465 τὸ

2137 4422 2331 4485 nebat,
2395 4420 2783 4482 aﬂ'erensaut
2853 4420 2964 4472 fieri
3033 4419 3313 4473 consuevit
3372 4418 3425 4471 in
3493 4417 3557 4471 iis
3607 4417 3700 4486 qui

459 4513 534 4574 ὼς
567 4513 656 4563 ἐπὶ
685 4511 862 4564 πλεῖον
898 4509 1309 4579 ἐμπεφορῆσθαι
1338 4508 1522 4571 αὐτὰς,
1547 4508 1638 4560 καὶ
1658 4507 1749 4558 ἐπὶ
1782 4505 2030 4559 τοσοῦτον

463 4601 864 4671 βεϐασανίσθαι,
923 4598 1404 4670 περιπεσούμεναι.
1446 4596 1668 4668 Βράδιον
1695 4595 1750 4648 δὲ
1791 4595 1882 4648 ἐπὶ
1933 4593 2029 4664 τὴν

461 4691 753 4763 θεραπείαν
788 4693 1007 4760 ἄγονται
1034 4693 1089 4744 αἱ
1125 4689 1602 4759 καταφρονήσασαι
1630 4686 1694 4738 ἂν
1721 4684 1814 4737 τοῦ
1847 4683 2030 4737 δεύτε-

463 4799 555 4854 ρον
593 4786 702 4847 τοῖς
751 4783 929 4846 αὐτοῖς
983 4783 1318 4853 περιπεσεῖν,
1362 4779 1450 4832 διὰ
1481 4778 1542 4830 τὸ
1574 4778 1758 4847 τάχιον
1789 4774 2032 4846 ἀπηλλά-

461 4872 584 4943 χθαι
611 4873 715 4926 τῶν
770 4873 973 4926 κακῶν.
1006 4869 1133 4926 Οἵδε
1189 4873 1246 4925 δὲ
1277 4872 1304 4922 ὀ
1340 4870 1584 4941 τεχνίτης
1629 4868 1761 4931 Θεὸς
1787 4867 1886 4929 τὰς
1918 4865 2032 4918 δια-

462 4963 641 5027 θέσεις
690 4966 961 5028 ἐκὰστων,
1031 4966 1124 5018 καὶ
1175 4967 1250 5028 ὡς
1304 4961 1580 5016 ἐπιϐάλλει
1638 4958 1812 5029 αὐτῷ,
1874 4958 2031 5028 μόνος

459 5055 836 5124 ἐπιστημόνως
885 5055 1180 5127 δυνάμενος
1230 5054 1329 5117 τὰς
1384 5052 1675 5124 θεραπείας
1713 5049 2026 5121 προσάγειν,

529 5165 576 5202 ⁷⁸
604 5166 762 5222 Osee.
798 5183 872 5230 tv.
901 5168 986 5222 H.

531 5285 640 5357 ('59)
705 5286 854 5350 Msm,
905 5289 999 5340 καὶ
1032 5287 1307 5352 κατάξεις,
1357 5295 1460 5340 etC.
1513 5279 1816 5357 Piri/Ofa’itt
1854 5280 2018 5357 Edita,

459 5351 554 5409 καί
582 5357 642 5408 οὐ
661 5356 936 5420 κατάξεις.
965 5351 1316 5410 Verissimum
1339 5354 1576 5423 estquod
1604 5369 1632 5423 a
1657 5351 1894 5423 Genelira
1907 5352 2021 5423 rdo,

459 5436 512 5479 et
567 5427 759 5479 deinde
799 5418 828 5476 ιι
879 5418 1080 5479 'l'arino
1121 5418 1466 5479 observatuni
1507 5433 1589 5476 est
1626 5421 1815 5488 legisse
1843 5418 2025 5488 Orige-

460 5510 605 5554 nem,
643 5494 735 5547 καὶ
753 5495 1027 5561 κατάξεις,
1054 5496 1104 5545 id
1125 5491 1263 5546 enim
1300 5493 1518 5544 omnino
1543 5490 1881 5543 ratiocinatio
1911 5489 2025 5561 ejus

459 5566 712 5632 postulat.
763 5566 821 5617 lat
860 5559 925 5617 ali
955 5564 1218 5618 Ilebraico
1263 5577 1476 5632 quoque
1507 5569 1760 5632 eouleictu
1793 5559 2024 5632 negandi

462 5629 780 5700 particulam
815 5635 1050 5689 abfuisse
1090 5634 1377 5703 Origenes
1402 5631 1516 5696 ipse
1562 5629 1902 5703 testificatur.
1954 5629 2024 5703 At

461 5697 726 5760 universa:
776 5719 897 5774 qum
943 5704 1101 5760 hodie
1143 5697 1621 5768 circumferuntur,
1659 5709 1774 5772 tum
1808 5697 2017 5753 Ποιητιιί

2136 4529 2162 4565 a
2195 4513 2380 4565 rabido
2413 4527 2545 4566 cane
2574 4511 2739 4566 mor-si
2796 4519 2942 4576 sunt,
2976 4520 3026 4564 et
3055 4509 3174 4564 aliis
3231 4510 3574 4579 quibusdam,
3607 4509 3698 4575 qui

2135 4603 2398 4672 ejusmodi
2447 4603 2602 4658 malis
2631 4603 2935 4656 aﬂiciuntur
2963 4617 2978 4655 :
3020 4604 3104 4657 sic.
3133 4601 3299 4657 Deum
3338 4601 3574 4654 arbitror
3603 4614 3702 4652 oc-

2131 4697 2332 4751 cultam
2373 4696 2529 4766 115
2579 4697 2857 4757 malitiam,
2889 4711 3010 4765 qua:
3041 4695 3108 4749 ad
3161 4693 3404 4748 intimam
3461 4693 3697 4745 animam

2134 4789 2461 4856 penetravit,
2499 4796 2748 4842 tractare.
2798 4788 2860 4841 Et
2910 4786 3367 4856 quemadmodum
3414 4783 3478 4834 de
3513 4780 3694 4849 llUjUS'

2133 4877 2275 4931 modi
2324 4888 2524 4948 a-groto
2562 4877 2805 4932 medicus
2854 4877 3020 4931 dicit:
3087 4877 3198 4944 Ego
3241 4871 3695 4926 inﬂammationes

2141 4965 2334 5020 faciam
2377 4968 2427 5020 in
2465 4967 2581 5022 loco
2617 4967 2873 5030 vulneris,
2901 4975 2955 5020 et
2989 4966 3085 5019 has
3119 4972 3211 5016 aut
3251 4962 3372 5014 illas
3405 4967 3583 5028 partes
3613 4961 3699 5011 fa-

2140 5051 2280 5105 ciam
2309 5064 2364 5106 ut
2407 5054 2787 5119 intumescant,
2825 5062 2884 5106 ut
2929 5051 3230 5123 graviorem
3269 5051 3574 5102 aberessum
3615 5044 3697 5101 fa-

2127 5285 2474 5350 exemplpris,
2523 5294 2633 5336 tum
2679 5281 2823 5337 LXX
2877 5281 3160 5335 Seniorum
3195 5277 3456 5350 editiones
3496 5275 3695 5331 habent
3742 5317 3745 5320 .

2123 5341 2412 5415 ΤἾῚΠΝἹἸ.
2461 5341 2559 5406 ’καὶ
2607 5354 2667 5406 οὐ
2725 5351 2998 5418 κατάξεις,
3049 5351 3135 5405 cui
3184 5348 3466 5413 Scriptura
3506 5361 3694 5403 omnes

2123 5427 2344 5492 omnino
2387 5425 2712 5492 interpretes
2745 5425 3109 5492 ConSentiunt.
3151 5419 3412 5472 IIUETIUS.

2197 5489 3249 5583 tt"?,Peli?“-.'_'_‘§_-:_E.ﬁaeacervi:

2215 5555 2578 5633 Ἀφιεμένας,
2593 5562 2826 5618 Omnino
2857 5555 3136 5633 lcueinlum
3163 5555 3478 5633 ἐφιεμένας,
3499 5565 3688 5614 ctmox

2128 5629 2532 5706 παρ’έαὺταῐς,
2570 5632 2622 5688 id
2653 5633 2796 5702 quod
2833 5632 2958 5687 vidit
2982 5629 3381 5687 Gcnebrardus.
