4122 6248
434 215 530 268 ‘27l

1869 212 2211 270 ORIGENES

3564 214 3666 269 27!

434 328 604 380 ciant.
643 323 764 380 llaec
806 325 1073 382 dicentem
1110 326 1373 379 medicum
1411 326 1454 380 si
1502 326 1622 396 quis
1657 329 1862 396 peritus
1895 344 1993 381 au-

2096 327 2147 379 τί
2217 326 2340 397 χρὴ,
2397 326 2489 380 καὶ
2544 328 2670 380 πότε
2717 326 2928 397 ἑκάστῳ
2980 328 3172 382 ποιεῖν.
3230 328 3438 398 Ὥσπερ
3474 328 3529 381 δὲ
3576 333 3669 386 ὲπί

434 417 577 484 diat,
621 433 724 472 non
763 417 1111 483 vituperabit,
1140 417 1249 470 imo
1283 432 1413 472 vero
1452 417 1709 481 lattdabit,
1755 420 1843 486 qui
1883 420 1995 472 lucc

434 523 492 561 se
524 507 787 560 facturum
823 507 1098 559 minitetur
1139 523 1151 558 :
1198 507 1291 560 sed
1338 506 1477 561 alius
1527 508 1808 561 medicina)
1841 511 1995 576 igna-

436 614 550 662 rus,
576 599 717 651 dicet
742 596 978 649 alienum
1009 596 1187 650 facere
1212 611 1240 649 a
1271 597 1606 664 professione
1641 599 1994 664 medicorum,

435 691 524 757 qui
560 704 680 743 cum
713 702 906 741 sanare
940 687 1153 749 debeat,
1200 687 1265 740 ad
1302 686 1756 743 inflammationes
1782 698 1836 742 et
1873 689 1997 743 abs-

434 796 617 836 cessus
653 794 765 834 rem
804 780 1059 834 deducat.
1107 780 1199 833 Sic
1240 778 1400 832 etiam
1427 778 1681 833 existimo
1718 781 1882 834 Deum
1914 781 1996 835 di-

432 871 576 924 xisse
612 888 627 925 :
667 889 686 922 ι
721 871 830 940 Ego
861 870 1129 923 iudurabo
1159 885 1257 924 cor
1289 867 1641 924 Pharaonis.»
1662 869 1908 938 llaec,qui
1940 879 1998 925 ut

433 962 524 1017 Dei
560 962 774 1016 oracula
808 962 1021 1031 accipit,
1055 961 1285 1015 dicentis
1315 962 1692 1016 auctoritatem
1731 962 1995 1017 reveritus

430 1054 728 1121 approbat:
760 1061 812 1105 et
845 1052 1021 1105 omnis
1075 1051 1165 1120 qui
1201 1053 1430 1120 qumrit,
1476 1052 1683 1107 invenit
1728 1053 1996 1121 quomodo

430 1144 482 1194 in
520 1143 602 1196 his
631 1142 794 1194 etiam
822 1142 914 1193 Dei
951 1140 1244 1193 bonitatem
1271 1141 1552 1203 Ostendat;
1589 1140 1832 1207 apertius
1866 1140 1988 1207 qui-

429 1234 549 1284 dem
581 1231 649 1285 ad
698 1230 930 1284 salutem
978 1229 1190 1298 populi.
1236 1230 1326 1297 qui
1366 1229 1548 1283 multis
1602 1228 1876 1282 miraculis
1927 1228 1992 1280 ad

433 1322 587 1375 iidem
623 1321 937 1385 adducitur;
974 1322 1210 1374 secundo
1253 1320 1305 1373 in
1341 1319 1637 1391 IEgyptiis,
1684 1322 1996 1389 quicunque

430 1413 706 1467 miraculis
731 1411 1022 1481 stupefacti
1049 1411 1303 1466 llchrazos
1341 1412 1579 1465 secuturi
1608 1420 1766 1464 erant
1789 1427 1803 1465 :
1836 1429 1853 1462 ι
1873 1410 1997 1465 Pro-

430 1506 707 1566 miscuus,
761 1502 1029 1571 inquit",
1081 1503 1307 1572 populus
1358 1502 1557 1555 multus
1612 1499 1993 1570 (Egyptiorum

429 1610 531 1646 una
571 1608 689 1646 cum
724 1592 790 1646 iis
828 1607 1079 1662 egressus
1108 1601 1225 1657 est;
1250 1610 1269 1644 ι
1302 1591 1553 1645 arcanius
1583 1603 1710 1644 vero
1750 1598 1806 1644 et
1836 1589 1994 1643 altius

2094 436 2251 471 τινων
2296 417 2620 488 σωματικῶν
2683 417 3038 487 παθημάτων,
3090 419 3168 481 είς
3214 416 3377 487 βάθος
3426 419 3542 481 τοῦ,
3598 412 3666 473 ἶν’

2092 508 2266 571 οὑτως
2298 508 2456 572 εἴπω,
2507 509 2883 579 κεχωρηκότος
2918 508 3108 572 κακοῦ,
3140 510 3170 560 6
3194 509 3377 578 ἰατρὸς
3430 510 3510 573 εἰς
3568 510 3667 582 τὴν

2094 599 2412 667 ἐπιφάνειαν
2439 599 2527 653 διά
2550 616 2710 653 τινων
2736 600 3037 671 φαρμάκων
3058 599 3204 652 ἕλκει
3232 599 3328 653 καὶ
3367 602 3665 656 ἐπισπᾶται

2092 689 2192 760 τὴν
2232 688 2380 760 ὕλην,
2445 689 2749 760 φλεγμονὰς
2815 689 3056 760 χαλεπάς
3108 689 3350 760 ἐμποιῶν
3405 691 3499 744 καὶ
3538 691 3668 746 διοι-

2094 780 2294 850 δήσεις,
2322 780 2414 833 καί¹
2446 779 2637 843 πόνους
2660 779 2769 850 (42)
2794 781 3039 843 πλείονας
3056 774 3130 835 ὧν
3158 777 3269 851 εἶχέ
3301 798 3384 845 τις
3416 782 3544 853 πρὶν
3573 782 3667 837 ἐπὶ

2093 870 2155 923 16
2190 869 2588 941 θεραπευθῆναι
2618 869 2851 923 όδεῦσαυ
2887 870 3076 941 ὥσπερ
3119 870 3236 935 ἔθος
3277 874 3450 925 ποιεῖν
3485 873 3663 938 αὑτοῖς

2095 962 2187 1015 ἐπὶ
2201 961 2595 1032 λυσσοδήκτων,
2628 961 2721 1013 καὶ
2766 962 2967 1032 ἐτέρων
2991 961 3156 1015 τινῶν
3200 961 3270 1014 τὰ
3310 964 3665 1033 παραπλήσια

2093 1052 2299 1114 τούτοις
2332 1051 2687 1104 πεπονθότωψ
2719 1051 2889 1114 οὕτως
2906 1048 3059 1122 οἶμαι
3081 1052 3175 1106 καὶ
3202 1052 3292 1105 16v
3311 1052 3442 1105 Θεὸν
3465 1055 3667 1106 οἰκονο-

2098 1146 2216 1214 μεῖν
2250 1142 2345 1213 τὴν
2373 1142 2600 1213 κρύφιον
2642 1143 2836 1195 κακίαν
2877 1146 2956 1206 εἰς
2987 1143 3047 1196 16
3080 1143 3244 1213 βάθος
3289 1148 3663 1214 κεχωρηκυῖαν

2093 1234 2192 1303 τῆς
2233 1233 2428 1304 ψυχῆς.
2467 1235 2576 1288 Καὶ
2626 1235 2814 1305 ὥσπερ
2863 1234 3011 1303 λέγει
3061 1237 3089 1288 6
3143 1235 3324 1306 ἰατρὸς
3370 1236 3463 1288 ἐπὶ
3511 1236 3664 1289 τοῦδέ

2092 1340 2265 1388 τινοςι
2294 1321 2435 1390 Ἐγὼ
2451 1324 2756 1394 φλεγμονὰς
2788 1326 3000 1396 ποιήσω
3048 1326 3176 1397 περὶ
3214 1312 3326 1378 ’τὸν
3371 1326 3533 1379 τόπον
3564 1327 3665 1395 τῆς

2094 1413 2359 1477 ἀνέσεως,
2406 1419 2500 1467 καὶ
2550 1414 2806 1485 διοιδῆσαι
2846 1414 3140 1481 ἀναγκάσω
3176 1413 3301 1469 τάδε
3331 1414 3452 1468 τινὰ
3500 1415 3661 1486 μέρη,

2094 1503 2234 1557 ὥστε
2288 1504 2583 1575 ἀπόστημα
2630 1505 2862 1575 χαλεπὸν
2910 1504 3274 1577 ἐργάσασθαιο
3321 1505 3568 1574 λέγοντος
3607 1506 3664 1558 δὲ

2094 1594 2264 1647 ταῦτα
2294 1593 2386 1647 τοῦ
2425 1593 2631 1665 ἰατροῦ,
2671 1597 2700 1648 6
2736 1595 2834 1665 μὲν
2867 1593 3079 1648 ἀκούων
3122 1594 3285 1647 αὑτοῦ
3313 1597 3663 1665 ἐπιστημονι-

430 1685 662 1738 fortasse
692 1692 747 1737 et
774 1685 839 1736 ad
868 1682 1168 1737 Pharaonis
1197 1681 1361 1752 ipsius
1397 1681 1710 1746 utilitatem,
1751 1680 1844 1749 qui
1880 1680 1990 1750 jam

2095 1683 2335 1756 κὼτερος
2368 1684 2501 1754 (45),
2527 1684 2625 1736 οὑκ
2667 1685 2990 1748 αἰτιάσεται,
3026 1683 3161 1737 ἀλλά
3193 1685 3288 1737 καὶ
3320 1684 3664 1738 ἐπαινέσεται

428 1791 688 1829 \enenum
721 1790 823 1829 non
868 1773 1185 1841 occultaret,
1233 1788 1404 1842 neque
1436 1772 1788 1843 cupiditatem
1837 1772 1996 1827 cohi-

426 1866 598 1931 beret,
627 1866 723 1918 sed
760 1864 1127 1932 protraheret,
1162 1874 1217 1917 et
1247 1866 1298 1917 lu
1330 1871 1574 1931 apertum
1617 1862 1908 1933 proferret,
1941 1870 1997 1915 et

426 1957 657 2009 fortasse
700 1954 911 2022 agendo
940 1953 1281 2016 dissolveret,
1324 1964 1379 2007 ut
1426 1954 1740 2009 inhaerentis
1780 1952 1996 2008 malitiae

423 2047 738 2099 c’bulbtioue
779 2061 841 2099 ac
887 2046 1154 2113 ejectione
1216 2044 1393 2109 facta,
1445 2045 1768 2100 imbecillam
1813 2054 1994 2115 postea

433 2138 675 2203 liabet-ct,
697 2152 815 2206 quae
841 2137 977 2191 mala
1010 2137 1133 2203 fert,
1160 2138 1428 2199 arborem,
1454 2146 1503 2191 et
1533 2135 1758 2191 fortasse
1779 2136 1994 2191 demum

422 2232 780 2291 exsiccatain,
824 2244 946 2283 cum
996 2228 1262 2297 mergitur
1314 2227 1570 2292 Pharao;
1626 2241 1802 2294 neque
1849 2226 1993 2290 ideo,

425 2333 483 2375 ut
515 2321 779 2391 quispiam
822 2319 1180 2382 existimarit,
1228 2328 1288 2373 ut
1336 2319 1550 2387 penitus
1586 2318 1863 2384 interiret,
1900 2318 1993 2373 sed

424 2425 480 2465 nt
510 2414 697 2480 ejectis
767 2412 1003 2478 peccatis
1034 2411 1382 2472 allevaretur.
1416 2418 1470 2464 et
1503 2409 1641 2465 forte
1681 2410 1733 2462 iu
1763 2422 1898 2478 pace
1926 2424 1991 2463 ex

427 2514 576 2557 tanto
615 2502 754 2556 bello
786 2502 949 2555 animi
984 2502 1052 2554 ad
1092 2500 1297 2554 inferos
1334 2499 1710 2555 descenderet.
1742 2497 1850 2554 Sed
1885 2498 1994 2553 for-

423 2598 564 2648 sitan
591 2608 731 2662 πετο
765 2592 1041 2661 patientur
1064 2590 1325 2654 lectores,
1356 2589 1647 2645 violentum
1676 2599 1730 2645 ct
1755 2589 1991 2645 alienum

421 2701 544 2741 esse
585 2683 869 2744 arbitrati.
911 2681 1054 2749 quod
1102 2681 1440 2747 dicebamus,
1472 2681 1603 2735 utile
1640 2680 1809 2736 fuisse
1855 2680 1993 2735 Pha-

426 2776 575 2830 ωοριί
610 2791 708 2830 cor
742 2775 909 2843 ipsius
949 2773 1187 2827 iudurari
1214 2813 1229 2834 ,
1268 2782 1321 2827 et
1369 2787 1467 2841 pro
1503 2786 1567 2826 eo
1615 2772 1810 2827 fecisse
1843 2787 1989 2841 quac-

423 2883 637 2936 t'lllltllle
670 2867 870 2934 scripta
906 2874 1033 2918 sunt
1065 2878 1236 2932 usque
1279 2864 1345 2918 ad
1389 2862 1841 2918 submersiouem.
1884 2862 1991 2917 Sed

430 2961 551 3011 \ide
595 2973 723 3012 num
779 2956 926 3020 inde,
978 2964 1183 3009 remota
1239 2953 1387 3007 omni
1445 2953 1816 3017 dubitatione,
1871 2968 1992 3023 qua:

423 3057 565 3103 uicta
602 3060 729 3105 sunt
771 3050 998 3119 probare
1043 3047 1331 3118 possimus.
1388 3064 1404 3096 ι
1440 3044 1623 3111 Multa,
1670 3046 1848 3114 inquit
1894 3047 1994 3100 Da-

423 3142 612 3207 vid",
655 3140 859 3210 ﬂagella
911 3138 1248 3209 peccatoris;
1279 3155 1296 3188 ι
1346 3146 1400 3191 et
1446 3136 1590 3191 [ilius
1645 3136 1761 3204 ejus
1806 3138 1994 3203 docet,

425 3236 615 3299 Deum,
645 3247 1020 3303 quemcunque
1064 3231 1241 3299 diligit
1280 3238 1333 3283 et
1376 3228 1637 3298 approbat
1672 3229 1863 3293 tilium,
1895 3228 1991 3284 ila-

425 3328 579 3394 gi-Jlis
617 3326 927 3395 obiurgare.
978 3323 1097 3393 Ipse
1139 3332 1399 3391 praeterea
1455 3321 1624 3375 David
1678 3322 1992 3390 promissio—

426 3436 547 3472 nvm
575 3422 640 3473 dc
670 3418 889 3473 Christo
932 3426 986 3470 et
1014 3415 1363 3470 credentibus
1400 3413 1452 3467 in
1499 3428 1622 3468 eum
1664 3414 1995 3476 vaticinans,

429 3514 501 3562 ait
524 3510 607 3561 ’τε
645 3527 664 3559 ι
701 3507 756 3563 Si
789 3507 1181 3578 dereliqueriut
1214 3505 1308 3560 ﬁlii
1350 3504 1465 3573 ejus
1508 3505 1679 3571 legem
1715 3521 1909 3569 meam,
1943 3514 1998 3559 et

426 3603 479 3655 in
507 3600 723 3671 judiciis
754 3600 888 3654 meis
917 3614 1021 3653 nou
1048 3596 1477 3659 ambulaverint;
1505 3596 1551 3651 si
1579 3595 1996 3664 justiticationes

427 3714 574 3750 litt‘as
617 3692 967 3757 violaverim,
1015 3698 1068 3745 et
1103 3689 1353 3744 mandata
1412 3702 1527 3741 nica
1565 3701 1671 3742 nou
1721 3688 1995 3743 custodie-

426 3798 570 3848 t'ittl.
611 3786 1039 3839 animadvertam
1078 3781 1129 3832 in
1179 3781 1325 3846 virga
1372 3779 1688 3848 iniquitates
1722 3778 1992 3847 ipsorum,

424 3892 477 3931 et
524 3879 579 3932 in
632 3874 859 3946 ﬂagellis
918 3872 1127 3926 scelera
1188 3883 1417 3932 eorum;
1470 3878 1525 3921 at
1570 3868 1994 3922 misericordiam

426 3984 601 4023 turam
634 3982 739 4020 non
776 3961 1050 4031 dissipabo
1083 3963 1150 4012 ah
1178 3958 1311 4011 cis.)
1355 3956 1444 4010 Dei
1479 3956 1636 4026 116
1666 3969 1795 4025 ergo
1822 3956 1995 4025 gratia

425 4068 507 4111 est
542 4071 662 4108 cum
687 4052 740 4106 in
762 4051 1002 4119 iniquum
1030 4044 1478 4101 animadvertitur
1502 4045 1673 4112 virga,
1706 4055 1760 4096 et
1791 4043 1843 4095 in
1872 4057 1995 4112 pec-

426 4162 669 4204 ratorem
703 4143 949 4216 flagellis.
983 4142 1044 4196 Et
1075 4148 1346 4211 quatenus
1399 4155 1503 4193 non
1554 4136 1856 4207 ﬂagellatur
1903 4138 1992 4206 qui

426 4250 638 4312 peccat,
669 4236 996 4293 correctioni
1039 4244 1092 4290 et
1132 4231 1499 4288 emendationi
1540 4231 1778 4285 nondum
1823 4230 1995 4299 subji-

2095 1775 2185 1828 16v
2226 1775 2396 1828 ταῦτα
2445 1776 2606 1828 οἱονεὶ
2647 1775 2972 1829 ἀπειλοῦντα
3021 1774 3386 1848 ἐργάσασθαι·
3420 1776 3449 1827 6
3484 1775 3539 1828 δέ
3582 1792 3667 1838 τις

2096 1865 2236 1931 λέξει
2265 1867 2488 1936 φάσκων
2526 1866 2804 1937 ἀλλότριον
2834 1868 2932 1937 τῆς
2960 1866 3069 1920 τῶν
3105 1865 3303 1937 ἰατρῶν
3336 1866 3665 1934 ἐπαγγελίας

2097 1962 2290 2022 ποιεῖν,
2332 1959 2393 2012 16
2434 1958 2551 2011 δέον
2607 1957 2718 2028 (44)
2769 1958 3032 2026 ὑγιάζειν,
3076 1957 3169 2010 ἐπὶ
3218 1956 3523 2028 φλεγμονὰς
3572 1957 3666 2008 καὶ

2096 2051 2455 2120 ἀποστήματα
2509 2049 2737 2117 ἄγοντασ
2794 2048 2935 2102 οὕτω
2967 2048 3023 2101 δὲ
3054 2044 3208 2120 οἶμαι
3254 2049 3350 2102 καὶ
3392 2047 3483 2101 τὸν
3532 2047 3664 2100 Θεὸν

2096 2142 2372 2213 εἰρηκέναι
2419 2141 2511 2194 τό·
2553 2159 2574 2193 ι
2622 2139 2761 2210 Ἐγὼ
2816 2138 3099 2211 σκληρυνῶ
3149 2141 3247 2211 τὴν
3289 2140 3514 2210 καρδίαν
3554 2140 3663 2191 Φα-

2097 2230 2241 2301 ραώ·
2271 2249 2287 2281 ι
2339 2231 2431 2283 καὶ
2462 2230 2664 2283 τούτων
2709 2228 3128 2300 γεγραμμένων,
3154 2231 3183 2282 6
3220 2229 3316 2299 μὲν
3349 2227 3561 2281 ἀκούων
3589 2227 3664 2289 ὡς

2092 2322 2227 2375 Θεοῦ
2261 2322 2474 2390 λογίων,
2521 2320 2583 2374 τὸ
2643 2320 2741 2391 μὲν
2785 2319 2998 2390 ἀξίωμα
3045 2321 3139 2374 τοῦ
3191 2320 3439 2388 λέγοντος
3482 2318 3665 2390 τηρῶν

2092 2410 2430 2480 ἀποδέχεται,
2468 2412 2563 2463 καὶ
2597 2408 2772 2481 ζητῶν
2805 2410 2911 2470 πᾶς
2951 2409 3195 2480 εὑρίσκει
3223 2409 3318 2461 καὶ
3364 2410 3421 2461 ὲν
3456 2408 3665 2468 τούτοις

2093 2502 2407 2574 ἀγαθότητα
2452 2502 2546 2555 τοῦ
2594 2500 2728 2554 Θεοῦ
2776 2501 3122 2570 παραστῆσαι
3171 2498 3461 2570 γινομένην
3513 2498 3660 2568 (45)’

2093 2596 2469 2668 φανερώτερον
2507 2596 2605 2666 μὲν
2639 2594 2731 2647 ἐπὶ
2772 2591 3013 2662 σωτηρία
3043 2591 3137 2646 τοῦ
3170 2591 3319 2657 λαοῦ,
3353 2590 3442 2644 διὰ
3484 2589 3665 2644 πλειό-

2093 2706 2196 2742 νων
2232 2687 2548 2760 παραδόξων
2578 2686 3055 2757 πιστοποιουμένου
3076 2701 3090 2715 ⁸
3126 2685 3220 2738 καὶ
3255 2682 3505 2752 δεύτερον
3538 2680 3667 2752 περὶ

2092 2779 2199 2833 τῶν
2216 2778 2554 2846 Αἰγυπτίων,
2588 2779 2701 2831 ὅσοι
2734 2776 2954 2848 ἔμελλον
2983 2775 3054 2830 τὰ
3077 2775 3332 2845 γινόμενα
3359 2774 3669 2845 καταπλητ-

2093 2870 2310 2940 τόμενοι
2343 2867 2649 2921 ἀκολουθεῖν
2681 2869 2790 2929 τοῖς
2820 2866 3087 2937 Ἑϐραίοις
3106 2883 3119 2895 ·
3151 2884 3167 2917 ι
3193 2865 3505 2934 Ἑπίμικτος
3536 2864 3663 2935 γάρ,
3729 2912 3735 2921 .

2096 2960 2247 3030 φησί,
2287 2960 2411 3024 λαὸς
2457 2959 2623 3023 πολὺς
2673 2960 2778 3014 τῶν
2829 2959 3138 3027 Αἰγυπτίων
3198 2956 3518 3026 συνεξῆλθεν
3568 2956 3668 3008 αύ-

2095 3053 2241 3114 τοῖς·
2270 3068 2289 3101 ι
2332 3049 2764 3120 ἀπορρητότερον
2807 3050 2863 3102 δὲ
2909 3049 3002 3101 καὶ
3049 3047 3342 3120 βαθύτερον
3373 3048 3533 3117 τάχα,
3573 3044 3668 3098 καὶ

2098 3140 2191 3193 ἐπὶ
2240 3137 2317 3209 τῷ
2350 3138 2538 3208 ὄφελος
2584 3138 2836 3207 γενέσθαι
2884 3137 3034 3208 αύτῷ
3070 3136 3147 3207 τῷ
3178 3136 3397 3209 εῙξαραὼ,
3444 3137 3544 3191 οὑκ
3588 3138 3669 3189 ἔτι

2096 3228 2497 3301 ἀποκρύπτοντι
2543 3227 2633 3281 τὸν
2670 3228 2765 3291 ἰὸν,
2796 3226 2915 3281 οὑδὲ
2949 3228 3047 3299 τὴν
3079 3227 3190 3290 ἕξιν
3225 3227 3517 3298 συνέχοντι,
3551 3226 3666 3281 ἀλλ’

2095 3322 2306 3376 ἕλκοντι
2340 3322 2432 3375 καὶ
2470 3322 2549 3384 εἰς
2597 3320 2902 3390 τούμφανὲς
2946 3319 3131 3388 ἀγοντι
3171 3318 3353 3384 αὑτὸν,
3388 3320 3483 3372 καί
3529 3318 3669 3388 τάχα

2094 3413 2182 3467 διὰ
2214 3412 2306 3465 τοῦ
2338 3413 2592 3484 πράττειν
2622 3410 2884 3475 ἐκλύοντι,
2917 3410 3001 3463 ἵνα
3024 3409 3198 3463 πάντα
3218 3408 3287 3462 τὰ
3308 3409 3407 3479 τῆς
3435 3411 3670 3481 ἐνυπαρ-

2096 3502 2297 3575 χούσης
2375 3500 2571 3564 κακίας
2655 3500 3010 3571 ὲκϐράσματα
3080 3498 3429 3563 ἐπιτελέσας,
3483 3499 3669 3552 ἄτονον

2097 3593 2319 3664 ὕστερον
2364 3592 2460 3662 ἔχῃ
2502 3591 2563 3644 16
2593 3589 2701 3643 τῶν
2747 3588 2931 3642 κακῶν
2986 3590 3223 3642 οἰστικὸν
3270 3576 3483 3659 δένδρον
3532 3589 3664 3658 (48),

2096 3684 2234 3755 τάχα
2266 3682 2653 3755 ξηραινόμενον
2685 3680 2777 3733 ἐπὶ
2795 3679 2956 3743 τέλει,
2981 3680 3068 3732 ὅτε
3102 3678 3542 3741 καταποντοῦται,
3570 3678 3668 3749 οὑχ

2095 3776 2172 3840 ὡς
2206 3776 2416 3845 οἰηθείη
2449 3774 2513 3827 ἄν
2556 3790 2639 3835 τις
2670 3773 2763 3823 ἐπὶ
2795 3769 2872 3841 τῷ
2904 3769 3179 3833 παντελῶς
3201 3767 3522 3830 ἀπολέσθαι,

2094 3866 2186 3920 ἐπὶ
2235 3864 2312 3934 τῷ
2349 3863 2689 3917 ἀποϐαλόντα
2735 3862 2805 3915 τά
2851 3861 3220 3932 ἁμαρτήματα
3277 3855 3666 3926 κουφισθῆναι,

2094 3957 2189 4011 καὶ
2216 3956 2355 4026 τάχα
2375 3957 2432 4007 ὲν
2459 3956 2649 4026 εἰρήνῃ
2677 3954 2783 4007 ἀπὸ
2811 3952 3061 4006 τοσούτου
3094 3947 3327 4019 πολέμου
3363 3948 3461 4017 τῆς
3492 3946 3669 4018 ψυχῆς

2094 4049 2173 4110 εἰς
2202 4045 2328 4117 ᾅδου
2362 4045 2687 4115 καταϐῆναι.
2728 4043 2864 4097 Ἀλλ’
2887 4042 3033 4104 εἰκὸς
3062 4037 3348 4101 δυσπαθῶς
3378 4036 3518 4101 ἕξειν
3547 4038 3670 4099 τοὺς

2096 4136 2528 4207 ἐντευξομένους,
2559 4134 2727 4205 βίαιον
2762 4132 3237 4203 ὑπολαμϐάνοντας
3268 4124 3404 4181 εἰναι
3436 4127 3498 4180 16
3522 4127 3673 4197 λεγόο

2099 4246 2278 4300 μενον,
2322 4229 2397 4291 ὡς
2442 4229 2549 4300 ἄρα
2584 4226 2863 4298 συμφέρον
2916 4222 3195 4293 γεγονέναι
3241 4219 3320 4290 τῷ
3359 4218 3559 4291 Φαραὼ
3611 4218 3671 4273 16

426 4309 588 4387 ritur.
619 4332 798 4399 Quare
835 4328 1070 4382 minatur
1105 4324 1244 4379 Deus
1269 4324 1339 4390 ⁷⁸,
1381 4323 1425 4378 si
1459 4336 1652 4392 magna
1696 4319 1826 4374 [iant
1870 4334 1993 4390 pec-

2100 4320 2460 4392 ὲσκληρύνθαι
2510 4318 2674 4372 αὑτοῦ
2716 4319 2817 4388 τὴν
2857 4314 3104 4388 καρδίαν,
3166 4313 3260 4389 κα).
3312 4310 3454 4382 ὑπὲρ
3505 4309 3670 4365 αὑτοῦ

427 4435 547 4477 mla
581 4422 911 4483 Iudaeorum,
948 4436 965 4469 ι
1000 4432 1104 4470 nou
1132 4414 1363 4483 amplius
1400 4411 1909 4468 animadversurum
1940 4428 1991 4466 tn

430 4517 569 4570 tilias
627 4527 813 4566 eorum
862 4525 983 4562 cum
1026 4522 1083 4561 se
1118 4504 1536 4574 prostitueriut,
1577 4511 1633 4556 et
1677 4502 1729 4555 in
1767 4516 1995 4572 sponsas

430 4610 667 4676 ipsorum
695 4618 815 4659 cum
869 4600 1071 4654 fuerint
1122 4596 1455 4650 adulteram.
1486 4613 1505 4647 ι
1547 4594 1611 4647 Et
1645 4592 1769 4647 alibi
1795 4594 1873 4647 ait
1899 4592 1944 4624 "
1978 4612 1991 4648 :

434 4720 454 4752 ι
482 4700 617 4769 Quia
643 4692 936 4765 expurgavi
957 4701 1027 4753 te,
1051 4698 1103 4743 ct
1138 4702 1243 4742 non
1271 4703 1330 4741 es
1355 4693 1632 4755 purgatus,
1663 4698 1768 4738 non
1795 4685 2000 4738 irascar

432 4791 523 4843 tibi
558 4786 814 4857 amplius,
846 4798 1019 4852 neque
1057 4778 1350 4834 aauiulahor
1382 4785 1603 4846 prepter
1628 4784 1679 4830 te
1704 4775 1987 4845 amplius.»

433 4885 571 4950 I'ngo
598 4880 793 4949 quibus
826 4891 938 4931 non
976 4871 1230 4927 irascitur
1280 4867 1651 4935 peccantibus,
1699 4875 1757 4920 ut
1798 4867 1870 4920 ita
1916 4866 1995 4919 di-r

430 4992 580 5038 ram,
629 4972 733 5027 bile
782 4972 1039 5024 incensus
1100 4979 1206 5018 non
1258 4959 1534 5014 irascitur.
1586 4955 1992 5011 Observandum

433 5079 691 5135 prarterea
731 5064 904 5116 minas
939 5073 1059 5129 qua:
1103 5071 1199 5125 per
1228 5052 1519 5123 prophetas
1562 5048 1861 5117 jaciuutur,
1911 5047 1994 5143 his

2100 4412 2277 4466 πάντα
2307 4410 2375 4464 τά
2419 4408 2883 4482 ἀναγεγραμμένα
2919 4404 3219 4475 γεγονέναι,
3254 4402 3412 4474 μέχρι
3449 4401 3544 4454 καὶ
3573 4400 3671 4470 τῆς

2101 4502 2579 4566 καταποντῶσεως.
2623 4502 2764 4571 Ὅρα
2794 4500 2849 4552 δὲ
2900 4500 2949 4551 εἰ
3000 4493 3273 4566 δυνάμεθα
3317 4490 3564 4546 ἐντεῦθεν
3611 4489 3672 4544 16

2101 4594 2381 4658 δυσπειθὲς
2416 4592 2752 4663 περιελόντες
2785 4588 2958 4644 πειθὼ
2995 4584 3389 4659 ἐνεργάσασθαι
3420 4582 3514 4636 τοῦ
3546 4583 3673 4654 περὶ

2101 4685 2209 4739 τῶν
2268 4684 2593 4756 εἰρημένων.
2653 4703 2669 4734 ι
2701 4682 2899 4736 Πολλαὶ
2962 4684 3018 4735 αἱ
3084 4680 3377 4751 μάστιγες,
3435 4677 3597 4747 φησὶν
3643 4677 3673 4729 6

2101 4776 2282 4841 Δαυῒδ,
2307 4776 2397 4829 τοῦ
2417 4775 2737 4846 ἁμαρτωλοῦ
2754 4792 2767 4804 ο
2794 4794 2811 4825 ι
2840 4775 2868 4826 6
2887 4774 2941 4826 δὲ
2973 4773 3085 4836 υίὸς
3118 4770 3279 4825 αὑτοῦ
3300 4770 3557 4828 διδάσκει,
3591 4767 3672 4819 ὅτι

2104 4870 2354 4937 μαστιγοῖ
2386 4868 2415 4920 6
2444 4867 2576 4930 Θεὸς
2612 4867 2789 4920 πάντα
2818 4866 2931 4918 υἱὸν
2963 4864 3022 4917 ὃν
3056 4862 3432 4934 παραδέχεται.
3471 4858 3591 4910 Ἔτι
3613 4856 3668 4909 δὲ

2100 4960 2259 5023 αὐτὸς
2295 4962 2323 5012 6
2372 4959 2536 5012 Δαυῒδ
2591 4958 2932 5027 ἀπαγγελίαν
2994 4953 3354 5027 προφητεύων
3401 4949 3497 5021 τὴν
3546 4954 3675 5019 περὶ

2100 5050 2360 5121 Χριστοῦ,
2406 5050 2500 5104 καὶ
2547 5051 2654 5102 τῶν
2710 5051 2789 5111 εἰς
2842 5047 3002 5101 αὑτὸν
3052 5044 3434 5107 πιστευόντων,
3480 5038 3670 5110 φησίν*

502 5204 546 5236 ⁷³
588 5200 757 5255 Exod.
780 5213 878 5262 ait,
909 5195 999 5250 58.
1072 5191 1119 5223 ⁷⁸
1159 5188 1301 5245 Psal.
1334 5201 1480 5250 xxxi,
1509 5185 1595 5240 lt).
1672 5183 1715 5214 "
1753 5181 2170 5253 Psal.t.xxxvut,
2200 5187 2261 5241 3t
2290 5195 2343 5242 et
2376 5200 2493 5254 seq.
2568 5184 2613 5216 ⁷⁸
2652 5182 2736 5239 Οει
2758 5198 2788 5239 e
2818 5198 2888 5247 tv,
2924 5180 3013 5236 M.
3087 5181 3133 5215 "
3174 5178 3372 5234 Ezech.
3405 5191 3556 5241 xxiv,
3587 5173 3674 5230 15.

508 5314 619 5383 με)
653 5312 886 5375 Πόνους
929 5307 1077 5362 deest
1101 5305 1153 5359 in
1179 5302 1328 5357 libris
1356 5310 1510 5356 antea
1540 5298 1720 5364 editis,
1753 5299 1845 5352 sed
1878 5311 1999 5365 sup-

440 5386 612 5454 pletur
635 5395 812 5454 eiusa.
926 5446 941 5454 _
1203 5444 1217 5454 _
1588 5438 1599 5454 .

508 5453 617 5523 (εὖ)
662 5450 819 5523 linus
844 5446 1009 5523 codex
1035 5459 1177 5523 Δτιτθὴ,
1202 5444 1809 5523 ὲπιστημονικῴτερον..

507 5507 617 5589 (4ιῇ
658 5518 872 5589 Ποιεῖν,
919 5516 984 5569 τὸ
1022 5507 1182 5580 δέον,
1225 5524 1333 5569 etc.
1386 5507 1691 5582 Legeuduui
1762 5507 1995 5573 videtur,

440 5588 608 5649 ποιεῖν
636 5590 724 5643 16v
752 5588 889 5652 δέον,
916 5596 1021 5642 etc.

2178 5298 2291 5370 (45)
2332 5296 2691 5370 Γινομένηῃ.
2724 5294 2888 5370 Forte
2923 5292 3207 5370 legendum
3238 5287 3568 5370 γινομένοις.

2174 5351 2288 5438 (ἰϐᾗ
2327 5351 3299 5438 Δένδξνον.’11ιιειίιιεδύἰιιεςεξιιςίιι
3334 5351 3520 5438 réjecit
3553 5351 3675 5438 κέν·

2101 5421 2431 5561 ’ἔρονξΙΙιὶῖῐδ
2468 5421 2760 5507 legendum
2794 5434 3023 5501 videtur,
3057 5421 3170 5486 ἀλλ’
3197 5426 3341 5491 εἰκὸς
3373 5421 3672 5486 δυσπειθῶς

2140 5526 2270 5561 εειν.
2302 5523 2331 5561 e
2362 5523 2413 5561 c.

2140 5523 2270 5576 ζειν,
2302 5523 2413 5563 etc.
