4122 6248
437 381 545 442 275

441 594 538 647 καὶ
573 594 685 655 τοῖς
740 591 963 662 κρίμασί
999 608 1098 661 μου
1134 590 1208 661 μὴ
1263 586 1632 658 πορευθῶσιν·
1671 586 1765 639 ὲὰν
1810 585 1877 637 τὰ
1928 584 2008 636 δι-

442 681 730 751 καιώματά
779 698 878 751 μου
935 679 1317 751 βεϐηλώσωσι,
1369 679 1463 732 καὶ
1518 677 1617 741 τὰς
1667 677 1884 741 ὲντολάς
1952 677 2009 729 δέ

447 785 548 839 μου
582 769 688 840 (47)
727 770 799 840 μὴ
831 769 1156 837 φυλάξωσιν,
1202 768 1567 839 ἐπισκέψομαι
1596 770 1654 821 ὲν
1685 767 1866 838 ῥάϐδῳ
1910 766 2008 830 τὰς

443 859 668 929 ἀνομίας
705 859 902 919 αὐτῶν.
939 861 1034 913 κα)⁵
1074 862 1131 913 ὲν
1167 860 1384 930 μάστιξι
1416 859 1516 923 τὰς
1548 859 1761 922 ἀδικίας
1801 858 2003 912 αὐτῶνθ

444 951 504 1003 τὸ
552 951 607 1003 δὲ
665 951 813 1015 ἔλεός
866 970 968 1022 μου
1015 954 1077 1007 ού
1113 954 1185 1024 μὴ
1234 951 1570 1006 διασκεδάσω
1619 950 1714 1004 ἀπ’
1755 950 1950 1005 αὐτῶν.
1985 968 2002 1002 ι

440 1040 645 1093 Οὐκοῦν
678 1042 839 1112 χάρις
869 1042 1005 1095 Θεοῦ
1034 1044 1151 1096 ἐστι
1184 1044 1244 1097 τὸ
1286 1043 1485 1115 ἄνομον
1522 1042 1633 1113 (48)
1678 1043 2008 1113 ὲπισκεφθῆ-

437 1148 522 1184 ναι
576 1132 774 1204 ῥάϐδῳ,
804 1133 896 1186 καὶ
939 1134 1030 1187 τὸν
1078 1134 1398 1207 ἁμαρτωλὸν
1454 1134 1688 1205 μάστιξι.
1735 1134 1845 1188 Καὶ
1885 1135 2006 1187 ὅσον

437 1235 499 1288 γε
536 1222 598 1274 ού
656 1221 1010 1293 μαστιγοῦται
1059 1224 1088 1275 ὁ
1145 1223 1502 1294 ἁμαρτάνων,
1567 1222 1846 1276 παιδεύσει
1913 1224 2007 1277 καὶ

433 1310 710 1384 διορθώσει
743 1314 954 1367 οὐδέπω
994 1315 1263 1383 ὑπάγεται
1285 1330 1298 1344 ο
1329 1314 1410 1367 διὸ
1438 1316 1531 1368 καὶ
1558 1314 1770 1368 ἀπειλεῖ
1794 1316 1822 1367 ὁ
1842 1314 2004 1377 Θεὸς,

434 1403 531 1458 ἐὰν
567 1405 781 1476 μεγάλα
829 1405 1055 1476 γένηται
1087 1405 1157 1459 τά
1201 1406 1571 1476 ἁμαρτήματα
1603 1405 1709 1457 τῶν
1746 1403 1843 1472 τὴν
1880 1404 2008 1455 Ἰου-

429 1495 585 1551 δαίαν
631 1498 953 1564 οἰκούντων,
1012 1517 1031 1550 ι
1058 1498 1272 1567 Μηκέτι
1324 1495 1721 1565 ἐπισκέψασθαι
1771 1496 1865 1549 ἐπὶ
1912 1496 2008 1559 τὰς

431 1584 738 1657 θυγατέρας
777 1586 957 1639 αὐτῶν
982 1586 1109 1638 ὅταν
1141 1584 1464 1657 πορνεύωσι,
1501 1584 1595 1637 καὶ
1626 1585 1717 1637 ἐπὶ
1750 1584 1849 1648 τὰς
1876 1586 2007 1655 νύμ-

430 1690 535 1742 φας
572 1675 751 1735 αὐτῶν
795 1676 924 1728 ὅταν
969 1674 1281 1745 μοιχεύωσι.
1310 1694 1327 1726 ι
1366 1676 1476 1728 Καὶ
1525 1674 1759 1744 ἀλλαχοῦ
1808 1692 2002 1744 φησιν’

332 1780 335 1781 ν
433 1781 453 1816 ο
488 1765 630 1818 Ἀνςν
661 1756 737 1821 ὧν
772 1764 1075 1835 ἐκαθάρισά
1108 1781 1166 1817 σε
1197 1764 1303 1833 (49)
1347 1765 1438 1817 καὶ
1472 1764 1570 1816 ούκ
1601 1763 1996 1836 ὲκαθαρίσθης,

1836 373 1901 428 IN
1944 372 2249 430 EXODUM.

440 523 464 556 ι
507 500 634 555 Ἐὰν
668 498 1126 570 ὲγκαταλείπωσιν
1154 497 1201 551 οἱ
1232 494 1337 549 υἱοὶ
1377 494 1539 548 αὑτοῦ
1570 493 1659 546 τὸν
1689 492 1849 563 νόμον
1882 509 1982 563 μου

2113 489 2225 545 fere
2286 490 2462 545 verbis
2532 490 2776 546 concludi
2820 510 2832 545 :
2879 511 2897 544 ι
2944 491 3308 562 Cognoscent,

3576 375 3682 430 ΞΠ

3396 494 3521 565 quia
3580 510 3682 565 ego

2119 580 2409 644 Dominus;
2438 600 2457 632 ι
2509 591 2564 635 ct
2615 582 2851 636 minatur
2897 599 3000 636 non
3049 582 3304 638 lsraelitis
3361 587 3540 653 modo,
3584 589 3678 642 sed

2114 671 2278 726 etiam
2302 670 2599 742 Egyptiis,
2630 685 2683 727 et
2716 674 2974 743 Assyriis,
3001 685 3055 728 et
3086 674 3208 729 aliis
3235 674 3466 730 inimicis
3497 677 3678 746 populi

2116 761 2218 816 sui.
2252 760 2306 815 ιιι
2341 777 2465 817 vero
2493 763 2634 831 quod
2669 764 2719 818 in
2754 764 2860 817 line
2889 765 3133 819 omnium
3167 762 3431 831 ejusmodi
3455 766 3682 820 commi-

2116 852 2392 906 nationum
2437 854 2673 918 additur,
2709 856 2760 908 in
2797 856 2982 909 Exodo
3014 870 3231 925 quoque
3271 855 3533 923 scriptum
3577 866 3678 910 est.

2114 943 2365 1014 Nunquid
2392 947 2627 1017 ergo-qui
2655 947 2893 1012 indurat,
2918 949 3109 1001 durum
3145 946 3397 1001 indurat?
3435 955 3679 1015 apertum

2113 1049 2294 1092 autem
2333 1050 2416 1093 est
2462 1040 2655 1093 durum
2688 1055 2791 1094 non
2842 1039 3108 1101 indurati,
3151 1041 3245 1092 sed
3293 1053 3402 1106 pra:
3438 1036 3678 1091 mollitu~

2113 1129 2259 1193 dine,
2307 1129 2559 1184 duritiem
2603 1130 2657 1182 in
2713 1131 2962 1185 duritiem
3018 1130 3359 1184 commutaui.
3408 1127 3684 1182 Mollitudo

2114 1236 2243 1275 vero
2271 1221 2449 1276 cordis
2481 1221 2780 1289 Scriptura:
2818 1221 3093 1276 sententia
3123 1219 3429 1280 laudabilis,
3468 1229 3520 1271 ut
3562 1219 3679 1286 ple-

2114 1313 2299 1381 risque
2327 1314 2379 1367 in
2410 1312 2552 1366 locis
2581 1326 2611 1365 a
2643 1312 2801 1366 nobis
2831 1322 2917 1366 est
2945 1312 3310 1366 observatum.
3355 1312 3542 1365 Dicant
3580 1310 3682 1363 ita-

2113 1421 2221 1474 que
2257 1396 2323 1460 an
2355 1406 2566 1460 Pharao
2590 1403 2656 1458 de
2694 1404 2834 1458 bono
2862 1405 3032 1457 factus
3066 1403 3134 1456 sit
3166 1406 3365 1468 malus;
3402 1408 3492 1457 sed
3519 1410 3573 1456 et
3613 1419 3679 1457 an

2114 1496 2279 1560 Deus,
2317 1511 2440 1551 cum
2488 1494 2822 1549 Pharaonem
2867 1494 3231 1563 reprehendit,
3273 1494 3467 1561 injuria
3510 1510 3680 1550 necne

2114 1585 2507 1657 reprehendat:
2534 1586 2584 1641 si
2619 1595 2853 1651 temere;
2882 1584 3154 1652 quomodo
3190 1584 3404 1654 sapiens
3429 1583 3679 1652 etjustus

2109 1679 2229 1733 eSt?
2264 1678 2308 1732 si
2345 1692 2450 1731 non
2501 1686 2741 1741 temere;
2793 1691 2955 1731 causa
3004 1676 3105 1730 fuit
3139 1686 3517 1747 peccatorum,
3558 1691 3678 1745 quae

2108 1782 2135 1820 a
2180 1765 2475 1821 Pharaonis
2517 1768 2656 1822 duro
2701 1776 2755 1823 et
2807 1768 3157 1837 immorigero
3212 1766 3393 1835 animo
3434 1765 3676 1834 profecta

427 1854 490 1906 ού
550 1854 945 1924 θυμωθήσομαι
1007 1855 1099 1910 ἐπὶ
1154 1855 1233 1908 σοι
1273 1853 1381 1917 ἔτι,
1432 1853 1553 1906 οὐδὲ
1617 1852 1847 1925 ζηλὼσω
1904 1856 1989 1911 ὲπι

2102 1865 2263 1911 sunt:
2296 1865 2353 1910 at
2388 1856 2431 1911 si
2467 1871 2629 1911 causa
2684 1866 2792 1921 est,
2832 1872 2937 1913 non
2992 1867 3110 1911 erat
3148 1858 3241 1912 ille
3298 1859 3525 1927 perdita:
3571 1873 3672 1912 na-

430 1941 515 1995 σοι
566 1942 703 1998 ἔτι.»
741 1944 947 1997 Οὐκοῦν
981 1938 1062 2007 οἷς
1092 1943 1153 1996 ού
1186 1943 1441 2014 θυμοῦται
1471 1945 1894 2016 ἁμαρτάνουσιν,
1928 1947 1995 2000 ἵν’

427 2031 600 2096 οὕτως
627 2033 784 2100 είπω,
819 2034 1138 2106 χολούμενος
1161 2034 1221 2087 ού
1255 2033 1540 2105 θυμοῦται.
1570 2036 1996 2108 Παρατηρητέον

425 2121 483 2174 δὲ
507 2122 600 2176 καὶ
619 2123 710 2176 ἐπὶ
725 2126 841 2187 ταῖς
862 2126 1222 2196 προφητικαῖς
1241 2123 1491 2188 ἀπειλαῖς
1514 2125 1607 2178 ὲπι
1628 2127 1740 2189 τοῖς
1762 2125 1994 2192 πολλοῖς,

420 2212 505 2266 ὅτι
537 2214 841 2282 ὲπιλέγεται
890 2215 981 2268 τό·
1023 2234 1041 2267 ι
1076 2214 1377 2270 Γνὼσονται
1421 2217 1503 2271 ὅτι
1553 2216 1664 2286 ἐγώ
1721 2218 1836 2289 είμι
1885 2218 1999 2271 Κύ-

421 2320 556 2373 ριος.
585 2324 603 2357 ι
641 2306 749 2359 Καὶ
781 2307 992 2361 ἀπειλεῖ
1020 2306 1080 2360 ού
1122 2309 1282 2379 μόνον
1320 2309 1702 2382 Ἰσραηλίταις,
1737 2310 1872 2365 ἀλλὰ
1904 2312 1997 2366 καὶ

419 2396 751 2465 Αἰγυπτίοις,
787 2400 880 2453 καὶ
910 2400 1216 2473 Ἀσσυρίοις
1244 2402 1378 2471 (50),
1416 2404 1508 2457 καὶ
1538 2404 1751 2476 ἑτέροις
1784 2404 1997 2477 ἐχθροῖς

416 2488 510 2541 τοῦ
536 2488 685 2543 λαοῦ.
718 2491 884 2544 Τοῦτο
914 2492 970 2545 δὲ
1003 2493 1063 2546 τὸ
1095 2494 1188 2546 ἐπὶ
1211 2495 1351 2548 τέλει
1385 2495 1590 2549 πολλῶν
1633 2496 1995 2568 νομιζομένων

419 2577 652 2631 ἀπειλῶν
679 2580 774 2632 καὶ
806 2581 862 2632 ὲν
896 2584 959 2652 τῇ
1006 2581 1200 2653 Ἐξόδῳ
1246 2584 1677 2656 ἀναγέγραπται.
1709 2582 1855 2657 *Αρα
1885 2587 1994 2658 γὰρ

418 2670 446 2719 ὁ
474 2669 784 2741 σκληρύνων
820 2672 1053 2743 σκληρὸν
1084 2667 1403 2745 σκληρύνειξ
1443 2676 1611 2744 σαφὲς
1637 2677 1682 2730 δ’
1714 2678 1796 2730 ὅτι
1830 2677 1995 2747 σκλη-

422 2757 512 2827 ρὸν
550 2761 610 2812 ού
652 2762 1028 2834 σκληρύνεται,
1075 2765 1191 2818 ἀλλ’
1231 2766 1338 2819 ἀπὸ
1379 2766 1717 2838 ἀπαλότητος
1756 2770 1789 2838 ἡ
1825 2768 1991 2841 σκλη-

420 2848 580 2922 ρότης
614 2851 723 2923 (51)
750 2856 830 2918 είς
866 2856 1208 2929 σκληρότητα
1240 2859 1596 2929 μεταϐάλλει’
1634 2861 1907 2931 ἀπαλότης
1935 2863 1992 2916 δὲ

418 2942 641 3013 καρδίας
673 2945 812 2999 κατά
847 2947 945 3018 τὴν
996 2949 1219 3021 Γραφὴν
1272 2952 1565 3023 ἐπαινετὴ,
1599 2952 1676 3015 ὡς
1724 2952 1991 3023 πολλαχοῦ

423 3036 823 3107 τετηρήκαμεν.
874 3040 1196 3107 Λεγέτωσαν
1236 3042 1519 3115 τοιγαροῦν
1553 3044 1601 3097 εί
1671 3045 1904 3117 χρηστὸς
1963 3048 1992 3100 ὁ

414 3122 609 3193 Φαραὼ
638 3127 937 3196 τυγχάνων,
974 3128 1263 3200 γεγένηται
1290 3132 1545 3202 πονηρὸς,
1573 3130 1708 3185 ἀλλὰ
1740 3132 1832 3186 καὶ
1871 3132 1990 3203 ἤτοι

2104 1958 2257 2003 ιυτω.
2318 1948 2418 2004 Est
2480 1949 2581 2003 hoc
2637 1962 2854 2018 quoque
2912 1951 3236 2001 credendum
3321 1950 3463 2017 quod
3550 1949 3676 2003 hinc

2104 2038 2285 2107 petitis
2313 2040 2489 2092 verbis
2521 2051 2652 2092 usus
2684 2037 2974 2106 Apostolus
3006 2039 3138 2089 dicit
3164 2038 3210 2067 ⁸ο
3237 2055 3250 2090 :
3281 2056 3300 2088 ι
3334 2038 3475 2104 Ergo
3512 2053 3670 2105 quem

2104 2128 2216 2183 vult
2259 2129 2569 2198 miseratur,
2598 2138 2651 2184 et
2683 2143 2842 2198 quem
2886 2126 2999 2178 vult
3044 2126 3280 2180 indurat.
3338 2129 3493 2183 Dices
3539 2145 3667 2198 ergo

2106 2217 2237 2272 mihi
2274 2237 2287 2272 :
2320 2220 2430 2273 Cur
2468 2220 2635 2274 etiam
2685 2215 3014 2273 succenset?
3059 2215 3317 2271 voluntati
3365 2218 3510 2272 enim
3560 2216 3675 2284 ejus

2104 2310 2227 2380 quis
2262 2311 2535 2365 restitit?»
2583 2312 2707 2379 quis
2740 2320 2823 2367 est
2866 2313 2959 2383 qui
3011 2313 3229 2367 indurat
3274 2322 3329 2366 et
3372 2311 3464 2381 qui
3514 2312 3673 2365 mise-

2104 2404 2291 2457 ratur?
2319 2418 2421 2457 non
2468 2404 2613 2458 enim
2647 2403 2875 2461 alterius
2904 2415 2986 2461 est
3023 2406 3294 2468 miserari,
3328 2406 3557 2459 alterius
3588 2405 3671 2459 in-

2101 2495 2318 2561 durare,
2344 2495 2494 2563 juxta
2546 2512 2733 2553 vocem
2772 2498 3051 2566 Apostoli;
3099 2499 3193 2552 sed
3238 2498 3397 2551 unius
3444 2507 3498 2551 et
3527 2495 3673 2564 ejus-

2101 2585 2244 2642 dem.
2271 2587 2411 2658 Ergo
2435 2590 2524 2658 qui
2561 2589 2991 2644 misericordiam
3026 2589 3077 2643 in
3107 2588 3214 2643 Duo
3243 2599 3669 2657 consequuntur,

2100 2673 2216 2742 ejus
2255 2690 2380 2734 sunt
2436 2681 2524 2747 qui
2573 2696 2671 2735 cor
2726 2681 3028 2736 Pharaonis
3076 2680 3324 2742 indurat;
3369 2690 3425 2735 et
3469 2679 3669 2735 frustra

2102 2768 2232 2837 ipsis
2256 2769 2390 2823 alius
2415 2769 2548 2825 deus
2566 2771 2803 2841 ﬁngitur,
2830 2786 2990 2839 quam
3015 2770 3206 2824 bonus.
3229 2768 3468 2839 Ipsorum
3497 2768 3665 2823 etiam

2099 2862 2387 2926 sententia,
2426 2863 2588 2925 Dens,
2626 2877 2729 2917 non
2775 2862 2948 2916 solum
2996 2861 3328 2924 misericors,
3370 2860 3467 2915 sed
3500 2860 3668 2914 etiam

2101 2953 2379 3021 induratis,
2407 2970 2504 3009 nec
2530 2954 2762 3023 amplius
2795 2954 2982 3017 fuerit.
3017 2964 3075 3008 ut
3098 2955 3435 3019 existimant,
3470 2954 3662 3007 bonus.

2100 3042 2226 3098 llaec
2260 3056 2439 3101 autem
2482 3048 2744 3104 adversus
2787 3063 2884 3103 cos
2918 3048 3008 3117 qui
3052 3047 3190 3100 citra
3236 3062 3421 3100 curam
3450 3058 3506 3099 et
3551 3046 3667 3101 dis-

2099 3136 2480 3204 quisitionem,
2528 3148 2797 3193 tantarum
2852 3154 3033 3193 rerum
3089 3137 3192 3191 sibi
3242 3138 3664 3207 intelligentiam

414 3214 728 3286 αίτιώμενος
762 3220 792 3271 ὁ
829 3218 959 3283 Θεὸς
998 3220 1074 3290 τῷ
1105 3221 1304 3292 Φαραὼ
1345 3200 1481 3293 (52),
1515 3223 1691 3294 μάτην
1730 3200 1987 3289 αἰτιᾶται,

2099 3240 2367 3299 arrogant,
2403 3240 2457 3284 et
2498 3238 2803 3285 nostrorum
2835 3228 3168 3300 simplicitati
3210 3229 3491 3293 insultant,
3537 3230 3661 3283 data

415 3303 536 3372 ἢού
574 3306 783 3378 μάτην·
825 3311 875 3362 εί
909 3310 1007 3381 μὲν
1039 3307 1132 3364 οὖν
1180 3312 1378 3383 μάτην,
1416 3313 1535 3376 πῶς
1566 3312 1646 3367 ἐτι
1690 3313 1852 3383 σοφὸς
1898 3315 1991 3367 καὶ

410 3392 649 3459 δίκαιος;
680 3399 728 3450 εί
761 3398 819 3451 δὲ
856 3399 929 3470 μὴ
967 3402 1161 3471 μάτην,
1184 3401 1355 3467 αἴτιος
1387 3402 1649 3474 ἐτύγχανε
1677 3402 1785 3459 τῶν
1816 3405 1986 3475 ἀμαρ-

410 3485 672 3554 τημάτων
696 3487 805 3539 τῶν
829 3491 970 3542 κατὰ
996 3491 1092 3560 τὴν
1117 3493 1398 3547 ἀπείθειαν
1426 3493 1505 3564 τῷ
1544 3493 1773 3565 Φαραὼ’
1817 3496 1911 3549 καὶ
1943 3497 1990 3549 εί

410 3572 613 3638 αἴτιος,
666 3576 726 3627 ού
795 3576 1011 3645 φύσεως
1079 3576 1146 3651 ἦν
1207 3582 1579 3655 ἀπολλυμένης
1628 3585 1850 3649 ἐκεῖνος.
1896 3587 1992 3639 Πι-

413 3665 664 3719 στευτέον
699 3666 809 3738 (53)
851 3667 1096 3737 μέντοιγε
1128 3672 1220 3724 καὶ
1253 3672 1430 3735 τοῦτο,
1472 3674 1560 3728 διὰ
1590 3674 1652 3727 τὸ
1698 3677 1989 3748 καταχρώ-

414 3770 575 3822 μενον
626 3755 717 3810 τὸν
743 3755 1060 3811 Ἀπόστολον
1102 3763 1214 3824 τοῖς
1245 3763 1492 3816 ἐντεῦθεν
1537 3765 1724 3834 ῥητοῖς
1775 3763 1953 3829 λέγειν
1974 3782 1987 3796 ο

415 3862 434 3894 ι
465 3844 584 3914 ’Ἆρ’
612 3841 705 3899 οὖν
746 3846 804 3899 ὃν
857 3847 999 3902 θέλει
1056 3850 1228 3913 ἐλεεῖ,
1276 3852 1336 3906 ὃν
1384 3855 1441 3907 δὲ
1475 3854 1619 3908 θέλει
1675 3855 1987 3926 σκληρύνει.

422 3933 594 4004 Ἐρεῖς
641 3930 735 3990 οὖν
784 3955 894 4007 μοι,
919 3939 985 3994 Τί
1033 3940 1112 3993 ἔτι
1169 3942 1471 4012 μέμφεται;
1518 3943 1599 4012 τῷ
1642 3944 1751 4015 γὰρ
1799 3944 1991 4015 βουλὴ-

413 4039 539 4090 ματι
579 4027 744 4080 αύτοῦ
776 4028 861 4092 τίς
902 4031 1234 4103 ἀνθέστηκε;
1262 4051 1280 4083 ι
1321 4034 1403 4097 τίς
1451 4037 1480 4089 ὁ
1532 4035 1850 4106 σκληρύνων
1883 4036 1977 4089 καὶ

409 4114 601 4179 exeam;
630 4118 690 4170 ού
720 4117 829 4189 γὰρ
868 4118 931 4189 δὴ
966 4120 1150 4192 ἐτέρου
1196 4121 1256 4175 τὸ
1290 4124 1628 4197 σκληρύνειν,
1676 4127 1769 4181 καὶ
1801 4129 1985 4200 ἑτέρου

405 4205 467 4258 τὸ
495 4206 666 4261 ἐλεεῖν
710 4210 853 4263 κατά
892 4212 991 4282 τὴν
1037 4215 1397 4286 ἀποστολικὴν
1447 4219 1652 4289 φωνὴν,
1700 4219 1835 4273 ἀλλά
1890 4221 1983 4274 τοῦ

405 4296 591 4350 αὐτοῦ.
614 4300 770 4352 Ἤτοι
800 4296 893 4353 οὖν
926 4303 973 4354 οἱ
1000 4302 1057 4354 ὲν
1085 4303 1205 4374 Θεῷ
1235 4305 1345 4375 (54)
1374 4305 1679 4377 έλεούμενοι
1710 4307 1805 4361 τοῦ
1831 4309 1985 4380 σκλη-

408 4384 656 4455 ρύνοντός
686 4390 791 4441 εἰσι
831 4390 930 4461 τὴν
965 4393 1190 4463 καρδίαν
1219 4396 1437 4467 Φαραὼ,
1480 4400 1573 4451 καὶ
1624 4400 1801 4470 μάτην
1850 4403 1982 4455 ἀνα-

405 4476 706 4531 πλάσσεται
738 4480 922 4544 αὐτοῖς
958 4482 1143 4554 ἕτερος
1184 4486 1334 4551 Θεὸς,
1378 4488 1409 4558 ἢ
1439 4489 1661 4558 ἀγαθός.
1706 4493 1843 4546 Κατ’
1875 4496 1974 4548 αύ-

403 4568 530 4628 τούς
558 4566 707 4631 Θεὸς,
728 4568 828 4622 ούκ
860 4570 1103 4642 ἐλεήμων
1145 4575 1324 4643 μόνον,
1346 4578 1480 4631 άλλά
1515 4580 1606 4632 καὶ
1635 4580 1972 4654 σκληρύνων,

402 4655 499 4707 καὶ
514 4655 611 4708 οὐκ
626 4656 697 4709 ἐτ’
722 4657 786 4711 ἂν
815 4659 922 4731 εἴη,
954 4662 1029 4726 ὼς
1057 4663 1543 4735 ὑπολαμϐάνουσιν,
1559 4670 1777 4739 ἀγαθός.
1794 4674 1976 4729 Πάντα

400 4745 463 4835 δι
490 4745 662 4799 ταῦτα
689 4749 940 4821 ἐπίτηδες
972 4755 1064 4806 ἐπὶ
1094 4755 1274 4809 πλεῖον
1313 4757 1655 4832 ὲξητάσαμεν
1685 4764 1819 4835 πρὸς
1847 4767 1974 4829 τοὺς

399 4834 774 4902 ἀϐασανίστως
824 4842 1035 4905 ἑαυτοῖς
1084 4846 1471 4917 χαριζομένους
1519 4850 1580 4902 τὸ
1627 4834 1972 4922 νενοηκέναι,

400 4926 493 4978 καὶ
526 4928 912 4996 ἐπιϐαίνοντας
950 4936 1016 5004 τῇ
1050 4936 1313 5008 ἁπλότητι
1359 4939 1466 4992 τῶν
1516 4941 1819 5013 ἡμετέρων,
1862 4946 1971 4998 ὲνι-

400 5017 652 5099 στάμενοι
686 5023 780 5075 καὶ
810 5022 1113 5091 δεικνύντες
1155 5028 1237 5081 ὅτι
1286 5028 1407 5084 οὒτε
1441 5033 1521 5095 είς
1572 5031 1607 5085 ἃ
1653 5033 1970 5105 ὑπολαμϐά-

469 5152 514 5184 ⁸⁰
550 5154 706 5210 Rom.
734 5174 810 5224 Ix,
844 5160 927 5225 l8,
962 5162 1046 5217 l9.
1121 5165 1163 5196 ⁸¹
1192 5165 1334 5222 Psal.
1368 5184 1441 5232 νι,
1472 5169 1527 5233 2,
1564 5179 1613 5224 et
1660 5185 1869 5236 xxxv",
1912 5175 1966 5227 2.

396 5288 903 5416 ιίυῇᾨδέντθλάς
932 5296 998 5350 δέ
1021 5317 1161 5367 μου.
1192 5301 1557 5374 Expungenda
1590 5306 1802 5363 videtur
1834 5325 1958 5379 par-

460 5429 575 5568 (68)
620 5434 691 5487 Τὸ
721 5434 972 5503 ἄνομον.
1008 5435 1170 5504 Lego,
1197 5441 1257 5493 τὸ
1288 5442 1377 5495 τὸν
1410 5444 1632 5516 ἄνομον.

483 5498 570 5568 49)
622 5502 763 5557 Ἀνίν
786 5499 874 5558 ὧν
910 5506 1237 5568 ἑκαθάρισά
1260 5524 1473 5568 Ue.etc.
1530 5517 1632 5568 Han

483 5498 570 5569 49)
590 5502 763 5575 ΑξΑνσ
786 5498 874 5558 (by
910 5498 1237 5575 ἐκαθάρισά
1260 5525 1351 5575 σε,
1369 5524 1473 5568 etc.
1498 5498 1649 5570 illam
1674 5532 1736 5570 ex
1764 5517 1960 5574 Ezcclt.

397 5584 546 5656 ἷξεν,
569 5571 674 5652 μ’),
696 5576 865 5656 petita
900 5587 1047 5656 sunt,
1167 5594 1233 5633 ex
1268 5571 1503 5656 Hebraeis
1529 5597 1582 5640 et
1615 5571 1955 5656 Vulgz-tapet

392 5636 1206 5713 reliquis“interpretationibus
1255 5652 1390 5706 satis
1431 5636 1961 5713 ιῑοιιέιτιιίῖιϊξῖιιῖζ

392 5710 684 5835 ῗίδέῒτιῐῗν
737 5710 1118 5775 Οπειιιιὶοιιοε
1178 5719 1407 5778 multum
1477 5725 1599 5782 inde
1654 5710 1955 5784 recedunt.

2092 3336 2255 3390 opera
2302 3320 2551 3389 pluribus
2596 3336 2785 3376 sumus
2837 3322 3139 3389 persecuti,
3196 3320 3315 3373 nisu
3370 3321 3514 3372 omni
3568 3335 3661 3372 ur-

2094 3416 2288 3477 gentes
2322 3422 2384 3460 ac
2419 3406 2705 3462 ostendere
2739 3417 3021 3472 conantes,
3055 3422 3226 3474 neque
3264 3409 3329 3461 ad
3359 3423 3421 3460 ea
3454 3423 3575 3475 qua:
3597 3409 3665 3461 de

2092 3498 2203 3553 Deo
2242 3498 2575 3560 existimant,
2610 3513 2783 3568 neque
2823 3501 2889 3553 ad
2925 3515 2988 3555 ea
3042 3515 3165 3569 quae
3198 3500 3264 3554 de
3314 3512 3506 3554 natura
3551 3511 3663 3555 tra-

2088 3589 2242 3655 dunt,
2269 3589 2370 3645 sibi
2389 3589 2704 3659 quidquam,
2737 3600 2793 3643 ut
2825 3599 3030 3660 putant,
3053 3590 3194 3645 hunc
3213 3606 3372 3662 quem
3404 3592 3661 3646 habemus

2090 3679 2344 3734 conferre
2393 3695 2720 3733 sermonem.
2775 3680 2882 3734 Nos
2932 3690 3151 3743 autem,
3201 3695 3346 3750 quos
3384 3680 3660 3751 multiplex.

2093 3768 2232 3822 ratio
2262 3768 2313 3821 in
2348 3770 2485 3823 hanc
2518 3771 2843 3824 sententiam
2896 3771 3142 3836 induxit,
3178 3771 3560 3825 existimamus
3604 3781 3661 3824 et

2091 3858 2353 3923 dolorem,
2390 3870 2445 3913 et
2480 3859 2813 3925 molestiam,
2844 3871 2896 3915 et
2938 3862 3200 3926 laborem,
3248 3872 3305 3916 et
3348 3862 3662 3932 castigatio-

2090 3963 2214 4003 nem
2253 3964 2375 4019 quaa
2403 3966 2432 4004 a
2473 3951 2579 4005 Deo
2609 3951 2933 4017 inferuntur,
2975 3968 3249 4021 nunquam
3282 3963 3470 4008 contra
3502 3955 3658 4024 117

2088 4056 2184 4096 eos
2223 4056 2382 4107 esse;
2424 4042 2519 4096 sed
2564 4041 2629 4095 iis
2677 4056 2892 4111 semper
2936 4044 3244 4097 conducere
3296 4043 3386 4111 qui
3441 4044 3658 4112 patiun-

2091 4143 2196 4187 tur.
2230 4132 2454 4188 Dut-iora
2502 4133 2688 4202 igitur,
2722 4148 2843 4203 quae
2888 4134 2996 4187 Deo
3040 4134 3201 4187 tribui
3255 4144 3511 4204 putantur
3565 4152 3661 4189 nu-

2088 4224 2433 4286 mina,furor
2468 4235 2522 4279 et
2573 4227 2675 4288 ira,
2730 4241 2962 4295 arguere
3011 4234 3066 4280 et
3107 4227 3328 4280 erudire
3365 4226 3657 4294 dicuntur,

2086 4324 2146 4369 ut
2181 4314 2269 4369 hic
2297 4315 2341 4347 ⁸¹
2375 4332 2390 4369 :
2430 4334 2449 4367 ι
2484 4316 2729 4381 Domine,
2752 4331 2817 4369 ne
2846 4318 2897 4369 iu
2935 4315 3119 4369 furore
3148 4326 3241 4369 tuo
3271 4317 3515 4385 argueris
3546 4334 3652 4381 tne,

2086 4420 2262 4473 neque
2289 4406 2367 4458 ira
2408 4416 2498 4458 tua
2525 4405 2791 4459 crndieris
2816 4419 2936 4468 me;
2987 4423 3004 4456 ι
3040 4420 3162 4459 cum
3188 4405 3252 4469 is,
3281 4406 3372 4474 qui
3399 4406 3653 4475 Inccpre—

2085 4504 2274 4558 catur,
2320 4505 2441 4550 oret
2490 4510 2559 4549 ne
2593 4509 2728 4565 opus
2774 4494 2971 4550 habeat
3034 4497 3459 4565 reprehensione
3497 4516 3525 4551 a
3569 4498 3650 4553 fu-

2084 4601 2205 4641 rore
2244 4586 2359 4648 Dei,
2395 4598 2449 4641 et
2486 4587 2789 4643 eruditione
2819 4603 2914 4658 per
2951 4588 3087 4642 iratn
3122 4589 3292 4658 ipsius
3322 4630 3339 4655 ,
3372 4591 3527 4660 quasi
3564 4590 3649 4645 [ιι-

2086 4686 2262 4732 turutn
2306 4680 2379 4734 sit
2424 4688 2481 4734 ut
2534 4680 2700 4749 aliqui
2746 4681 2931 4738 furore
2984 4682 3075 4736 Dei
3116 4693 3415 4751 arguantur
3466 4694 3521 4737 et
3573 4683 3654 4737 ira

2083 4768 2251 4837 ipsius
2295 4773 2643 4827 erudiuntur.
2689 4775 2870 4846 Atque
2919 4784 2976 4828 ιιι
3025 4776 3109 4829 his
3166 4777 3330 4830 dictis
3380 4777 3555 4844 magis
3590 4792 3653 4828 ac

2083 4861 2255 4924 magis
2306 4864 2705 4930 assentiamur,
2761 4881 2792 4920 e
2838 4867 2989 4920 Novo
3044 4881 3262 4935 quoque
3305 4866 3652 4920 Testamento

2082 4950 2279 5005 similia
2340 4956 2654 5009 testimonia
2704 4958 2934 5025 petenda
2977 4967 3143 5019 sunt,
3197 4958 3410 5012 dicente
3444 4957 3648 5012 Serva-

2083 5051 2196 5096 ture
2242 5043 2326 5097 δίε
2366 5062 2384 5096 ι
2422 5044 2602 5116 ignem
2642 5048 2767 5103 veni
2825 5048 3045 5102 mittere
3100 5047 3152 5102 in
3199 5057 3436 5114 terram,
3485 5060 3651 5120 atque

2080 5176 2125 5206 ⁸²
2160 5175 2291 5233 Luc.
2326 5195 2426 5246 xu,
2454 5180 2544 5235 49.

2146 5311 2258 5383 (50)
2298 5315 2408 5368 Kal
2449 5300 2800 5385 Ἀσσυρίοις.
2842 5318 2962 5373 Ilaec
2996 5321 3047 5374 in
3098 5319 3248 5376 libris
3291 5334 3445 5377 antea
3482 5323 3643 5379 editis

2074 5385 2275 5457 omissa
2304 5395 2449 5457 sunt,
2476 5389 2568 5439 sed
2599 5392 2919 5457 supplentur
2946 5406 2976 5444 e
3005 5406 3135 5447 mss.

2138 5450 2268 5523 (5i)
2321 5450 2767 5526 'Ho'xxnpdz'n'c.
2822 5458 2979 5515 Deest
3033 5461 3085 5515 in
3137 5461 3350 5532 aliquot
3400 5480 3525 5521 mss.
3586 5472 3638 5516 νι

2064 5523 2257 5577 abesse
2293 5533 2491 5591 potest.

2288 5592 2372 5673 [ᾧ
2399 5595 2624 5673 Φαραῴ.
2659 5597 3075 5673 Q_tt_itlani_tttss.,
3102 5601 3189 5654 τὸν
3221 5602 3438 5673 Φαραώ.

2283 5665 2663 5741 μιστευτέον.
2684 5663 2860 5723 Forte
2895 5671 3176 5741 legendum
3208 5663 3486 5731 πευστέον.

3004 5742 3027 5751 -ν

2124 5734 2236 5806 (Ei-ll
2282 5733 2428 5793 Unus
2466 5738 2629 5795 codex
2668 5756 2796 5810 tns.,
2821 5733 3060 5815 Χριέτῷ.
3436 5776 3439 5779 -
