4122 6248
486 340 596 396 275

1931 350 2273 408 ORIGENES

3625 351 3727 408 2'6

488 463 694 516 minam
728 459 839 529 iam
888 463 1149 528 arsisset;
1181 483 1200 516 ι
1249 465 1350 520 nisi
1420 465 1565 520 enim
1626 466 1882 522 salutaris
1919 481 2062 525 esset

2166 489 2312 524 νουσι
2346 471 2472 544 περὶ
2515 471 2670 539 Θεοῦ,
2705 473 2825 527 οὔτε
2856 476 2933 538 είς
2975 474 3008 530 ἃ
3047 470 3428 543 δογματίζουσι
3462 469 3590 540 περὶ
3626 470 3728 539 φύ-

490 551 653 622 ignis,
687 567 846 620 quem
881 553 1026 606 venit
1062 552 1274 610 mittere
1314 555 1366 609 in
1402 565 1604 610 terram
1631 596 1646 621 ,
1677 567 1730 611 et
1754 558 2061 614 hominibus

489 642 785 708 salutaris,
833 660 1104 713 nunquam
1149 661 1210 700 ea
1255 648 1482 702 dixisset
1531 649 1656 703 boni
1712 648 1808 703 Dei
1865 649 2058 706 Filius.

492 733 598 788 Sed
633 745 686 788 et
723 733 934 798 Petrus,
978 736 1283 804 quiverbo
1324 739 1589 792 Ananiam
1627 749 1682 792 et
1735 739 2058 809 Sapphiram

490 827 642 890 quod.
655 837 995 893 peccassent.
1017 827 1126 882 Deo
1151 831 1381 893 mentiti,
1409 846 1514 883 non
1537 830 1868 894 hominibus,
1892 832 2062 884 inter-

487 915 650 981 iecit,
706 931 814 972 non
864 919 914 970 id
957 919 1115 972 modo
1159 923 1370 974 curavit
1415 929 1472 975 ttt
1524 922 1924 976 aediﬁcarentur
1960 926 2052 992 qui

489 1008 541 1062 in
575 1009 777 1062 Christi
832 1010 989 1064 ﬁdem
1021 1026 1084 1064 eo
1125 1012 1240 1065 viso
1285 1013 1652 1084 religiosiores
1681 1023 1734 1068 et
1767 1017 1939 1082 magis
1983 1017 2055 1086 pii

487 1109 644 1152 erant
675 1099 876 1163 futuri,
926 1103 1016 1154 sed
1045 1111 1098 1154 et
1121 1105 1451 1169 morientes;
1491 1106 1676 1160 volens
1717 1121 1811 1162 eos
1845 1123 1939 1177 per
1969 1123 2056 1163 re-

492 1189 766 1254 pentinam
808 1199 1034 1242 mortem
1068 1193 1331 1258 expiatos,
1373 1211 1470 1249 nec
1505 1197 1791 1263 npinantes
1820 1213 2050 1267 corpore

488 1279 757 1343 liberare,
805 1279 895 1348 qui
931 1290 982 1334 et
1022 1281 1223 1350 aliquid
1258 1286 1397 1338 unde
1423 1285 1858 1352 justilicarentur
1886 1290 2053 1343 habe-

491 1374 622 1425 bant
652 1389 666 1436 ;
700 1372 825 1442 quia
860 1373 940 1426 vel
971 1374 1254 1428 dimidium
1281 1378 1543 1431 honorum
1566 1395 1787 1434 suorum
1816 1381 1868 1435 in
1904 1397 2056 1435 usuin

487 1463 761 1532 egentium
799 1465 1078 1518 dederant.
1121 1467 1182 1520 Et
1225 1468 1424 1523 Paulus
1461 1485 1604 1536 eum,
1642 1472 1731 1539 qui
1772 1488 1892 1526 cum
1936 1489 2061 1541 pro-

488 1554 709 1607 consule
762 1556 952 1625 Sergio
1000 1557 1168 1611 Paulo
1201 1571 1353 1623 erat,
1391 1560 1540 1614 dicto
1596 1564 1912 1624 abi-means.
1967 1581 2061 1632 per

486 1641 704 1694 dolores
748 1651 801 1696 et
837 1644 1142 1698 molestiam
1196 1648 1368 1716 ipsum
1415 1651 1482 1703 ad
1541 1651 1792 1719 pietatem
1837 1668 2060 1706 conver-v

489 1733 572 1794 tit,
611 1733 797 1787 dii-ens
825 1736 922 1802 ipsi
959 1737 1004 1768 ⁸³
1037 1755 1050 1790 :
1100 1757 1116 1789 ι
1151 1737 1194 1792 Ο
1225 1739 1380 1808 plene
1409 1741 1555 1794 omni
1584 1742 1704 1794 dolo
1727 1752 1779 1795 et
1823 1741 2051 1810 fallacia,

2165 581 2332 626 σεως,
2382 562 2745 632 συμϐάλλεται
2796 567 3000 629 αὐτοῖς,
3053 565 3126 627 ὼς
3177 563 3411 622 οἴονται,
3444 562 3472 613 ὀ
3519 559 3673 628 λόγος
3702 563 3728 615 ὅ

2161 651 2301 704 κατά
2333 650 2392 702 τὸ
2431 653 2717 721 ἐνεστηκὸς
2760 652 3158 724 ἐξεταζόμενος.
3206 653 3394 722 Ἡμεῖς
3437 650 3492 702 δὲ
3533 649 3729 707 πολλα-

2162 741 2314 812 χόθεν
2351 742 2676 812 πειθόμενοι,
2713 745 2805 796 καὶ
2847 745 3005 798 πόνον
3051 744 3142 796 καὶ
3175 742 3390 794 κόλασιν
3415 741 3482 793 τὰ
3525 757 3731 812 προσα-

2161 834 2366 903 γόμενα
2414 835 2523 887 ἀπὸ
2567 835 2659 887 τοῦ
2693 835 2826 889 Θεοῦ
2860 835 3150 905 νομίζομεν
3182 831 3449 902 γίνεσθαι,
3481 832 3732 884 οὐδέποτε

2162 925 2302 979 κατὰ
2332 925 2438 980 τῶν
2489 927 2822 995 πασχόντων,
2853 926 2964 979 ἀλλ’
2995 927 3079 980 ἀεὶ
3108 925 3245 995 ὑπὲρ
3281 923 3476 976 αὐτῶν.
3520 923 3629 975 Καὶ
3664 921 3736 976 τὰ

2163 1015 2517 1086 χαλεπώτατα
2538 1017 2666 1086 γοῦν
2691 1017 2810 1087 Θεῷ
2835 1015 3164 1087 νομιζόμενα
3194 1011 3598 1084 προσάπτεσθαι
3625 1011 3733 1064 τῶν

2161 1109 2456 1179 ὀνομάτων,
2509 1108 2676 1178 θυμὸς
2708 1111 2799 1162 καὶ
2837 1109 2992 1180 ὀργὴ,
3045 1110 3284 1178 ἐλέγχειν
3337 1107 3429 1159 καὶ
3462 1104 3732 1158 παιδεύειν

2161 1199 2374 1267 λέγεται
2433 1201 2490 1251 ὲν
2549 1199 2660 1268 τῷε
2701 1219 2718 1250 ί
2746 1199 2937 1270 Κύριε,
2969 1200 3040 1270 μὴ
3094 1199 3170 1268 τῷ
3199 1197 3354 1268 θυμῷ
3389 1213 3478 1250 σου
3513 1194 3734 1265 ἐλέγξῃς

2167 1307 2252 1360 με,
2299 1290 2431 1360 μηδὲ
2465 1293 2531 1360 τῇ
2582 1291 2716 1361 ὀργῇ
2776 1308 2868 1343 σου
2928 1291 3220 1362 παιδεύσῃς
3255 1307 3344 1358 με,
3378 1309 3395 1339 ι
3437 1287 3531 1340 τοῦ
3563 1287 3732 1341 ταῦτα

2103 1438 2105 1440 η
2161 1381 2474 1450 εὐχομένου,
2525 1380 2775 1450 δεομένου
2835 1380 2907 1451 μὴ
2961 1380 3214 1449 δεηθῆναι
3254 1378 3474 1448 ἐλέγχου
3517 1375 3610 1428 τοῦ
3647 1373 3736 1428 διὰ

2164 1469 2334 1538 θυμοῦ
2368 1469 2523 1532 Θεοῦ,
2559 1472 2650 1523 καὶ
2686 1469 3016 1532 παιδεύσεως
3043 1468 3141 1538 τῆς
3180 1467 3268 1521 διὰ
3297 1468 3395 1538 τῆς
3439 1467 3607 1538 ὀργῆς
3639 1465 3738 1519 αύ-

2161 1560 2276 1624 τοῦ,
2305 1561 2379 1623 ὡς
2410 1560 2570 1614 τινῶν
2604 1559 3074 1630 ὲλεγχθησομένων
3125 1559 3203 1630 τῷ
3269 1558 3424 1629 θυμῷ
3452 1558 3542 1613 τοῦ
3578 1555 3736 1621 Θεοῦ,

2163 1650 2255 1702 καὶ
2283 1650 2790 1720 παιδευθησομένων
2830 1653 2895 1720 τῇ
2923 1651 3056 1721 ὀργῇ
3089 1647 3274 1702 αὐτοῦ.
3308 1651 3424 1702 Ἵνα
3453 1648 3510 1702 δὲ
3539 1647 3737 1718 μᾶλλον

2164 1740 2514 1813 προσιώμεθα
2560 1740 2628 1793 τὰ
2672 1740 2959 1811 λεγόμενα,
2991 1741 3084 1793 καὶ
3116 1739 3223 1792 ἀπὸ
3253 1741 3346 1811 τῆς
3368 1739 3571 1809 Καινῆς
3613 1740 3735 1790 Δια-

445 1899 448 1905 ,
489 1823 562 1877 fili
602 1825 827 1890 diaboli,
861 1829 1039 1883 hostis
1071 1832 1248 1885 omnis
1270 1831 1522 1899 justitim,
1552 1850 1657 1887 non
1687 1835 1902 1890 desines
1937 1851 2056 1904 per-

2164 1831 2331 1902 θήκης
2369 1831 2766 1903 παραπλησίοις
2802 1836 2983 1903 ῥητοῖς
3013 1832 3310 1903 χρηστέον,
3355 1830 3448 1883 τοῦ
3485 1831 3581 1900 μὲν
3623 1831 3736 1884 Σω-

485 1927 709 1970 vertens
772 1919 887 1973 vias
945 1920 1158 1975 Domini
1212 1925 1430 1977 rectas?
1468 1935 1524 1978 et
1572 1942 1711 1978 nunc
1747 1928 1854 1980 eris
1889 1942 2065 1982 czecus

489 2022 594 2062 non
644 2010 830 2064 videns
881 2012 1048 2065 solem
1099 2029 1271 2082 usque
1319 2016 1385 2066 ad
1432 2025 1664 2084 tempus.
1705 2036 1723 2068 ι
1783 2017 2062 2082 Quodnam

488 2101 740 2167 tempus?
772 2101 851 2153 An
885 2118 1006 2154 cum
1032 2113 1252 2171 propter
1277 2115 1494 2173 peccata
1532 2118 1812 2162 correctus
1837 2151 1850 2173 ,
1886 2119 2065 2163 motus

481 2190 806 2256 pertiteutia
843 2192 1040 2259 dignus
1072 2203 1189 2246 erat
1221 2192 1462 2260 futurus,
1516 2199 1607 2266 qui
1657 2201 1824 2252 solem
1858 2199 2065 2253 videret

483 2281 669 2333 animo
701 2291 754 2334 et
783 2298 1030 2352 corpore,
1070 2294 1126 2337 ut
1157 2289 1536 2342 enuntiaretur
1571 2289 1752 2342 divina
1799 2289 1972 2342 virtus
2011 2290 2063 2342 in

485 2374 826 2428 restitutione
873 2375 1022 2428 visus
1070 2376 1270 2443 ipsius;
1314 2386 1370 2432 et
1406 2380 1610 2448 animo,
1656 2379 1781 2448 quia
1822 2379 1924 2432 (ide
1947 2394 2065 2433 sus-

490 2476 671 2533 cepta,
727 2465 820 2519 Dei
853 2466 1060 2520 cultum
1093 2479 1211 2521 erat
1251 2471 1587 2538 adepturus?
1634 2469 1740 2524 Sed
1785 2480 1839 2524 et
1871 2469 2065 2524 Demas

485 2565 539 2610 et
567 2556 956 2624 Hermogenes,
1003 2573 1139 2625 quos
1175 2560 1395 2613 tradidit
1438 2559 1654 2614 Satanae
1695 2572 1748 2614 ut
1795 2562 2064 2617 discerent

489 2661 594 2700 twn
629 2647 978 2712 maledicere,
1013 2649 1190 2703 simile
1223 2650 1352 2718 quid
1385 2650 1490 2704 illis
1518 2652 1660 2720 passi
1695 2659 1820 2704 sunt
1847 2669 1861 2706 :
1891 2661 1945 2707 et
1977 2651 2063 2718 qui

487 2735 735 2791 Corinthi
772 2738 940 2805 patris
974 2752 1197 2792 uxorem
1231 2739 1515 2805 habuerat,
1550 2739 1781 2793 traditur
1816 2741 1929 2809 ipse
1959 2741 2063 2796 Sa-

487 2837 626 2882 tame
661 2831 712 2882 in
755 2829 1050 2896 perniciem
1085 2831 1291 2897 carnis,
1323 2838 1381 2884 ut
1411 2832 1637 2900 spiritus
1670 2843 1984 2887 servaretur
2011 2832 2064 2888 in

485 2921 574 2975 die
606 2921 840 2978 Domini.
868 2921 982 2976 Non
1009 2933 1093 2976 cst
1123 2923 1288 2992 igitur
1319 2927 1514 2979 mirum
1549 2925 1593 2978 si
1627 2926 1807 2978 omnia
1837 2927 1888 2978 in
1922 2924 2062 2978 Pha-

490 3031 654 3069 raone
696 3016 966 3077 indurato.
995 3026 1049 3069 et
1092 3025 1169 3071 tot
1214 3017 1450 3085 denique
1484 3017 1660 3084 ptenis
1702 3016 2064 3072 circumsesso

486 3107 668 3159 divina
731 3110 1068 3181 benignitate
1114 3107 1591 3162 administrantur.
1631 3105 1754 3160 l'ia-c
1799 3116 1977 3160 autem
2010 3106 2061 3160 in

2165 1923 2332 1994 τῆρος
2363 1924 2643 1991 λέγοντος·
2682 1943 2699 1976 ι
2743 1924 2858 1996 Πῦρ
2897 1920 3056 1995 ἦλθον
3103 1923 3281 1993 βαλεῖν
3325 1923 3417 1975 ἐπὶ
3465 1924 3562 1993 τὴν
3613 1922 3734 1993 γῆν,

2166 2017 2259 2069 καὶ
2289 2016 2397 2068 εἴθε
2437 2015 2491 2068 δὲ
2531 2015 2666 2086 ἐκάη
2718 2014 2850 2085 (55)’
2880 2036 2897 2065 ι
2955 2016 3055 2068 οὐκ
3110 2015 3174 2068 ἂν
3214 2015 3322 2086 γάρ
3365 2015 3438 2086 μὴ
3473 2015 3737 2086 σωτηρίου

2165 2107 2313 2170 ὄντος
2344 2107 2435 2160 τοῦ
2463 2109 2629 2178 πυρὸς
2657 2148 2670 2171 ,
2721 2106 2748 2159 ὃ
2794 2102 2924 2177 ἦλθε
2956 2106 3135 2176 βαλεῖν
3179 2108 3270 2159 ἐπὶ
3316 2107 3414 2176 τὴν
3468 2105 3595 2174 γῆν,
3642 2105 3737 2157 καὶ

2166 2197 2473 2269 ἀνθρώποις
2509 2201 2776 2269 σωτηρίου
2805 2239 2819 2262 ,
2882 2198 3032 2266 ἔλεγε
3091 2198 3264 2254 ταῦτα
3325 2198 3353 2249 ὁ
3394 2196 3487 2250 τοῦ
3533 2194 3735 2264 ἀγαθοῦ

2165 2290 2300 2344 Θεοῦ
2339 2290 2484 2351 Υίός.
2520 2290 2678 2342 Ἀλλὰ
2716 2292 2808 2344 καὶ
2836 2293 2863 2343 ὁ
2891 2290 3093 2361 Πέτρος
3125 2288 3328 2342 ἀνελὼν
3353 2288 3428 2358 τῷ
3457 2288 3596 2359 λόγῳ
3643 2288 3736 2340 τὸν

2179 2379 2424 2432 Ἀνανίαν
2459 2380 2550 2431 καὶ
2581 2379 2677 2449 τὴν
2711 2378 3024 2448 Σάπφειραν
3047 2417 3060 2442 ,
3099 2379 3522 2448 ἁμαρτήσαντας
3560 2377 3616 2428 ἐν
3661 2375 3737 2446 τῷ

2164 2470 2453 2541 ψεύδεσθαι
2481 2471 2581 2523 οὐκ
2613 2470 2942 2540 ἀνθρώποις,
2971 2470 3105 2522 ἀλλά
3132 2470 3208 2540 τῷ
3242 2470 3451 2540 Κυρίῳ,
3487 2469 3546 2522 ού
3578 2468 3736 2539 μόνον

2166 2561 2486 2632 πεφρόντικε
2537 2560 2633 2631 τῆς
2679 2561 2960 2631 οἰκοδομῆς
2997 2561 3104 2615 τῶν
3137 2563 3200 2614 ὲκ
3235 2560 3328 2614 τοῦ
3372 2563 3501 2632 όρᾷν
3545 2561 3606 2613 τὸ
3645 2577 3737 2629 γε-

2164 2667 2291 2720 γενη
2301 2651 2455 2720 μένον
2483 2649 2883 2721 εὐλαϐεστέρων
2913 2651 3186 2722 ἐσομένων
3203 2651 3280 2713 εἰς
3296 2651 3392 2720 τὴν
3409 2652 3487 2713 είς
3510 2651 3738 2718 Χριστὸν

2167 2740 2368 2800 πίστιν,
2415 2739 2550 2793 ἀλλά
2596 2740 2690 2792 καὶ
2738 2739 2844 2792 τῶν
2891 2741 3376 2809 ἀποθνησκόντων·
3421 2739 3741 2808 βουλόμενος

2165 2829 2362 2891 αὐτοὺς
2385 2829 2826 2900 κεκαθαρμένους
2854 2829 2931 2900 τῷ
2950 2829 3196 2899 αἰφνιδίῳ
3226 2829 3437 2897 θανάτῳ
3470 2830 3561 2880 καὶ
3592 2829 3742 2900 παρά

2167 2919 2487 2991 προσδοκίαν
2521 2919 2824 2984 ἀπαλλάξαι
2872 2921 2965 2974 τοῦ
3007 2920 3276 2990 σώματος,
3319 2919 3540 2989 ἔχοντάς
3571 2936 3621 2972 τι
3650 2920 3743 2972 καὶ

2164 3008 2515 3073 δικαιώσεως,
2544 3011 2663 3063 ἐπεὶ
2693 3011 2798 3064 κάν
2833 3012 2893 3063 τὸ
2923 3013 3090 3082 ἥμισυ
3125 3010 3231 3063 τῶν
3273 3010 3619 3080 ὑπαρχόντων
3659 3008 3746 3062 δε-

2167 3100 2402 3154 δώκασιν
2443 3103 2521 3164 είς
2565 3101 2662 3172 τὴν
2696 3102 2882 3173 χρείαν
2915 3103 3022 3155 τῶν
3056 3104 3346 3172 δεομένων.
3383 3103 3491 3155 Καὶ
3532 3101 3741 3165 Παῦλος

487 3213 749 3266 praesens,
790 3165 1229 3261 utuinciderunt.
1265 3198 1329 3252 de
1387 3213 1452 3252 eo
1507 3198 1668 3267 118
1721 3197 1865 3251 dicta
1907 3197 2060 3251 sint:

2164 3190 2219 3243 δὲ
2250 3191 2341 3243 τὸν
2375 3192 2470 3244 σὺν
2519 3189 2595 3260 τῷ
2621 3165 2920 3262 ’ἀνθυπάτῳ
2985 3165 3193 3263 Σεργίιρ
3237 3193 3432 3262 Παύλῳ
3485 3190 3561 3261 τῷ
3601 3191 3742 3259 λόγῳ

495 3307 513 3338 ι
554 3289 832 3344 Iuduravit
860 3292 1120 3346 Dominus
1147 3305 1242 3344 cor
1270 3289 1589 3344 Pharaonis.
1630 3307 1648 3340 ι
1683 3289 1848 3343 Porro
1877 3289 1919 3342 si
1943 3289 2068 3356 quis

489 3392 704 3435 servata
739 3383 791 3436 in
821 3384 986 3436 Demn
1023 3383 1241 3452 pietate,
1275 3381 1360 3435 bis
1429 3380 1649 3434 meliora
1688 3389 1740 3434 et
1767 3380 1833 3434 ab
1879 3378 2069 3446 impie-

491 3479 602 3526 tate
635 3473 998 3527 remotissima
1025 3513 1040 3539 ,
1099 3489 1219 3526 cum
1251 3473 1446 3526 divina:
1477 3472 1773 3540 Scriptura:
1823 3471 2067 3526 testimo—

491 3563 617 3626 niis,
657 3564 950 3627 invenerit,
981 3579 1044 3617 ea
1082 3565 1286 3618 nostris
1316 3563 1648 3632 praeferenda
1683 3571 1827 3616 sunt.

2163 3283 2378 3353 τυφλῶν
2410 3283 2498 3337 διά
2541 3283 2649 3337 τῶν
2695 3285 2869 3338 πόνων
2919 3287 3235 3357 ἐπιστρέφει
3264 3287 3424 3340 αὑτὸν
3459 3288 3536 3348 είς
3564 3283 3746 3336 θεοσέο

2164 3377 2337 3440 ϐειαν,
2387 3376 2558 3444 λέγων
2593 3375 2772 3447 αύτῷ·
2824 3396 2842 3427 ι
2880 3373 2949 3428 Ὢ
2983 3378 3193 3448 πλήρης
3227 3378 3423 3441 παντὸς
3467 3377 3619 3429 δόλου
3651 3375 3745 3427 καὶ

2163 3468 2342 3536 πάσης
2377 3467 2742 3539 ῥᾳδιουργίας,
2782 3469 2864 3520 υἱὲ
2910 3469 3156 3522 διαϐόλου
3185 3509 3199 3532 ,
3235 3468 3395 3538 ἐχθρὲ
3442 3466 3618 3536 πάσης
3659 3464 3741 3517 δι·

2162 3561 2472 3632 καιοσύνης,
2507 3562 2566 3614 ού
2605 3561 2786 3634 παύσῃ
2818 3562 3154 3634 διαστρέφων
3196 3563 3292 3626 τὰς
3346 3561 3496 3624 ὁδοὺς
3539 3558 3740 3630 Κυρίου

490 3653 590 3718 τὰς
635 3653 880 3719 εὐθείας,
932 3655 1026 3708 καὶ
1057 3653 1150 3708 νῦν
1177 3654 1274 3725 ἔσῃ
1325 3654 1523 3722 τυφλὸς
1578 3653 1651 3725 μὴ
1706 3651 1916 3722 βλέπων
1963 3652 2056 3705 τὸν
2095 3651 2243 3722 ἥλιον
2286 3653 2410 3724 ἄχρι
2456 3652 2668 3726 καιροῦ.
2727 3674 2744 3706 ι
2803 3655 2963 3707 Ποίου
3015 3655 3238 3726 καιροῦ;
3276 3655 3308 3726 ἢ
3347 3653 3439 3707 τοῦ
3490 3654 3594 3706 ὅτε.
3623 3653 3743 3703 ὲπι-

491 3745 750 3818 «mea;
792 3748 884 3801 καὶ
934 3746 1279 3817 βασανισθεὶς
1337 3745 1446 3816 (56)
1497 3745 1585 3799 διὰ
1634 3745 1702 3798 τά
1745 3744 2135 3815 ἁμαρτήματα,
2175 3743 2363 3814 ἔμελλε
2391 3746 2661 3814 μετανοῶν
2691 3745 2838 3813 ἄξιος
2871 3746 3112 3814 γίνεσθαι
3133 3747 3447 3816 ἀμφοτέρως
3479 3745 3566 3796 τὸν
3594 3742 3743 3813 ἥλιον

491 3839 622 3894 ἰδεῖν
650 3840 788 3893 κατά
812 3840 988 3911 ψυχὴν
1017 3840 1109 3892 καὶ
1148 3839 1290 3893 κατά
1323 3840 1511 3910 σῶμα,
1546 3840 1634 3891 ἵνα
1671 3836 2063 3907 ἐξαγγέλληται
2092 3840 2123 3908 ἡ
2162 3838 2281 3891 θεία
2305 3837 2532 3908 δύναμις
2577 3840 2667 3892 ἐπὶ
2708 3843 2772 3910 τῇ
2811 3842 3248 3894 ἀποκαταστάσει
3280 3840 3388 3892 τῶν
3424 3839 3598 3908 δψεων
3633 3834 3741 3905 (37)

490 3935 654 3988 αὐτοῦ
677 3953 690 3966 ο
733 3936 826 3988 καὶ
855 3934 996 3988 κατά
1018 3934 1214 4005 ψυχὴν,
1247 3936 1333 3987 ὅτε
1364 3933 1555 4004 ἔμελλε
1597 3931 1865 3984 πιστεύων
1897 3931 2121 3985 ὄνασθαι
2161 3934 2258 4003 τῆς
2297 3931 2632 3998 θεοσεϐεία;;
2676 3935 2832 3988 Ἀλλά
2878 3937 2971 3988 καὶ
3002 3937 3209 4006 Δημᾶς,
3259 3937 3351 3989 καὶ
3393 3933 3743 4004 Ἑρμογένης,

486 4029 581 4092 οὓς
633 4030 918 4100 παρέδωκε
979 4029 1055 4096 τῷ
1108 4030 1340 4098 Σατανᾷ,
1410 4028 1493 4079 ἵνα
1556 4026 1879 4079 παιδευθῶσι
1924 4026 1997 4098 μὴ
2051 4027 2426 4098 βλασφημεῖν,
2475 4028 2851 4099 παραπλήσιόν
2893 4047 2944 4082 τι
2986 4028 3282 4083 πεπόνθασι
3333 4030 3442 4090 τοῖς
3489 4041 3745 4097 προειρη-

494 4111 710 4192 μένοις(
734 4124 842 4175 Καὶ
873 4124 900 4175 ό
937 4125 994 4174 ἐν
1029 4120 1275 4192 Κορίνθῳ
1321 4120 1418 4190 τὴν
1450 4122 1679 4185 γυναῖκα
1718 4117 1811 4170 τοῦ
1841 4119 2043 4187 πατρὸς
2083 4118 2350 4188 ἐσχηκὼς,
2378 4119 2470 4171 καὶ
2502 4119 2663 4182 αὐτὸς
2698 4120 3042 4191 παραδίδοται
3081 4119 3158 4189 τῷ
3190 4119 3398 4172 Σατανᾶ
3424 4118 3504 4178 είς
3530 4116 3745 4186 ὄλεθρον

489 4217 589 4288 τῆς
622 4219 841 4290 σαρκὸς,
870 4218 956 4271 ἵνα
985 4217 1046 4270 τὸ
1074 4216 1288 4286 πνεῦμα
1325 4214 1468 4284 σωθῇ
1505 4216 1562 4266 ἐν
1585 4216 1648 4283 τῇ
1682 4212 1866 4283 ἡμέρᾳ
1898 4210 1989 4264 τοῦ
2023 4211 2246 4282 Κυρίου.
2286 4211 2359 4265 Ού
2390 4211 2695 4283 θαυμαστὸν
2732 4209 2823 4267 οὖν
2853 4215 2901 4266 εί
2928 4214 3022 4266 καὶ
3054 4211 3124 4264 τά
3165 4213 3290 4283 περὶ
3312 4211 3403 4263 τὸν
3418 4208 3618 4282 Φαραὼ
3655 4207 3746 4261 τὸν

492 4309 945 4380 σκληρυνὸμενον,
997 4310 1088 4361 καὶ
1136 4309 1226 4362 ἐπὶ
1266 4306 1408 4360 τέλει
1469 4305 1746 4368 τοιαύταις
1802 4304 2054 4358 κολάσεσι
2113 4306 2565 4377 περιϐαλλόμενον
2614 4306 2722 4359 ἀπὸ
2770 4306 3102 4377 ἀγαθότητος
3151 4305 3510 4375 οἰκονομεῖται
3583 4300 3740 4354 Θεοῦ.

492 4401 676 4457 Ταῦτα
733 4401 790 4454 δὲ
841 4403 971 4472 ἡμῖν
1021 4400 1114 4452 ἐπὶ
1159 4399 1250 4463 τοῦ
1309 4399 1611 4470 παρόντος,
1673 4397 1747 4460 ὡς
1797 4395 2103 4460 ὑπέπεσεν,
2144 4396 2383 4467 εἰρήσθω
2417 4396 2695 4467 περὶτοῦ,
2735 4416 2751 4447 ι
2790 4397 3116 4468 Ἑσκλήρυνε
3143 4393 3345 4465 Κύριος
3378 4394 3473 4464 τὴν
3525 4393 3744 4464 καρδίαν

489 4497 706 4568 Φαραὼ.
766 4517 784 4548 ι
850 4496 972 4549 Ἐὰν
1016 4497 1071 4548 δέ
1115 4515 1198 4560 τις
1240 4496 1298 4547 τὸ
1350 4496 1484 4564 πρὸς
1534 4494 1623 4546 τὸν
1675 4493 1803 4545 Θεὸν
1861 4491 2082 4554 εὐσεϐὲς
2119 4491 2335 4561 τηρῶν,
2384 4493 2699 4562 κρείττονα,
2748 4493 2842 4544 καὶ
2903 4491 3164 4562 μηδαμῶς
3209 4489 3462 4552 ἀσεϐείας
3509 4487 3744 4557 ἑφαπτόο

494 4609 630 4665 μενα
663 4588 911 4659 εὑρίσκῃ,
953 4587 1088 4657 μετὰ
1119 4586 1432 4657 μαρτυριῶν
1466 4585 1575 4638 τῶν
1619 4585 1728 4636 ἀπὸ
1763 4583 1869 4636 τῶν
1911 4582 2069 4635 θείων
2108 4583 2146 4635 Γ
2154 4583 2356 4653 ραφῶν,
2387 4583 2612 4646 ἐκείνοις
2656 4583 2853 4653 μᾶλλον
2884 4581 3164 4653 χρηστέον.

1156 4681 1219 4733 Et
1259 4683 1408 4736 alibi.

565 4779 644 4834 Ad
697 4778 843 4831 illum
881 4784 1142 4845 prmterea
1202 4775 1381 4828 locmu
1441 4773 1554 4826 haec
1612 4772 1876 4826 meditor:
1936 4787 2060 4826 num

565 4920 613 4955 ⁸³
648 4921 768 4974 Aet.
805 4923 922 4984 xui,
953 4916 1157 4982 10,11.

564 5065 678 5137 (55)
709 5067 847 5120 Εἴθε
891 5063 961 5137 δέ
1009 5061 1178 5130 ἐκάη.
1241 5060 1315 5114 Ita
1350 5061 1400 5114 in
1435 5059 1653 5114 homilia
1707 5059 1741 5114 5
1775 5059 1841 5137 _in
1873 5059 2071 5137 Egcch.

493 5129 672 5208 qnaur
696 5138 853 5208 vertit
899 5129 1293 5208 Hieronymus,
1328 5140 1622 5208 conceptus
1662 5137 1741 5182 est
1775 5131 1875 5184 iste
1915 5129 2073 5208 Linea:

499 5202 687 5262 loeas:
724 5225 740 5254 ι
769 5205 950 5269 Ignem
993 5206 1113 5257 veni
1147 5203 1377 5259 mittere
1413 5202 1464 5253 in
1501 5212 1698 5253 terram
1728 5241 1742 5264 ,
1778 5209 1833 5254 et
1869 5203 2070 5253 utinam

494 5278 600 5340 iam
651 5275 854 5326 ardeat.
886 5294 903 5324 ι
947 5275 1080 5327 llinc
1114 5275 1473 5327 conlirmatur
1505 5271 1713 5337 prolata
1747 5270 1815 5322 ab
1849 5269 2074 5338 Hugone

496 5347 687 5400 t'irotio
733 5345 834 5395 Ith'i
891 5344 1049 5410 hujus
1079 5345 1235 5398 Luem
1283 5343 1688 5408 interpretatio.
1718 5342 1807 5410 qui
1844 5342 1893 5392 in
1933 5341 2070 5410 antis

496 5417 617 5475 quis
653 5413 934 5468 endit-ibus
966 5409 1051 5464 ita
1091 5416 1327 5482 scriptus
1362 5422 1577 5465 exstat:
1605 5411 1714 5464 Καὶ
1748 5409 1798 5463 τί
1821 5410 1986 5482 θέλω,
2019 5409 2067 5460 εί

497 5486 594 5553 Ιἕδη
635 5483 887 5553 ἀνήφθω
927 5483 1079 5553 Illinc
1119 5479 1300 5553 autem
1353 5484 1424 5535 ita
1471 5483 1765 5553 distinguit
1808 5479 2063 5553 Grotius;

498 5503 559 5537 73
635 5503 887 5553 ανηφυη;
927 5503 1079 5536 1111110
1119 5503 1300 5535 “IIICI”
1353 5503 1424 5535 lla
1471 5503 1757 5546 ιιιδιιιιςζιιιι
1808 5503 2062 5534 υῐυιιιιςῐ

498 5503 606 5608 Κάλ
630 5555 680 5607 τί
705 5554 870 5618 θέλω;
903 5557 951 5608 εἰ
981 5551 1080 5623 ἤδη
1116 5552 1352 5623 ἀνήφθη,
1379 5562 1432 5623 et
1467 5553 1543 5623 cie
1577 5551 1793 5618 exponit
1827 5565 1860 5623 :_
1883 5570 1900 5600 ι
1928 5547 2066 5614 Quid

499 5633 672 5678 autem
709 5637 791 5676 est
818 5626 958 5690 quod
991 5620 1117 5689 opio
1139 5623 1161 5675 ?
1185 5620 1389 5675 utinam
1409 5620 1631 5687 jamjam
1662 5620 2006 5690 accendatur.
2044 5637 2062 5668 ι

499 5694 559 5746 ΕΞ
595 5694 736 5746 enim
791 5687 910 5744 cum
947 5687 1263 5750 indicativo,
1298 5692 1496 5742 utinam
1519 5729 1533 5750 ,
1570 5693 1712 5757 apud
1746 5687 2070 5741 llellenistas

497 5765 808 5833 signiﬁcare
839 5763 1046 5816 erudite
1076 5761 1380 5815 conﬁrmat.
1421 5759 1556 5812 lluic
1581 5757 1904 5826 expositioni
1935 5757 2070 5811 asti-

2475 4681 2584 4734 Kai
2611 4681 2680 4733 ἐν
2702 4680 2912 4746 ἄλλοις
2935 4679 3066 4747 περὶ
3095 4677 3201 4732 τοῦ
3233 4675 3437 4731 αὐτοῦ.

2249 4773 2367 4826 Ἔτι
2401 4771 2456 4824 δὲ
2485 4771 2747 4840 ὲιρίστημι
2782 4773 2839 4822 ὲν
2871 4772 2982 4833 τοῖς
3022 4769 3160 4822 κατὰ
3191 4769 3372 4832 τόπον,
3406 4768 3613 4838 μήποτε
3635 4764 3748 4836 (58)

2181 5060 2402 5130 pnlatur
2432 5070 2538 5110 non
2565 5052 2742 5130 Syrus
2764 5050 2962 5130 modo:
2982 5051 3088 5130 sed
3110 5047 3283 5130 A‘ra'hs
3309 5046 3471 5100 etiam
3494 5042 3746 5130 etAPersa;

2181 5119 2236 5185 et
2263 5129 2430 5182 multo
2455 5119 2626 5189 magis
2657 5125 2787 5189 ipse,
2827 5130 2884 5173 ut
2931 5121 3116 5188 liquet,
3144 5119 3424 5189 Origenes,
3459 5128 3615 5189 quem
3644 5128 3749 5189 non

2182 5183 2255 5254 ita
2292 5201 2342 5252 iu
2379 5197 2525 5252 Luca
2546 5183 2755 5258 ii-gisse
2801 5183 3166 5253 crediderim,
3211 5183 3284 5240 uti
3327 5187 3426 5258 hoc
3467 5183 3584 5258 loco
3615 5184 3751 5235 seri-

2181 5281 2328 5340 ptum
2377 5277 2498 5340 est;
2534 5254 2777 5340 sedc-nm
2814 5259 2989 5340 locum
3040 5275 3112 5340 ex.
3155 5256 3414 5340 memoria

2179 5322 2505 5392 sententiam
2539 5333 2784 5388 eamdem
2813 5331 2934 5384 aliis
2965 5329 3146 5383 verbis
3175 5328 3423 5380 retulisse
3455 5322 3756 5375 verisimile

2175 5419 2277 5464 est.
2312 5408 2566 5462 IIUETIUS-
2982 5467 3018 5469 __
3321 5464 3332 5469 _
3405 5463 3450 5469 ,,
3701 5459 3710 5469 .

2248 5477 2356 5549 (56)
2383 5476 2491 5530 Καὶ
2521 5470 2940 5549 βασανισθείς.
2981 5467 3073 5549 lla:
3107 5481 3265 5549 voces
3302 5463 3676 5517 desiderantur
3699 5463 3756 5516 in

2181 5538 2348 5602 lib‘ris'
2371 5557 2529 5598 antea
2558 5546 2744 5602 editis,
2776 5543 2867 5594 sed
2901 5538 3223 5607 supplentur
3262 5551 3291 5587 e
3333 5550 3461 5588 mss.

2250 5616 2361 5684 (57)
2395 5613 2516 5669 Τῶν
2549 5614 2766 5680 ὄψεων.
2804 5609 2944 5684 Lege
2972 5606 3296 5684 tﬁgbdewg:

2396 5668 2518 5740 Mss.
2552 5668 2786 5754 μῆποτε.
2818 5668 2972 5735 Libb.
3002 5668 3154 5740 editi,
3191 5675 3482 5746 μηδέποτε,
3523 5668 3680 5725 male.
