4122 6248
429 285 536 339 ΥΠ

1850 285 1918 340 ΙΝ
1953 284 2258 343 EXODUM.

3580 283 3686 338 2'33

432 400 627 474 ὥσπερ
658 400 708 454 oi
749 401 920 470 ἰατροὶ
955 402 1059 453 τῶν
1101 401 1476 473 λυσσοδήκτων
1516 405 1602 458 τὸν
1646 406 1722 459 ἰὸν
1771 408 2007 463 ἐπισπώ-

2121 406 2573 478 quemadmodum
2615 407 2836 476 medici,
2878 421 3065 462 eorum
3098 407 3187 477 qui
3235 422 3264 461 a
3312 405 3502 462 rabido
3554 421 3689 463 eane

439 510 596 564 μενοι
627 492 723 546 ἐπὶ
766 493 863 563 τὴν
908 494 1254 562 ἐπιφάνειαν,
1293 496 1376 547 ἴνα
1419 495 1492 566 μὴ
1534 496 1679 550 ἔνδον
1722 499 2016 568 νεμόμενος

435 583 726 656 διαφθείρῃ
779 585 868 636 τὸν
909 585 1236 674 ἄνθρωπον,
1278 587 1668 658 χαλεπωτέρας
1731 590 2016 659 ἐμποιοῦσι

437 672 706 734 διαθέσεις
762 673 854 724 καί⁵
891 672 1218 744 φλεγμονὰς·
1265 674 1436 738 οὕτως
1461 679 1490 728 6
1515 677 1646 739 Θεὸς
1678 676 1774 745 τὴν
1805 679 2012 748 ἐγκρυ-

442 763 710 833 πτομένην
743 765 834 817 καὶ
877 767 1294 834 ἐμφωλεύουσαν
1328 772 1440 831 τοῖς
1485 768 1675 837 βάθεσι
1712 769 1812 839 τῆς
1838 770 2016 840 ψυχῆς

442 855 677 915 κακίαν,
721 854 808 908 διὰ
851 856 953 925 τῆς
1006 858 1170 911 αὑτοῦ
1222 861 1467 930 ἰατρικῆς
1502 863 1796 914 ἐπισπᾶται
1834 865 1913 924 είς
1947 862 2015 914 τὰ

440 944 560 1010 ἔξω,
577 945 714 999 ὥστε
736 949 972 1017 φανερὰν
1003 949 1168 1020 αὐτὴν
1191 952 1284 1004 καὶ
1318 953 1713 1025 ἐναργεστέραν
1742 953 2011 1022 γενέσθαι,

441 1036 526 1090 ἵνα
555 1037 691 1108 μετά
724 1037 881 1092 τοῦτο
905 1039 1004 1110 τὴν
1038 1041 1166 1110 ἑξῆς
1216 1043 1398 1117 ἐπάγῃ
1432 1044 1749 1116 θεραπείαν.
1779 1045 2014 1100 Τοιαῦτα

437 1126 493 1179 δὲ
516 1127 753 1198 ἡγοῦμαι
781 1130 873 1182 καὶ
905 1131 972 1184 τά
1009 1132 1069 1187 ιν
1098 1133 1176 1202 τῷ
1214 1135 1613 1205 Δευτερονομίῳ
1637 1136 1795 1206 ῥητὰ,
1826 1137 2014 1190 τοῦτον

437 1217 626 1286 ἔχοντα
660 1219 748 1272 τὸν
786 1222 985 1292 τρόπον
1005 1240 1018 1253 ο
1061 1243 1078 1274 ι
1110 1225 1218 1278 Καὶ
1252 1225 1538 1297 μνησθήσῃ
1572 1230 1748 1280 πᾶσαν
1773 1229 1871 1298 τὴν
1897 1229 2014 1282 ὁδὸν

436 1311 501 1378 ἦν
526 1311 748 1382 διηγαγέ
779 1332 839 1367 σε
867 1315 1068 1385 Κύριος
1089 1319 1116 1370 6
1131 1317 1262 1380 Θεός
1287 1334 1379 1369 σου
1401 1317 1560 1370 τοῦτο
1583 1321 2016 1390 τεσσαρακοστὸν

436 1399 552 1464 ἔτος
603 1403 660 1454 ὲν
693 1407 758 1474 τῇ
790 1407 1001 1475 ἐρήμῳ,
1034 1407 1181 1469 ὅπως
1213 1406 1442 1478 κακὼσῃ
1491 1423 1573 1470 σε,
1625 1409 1721 1460 καὶ
1781 1410 2017 1482 πειράσῃ

438 1506 517 1555 σε,
552 1493 643 1545 καὶ
669 1493 973 1566 διαγνωσθῇ
1011 1495 1122 1567 (59)
1158 1496 1225 1548 τά
1267 1498 1324 1548 ὲν
1350 1499 1416 1566 τῇ
1445 1495 1642 1567 καρδία
1670 1513 1794 1559 σου,
1833 1499 1882 1549 εί
1914 1516 2015 1567 φυ-

440 1580 568 1656 ιάξῃ
595 1585 695 1648 τὰς
739 1586 958 1648 ἐντολὰς
1003 1566 1191 1647 αὑτοῦ,
1220 1585 1253 1655 ἦ
1288 1585 1371 1639 οὗ.
1408 1589 1518 1640 Καὶ
1551 1566 1796 1642 ὲκάκωσέ
1829 1606 1886 1641 σε
1923 1566 2014 1642 καὶ

436 1671 814 1742 ἐλιμαγχόνισέ
867 1675 976 1744 (60)
1014 1692 1072 1727 σε
1093 1691 1108 1705 ·
1158 1677 1250 1728 καὶ
1298 1675 1540 1748 ὲψώμισέ
1568 1695 1624 1730 σε
1649 1680 1709 1731 τὸ
1738 1681 1944 1748 μάννα,
1985 1681 2014 1733 ὃ

2122 500 2288 552 mersi
2321 507 2468 562 sunt,
2500 499 2650 551 virus
2694 497 2747 550 in
2782 508 3029 565 apertum
3073 498 3451 560 extrahentes.
3506 512 3572 551 ne
3607 515 3683 549 m-

2125 601 2210 643 tus
2232 592 2530 660 depascens
2563 589 2831 643 hominem
2859 593 3086 658 perimat
3113 629 3126 651 ,
3159 588 3455 656 graviorem
3486 589 3692 644 faciunt

2122 697 2340 737 sensum
2373 681 2574 735 doloris
2603 691 2656 736 et
2687 681 3139 734 inflammationes
3173 695 3188 743 ;
3221 679 3295 733 ita
3332 681 3476 734 Deus
3528 679 3681 734 abdi-

2122 781 2228 824 taut
2283 782 2338 826 et
2374 771 2638 825 inclusam
2695 770 2818 822 imis
2858 768 3023 822 veluli
3062 769 3228 821 animi
3270 768 3516 822 medullis
3570 786 3695 836 pra-

2122 864 2343 916 vitatem
2383 862 2650 916 medicina
2682 876 2775 914 sua
2813 858 2963 912 foras
3007 860 3271 920 extrahit,
3325 868 3382 911 ut
3423 869 3603 926 aperta
3639 870 3694 912 et

2119 956 2343 1007 evidens
2387 953 2515 1016 fiat,
2562 961 2622 1005 ut
2675 958 3060 1019 congruentem
3108 950 3302 1002 deinde
3362 949 3692 1001 curationem

2119 1045 2398 1097 adhibeat.
2445 1044 2561 1110 Quo
2597 1042 2870 1108 pertinere
2919 1040 3156 1092 arbitror
3199 1040 3311 1092 haec
3342 1040 3393 1092 in
3426 1039 3693 1092 Deutero-

2122 1137 2304 1189 nomin
2364 1136 2569 1203 scripta
2618 1135 2665 1166 ⁸⁵
2711 1148 2725 1186 :
2784 1150 2803 1184 ι
2849 1132 2913 1184 Et
2969 1131 3344 1184 recordaberis
3387 1133 3693 1182 universam

2123 1228 2261 1278 viam
2293 1242 2388 1294 per
2409 1241 2568 1294 quam
2596 1225 2818 1279 deduxit
2852 1232 2904 1276 te
2933 1221 3194 1274 Dominus
3248 1220 3390 1273 Deus
3419 1231 3563 1280 tuus,
3597 1236 3696 1272 an-

2122 1334 2250 1370 num
2282 1317 2391 1386 jam
2421 1316 2896 1384 quadragesimum
2950 1315 3002 1366 in
3053 1311 3366 1373 solitudine,
3407 1319 3464 1362 ut
3497 1309 3699 1377 afli‘ge-

2125 1420 2202 1462 ret
2230 1422 2281 1463 te
2315 1419 2368 1462 et
2409 1417 2658 1471 tentaret,
2703 1414 2756 1459 et
2804 1415 3264 1476 cognoscerenlur
3297 1417 3417 1472 quae
3449 1402 3500 1454 in
3534 1401 3698 1455 corde

2126 1511 2213 1553 luo
2249 1509 2405 1563 sunt;
2444 1513 2510 1550 an
2560 1512 2744 1551 serves
2779 1497 3033 1550 mandata
3081 1496 3215 1564 ejus,
3267 1507 3468 1557 necne;
3508 1503 3564 1545 et
3611 1490 3696 1544 af-

2119 1593 2258 1644 flixit
2311 1603 2362 1644 te
2397 1601 2450 1643 et
2505 1590 2680 1642 inedia
2735 1588 3021 1654 fatigavit,
3065 1595 3117 1638 et
3167 1585 3312 1654 pavit
3362 1593 3409 1638 te
3462 1598 3696 1646 manna,

2119 1690 2258 1753 quod
2295 1693 2350 1736 tu
2395 1697 2499 1735 nou
2533 1696 2787 1743 noveras,
2827 1695 3000 1748 neque
3054 1679 3316 1732 u‘overmnt
3363 1686 3545 1745 patres
3579 1675 3652 1728 tui
3683 1693 3698 1740 ;

435 1764 536 1816 οὐκ
562 1764 709 1834 ᾔδεις
744 1767 831 1828 σὺ,
872 1767 966 1819 καὶ
1001 1768 1102 1820 οὐκ
1147 1767 1361 1838 ᾔδεισαν
1382 1771 1429 1820 oi
1474 1769 1705 1840 πατέρες
1754 1787 1867 1822 σου·
1928 1772 2007 1824 ἵνα

2119 1786 2173 1826 ιιι
2211 1775 2594 1828 cnuntiaretur
2633 1772 2728 1825 tibi
2765 1773 2910 1840 quod
2954 1788 3056 1824 non
3106 1772 3158 1823 in
3202 1769 3318 1844 soin
3373 1783 3510 1836 pane
3557 1767 3700 1822 vivet

439 1854 731 1928 ἀναγγείλῃ
780 1873 860 1908 σοι
917 1858 998 1910 ὅτι
1036 1860 1136 1911 οὑκ
1169 1859 1254 1912 ἐπ’
1282 1860 1428 1930 ἄρτῳ
1475 1861 1617 1931 μόνῳ
1652 1862 1870 1932 ζήσεται
1919 1867 2007 1920 ἄν·

443 1943 655 2015 θρωπος
679 1986 693 2009 ,
735 1946 848 1999 ἀλλ’
893 1949 984 2000 ἐπὶ
1016 1951 1174 2002 παντὶ
1207 1953 1410 2022 ῥήματι
1467 1953 1884 2028 ἐκπορευομένῳ
1923 1959 2011 2011 διὰ

438 2033 701 2103 στόματος
742 2029 876 2089 Θεοῦ
926 2037 1150 2108 ζήσεται
1205 2041 1551 2112 ἄνθρωπος.»
1622 2047 1788 2117 Τηρει
1847 2049 1904 2102 δὲ
1953 2052 2010 2102 ὲν

433 2122 642 2186 τούτοις
685 2126 765 2177 ὅτι
799 2131 958 2179 κακοί
984 2130 1013 2180 6
1049 2128 1181 2194 Θεὸς
1214 2133 1307 2185 καὶ
1342 2133 1631 2204 πειράζει,
1669 2139 1754 2191 ἵνα
1785 2139 2014 2208 διαγνω-

431 2209 532 2282 σθῇ
564 2215 632 2266 τά
660 2217 716 2266 ἐν
747 2220 810 2286 τῇ
860 2218 1092 2272 ἑκάστου
1128 2223 1344 2294 καρδίᾳ,
1380 2226 1455 2289 ὡς
1485 2227 1614 2281 ὄντα
1651 2231 1770 2299 μὲν,
1821 2235 2014 2289 ἐναπο-

429 2303 660 2373 κείμενα
690 2306 745 2358 δὲ
779 2307 855 2378 τῷ
899 2310 1086 2379 βάθει,
1130 2316 1223 2368 καὶ
1261 2317 1339 2378 εἰς
1373 2320 1602 2388 φανερὸν
1634 2322 1722 2375 διὰ
1763 2325 1872 2390 τῶν
1915 2344 2014 2380 κα-

429 2392 648 2448 κώσεων
682 2399 972 2470 ἐρχόμενα.
1011 2403 1266 2458 Τοιοῦτόν
1300 2409 1415 2460 εστι
1447 2411 1539 2463 καὶ
1570 2413 1628 2464 τὸ
1659 2416 1718 2466 ἐν
1751 2415 1829 2486 τῷ
1887 2417 2005 2470 Ἰὼϐ

429 2485 532 2539 ὑπὸ
564 2487 656 2540 τοῦ
691 2491 892 2562 Κυρίου
923 2493 1010 2547 διὰ
1047 2494 1304 2558 λαίλαπος
1346 2501 1438 2554 καὶ
1464 2503 1638 2572 νεφῶν
1665 2485 2006 2576 ἀπαγγελλό-

431 2594 588 2646 μενον
621 2580 732 2649 (6|)
759 2584 894 2654 πρὸς
913 2585 1003 2638 τὸν
1045 2586 1183 2653 Ἰὼϐ,
1215 2590 1415 2654 οὕτως·
1449 2613 1466 2644 ι
1492 2595 1605 2648 Οἴει
1640 2615 1704 2667 με
1732 2599 1905 2664 άλλως
1930 2619 2008 2655 σοι

431 2675 913 2772 κεχρηματικέναι,
945 2677 977 2747 ἢ
1016 2679 1098 2730 ἵνα
1131 2680 1410 2754 ἀναφανῇς
1437 2685 1668 2750 δίκαιος·
1694 2709 1712 2740 ι
1750 2690 1871 2745 οὔτε
1902 2693 2009 2764 γὰρ

429 2764 568 2824 εἰπε,
588 2764 718 2836 γένῃ
743 2765 966 2831 δίκαιος,
988 2769 1120 2834 ἀλλ’,
1143 2772 1226 2826 ἵνα
1245 2776 1542 2847 ἀναφανῇς,
1567 2780 1803 2846 τοιοῦτος
1823 2783 1897 2838 ῶν
1917 2786 2010 2838 καὶ

556 2853 664 2906 τῶν
687 2861 1313 2936 πειρασμῶν,ἀναφανῇς
1327 2866 1381 2918 δὲ
1395 2870 1451 2920 ὲν
1462 2863 1571 2930 τοῖς
1591 2887 1650 2922 συ
1660 2872 2006 2943 μϐεϐηκόσιν.

2122 1866 2280 1920 homo
2307 1903 2322 1927 ,
2375 1865 2468 1918 sed
2523 1863 2574 1916 in
2623 1866 2768 1914 omni
2813 1863 3016 1926 vetlm,
3057 1861 3196 1930 quod
3237 1861 3483 1928 procedit
3512 1874 3609 1926 per
3638 1873 3698 1911 os

2122 1959 2237 2018 Dei,
2273 1957 2414 2010 vivet
2465 1955 2650 2007 homo.
2685 1973 2702 2003 ι
2737 1954 2975 2008 Observa
3033 1955 3082 2004 in
3132 1952 3218 2004 his
3262 1951 3428 2003 Deum
3461 1948 3698 2018 afﬂigere
3752 1958 3759 1965 '

2120 2059 2171 2103 et
2201 2057 2431 2108 tentare,
2463 2054 2523 2098 ut
2556 2045 2948 2112 dignoscantur
2991 2057 3110 2110 qua:
3143 2043 3194 2094 in
3237 2039 3501 2108 cujusque
3534 2041 3698 2091 corde

2115 2149 2261 2201 sunt,
2300 2147 2355 2190 ut
2387 2153 2508 2206 qua:
2545 2137 2658 2190 sint
2689 2134 2949 2202 quidem,
2985 2132 3082 2185 sed
3118 2132 3169 2182 iu
3205 2130 3474 2199 profundo
3512 2142 3701 2182 recen-

2111 2231 2258 2293 dita,
2313 2245 2434 2297 quae
2485 2243 2581 2297 per
2618 2240 2849 2294 angores
2899 2233 2952 2276 et
3007 2222 3286 2275 molestias
3343 2221 3394 2272 in
3447 2230 3698 2288 apertum

2113 2328 2487 2389 prorumpunt.
2525 2317 2802 2386 Ejusmodi
2847 2326 2960 2380 est,
2997 2315 3140 2383 quod
3187 2314 3238 2366 in
3278 2312 3420 2367 libro
3463 2313 3564 2366 Job
3591 2315 3638 2366 ei
3670 2331 3698 2367 a

2117 2413 2342 2466 Domino
2371 2427 2464 2480 per
2492 2411 2762 2464 turbinem
2794 2417 2847 2461 et
2881 2407 3054 2461 nubes
3087 2406 3396 2462 declaratur
3421 2409 3468 2439 ⁸⁵
3498 2429 3510 2462 ;
3543 2426 3560 2458 ι
3591 2408 3695 2460 Ar-

2116 2503 2338 2556 bitraris
2373 2517 2457 2555 me
2488 2502 2647 2554 aliant
2665 2503 2732 2554 ob
2752 2515 2967 2554 causam
2995 2508 3169 2552 tecum
3195 2515 3315 2553 esse
3335 2501 3690 2563 collocutum,

2119 2593 2220 2645 nisi
2267 2592 2423 2661 119
2453 2602 2509 2644 ut
2561 2593 2739 2660 justus
2791 2604 3115 2658 apparares;
3153 2607 3171 2639 ι
3209 2605 3306 2642 nec
3333 2591 3474 2642 enim
3516 2591 3690 2650 dixit.

2119 2696 2179 2740 ut
2214 2685 2371 2739 fieres
2401 2685 2601 2752 justus,
2631 2683 2724 2738 sed
2775 2694 2835 2736 ut
2875 2696 3196 2751 apparercs,
3222 2698 3343 2736 cum
3376 2683 3497 2736 talis
3531 2684 3694 2736 etiam

2119 2791 2245 2835 ante
2272 2781 2603 2834 tentationes
2636 2780 2849 2846 fuisses,
2881 2794 3174 2849 appareres
3204 2789 3380 2832 aulem
3409 2778 3459 2829 in
3491 2778 3555 2832 iis
3575 2793 3624 2848 qi
3646 2793 3692 2830 te

2118 2875 2464 2929 accidissent.

427 2941 536 2994 Καὶ
563 2943 749 2998 πάλιν
779 2948 1044 3034 ξζκᾶξλῳ
1073 2955 1228 3022 τόμῳ
1262 2956 1333 3034 ἐν
1360 2958 1489 3024 ταῖς
1527 2941 1737 3034 αὑταῖς
1770 2941 1857 3032 εἰς
1897 2968 2007 3034 τὴν

2115 2959 2316 3016 Rursus
2349 2963 2402 3014 in
2433 2961 2538 3014 alio
2562 2971 2720 3026 (omo,
2754 2961 2807 3013 in
2838 2962 3022 3013 iisdem
3051 2963 3118 3013 ad
3163 2961 3402 3014 Erodum
3434 2977 3694 3015 commcn-

779 3019 1027 3082 Ἕξοδοι·
1061 3019 1479 3092 murenarum;
1508 3032 1639 3096 (6:2).

503 3103 690 3196 Ἔλεγε
719 3107 775 3160 δέ
798 3126 879 3172 τις
904 3111 1009 3164 τῶν
1031 3113 1149 3166 καθ’
1179 3117 1342 3185 ἡμᾶς.
1373 3119 1480 3172 ἀπὸ
1511 3122 1607 3191 τῆς
1643 3125 1924 3196 συνηθείας
1948 3129 2008 3182 τὸ

431 3189 753 3288 ζητούμενον
784 3201 1293 3273 παραμυθούμενος,
1312 3208 1392 3260 ὅτι
1424 3211 1680 3276 πολλάκις
1701 3216 1750 3266 οἱ
1783 3221 2008 3288 χρηστοὶ

428 3280 600 3352 κύριοι
635 3289 1114 3361 μακροθυμοῦντες
1163 3296 1255 3348 ἐπὶ
1288 3301 1414 3363 τοὺς
1456 3303 1872 3374 ἁμαρτάνοντας
1900 3311 2006 3363 τῶν

424 3376 673 3439 οἰκετῶν,
703 3378 885 3446 λέγειν
908 3383 1130 3438 εἰώθασι
1151 3387 1259 3458 (65)
1283 3391 1362 3453 τὸ,
1388 3412 1404 3442 ι
1429 3395 1570 3462 Ἐγώ
1605 3415 1662 3450 σε
1694 3399 2000 3467 ἀπώλεσα,ι

427 3466 553 3528 καὶ,
593 3486 608 3515 ι
649 3469 786 3535 Ἐγώ
821 3489 877 3522 σε
913 3477 1146 3546 πονηρὸν
1172 3480 1420 3552 ἐποίησα,
1467 3505 1483 3535 ι
1517 3488 1656 3556 μετὰ
1701 3492 1792 3543 τοῦ
1846 3495 2007 3564 ἤθους

426 3557 801 3624 ἐμφαίνοντες,
833 3562 912 3614 ὅτι
937 3567 970 3632 ἠ
995 3569 1296 3639 χρηστότης
1326 3574 1505 3628 αὐτῶν
1539 3578 1628 3630 καλ⁵
1658 3557 2010 3654 μακροθῦμία

427 3649 701 3719 πρόφασις
733 3651 880 3705 δοκεῖ
910 3657 1192 3723 γεγονέναι
1219 3661 1318 3730 τῆς
1359 3665 1450 3717 ἐπὶ
1504 3667 1686 3721 πλεῖον
1721 3679 2003 3746 πονηρίας.

427 3737 636 3809 Ὥσπερ
672 3737 765 3795 οὖν
816 3745 1022 3799 τούτων
1065 3748 1369 3820 λεγομένων
1414 3755 1635 3812 δύναταί
1691 3779 1772 3827 τις
1832 3737 2008 3835 λέγειν

426 3832 810 3897 συκοφαντῶν,
866 3837 949 3888 ὅτι
1001 3837 1349 3911 ὡμολόγησεν
1394 3848 1422 3897 6
1469 3848 1735 3922 δεσπότης
1774 3832 2006 3929 πωκηνρὸν

427 3923 777 3989 πεποιηκέναι
805 3927 896 3978 τὸν
924 3929 1142 4000 οίκέτην
1163 3948 1176 3972 -'
1205 3933 1346 3988 οὕτω
1375 3937 1442 3990 τὰ
1473 3940 1577 3993 ὑπὸ
1610 3944 1706 4015 τῆς
1735 3923 2006 4021 ἀγαθότη-

421 4025 512 4109 τος
551 4029 642 4112 του
695 4015 826 4112 θεοῦ
881 4019 1154 4091 πρόφασις
1192 4026 1455 4097 γενόμενα
1499 4033 1595 4102 τῆς
1643 4035 2005 4112 σκληρότητος

422 4103 512 4201 τοῦ
544 4103 760 4201 Φαραὼ,
791 4107 1186 4180 ὲσκληρυκέναι
1215 4113 1623 4190 ἀναγέγραπται
1652 4103 2003 4201 τὴνῡκαρδίαν

419 4191 633 4282 Φαραώ.
673 4196 1136 4270 Παραμυθήσεται
1167 4203 1222 4258 δὲ
1267 4200 1423 4273 οὗτος
1459 4211 1568 4282 (64)
1623 4191 2005 4280 ὲξῑάποσῖτολι-

2824 3042 2997 3084 (arm.

2190 3123 2410 3177 Dicebat
2438 3123 2633 3191 aliquis
2661 3139 2691 3178 e
2729 3125 2935 3177 nostris
2976 3124 3292 3186 comlaueis,
3340 3138 3436 3190 per
3475 3139 3535 3176 ea
3572 3140 3692 3192 qua:

2115 3213 2168 3267 in
2221 3228 2320 3267 usu
2373 3223 2545 3279 sunt,
2603 3213 2696 3277 id,
2732 3213 2877 3282 quod
2919 3211 3028 3281 jam
3073 3214 3359 3282 qumritur,
3411 3215 3692 3279 molliens,

2115 3320 2254 3374 saepe
2301 3305 2472 3358 bonos
2528 3306 2781 3359 dominos
2823 3305 3093 3372 patientes
3141 3305 3192 3358 in
3243 3305 3454 3358 delictis
3505 3319 3694 3358 servo-

2117 3413 2236 3452 rum
2285 3396 2468 3449 dicere
2515 3395 2691 3450 solere
2732 3411 2798 3449 ς(
2833 3394 2944 3463 Ego
2977 3404 3026 3448 te
3059 3397 3294 3461 perdidi,
3340 3410 3441 3462 ego
3492 3405 3540 3448 te
3587 3395 3683 3448 im-

2113 3489 2339 3556 probum
2395 3487 2528 3552 feci;
2563 3505 2584 3540 ι
2652 3487 2754 3540 hoc
2803 3497 2959 3557 pacto
3011 3501 3134 3539 eum
3203 3485 3394 3540 aﬂ‘et-tu
3457 3489 3690 3556 quodam

2113 3581 2468 3632 Ostendeutes
2523 3578 2822 3631 bonitatem
2870 3585 2924 3630 et
2971 3575 3287 3644 patientiam
3340 3593 3492 3630 suam
3561 3593 3690 3631 eau-

2115 3682 2228 3720 sam
2263 3668 2432 3720 videri
2477 3666 2750 3730 attulisse,
2788 3681 2886 3718 cur
2921 3680 3109 3718 eorum
3153 3677 3432 3719 cresceret
3487 3667 3691 3733 impru-

2115 3757 2274 3823 bitas_.
2308 3757 2588 3821 Quomodo
2615 3757 2800 3824 igitur,
2829 3769 2952 3808 cum
2988 3754 3101 3807 lucc
3131 3756 3410 3820 dicuntur,
3447 3739 3688 3809 cavillari

2115 3847 2237 3915 quis
2266 3859 2464 3916 potest,
2501 3846 2704 3900 fassum
2739 3861 2861 3900 esse
2895 3847 3194 3910 dominum,
3237 3861 3295 3900 se
3337 3862 3554 3900 servum
3594 3849 3693 3899 im-
3760 3895 3766 3900 .

2115 3938 2344 4005 probum
2397 3938 2588 3990 fecisse
2633 3953 2648 3990 :
2698 3937 2775 3990 sic
2806 3952 2927 4006 quae
2958 3953 2986 3990 a
3021 3935 3355 4004 benignitate
3386 3938 3476 3990 Dei
3513 3940 3690 4006 profe-

2110 4039 2195 4084 cla
2227 4039 2373 4094 sunt,
2403 4030 2558 4097 quasi
2586 4043 2746 4081 causa
2777 4027 2978 4082 fuerint
3005 4028 3363 4082 indurationis
3394 4028 3686 4092 Pharaoni,

2111 4137 2208 4175 cor
2241 4121 2541 4175 Pharaonis
2572 4122 2857 4174 indurasse
2889 4121 3166 4174 dicuntur.
3207 4121 3450 4188 Apostoli
3506 4131 3686 4174 autent

2109 4214 2310 4276 verbis,
2343 4213 2432 4268 hic
2459 4229 2522 4267 ea
2571 4229 2690 4281 qum
2725 4210 2990 4278 cogitavit
3017 4251 3032 4276 ,
3063 4211 3228 4266 leniet
3256 4212 3302 4243 ⁸⁸
3330 4228 3344 4265 :
3386 4230 3405 4263 ι
3446 4214 3524 4266 Att
3554 4212 3690 4266 divi-

421 4280 534 4335 κῶν
566 4285 763 4355 ῥητῶν,
790 4287 818 4339 ὃ
843 4290 1094 4357 νενόηκεν
1125 4295 1299 4348 είπεῖν
1323 4315 1335 4327 ⁸
1373 4317 1390 4348 ι
1422 4303 1491 4354 Ἦ
1518 4280 1607 4356 τοῦ
1644 4306 1873 4362 πλούτου
1904 4313 2003 4383 τῆς

2115 4305 2213 4359 tias
2248 4305 2512 4359 bonitatis
2553 4280 2721 4372 ipsius
2756 4313 2812 4357 et
2862 4304 3277 4357 sustentationis
3309 4312 3364 4358 et
3413 4304 3687 4372 patientia:

425 4376 783 4475 ίρηστότητος
819 4380 978 4432 αὐτοῦ
1009 4385 1102 4437 καὶ
1132 4387 1232 4456 τῆς
1276 4390 1473 4462 ἀνοχῆς
1505 4395 1598 4446 καὶ
1645 4397 1745 4467 τῆς
1795 4376 1998 4475 μακρο-

422 4467 619 4539 θυμίας
647 4479 1025 4545 καταφρονεῖς,
1047 4479 1256 4546 ἀγνοῶν
1283 4483 1364 4536 ὅτι
1389 4485 1452 4537 τὸ
1479 4490 1711 4558 χρηστὸν
1742 4467 1835 4546 τοῦ
1869 4467 2003 4549 Θεοῦ

421 4563 500 4624 εἷς
532 4566 814 4632 μετάνοιάν
864 4584 922 4620 σε
954 4569 1114 4636 ἄγει;
1148 4570 1236 4626 διὰ
1277 4574 1332 4627 δὲ
1377 4577 1476 4648 τὴν
1512 4579 1849 4654 σκληρότητά
1885 4604 1999 4653 σου,

423 4653 515 4706 καὶ
542 4655 907 4728 ἀμετανόητον
937 4661 1164 4732 καρδίαν
1198 4664 1546 4738 θησαυρίζεις
1588 4653 1800 4746 σεαυτῷ
1830 4677 2001 4751 ὀργὴν

420 4743 687 4842 bam???
718 4749 904 4842 ὀ-Ργῆςς
939 4753 1036 4842 καὶ
1074 4755 1500 4828 ἀποκαλύψεως,
1532 4763 1627 4814 καὶ
1659 4743 2002 4842 δικαιοσύνης

419 4833 510 4885 τοῦ
545 4835 701 4899 Θεοῦ,
733 4838 791 4900 ὂς
825 4841 1092 4896 ἀποδώσει
1119 4845 1338 4916 ἑκάστῳ
1360 4850 1498 4903 κατὰ
1516 4851 1584 4904 τὰ
1607 4851 1741 4922 ἔργα
1763 4833 1995 4911 αὐτοῦλ

431 4926 487 4980 ’0
518 4927 679 4992 αὐτὸς
706 4929 835 4996 γοῦν
867 4933 1180 4999 Ἀπόστολος
1211 4939 1268 4990 ἐν
1302 4942 1366 5010 τῇ
1397 4941 1533 5011 πρὸς
1559 4945 1859 5015 Ῥωμαίους
1885 4953 2003 5004 ἐπι-

488 5041 536 5076 ⁸⁴
570 5043 724 5100 Deut.
761 5061 875 5114 viti,
913 5048 966 5112 ἓ,
995 5049 1051 5106 3.
1162 5053 1206 5085 ⁸⁸
1235 5053 1334 5108 Job
1365 5072 1451 5121 χι,
1485 5057 1539 5110 5.

487 5205 604 5344 ξ59)
639 5209 764 5264 Mss.
796 5211 1124 5284 διαγνωσθῇ.
1149 5219 1380 5274 'l'arintts
1411 5231 1465 5274 et
1500 5221 1724 5275 lluetius
1747 5222 1994 5294 γνωσθῇ.

513 5278 601 5344 30)
648 5280 1124 5344 Ἐλιμαγχόνισε.
1160 5289 1335 5342 διϊίιι.
1368 5290 1786 5344 ἐλιμαγγόνησε.

513 5278 601 5362 ﬁll)
643 5278 1133 5362 ςξέλιιμιιγκόνιιξνξέ.Δ
1160 5289 1335 5342 διϊίιι.
1368 5278 1786 5362 ξλιμαγχόνησέ.
1944 5282 1951 5292 ’

417 5347 792 5468 Μιὲῗὲένλίδςη
821 5347 1322 5425 ἀπαγγελλόμενον.
1367 5347 1481 5413 Lib.
1525 5347 1699 5426 editi;
1731 5363 1998 5431 ἐπαγγελ-

420 5431 661 5485 Αομενον.

488 5485 596 5572 (£32)
629 5489 905 5572 ’ἕντοῖς
932 5491 1142 5572 αὐταῖς
1189 5495 1277 5558 είς
1313 5495 1428 5572 ei":
1457 5500 1710 5563 Ἕξυδον
1739 5501 1994 5572 σημειώ-

417 5570 614 5640 fecer.
641 5561 776 5623 Quid
805 5561 1269 5640 sittt_o'qpattbaatg
1310 5561 1554 5640 diximus
1577 5572 1627 5621 in
1658 5561 1992 5640 Origéuinriis

421 5623 629 5706 libant,
677 5643 797 5695 cap.
831 5630 886 5706 οὶ,
925 5623 1435 5706 Ilaeappellatioue
1478 5623 1680 5706 scripta
1715 5623 1987 5695 eii'eonti:

419 5703 617 5749 nentur
658 5712 776 5764 qua:
820 5701 884 5753 ad
919 5701 1061 5753 aliud
1108 5703 1372 5771 scriptum
1412 5701 1757 5772 adjiciuntur.
1800 5710 1986 5778 Itaque

1626 5059 1671 5091 “
1696 5061 1852 5117 Boni.
1897 5081 1957 5129 tt,
1994 5063 2048 5131 4,
2077 5065 2130 5131 5,
2161 5065 2214 5120 6.

2109 4399 2440 4458 contemnis,
2478 4395 2736 4465 ignorans
2763 4395 3150 4466 benignitatem
3197 4396 3287 4450 Dei
3326 4405 3376 4450 te
3418 4398 3481 4451 ad
3514 4399 3687 4467 pumi-

2111 4490 2338 4543 tentiam
2370 4489 2684 4543 deducere?
2712 4475 2806 4542 sed
2840 4497 3059 4558 propter
3091 4489 3342 4543 duritiem
3373 4500 3424 4544 et
3456 4505 3550 4546 cor
3575 4506 3689 4559 ρων

2110 4582 2282 4636 nitere
2312 4583 2578 4647 nescium,
2611 4595 2903 4635 eoaeervas
2932 4580 3027 4634 tibi
3078 4580 3216 4634 iram
3246 4581 3298 4635 in
3336 4583 3422 4636 die
3457 4584 3549 4636 ira:
3575 4623 3590 4647 ,
3629 4592 3684 4634 et

2108 4673 2518 4737 declarationis,
2543 4682 2595 4729 et
2630 4673 2856 4744 justitia:
2889 4673 3002 4739 Dei,
3033 4673 3125 4743 qui
3166 4674 3356 4728 reddet
3394 4672 3685 4739 unicuique

2110 4779 2209 4834 pro
2237 4766 2499 4836 operibus
2545 4766 2682 4835 ejus.
2723 4786 2741 4818 ι
2779 4767 2896 4835 Ipse
2944 4765 3082 4818 idem
3126 4763 3416 4832 Apostolus
3466 4765 3518 4816 in
3557 4762 3684 4829 Epi-

2109 4858 2247 4912 stola
2282 4859 2349 4912 ad
2394 4857 2668 4914 Romanos
2694 4860 2770 4914 ait
2793 4859 2881 4912 ’τε
2923 4875 2942 4909 ι
2985 4857 3042 4911 Si
3088 4866 3268 4910 autem
3324 4855 3464 4908 Deus
3498 4852 3684 4906 volens

2108 4953 2400 5007 ostendere
2444 4953 2610 5014 iram,
2644 4963 2697 5004 et
2731 4957 3028 5020 potentiam
3061 4965 3212 5004 suam
3251 4955 3433 5002 notam
3479 4945 3681 5009 facere,

2299 5064 2343 5097 ⁸⁷
2377 5065 2532 5122 Rom.
2565 5083 2639 5131 Ix,
2669 5067 2759 5121 ἓξ.

2109 5223 2259 5292 plena
2294 5227 2866 5292 cmumentaria,quos
2891 5236 3064 5280 tomos
3095 5224 3370 5292 inscripsit
3395 5223 3676 5296 Origenes,

2109 5305 2161 5348 et
2195 5296 2397 5347 scholia
2435 5296 2698 5348 vocabulo
2735 5297 2839 5349 isto
2887 5296 3184 5364 significata
3225 5297 3485 5365 reperias,
3545 5314 3666 5350 nam

2112 5376 2344 5435 utraque
2389 5367 2468 5435 ad
2503 5377 2817 5435 contextum
2861 5368 3284 5430 adﬁciebantur,
3315 5369 3468 5435 cujus
3504 5373 3675 5435 gratia

2109 5434 2321 5485 fuerant
2352 5433 2651 5487 elaborata.
2703 5434 2814 5488 lloc
2861 5447 3038 5498 aptent
3087 5437 3204 5491 loco
3236 5433 3672 5494 lonti‘uota—tttur.

2105 5503 2368 5556 HUETIUS.

2173 5573 2288 5640 (65)
2330 5571 2481 5635 Mss.,
2510 5571 2750 5627 εἰώθασι.
2793 5575 2948 5630 Libb.
2980 5576 3131 5640 editi,
3161 5575 3446 5630 εἰώθεσαν.

2169 5643 2305 5714 (64)
2349 5642 2497 5700 Ultus
2543 5645 2714 5700 codex
2762 5662 2863 5702 ms.
2892 5685 2908 5712 ,
2943 5640 3118 5710 οὗτος.
3173 5647 3329 5702 Libb.
3376 5648 3532 5702 editt.
3578 5646 3674 5701 οῦ-

2094 5730 2222 5777 τως.
