4122 6248
437 220 541 276 ἳῗθ

1872 221 1962 277 EX
1995 220 2152 278 ORlG
2162 221 2291 276 ENE

3557 222 3661 277 280

437 339 559 394 tulit
590 339 759 393 multa
792 340 1051 409 patientia
1075 353 1201 394 vasa
1229 340 1318 394 irae
1345 348 1531 409 parata
1562 341 1614 395 itt
1643 339 1921 397 interitum
1942 360 1988 409 ς»

2103 343 2254 413 στολῇ
2299 357 2492 412 φησιν’
2532 360 2550 392 ι
2585 342 2647 395 Ei
2685 341 2740 394 δὲ
2768 339 2933 394 θέλων
2960 342 2988 393 ό
3018 339 3146 403 Θεὸς
3193 338 3522 403 ἐνδείξασθαι
3562 340 3660 409 τὴν

434 431 587 498 quasi
616 432 874 499 patietttia
906 430 1073 498 ipsius
1102 430 1281 484 tulerit
1319 446 1447 485 vasa
1483 431 1577 485 ira:
1601 440 1654 487 et
1678 432 1839 487 veluti
1872 448 1993 501 pro-

434 524 723 577 creaverit.
764 523 820 577 Si
849 522 1030 585 enim,
1082 524 1223 591 quod
1272 523 1409 577 lenis
1456 533 1505 577 et
1560 524 1766 592 patiens
1811 524 1992 591 luerit,

436 631 539 667 non
592 614 819 683 puniens
862 623 1150 682 peccantes
1174 652 1189 676 ,
1245 613 1337 667 sed
1389 597 1675 669 miseratus
1699 655 1715 681 ,
1744 631 1871 670 vasa
1906 616 1993 670 illa

434 708 781 760 :tillllltial'lltll
808 720 825 769 ;
857 706 969 772 ipse
996 702 1392 772 quodammodo
1438 707 1693 773 patientia
1731 723 1826 761 sua
1867 722 1993 761 vasa

438 801 528 849 ira:
576 795 734 857 tulit,
769 805 857 857 et,
888 806 948 849 ut
981 794 1054 848 ita
1100 795 1272 849 dicam
1299 835 1313 858 ,
1350 795 1463 864 ipse
1497 798 1677 851 omnia
1708 797 1835 851 fecit
1868 813 1994 852 vasa

436 888 525 937 ira:
549 894 710 952 atque
734 884 869 936 adeo
901 885 1012 952 ipse
1038 883 1312 938 induravit
1338 901 1432 939 cor
1456 902 1665 941 eorum.
1693 888 1825 943 Cum
1852 890 1993 943 enim

436 976 697 1045 tutsignis
715 986 768 1028 et
797 974 1059 1044 prodigiis
1076 973 1235 1030 factis
1264 992 1367 1030 non
1397 979 1736 1047 obtemperat
1760 979 1992 1043 Pharao,

433 1067 526 1120 sed
558 1074 675 1135 post
707 1074 785 1118 tot
810 1075 863 1120 et
906 1075 1051 1119 tanta
1101 1076 1343 1121 monstra
1388 1078 1692 1138 repugnat,
1727 1072 1995 1138 quomodo

434 1172 541 1210 uon
576 1157 761 1211 durior
792 1167 848 1210 et
901 1157 1167 1211 infidelior
1201 1159 1488 1228 arguitur?
1525 1175 1646 1215 cum
1695 1163 1920 1216 durities
1942 1171 1996 1215 et

438 1248 797 1302 incredulitas
846 1263 911 1302 ex
964 1249 1222 1317 prodigiis
1264 1250 1395 1304 oriri
1444 1252 1683 1318 potuisse
1727 1253 1992 1307 videatur.

434 1340 623 1394 Simile
652 1341 810 1394 estid
837 1341 889 1394 in
922 1341 1211 1410 Evangelio
1235 1342 1279 1373 ⁸⁸
1318 1360 1330 1395 :
1366 1360 1385 1392 ι
1422 1342 1532 1406 Ego
1563 1344 1628 1396 ad
1654 1343 1911 1409 judicium
1941 1345 1993 1398 itt

437 1436 576 1485 hunc
606 1434 863 1485 mundum
892 1434 1009 1486 veni
1037 1449 1050 1495 ;
1084 1453 1101 1483 ι
1138 1448 1243 1488 non
1271 1435 1415 1488 enim
1442 1433 1719 1488 Servatori
1753 1436 1999 1505 proposi-

436 1534 546 1573 tum
578 1521 677 1574 fuit
716 1523 902 1575 venire
928 1522 993 1575 ad
1035 1523 1320 1591 judicium,
1348 1524 1443 1577 sed
1472 1539 1535 1577 ex
1566 1539 1630 1577 eo
1660 1527 1803 1592 quod
1835 1541 1995 1580 vene;

2095 437 2260 505 ὀργὴν
2281 478 2294 499 ,
2330 435 2423 486 καὶ
2462 434 2723 504 γνωρίσαι
2765 433 2826 485 τὸ
2868 433 3086 485 δυνατὸν
3117 430 3313 497 αὐτοῦ,
3347 433 3572 500 ἤνεγκεν
3603 433 3663 483 ἐν

2095 524 2260 594 πολλῇ
2313 522 2663 593 μακροθυμίᾳ
2710 522 2875 593 σκεύη
2921 523 3088 593 όργῆς
3136 523 3541 592 κατηρτισμένα
3584 524 3661 584 είς

2094 614 2397 668 ἀπώλειαν·
2437 634 2455 666 t
2489 615 2565 676 ὡς
2605 615 2703 685 τῆς
2751 613 3131 684 μακροθυμίας
3159 613 3324 666 αὐτοῦ
3351 614 3662 685 ὲνηνοχυίιις

2092 705 2161 759 τά
2187 706 2349 777 σκεύη
2379 706 2481 776 τῆς
2508 706 2695 777 ὀργῆς,
2722 706 2815 759 καὶ
2843 705 3003 759 οἱονεί¹
3034 704 3439 774 γεγεννηκυίας.
3467 706 3531 759 Εἰ
3555 704 3663 775 γὰρ

2095 798 2248 867 παρά
2278 799 2337 852 τὸ
2365 797 2730 868 μακροθυμεῖν
2759 797 2919 849 αὑτὸν
2947 797 3005 848 ού
3030 796 3325 859 κολάζοντα
3344 796 3467 858 τοὺς
3489 797 3664 867 ἀμαρ-

2094 888 2349 951 τάνοντας
2366 930 2380 952 ,
2403 888 2529 942 ἀλλ’
2562 887 2813 941 ἐλεοῦντα
2831 927 2846 951 ,
2875 886 3162 939 ἐπλεόνασε
3191 889 3257 957 τῇ
3286 885 3477 956 χύσει,
3503 886 3663 949 αὑτός

2096 997 2213 1042 πως
2237 980 2431 1049 ηνεγκε
2455 982 2519 1050 τῇ
2551 977 2743 1031 ἑαυτοῦ
2772 977 3121 1048 μακροθυμίᾳ
3148 977 3216 1029 τά
3253 977 3419 1047 σκεύη
3452 978 3551 1047 τῆς
3580 978 3663 1047 όρ-

2094 1071 2230 1140 γῆς,
2265 1072 2358 1124 καὶ
2395 1070 2459 1123 ἵν’
2504 1068 2674 1132 οὕτως
2701 1070 2869 1132 είπω,
2904 1068 3063 1132 αὐτὸς
3095 1068 3160 1121 τὰ
3189 1069 3364 1121 πάντα
3398 1069 3661 1139 πεποίηκε

2097 1160 2263 1230 σκεύη
2293 1160 2463 1231 ὀργῆς
2487 1201 2500 1225 ,
2532 1160 2626 1213 καὶ
2671 1159 2810 1212 κατὰ
2844 1157 3018 1224 τοῦτο,
3057 1158 3216 1221 αὐτὸς
3247 1158 3539 1230 ὲσκλήρυνε
3567 1160 3662 1230 τὴν

2095 1252 2319 1324 καρδίαν
2355 1251 2550 1305 αὐτῶν.
2589 1252 2713 1304 Ὅτε
2738 1250 2848 1322 γὰρ
2888 1252 3128 1322 σημείων
3161 1248 3425 1303 τοσούτων
3456 1251 3548 1303 καὶ
3574 1267 3646 1303 τε-

2099 1345 2271 1416 ράτων
2304 1344 2608 1414 γενομένων
2641 1344 2701 1396 ού
2748 1343 2989 1396 πείθεται
3032 1344 3061 1395 ὁ
3088 1343 3285 1415 Φαραὼ
3308 1384 3321 1406 ,
3352 1342 3484 1397 ἀλλὰ
3530 1343 3665 1412 μετά

2094 1435 2391 1506 τηλικαῦτα
2421 1434 2757 1497 ἀνθίσταται,
2788 1435 2902 1499 πῶς
2934 1435 2992 1487 ού
3025 1435 3383 1506 σκληρότερος
3411 1436 3504 1487 καὶ
3541 1437 3666 1487 ἀπι-

2099 1526 2346 1596 στότερος
2378 1526 2655 1596 ἐλέγχεται
2692 1543 2706 1591 ;
2738 1527 2835 1596 τῆς
2886 1526 3247 1598 σκληρότητος
3286 1527 3378 1579 καὶ
3413 1526 3670 1589 ἀπιστίας

440 1616 529 1677 rit,
565 1624 917 1668 consecutum
946 1624 1025 1667 est
1058 1623 1115 1666 ut
1146 1615 1261 1684 ipse
1296 1616 1363 1669 ad
1386 1615 1648 1685 judicium
1681 1618 1890 1670 venerit
1915 1632 1999 1670 eo-

2103 1619 2358 1691 δοκούσης
2407 1622 2471 1672 ὲκ
2517 1620 2627 1673 τῶν
2668 1617 2964 1689 τεραστίων
3013 1617 3314 1687 δυναμένης
3368 1618 3669 1685 γεγονέναι.

440 1720 577 1769 rum,
613 1705 702 1773 qui
735 1716 855 1773 post
884 1705 1138 1758 miracula
1170 1682 1285 1774 ipsi
1333 1682 1440 1760 non
1488 1706 1817 1761 crediderint
1850 1723 1866 1772 ;
1902 1707 1995 1763 sed

2103 1682 2325 1782 Ὅμοιον
2368 1711 2425 1764 δὲ
2459 1713 2549 1765 καὶ
2586 1712 2644 1764 τὸ
2687 1682 2745 1763 ὲν
2789 1709 2866 1779 τῷ
2907 1682 3307 1780 Εὐαγγελίῳοτι
3352 1682 3455 1771 Εἰς.
3497 1708 3669 1779 κρίμα

434 1806 488 1847 et
518 1796 568 1848 itt
600 1796 813 1849 ruinam
847 1810 1035 1849 eorum
1062 1798 1223 1851 venit.

2100 1800 2210 1870 ἐγὼ
2232 1803 2311 1865 είς
2342 1802 2433 1854 τὸν
2464 1803 2664 1873 κόσμον
2694 1800 2879 1854 τοῦτον
2904 1796 3063 1872 ἦλθον
3089 1818 3101 1830 ·
3144 1821 3161 1852 ι
3194 1802 3253 1853 ού
3275 1801 3382 1872 γὰρ
3413 1801 3671 1871 προέθετο

432 1895 461 1941 ό
517 1890 705 1961 Σωτὴρ
752 1892 832 1952 είς
867 1890 1039 1961 κρίμα
1088 1890 1280 1955 ἐλθεῖν,
1317 1892 1432 1945 ἀλλ’
1469 1891 1799 1963 ἠκολούθησε
1860 1892 1935 1962 τῷ
1984 1892 2294 1963 ἐληλυθέναι
2342 1895 2534 1957 αὑτὸν,
2577 1895 2639 1947 τὸ
2676 1896 2755 1957 εἰς
2798 1894 2968 1963 κρίμα
3003 1892 3163 1945 αὑτὸν
3203 1892 3509 1963 ἐληλυθέναι
3564 1890 3669 1946 τῶν

436 1984 576 2056 μετά
605 1985 673 2038 τὰ
703 1986 959 2056 τεράστια
986 1987 1045 2038 ού
1076 1988 1509 2041 πεπιστευκότων
1540 1988 1686 2059 αὐτῷ
1705 2006 1716 2018 ·
1749 1989 1881 2043 ἀλλὰ
1910 1989 2002 2042 καὶ
2039 1992 2117 2053 είς
2143 1989 2345 2043 πτῶσιν
2377 1990 2619 2061 ἐλήλυθε.

767 2076 833 2130 Et
873 2087 993 2147 post
1017 2079 1146 2142 alia,
1172 2080 1225 2133 in
1257 2080 1395 2135 hunc
1429 2082 1663 2136 modum.

507 2167 753 2237 Prodigia
783 2167 949 2235 facta,
991 2170 1410 2239 suscipientibus
1440 2172 1660 2241 quidem
1690 2181 1745 2227 et
1773 2173 2001 2227 creden-

436 2261 603 2325 tibus,
637 2271 693 2313 ut
727 2260 1047 2328 promiscuis
1070 2260 1177 2313 illis
1206 2260 1496 2331 Egyptiis,
1526 2263 1614 2331 qui
1648 2278 1770 2316 eum
1802 2264 1998 2333 pnpnl‘o

434 2352 637 2419 egressi
673 2362 831 2414 sunt,
867 2352 1238 2406 misericordia
1271 2351 1424 2407 fuere
1459 2370 1473 2416 ;
1512 2370 1617 2407 non
1651 2356 2000 2411 credentibus

437 2453 613 2495 autem
642 2443 893 2496 duritiem
939 2443 1122 2498 cordis
1158 2444 1419 2498 inserunt.
1453 2446 1587 2498 Tum
1634 2458 1895 2515 praetcrea
1931 2464 1997 2504 ex

442 2529 729 2599 livangelio
756 2531 1001 2600 quaedam
1026 2532 1109 2585 Itis
1137 2533 1336 2587 similia
1360 2534 1588 2603 proferri
1616 2549 1860 2605 possunt,
1882 2553 2001 2607 qua:

438 2623 699 2678 ntalorum
735 2634 1009 2678 auctorem
1045 2623 1316 2692 aliquibus
1356 2624 1701 2680 Servatorem
1733 2628 1877 2696 loqui
1917 2629 1999 2682 vi-

440 2719 637 2769 olentur
660 2716 705 2748 ⁸³
738 2737 749 2770 :
784 2734 802 2767 ι
838 2715 929 2769 Vae
967 2715 1061 2771 tibi
1096 2717 1245 2787 regio
1271 2715 1397 2783 Zin,
1446 2733 1522 2774 va:
1558 2720 1651 2774 tibi
1684 2720 1998 2786 Betltsaida,

439 2809 567 2875 quia
598 2808 640 2863 si
667 2808 794 2878 Tyri
821 2819 874 2863 et
903 2808 1102 2863 Sidone
1124 2808 1267 2864 facta
1299 2811 1526 2865 fuissent
1547 2812 1696 2881 signa
1720 2826 1840 2881 quae
1862 2814 1999 2881 apud

438 2914 536 2954 vos
568 2899 707 2953 facta
730 2909 877 2968 sunt,
902 2901 1011 2969 jam
1041 2900 1167 2954 olim
1201 2902 1253 2955 in
1279 2917 1439 2957 sacco
1462 2912 1517 2958 et
1553 2904 1732 2958 cinere
1754 2905 2003 2960 sedentes

440 2990 811 3060 paenitentiam
851 2993 1111 3061 egissent.
1145 2994 1410 3048 Cteterum
1437 2996 1559 3050 dico
1590 2996 1742 3050 vobis
1763 3036 1777 3058 ,
1817 2997 2005 3051 tolera-

442 3084 605 3137 bilius
635 3084 739 3138 erit
764 3083 907 3153 Tyro
936 3094 991 3139 et
1024 3083 1207 3140 Sidoni
1242 3102 1405 3155 quam
1436 3087 1609 3152 vobis,
1651 3106 1670 3139 ι
1704 3098 1756 3143 et
1785 3098 1999 3143 caetera.

446 3177 587 3231 Deus
613 3178 757 3231 enim
790 3177 879 3246 qui
907 3176 1157 3231 duritiem
1181 3187 1232 3231 et
1250 3178 1682 3233 incredulitatem
1709 3180 2001 3236 incolarum

442 3270 678 3339 regionis
706 3269 824 3333 Zin,
856 3279 910 3323 et
932 3268 1219 3323 Betttsaida
1245 3309 1260 3334 ,
1292 3279 1347 3324 et
1374 3270 1756 3339 Capltarnattm
1792 3287 2002 3342 pramo-

2521 2083 2629 2137 Καὶ
2654 2083 2781 2152 μεθ’
2816 2081 2985 2151 ἕτερα
3015 2082 3218 2148 οὕτως.

2172 2177 2250 2228 Τὰ
2277 2177 2533 2246 τεράστια
2576 2174 2833 2245 γινόμενα
2857 2214 2871 2238 ,
2907 2177 3017 2238 τοῖς
3070 2174 3167 2244 μὲν
3216 2173 3524 2244 δεχομένοις
3576 2171 3667 2225 καὶ

2103 2265 2477 2329 πιστεύουσιν,
2517 2264 2591 2327 ὠς
2637 2266 2788 2336 παρά
2830 2266 2944 2327 τοῖς
2995 2264 3303 2334 ἐπιμίκτοις
3357 2260 3669 2329 Αἰγυπτίοις

2101 2358 2211 2417 τοῖς
2242 2354 2618 2426 συνεληλυθόσι
2661 2354 2739 2425 τῷ
2778 2355 2921 2425 λαῷ,
2955 2354 3100 2418 ἔλεος
3147 2351 3244 2424 ἦν·
3287 2356 3397 2415 τοῖς
3440 2353 3483 2405 δ’
3512 2352 3668 2404 ἀπει-

2102 2447 2252 2501 θοῦσι
2273 2447 2613 2519 σκληρότητα
2638 2449 2756 2511 ταῖς
2787 2445 3031 2518 καρδίαις
3052 2444 3228 2497 αὐτῶν
3253 2444 3519 2515 ἐπιφέρει.
3560 2442 3669 2495 Καὶ

2102 2540 2165 2593 ὲκ
2206 2538 2297 2592 τοῦ
2333 2538 2659 2607 Εὑαγγελίου
2698 2538 2754 2590 δὲ
2785 2538 2864 2590 ἔτι
2898 2537 3045 2607 παρά
3071 2538 3139 2589 τὰ
3163 2535 3426 2606 εἰρημένα
3465 2535 3579 2587 ἔστι
3602 2533 3670 2584 τὰ

2101 2632 2260 2702 ὅμοια
2289 2630 2627 2703 παραθέσθαι
2672 2631 2799 2701 περὶ
2833 2629 2925 2683 τοῦ
2972 2630 3063 2681 καὶ
3106 2630 3195 2681 τὸν
3235 2627 3463 2697 Σωτῆρα
3488 2624 3669 2679 κακῶν

2102 2724 2271 2778 αἴτιον
2319 2724 2493 2776 δοκεῖν
2558 2722 2837 2790 γεγονέναι
2895 2721 3074 2773 τισίν’
3131 2738 3148 2769 t
3204 2718 3338 2771 Οὐαί
3394 2734 3473 2769 σοι
3519 2714 3673 2786 χώρα

2103 2816 2194 2868 Ζὶν
2219 2815 2357 2885 (65),
2389 2814 2510 2866 ούαί
2545 2808 2627 2865 σοι
2656 2812 2958 2883 Βηθσαϊδὰ,
2990 2812 3071 2864 ὅτι
3102 2812 3149 2862 εἰ
3183 2810 3241 2861 ὲν
3271 2808 3431 2878 Τύρῳ
3459 2806 3553 2859 καὶ
3579 2806 3669 2856 Σι-

2102 2906 2226 2960 δῶνι
2257 2905 2471 2973 ἐγένετο
2498 2904 2564 2956 τὰ
2594 2906 2793 2974 σημεῖα
2830 2902 2897 2954 τὰ
2941 2901 3205 2971 γενόμενα
3237 2900 3294 2952 ὲν
3325 2900 3481 2968 ὑμῖν,
3507 2895 3672 2949 πάλαι

2103 2996 2167 3050 ἂν
2200 2998 2255 3049 ὲν
2284 2996 2468 3065 σάκκῳ
2491 2996 2581 3047 καὶ
2604 2993 2780 3063 σποδῷ
2807 2991 3101 3063 καθήμενοι
3147 2989 3493 3061 μετενόησαν.
3527 2986 3671 3055 Πλὴν

2104 3088 2244 3157 λέγω
2286 3088 2447 3157 ὑμῖν,
2490 3085 2649 3156 Τύρῳ
2695 3085 2788 3138 καὶ
2824 3084 3008 3137 Σιδῶνι
3057 3080 3403 3150 ἀνεκτότερον
3447 3077 3595 3130 ἔσται

2107 3182 2252 3250 ὑμῖν,
2287 3199 2304 3231 t
2340 3178 2435 3232 καὶ
2468 3176 2534 3230 τὰ
2562 3176 2686 3247 ἑξῆς
2706 3194 2720 3207 ο
2755 3173 3106 3247 προγνώστης
3144 3170 3248 3242 γὰρ
3280 3173 3308 3224 ό
3337 3168 3526 3239 Σωτὴρ
3561 3167 3673 3236 (66)

2105 3272 2178 3323 ὢν
2211 3271 2309 3340 τῆς
2334 3268 2588 3332 ἀπιστίας
2622 3268 2729 3319 τῶν
2767 3267 2823 3319 ὲν
2855 3264 3007 3336 χώρᾳ
3039 3265 3152 3327 Ζὶν,
3185 3263 3277 3314 καὶ
3307 3259 3414 3313 τῶν
3445 3260 3501 3311 ὲν
3533 3257 3673 3327 Βηθ-

441 3360 616 3425 vera},
649 3370 702 3416 et
725 3361 934 3416 sciebat
971 3360 1300 3416 tolerabilius
1325 3361 1442 3416 fore
1469 3364 1611 3431 genti
1645 3341 2000 3417 Sodomorum

2107 3361 2277 3425 σαῖδὰ,
2315 3362 2408 3415 καὶ
2457 3360 2562 3413 τῶν
2591 3361 2647 3412 ἐν
2676 3360 3067 3429 Καπερναοὺμ,
3098 3358 3188 3409 καὶ
3216 3358 3296 3409 ὅτι
3329 3352 3678 3423 ἀνεκτότερον

445 3452 499 3504 ἰιι
536 3450 622 3505 dic
646 3452 832 3519 jttdicii
869 3467 1028 3518 quam
1059 3451 1189 3518 illis,
1226 3465 1323 3505 cur
1354 3452 1510 3521 120
1542 3454 1798 3506 miracula
1827 3464 2003 3522 patra-

445 3545 537 3599 bat
586 3544 639 3597 in
685 3545 902 3613 regione
957 3544 1052 3597 Zin
1091 3553 1146 3597 et
1189 3542 1473 3597 Betltsaida
1500 3587 1514 3609 ,
1551 3543 1739 3597 videns
1788 3556 2006 3614 propter

444 3637 561 3691 lace
594 3635 930 3691 tolerabilius
970 3636 1083 3690 fore
1110 3635 1163 3689 in
1199 3632 1287 3687 die
1333 3633 1522 3702 judicii
1559 3634 1735 3705 Tyriis
1766 3644 1818 3689 et
1851 3636 2004 3690 Sitio-

446 3728 575 3794 ttiis,
609 3744 767 3798 quam
798 3729 879 3783 bis
899 3728 922 3762 ⁸³

1047 3886 1116 3939 Ει
1144 3895 1257 3954 post
1279 3885 1406 3939 alia.

522 4002 539 4031 ι
573 3980 652 4034 Tu
678 3989 861 4033 au'cm
899 3979 1046 4032 dices
1069 3976 1357 4041 Pharaoni,
1393 3974 1518 4029 Haec
1546 3975 1677 4029 dicit
1708 3974 2002 4031 Dominus:

450 4072 615 4125 Filius
661 4069 1054 4141 primogenitus
1103 4082 1253 4121 meus
1296 4064 1481 4120 Israel.
1536 4065 1655 4119 Dixi
1686 4080 1815 4120 vero
1860 4066 1952 4119 tibi
1990 4084 2003 4119 :

450 4161 669 4216 Dimitte
714 4160 968 4229 populum
1013 4174 1227 4221 meum,
1272 4166 1329 4209 ut
1360 4171 1444 4210 me
1480 4155 1701 4219 colant;
1746 4155 1791 4209 si
1828 4164 2006 4209 autem

2104 3455 2310 3522 γίνεται
2342 3455 2413 3523 γῇ
2447 3451 2554 3521 (67)
2586 3450 2832 3520 Σοδόμων
2865 3453 2922 3503 ὲν
2956 3449 3162 3520 ἡμέρᾳ.
3184 3446 3438 3516 κρίσεως,
3470 3443 3503 3513 ἢ
3534 3443 3676 3497 ὲκείυ

2105 3563 2243 3607 νοις,
2272 3544 2360 3597 διὰ
2399 3543 2451 3595 τί
2484 3543 2550 3596 τὰ
2579 3542 2839 3613 τεράστια
2868 3539 3110 3593 ἐπετέλει
3145 3540 3200 3591 ὲν
3242 3536 3394 3607 χώρᾳ
3424 3535 3516 3588 Ζὶν
3540 3574 3554 3598 ,
3585 3533 3676 3587 καὶ

2109 3642 2164 3691 ὲν
2192 3636 2482 3705 Βηθσαϊδὰ,
2519 3636 2657 3707 ὁρῶν
2696 3636 2776 3688 ὅτι
2824 3633 2912 3687 διὰ
2946 3632 3114 3686 ταῦτα
3158 3629 3503 3694 ἀνεκτότερον
3534 3625 3676 3693 γίνε-

2106 3746 2192 3779 ται
2213 3729 2269 3779 ἐν
2293 3728 2477 3798 ἡμέρᾳ
2505 3726 2735 3797 κρίσεως
2770 3724 3009 3795 Τυρίοις,
3043 3724 3135 3776 καὶ
3167 3720 3458 3785 Σιδωνίοις,
3485 3719 3519 3791 ἢ
3552 3719 3672 3771 τούε

2108 3836 2217 3881 τοις
2241 3859 2255 3882 ’
2654 3885 2760 3937 Καὶ
2778 3884 2905 3953 μεθ’
2929 3884 3118 3951 ἕτερα.

2184 3996 2201 4027 ι
2234 3978 2305 4029 Σὺ
2336 3976 2394 4028 δὲ
2422 3976 2565 4046 ὲρεῖς
2594 3972 2670 4043 τῷ
2704 3970 2923 4044 Φαραώο
2953 3971 3091 4025 Τάδε
3123 3971 3270 4039 λέγει
3288 3968 3520 4039 Κύριος·
3552 3964 3675 4030 Υίδς

2109 4068 2445 4142 πρωτότοκός
2493 4085 2591 4139 μου
2641 4067 2871 4138 Ἰσραήλ.
2903 4061 3049 4117 Εἷπα
3070 4064 3128 4117 δέ
3146 4079 3247 4121 σοι,
3275 4059 3675 4126 Ἐξαπόστειλον

2106 4162 2197 4213 τὸν
2230 4160 2355 4213 λαόν
2387 4175 2511 4230 μου,
2542 4158 2629 4212 ἶνα
2655 4175 2744 4229 μοι
2772 4155 3157 4227 λατρεύσωσιν.
3188 4155 3252 4205 Ei
3292 4153 3348 4205 δὲ
3394 4152 3467 4221 μὴ
3503 4150 3676 4220 βούλει

449 4269 552 4307 non
593 4254 676 4308 vis
702 4253 972 4308 dimittere
1014 4251 1184 4318 ipsum
1214 4289 1228 4313 ,
1260 4247 1462 4301 videsis
1488 4289 1502 4312 ,
1536 4262 1638 4316 ego
1681 4248 2000 4301 interticiam

2109 4252 2479 4317 ἐξαποστεῖλαι
2506 4250 2805 4320 αὐτὸν,ὂρα
2834 4246 2982 4316 γοῦν,
3007 4243 3117 4313 ἐγὼ
3147 4244 3428 4297 ἀποκτενῶ
3452 4241 3683 4294 τὸν.υἱόν;

449 4347 616 4400 tilium
648 4357 795 4400 tuum
829 4344 1242 4414 primogenitum
1270 4340 1338 4393 9°.
1373 4359 1390 4392 ι
1424 4340 1718 4397 Dicendum
1746 4341 1907 4409 igitur
1928 4352 2000 4393 est

2112 4361 2203 4397 σου
2232 4344 2320 4397 τὸν
2351 4341 2707 4413 πρωτότοκον.
2746 4358 2763 4391 ι
2796 4337 3024 4391 Λεκτέον
3050 4332 3142 4390 οὖν
3171 4338 3283 4398 τοῖς
3311 4334 3573 4403 φάσκουσι
3600 4330 3675 4382 διο

451 4440 544 4499 iis,
578 4439 667 4505 qui
712 4437 842 4504 justi
875 4437 964 4490 Dei
1001 4438 1113 4490 haec
1143 4449 1263 4489 esse
1299 4436 1590 4509 opinantur
1614 4476 1629 4499 ,
1666 4445 1721 4486 et
1760 4448 1825 4486 ex
1867 4432 2000 4483 nuda

2110 4434 2261 4487 καίου
2295 4430 2463 4485 ταῦτα
2501 4427 2638 4483 εἶναι
2669 4430 2824 4493 Θεοῦ,
2855 4429 2946 4481 καὶ
2982 4427 3419 4497 ὑπολαμϐάνουσι
3452 4423 3593 4477 κατά
3617 4422 3678 4474 τὸ

448 4524 686 4579 dictione
725 4525 1031 4578 induratum
1079 4540 1200 4579 esse
1234 4538 1330 4577 cor
1376 4524 1675 4577 Pharaonis
1715 4522 1854 4588 regis
1910 4537 2009 4589 pu-

448 4626 585 4681 tant,
616 4632 685 4671 ne
707 4616 1002 4669 dimitteret
1035 4616 1287 4685 pepulum
1314 4616 1501 4686 ipsius,
1534 4613 1806 4684 quomodo
1830 4611 2010 4677 justus

446 4719 529 4766 est
568 4710 659 4779 qui
712 4709 987 4763 induravit
1016 4723 1110 4762 cor
1138 4747 1151 4771 ,
1185 4718 1239 4761 et
1285 4708 1521 4761 mittatur
1542 4746 1556 4770 ,
1589 4704 1691 4759 nisi
1724 4701 2009 4770 dimiserit,

447 4803 865 4859 interfecturum
896 4801 1063 4855 tilium
1100 4798 1217 4867 ejus
1257 4798 1674 4867 primogenitum
1708 4797 1731 4849 ?
1760 4794 1817 4850 St
1865 4796 2010 4851 enim

447 4904 783 4967 urgeantur,
828 4909 950 4947 eum
999 4892 1202 4954 malum
1257 4904 1378 4946 esse
1424 4888 1758 4943 fatebuntur.
1800 4887 2010 4941 Rursus

446 4989 641 5043 deinde
669 4987 773 5040 alia
810 4986 930 5040 illos
967 4984 1090 5039 inde
1123 4991 1375 5037 avertent
1412 4991 1465 5035 et
1497 4997 1575 5036 eo-
1601 4982 1901 5044 adducent,
1951 4987 2011 5033 ut

447 5095 550 5131 nou
586 5079 741 5132 nudae
773 5075 998 5131 dictioni
1028 5074 1424 5137 adhaerescant,
1466 5087 1586 5141 qua:
1618 5072 1854 5141 ipsorum
1880 5070 2006 5123 'seu-

449 5168 615 5222 tentia
638 5166 861 5236 Opiﬁcis
886 5167 1155 5234 justitiam
1190 5166 1327 5221 tueri
1366 5175 1483 5219 'non
1534 5171 1730 5231 potest.
1766 5161 2008 5231 Denique

539 5260 704 5313 semel
762 5275 907 5311 nunc
951 5258 1124 5313 coacti
1177 5257 1378 5312 fuerint
1425 5257 1539 5310 haec
1590 5253 1916 5322 expendere,
1944 5267 2009 5306 eo

518 5354 563 5383 ⁸⁸
600 5353 754 5410 Joau.
790 5352 958 5415 tx,59.
1038 5352 1083 5383 ⁸⁸
1114 5351 1301 5406 Matth.
1334 5367 1407 5414 XI,
1447 5350 1535 5411 9-1,
1564 5349 1655 5401 ‘22.

482 5520 489 5524 _
521 5444 964 5531 {652'XQ'JIFHZUS
1002 5445 1255 5516 Vulgatus
1285 5456 1462 5499 textus
1495 5445 1712 5501 Graecus
1747 5442 2007 5507 Mattltszi,

450 5518 725 5709 (Ο
742 5582 964 5651 Σωτήρ.
995 5583 1083 5639 Sic
1106 5586 1305 5640 habent
1333 5600 1461 5640 mss.
1486 5584 1633 5639 Libri
1658 5594 1837 5638 autem
1858 5583 2010 5649 editi,

457 5676 482 5709 ο
520 5673 576 5707 ιε
612 5673 656 5709 ς.

457 5676 482 5709 ο
508 5673 656 5719 υεος.

2110 4526 2394 4595 πρόχειρον
2431 4524 2528 4592 τῆς
2558 4522 2751 4587 λέξεως
2778 4518 3141 4591 ὲσκληρύνθαι
3174 4519 3271 4589 τὴν
3314 4516 3538 4588 καρδίαν
3570 4517 3675 4567 Φα-

2115 4617 2227 4689 ραὼ
2258 4616 2517 4687 βασιλέως
2542 4655 2556 4679 ,
2592 4615 2677 4666 ἵνα
2706 4614 2778 4683 μὴ
2819 4609 3171 4681 ὲξαποστείλη
3212 4610 3301 4662 τὸν
3329 4609 3454 4660 λαὸν
3495 4605 3675 4668 αὑτοῦ,

2115 4708 2233 4771 πῶς
2259 4707 2461 4770 δίκαιος
2493 4707 2520 4758 ὁ
2554 4704 2862 4776 σκληρύνας
2892 4720 2949 4755 τε
2994 4701 3091 4773 τὴν
3124 4701 3367 4772 καρδίαν,
3410 4699 3503 4752 καὶ
3529 4700 3675 4750 ἀπειο

2114 4799 2240 4862 λῶν,
2275 4799 2322 4851 εί
2356 4797 2430 4869 μὴ
2464 4795 2740 4858 ἀπολύσει,
2771 4796 3083 4847 ἀποκτεῖναι
3108 4792 3197 4843 τὸν
3223 4790 3559 4859 πρωτότοκον
3588 4787 3684 4840 αὐ-

2108 4890 2203 4943 τοῦ
2231 4889 2384 4954 υἱόν;
2432 4887 2743 4957 Θλιόόμενοι
2790 4885 2897 4955 γάρ
2930 4883 3162 4954 πονηρὸν
3202 4882 3365 4934 αὐτὸν
3421 4878 3684 4950 ὁμολογή-

2113 4995 2313 5032 σουσιν.
2344 4973 2475 5030 Εἶτα
2508 4976 2667 5028 πάλιν
2700 4974 2805 5027 ἀπὸ
2838 4974 3037 5044 ἑτέρων
3065 4971 3558 5042 ἀνατραπήσονται,
3591 4965 3683 5018 καὶ⁵

2111 5069 2503 5141 ἀναχθήσονται
2534 5067 2641 5137 (68)
2671 5068 2747 5129 είς
2772 5065 2830 5117 τὸ
2860 5066 2931 5135 μὴ
2970 5067 3035 5134 τῇ
3078 5061 3351 5135 προχείρῳ
3396 5058 3537 5124 λέξει
3566 5057 3684 5117 δου-

2114 5158 2321 5222 λεύειν,
2356 5159 2416 5211 ού
2465 5157 2737 5227 δυναμένῃ
2785 5156 2901 5207 κατ’
2947 5154 3142 5216 αὐτοὺς
3176 5153 3344 5204 σῶσαι
3376 5150 3439 5203 τὸ
3478 5147 3685 5200 δίκαιον

2116 5252 2208 5307 τοῦ
2231 5252 2592 5325 Δημιουργοῦ.
2621 5250 2798 5316 "Attae
2826 5249 2882 5301 δὲ
2918 5247 3011 5300 ἐὰν
3042 5247 3135 5299 νῦν
3172 5240 3553 5311 ἀναγκασθῶσι
3595 5239 3686 5309 μμ

1745 5348 1790 5379 ³ο
1818 5346 1986 5402 Exod.
2023 5363 2094 5415 tv,
2128 5348 2217 5415 ‘22,
2252 5350 2343 5404 25.

2188 5444 2297 5517 (6i)
2323 5443 2435 5497 Vox
2463 5445 2531 5512 γῇ
2562 5457 2679 5517 qua;
2704 5441 2889 5493 deerat
2923 5440 2974 5493 itt
3008 5438 3159 5493 libris
3186 5447 3341 5490 antea
3378 5436 3554 5502 editis,
3597 5433 3686 5488 hic

2120 5512 2396 5583 sttj'tpletnr
2425 5531 2455 5566 e
2489 5512 2766 5565 codicibus
2796 5526 2923 5562 mss.

2194 5577 2303 5654 (68)
2338 5584 2554 5653 Aliquot
2582 5598 2735 5643 mss,
2771 5577 3210 5649 συναχθήσονται.
