4122 6248
419 318 522 375 981

1649 318 1956 374 SELECTA
1992 320 2058 374 ΙΝ
2091 320 2401 378 EXODUM.

3550 325 3657 378 282

424 436 732 506 ϐιασμένως
761 437 929 490 ταῦτα
961 437 1252 504 ἐξετάζειν,
1285 436 1643 507 ἀναϐήσονται
1672 439 1765 490 ἐπὶ
1800 438 1858 491 τὸ
1891 456 1994 509 μη-

2106 441 2413 507 pervenient
2433 449 2491 495 ut
2525 456 2631 496 non
2656 440 2887 511 amplius
2904 440 3163 510 Opiﬁcem
3197 440 3529 512 vituperent,
3561 442 3655 495 sed

428 526 541 580 ιιέτι
571 530 892 596 κατηγορεῖν
912 525 1002 580 τοῦ
1020 525 1383 598 Δημιουργοῦ,
1406 525 1540 579 ἀλλὰ
1570 527 1797 595 φάσκειν
1827 526 1987 579 αὑτὸν

427 617 633 686 ἀγαθὸν
656 613 1198 674 εἷναι.“[1“ευστέονοῦν
1234 619 1337 671 τῶν
1380 618 1638 688 οἰομένων
1679 618 1990 687 νενοηκέναι

426 710 518 764 τό·
562 730 580 763 ι
631 711 948 782 Ἐσκλήρυνε
987 712 1189 783 Κύριος
1234 712 1262 763 ὁ
1303 713 1433 776 Θεὸς
1483 712 1580 782 τὴν
1614 710 1837 780 καρδίαν
1880 713 1992 764 Φα-

435 800 581 872 ραὼ,
623 820 642 851 ι
675 800 897 871 πότερον
929 801 1141 871 ἀληθῶς
1180 802 1487 854 πιστεύουσι
1527 799 1776 870 λέγεσθαι
1820 800 1992 853 ταῦτα

431 892 533 944 ὑπὸ
558 892 650 945 τοῦ
674 891 825 954 Θεοῦ,
848 893 934 947 διὰ
963 894 1239 957 Μωῦσέως
1261 893 1659 956 ἐνθουσιῶντος,
1684 894 1715 963 ἢ
1743 893 1950 962 ψευδῶς
1976 910 1990 923 ·

434 985 479 1034 εἰ
513 982 610 1052 μὲν
638 981 744 1051 γὰρ
772 981 999 1050 ψευδῶς,
1022 981 1144 1035 οὔτε
1168 982 1374 1044 δίκαιος
1404 982 1481 1034 ἔτι
1507 981 1615 1051 (69)
1648 983 1765 1033 κατ’
1798 982 1994 1044 αὐτοὺς

427 1074 456 1125 ὁ
484 1069 636 1133 Θεὸς,
659 1069 782 1123 οὔτε
812 1070 1034 1141 ἀληθὴς,
1065 1072 1158 1125 καὶ
1186 1072 1307 1125 ὅσον
1338 1072 1429 1124 ἐπὶ
1459 1071 1664 1133 τούτοις
1692 1070 1811 1122 οὐδὲ
1842 1069 1990 1132 Θεὸς

431 1161 478 1213 εί
498 1158 542 1211 δ’
574 1158 804 1229 ἀληθῶς,
828 1161 1250 1214 κατανοείτωσαν
1273 1162 1321 1213 εί
1350 1160 1422 1231 μὴ
1449 1161 1522 1223 ὼς
1545 1158 1881 1223 αὐτεξούσιον
1914 1160 1996 1211 at-

432 1247 609 1298 τιᾶται
631 1246 823 1314 λέγων·
848 1267 865 1298 ι
891 1249 953 1300 Εἰ
979 1249 1035 1302 δὲ
1066 1249 1138 1319 μὴ
1163 1248 1336 1320 βούλει
1364 1248 1734 1313 ἐξαποστεῖλαι
1765 1247 1943 1299 αὐτόν·
1972 1266 1992 1298 θ

433 1336 526 1388 καὶ
551 1335 779 1407 ἀλλαχοῦ
802 1354 814 1367 ’
840 1339 1015 1403 «Ἕως
1042 1340 1183 1403 τίνος
1205 1340 1264 1392 ού
1291 1339 1468 1409 βούλει
1498 1339 1822 1407 ἐντραπῆναί
1850 1356 1946 1408 με;
1974 1357 1991 1390 ι

430 1427 503 1479 Τὸ
531 1426 660 1498 γὰρ,
679 1448 697 1481 ι
717 1429 1014 1493 Ἕωςτίνος
1041 1432 1101 1484 οὐ
1132 1431 1307 1500 βούλει
1336 1429 1665 1499 ἐντραπῆναί
1695 1445 1793 1497 με;
1820 1448 1837 1479 ι
1872 1428 1997 1480 δυσ-

431 1518 729 1590 ωπητικῶς
777 1519 989 1588 λέγεται
1024 1522 1158 1591 πρὸς
1184 1521 1274 1572 τὸν
1302 1517 1500 1589 Φαραὼ
1534 1519 1634 1570 οὐκ
1675 1518 2002 1588 ἐντρεπόμε-

431 1626 552 1673 νον,
588 1612 648 1663 ού
694 1610 847 1683 παρὰ
886 1612 949 1663 τὸ
998 1610 1071 1680 μὴ
1107 1610 1365 1663 δύνασθαι
1389 1649 1405 1672 ,
1456 1608 1589 1661 ἀλλὰ
1640 1609 1789 1680 παρὰ
1830 1611 1891 1663 τὸ
1927 1610 2001 1681 μὴ

2091 530 2267 597 ipsum
2310 531 2509 586 bonum
2558 546 2678 586 esse
2726 532 3016 585 atlirment.
3078 531 3214 600 Ergo
3285 532 3653 602 interrogandi

2090 631 2238 685 sunt,
2270 624 2357 691 qui
2386 638 2447 677 se
2474 624 2526 677 id
2569 633 2758 693 putant
2794 622 3136 690 intelligere:
3178 641 3195 672 ι
3236 622 3508 677 lnduravit
3555 624 3659 677 Du-

2093 712 2270 765 minus
2303 714 2443 765 Deus
2467 696 2563 767 cor
2591 712 2931 777 Pharaonis,
2974 732 2993 764 ο
3037 727 3104 765 an
3151 713 3265 766 hmc
3316 728 3442 766 vere
3478 728 3505 765 a
3544 711 3653 765 Deo

2093 802 2194 856 dici
2231 818 2330 871 per
2362 803 2595 872 llioysem
2636 804 2818 857 divino
2859 804 3051 871 spiritu
3097 802 3334 856 alllatum
3359 840 3375 865 ,
3406 817 3471 855 an
3505 802 3657 868 false,

2092 904 2299 961 putent.
2343 894 2399 947 Si
2426 895 2568 948 enim
2616 893 2781 957 false,
2819 908 2993 961 neque
3028 894 3205 961 justus
3252 893 3491 961 ipsorum
3537 893 3656 959 Opl-

2094 986 2257 1039 nione
2282 1025 2296 1049 ,
2348 1001 2525 1054 neque
2566 1001 2725 1039 verus
2766 985 2873 1039 erit
2908 985 3048 1038 Dens
3085 1002 3098 1037 :
3133 1000 3306 1053 neque
3336 998 3465 1036 vero
3498 981 3657 1035 Deus.

2096 1075 2191 1127 Sin
2224 1086 2401 1130 autem
2442 1091 2567 1129 vere
2594 1117 2609 1142 ,
2642 1077 2882 1145 cogitent
2915 1092 3040 1127 num
3076 1091 3199 1127 eum
3239 1084 3297 1126 ut
3341 1073 3567 1127 arbitrio
3600 1072 3663 1123 li-

2096 1164 2227 1217 bero
2252 1166 2534 1232 praeditum
2568 1164 2925 1232 reprehendat
2950 1164 3135 1217 dicens
3169 1164 3211 1194 ⁹¹
3240 1180 3253 1216 :
3296 1182 3313 1213 ι
3362 1162 3432 1215 At
3473 1160 3517 1215 si
3555 1176 3661 1213 non

2098 1257 2178 1309 vis
2210 1272 2334 1309 eum
2364 1257 2637 1309 dimittere
2668 1272 2683 1312 ;
2725 1274 2743 1305 ›
2774 1263 2830 1308 et
2862 1253 2990 1307 alibi
3024 1253 3068 1283 ’⁸
3103 1270 3118 1305 :
3158 1270 3175 1303 ‹
3215 1254 3509 1319 Quousque
3553 1265 3659 1302 nou

2098 1349 2182 1402 vis
2219 1347 2450 1399 revereri
2484 1346 2609 1399 me?
2647 1366 2664 1398 ι
2696 1344 2827 1398 lllud
2856 1347 3035 1398 enim:
3070 1364 3088 1398 ι
3125 1345 3416 1412 Quousque
3446 1358 3549 1396 non
3582 1344 3665 1394 vis

2105 1438 2338 1490 revereri
2380 1437 2508 1490 me?
2539 1456 2559 1488 ι
2597 1436 2862 1490 Pharaoni
2891 1437 3090 1491 dicitur
3115 1475 3131 1499 ,
3182 1435 3248 1488 ad
3282 1450 3402 1487 eum
3457 1433 3664 1501 pudore

2103 1527 2548 1590 sull'undendum,
2594 1529 2684 1597 qui
2726 1543 2830 1580 non
2872 1536 3191 1590 vereretur;
3227 1540 3333 1578 non
3379 1522 3519 1592 quod
3557 1536 3662 1574 non

2102 1626 2321 1686 posset,
2364 1618 2457 1670 sed
2494 1619 2637 1686 quod
2680 1618 2867 1672 nollet.
2912 1618 2977 1671 Et
3027 1616 3168 1685 quod
3197 1616 3395 1669 dicitur
3424 1631 3450 1665 a
3483 1611 3664 1682 Moyse

434 1700 738 1769 βούλεσθαι.
767 1702 876 1753 Kal.
908 1701 970 1753 τὸ
997 1701 1282 1771 λεγόμενον
1305 1701 1361 1753 δὲ
1386 1700 1534 1770 παρὰ
1562 1700 1832 1761 Μωῦσέως
1863 1700 1998 1772 πρὸς

2106 1707 2365 1760 Pharaoni
2393 1706 2468 1760 “z
2506 1724 2523 1756 ι
2556 1706 2624 1761 Ut
2653 1720 2950 1776 c0gnoscas
2981 1707 3105 1775 quia
3136 1706 3349 1759 Domini
3383 1715 3463 1757 est
3484 1713 3659 1765 terra;

433 1791 523 1843 τὸν
561 1790 778 1861 Φαραὼ,
818 1810 836 1841 ι
875 1793 991 1843 Ἵνα
1022 1791 1162 1861 γνῷς
1205 1792 1282 1842 ὅτι
1321 1789 1412 1842 τοῦ
1457 1788 1658 1859 Κυρίου
1705 1790 1865 1859 ήγῆ,
1903 1791 1997 1841 καὶ⁵

2106 1802 2149 1845 et
2182 1802 2234 1844 tu
2262 1832 2277 1855 ,
2322 1802 2375 1845 et
2404 1791 2588 1846 famuli
2630 1795 2741 1857 tui,
2789 1795 2905 1849 scio
2942 1795 3067 1863 quia
3103 1809 3376 1862 nunquam
3411 1793 3666 1845 timuistis

439 1883 525 1945 σὺ,
566 1882 661 1933 καὶ
691 1882 739 1933 οἱ
779 1881 1105 1951 Θεράποντές
1132 1900 1241 1946 σου,
1296 1881 1589 1950 ἐπίσταμαι
1626 1880 1707 1932 ὅτι
1744 1880 1997 1933 οὐδέποτε

2106 1880 2411 1944 Dominum,
2446 1900 2465 1933 ι
2500 1882 2767 1952 significat
2814 1882 2930 1936 fore
2965 1893 3022 1936 ut
3059 1884 3328 1937 timeant:
3362 1882 3503 1951 quod
3538 1882 3664 1949 qni-

440 1970 745 2039 πεφόϐησθε
793 1971 883 2023 τὸν
913 1970 1113 2041 Κύριον
1136 2011 1149 2034 ,
1201 1991 1218 2021 ι
1260 1970 1408 2041 δηλοῖ
1444 1970 1525 2021 ὅτι
1564 1968 1996 2040 φοϐηθήσονται·

2106 1970 2218 2023 dem
2252 1970 2510 2027 adversus
2540 1974 2822 2026 haareticos
2854 1976 3048 2040 prohat
3089 1973 3254 2027 Deum
3291 1987 3411 2026 esse
3439 1975 3641 2026 bonum

437 2062 573 2133 ὅπερ
614 2062 836 2132 ἁρμόζει
877 2061 1009 2130 πρὸς
1039 2062 1163 2124 τοὺς
1203 2061 1558 2132 ἐτεροδόξους,
1604 2060 1728 2131 περί
1767 2077 1825 2111 τε
1868 2061 2001 2127 ἀγα-

2106 2070 2159 2113 οι
2189 2075 2292 2114 11011
2322 2075 2447 2115 esse
2477 2072 2793 2129 pereuntem
2826 2072 3098 2115 naturam.

438 2152 659 2222 θότητος
695 2151 861 2217 Θεοῦ,
902 2154 995 2207 καὶ
1033 2152 1280 2224 περὶτοῦ
1323 2153 1398 2224 μὴ
1446 2151 1581 2206 εἶναι
1622 2152 2000 2223 ἀπολλυμένην

436 2258 616 2311 φυσιν.

1864 2419 2343 2440 m:

2269 2434 3538 2446 .-——~—ao——_——_—-—vo--—————-_

1178 2598 2109 2734 ΩΡΙΓΕΝΟΥΣ
2182 2598 2928 2735 ΕΚΛΟΓΑΙ

1509 2844 1678 2929 ΕΙΣ
1713 2842 1941 2928 ΤΗΝ
1977 2831 2429 2929 ΕΞΟΔΟΝ
2460 2833 2598 2928 (⁷ο).
2636 2918 2641 2919 ,

2348 2418 3641 2451 ’πψή
2640 2434 3538 2446 ψ--μ-Μῌῌ

952 3196 1114 3286 EX
1184 3195 1717 3289 ORIGENE
1792 3199 2308 3290 SELECTA
2383 3202 2507 3290 IN
2582 3197 3139 3290 EXODUM.

526 3559 544 3591 ι
573 3540 681 3593 Kal.
723 3539 875 3594 δώσω
923 3540 1079 3612 χάριν
1124 3541 1202 3612 τῷ
1245 3542 1358 3614 λαῷ
1401 3544 1572 3613 τούτῳ
1628 3546 1852 3601 ἐνώπιον
1899 3550 2004 3604 τῶν

2181 3551 2333 3619 121
2366 3567 2384 3599 ι
2410 3548 2473 3603 Et
2492 3547 2631 3604 dabo
2668 3546 2890 3617 gratiam
2929 3544 3120 3617 populo
3138 3545 3260 3601 lmic
3288 3522 3473 3601 coram
3505 3544 3674 3620 Egy.

448 3633 773 3702 Αἰγυπτίων.
813 3635 977 3687 Ὅταν
1007 3635 1063 3687 δὲ
1108 3636 1478 3706 ἁποτρέχοιτε,
1514 3639 1611 3691 οὐκ
1654 3641 2011 3695 ἀπελεύσεσθε

448 3726 614 3779 κενοί.
640 3743 658 3776 ι
697 3724 842 3795 Αὕτη
871 3725 903 3795 ἡ
933 3725 1229 3793 ἐπαγγελία
1263 3726 1339 3796 τῷ
1378 3728 1626 3798 Ἀϐραὰμ
1670 3730 2012 3799 προεδέδοτοο

453 3836 470 3867 ι
497 3814 649 3869 Μετὰ
672 3814 863 3878 ταῦτα,
894 3813 1139 3883 λέγοντος
1172 3816 1264 3868 τοῦ
1306 3817 1440 3869 Θεοῦ
1460 3856 1474 3881 ,
1507 3816 1870 3882 ἐξελεύσονται
1913 3813 2015 3874 ὧδε

452 3906 587 3977 μετὰ
618 3906 946 3976 ἀποσκευῆς.
971 3924 989 3957 ι

524 4018 541 4049 ι
568 3999 678 4051 Kal.
710 3997 1034 4068 κατίσχυσεν
1075 3998 1109 4069 ἡ
1144 3997 1338 4069 καρδία
1367 3997 1584 4069 Φαραὼ,
1616 3999 1707 4052 καὶ
1739 3999 1837 4053 οὐκ
1868 4002 2015 4071 εἰσή-

450 4106 638 4142 κουσεν
685 4089 878 4155 αὐτῶν,
913 4089 1161 4161 καθάπερ
1217 4089 1514 4142 ἐνετείλατο
1560 4090 1742 4153 αὐτοῖς
1791 4090 2011 4162 Κύριος.

453 4176 583 4233 Eine
614 4180 670 4233 δὲ
717 4181 916 4251 Κύριος
946 4180 1080 4252 πρὸς
1121 4181 1390 4251 Μωῦσῆνο
1429 4181 1730 4253 Βεϐάρυται
1762 4181 2015 4253 ἡκαρδία

451 4270 669 4343 Φαραὼ,
704 4272 795 4324 τοῦ
829 4272 901 4342 μὴ
929 4271 1301 4335 ἐξαποστεῖλαι
1327 4256 1416 4327 τὸν
1440 4267 1585 4327 λαὸκὶ.
1610 4294 1628 4327 ι
1674 4274 1766 4337 Τὸ,
1806 4291 1823 4324 ι
1847 4274 2014 4326 Βεϐά-

455 4378 611 4433 ρυται
637 4363 669 4431 ἡ
703 4362 891 4432 καρδία
918 4361 1131 4431 Φαραὼ,
1161 4382 1179 4414 ι
1218 4363 1504 4433 λεγόμενον
1533 4364 1636 4416 ὑπὸ
1658 4363 1752 4417 τοῦ
1784 4364 2012 4434 Κυρίου,

453 4452 593 4522 μετὰ
615 4453 710 4522 τὴν
731 4453 1132 4522 μεταϐαλοῦσαν
1159 4457 1237 4517 εἰς
1259 4454 1525 4525 δράκοντα
1554 4454 1744 4525 ῥάϐδον
1771 4454 1864 4507 τοῦ
1902 4456 2017 4508 Ἀα-

453 4541 584 4614 ρὼν,
619 4544 711 4596 καὶ
731 4544 1099 4598 καταπιοῦσαν
1119 4544 1216 4608 τὰς
1237 4545 1343 4599 τῶν
1362 4546 1565 4614 Μάγων
1592 4546 1837 4616 ῥάϐδους,
1869 4546 2017 4611 ἄξιον

455 4633 602 4699 ἰδεῖν,
637 4635 686 4687 si
734 4634 919 4705 ἕτερόν
963 4636 1078 4688 ἐστι
1107 4634 1222 4698 τοῦ,
1242 4653 1259 4685 ι
1278 4636 1633 4707 ἐσκληρύνθαι
1666 4636 1762 4709 τὴν
1793 4637 2017 4709 καρδίαν

450 4724 666 4795 Φαραώ,
688 4745 705 4777 ›
738 4725 1023 4796 λεγομένου
1033 4727 1567 4795 πολλάκις,καὶτοῦ,‹
1586 4730 1983 4799 κατισχυκέναι.
1999 4749 2017 4780 ι

450 4818 559 4871 Καὶ
590 4816 697 4889 γὰρ
725 4816 818 4871 καὶ
843 4816 1000 4871 τοῦτο
1034 4816 1205 4881 οὕτως
1234 4818 1467 4890 εἴρηται,
1500 4837 1519 4870 ι
1550 4821 1659 4872 Kal.
1692 4819 2013 4886 κατίσχυσεν

2114 3644 2262 3711 ptiis.
2279 3645 2410 3696 Cum
2434 3652 2612 3695 autem
2639 3638 2944 3706 aufugietis,
2965 3652 3070 3692 non
3095 3638 3355 3693 reccdetis
3379 3639 3529 3693 vacui
3553 3640 3619 3693 9‘.
3647 3657 3667 3689 ι

2113 3731 2251 3786 Olim
2284 3731 2514 3784 Abrahae
2563 3729 2700 3783 facta
2735 3730 2907 3783 fuerat
2961 3730 3073 3783 haec
3106 3728 3418 3797 promissio,
3459 3729 3673 3782 dicente

2114 3823 2222 3877 Deo
2242 3822 2288 3853 ’⁸
2319 3835 2334 3875 :
2371 3839 2388 3872 ‹
2414 3821 2542 3875 Post
2567 3821 2680 3875 haec
2708 3819 3056 3886 egredientur
3099 3821 3204 3873 huc
3232 3834 3356 3873 cum
3391 3820 3553 3872 multa
3586 3833 3677 3872 su-

2114 3913 2392 3985 pellectile.
2416 3930 2435 3963 ι

2189 4025 2207 4053 ι
2233 4004 2297 4057 Et
2323 4003 2665 4057 obfirmatum
2699 4012 2790 4077 est.
2814 4016 2910 4055 cor
2942 4000 3264 4063 Pharaonis,
3299 4009 3352 4053 et
3384 4015 3488 4052 non
3524 4000 3679 4053 audi-

2112 4097 2189 4150 vit
2220 4111 2334 4159 eos,
2365 4096 2503 4149 sicut
2532 4102 2866 4162 praeceperat
2888 4093 2969 4147 eis
2998 4093 3278 4147 Dominus.
3320 4092 3462 4146 Dixit
3491 4102 3673 4146 autem

2113 4187 2369 4241 Dominus
2413 4188 2477 4238 ad
2508 4185 2723 4255 Moysen
2755 4198 2769 4236 :
2800 4185 3161 4253 Aggravatum
3206 4192 3288 4236 est
3316 4199 3412 4238 cor
3438 4182 3679 4235 Pharao-

2114 4278 2216 4341 nis,
2250 4286 2306 4329 nt
2344 4292 2448 4329 non
2476 4276 2711 4328 dimittat
2741 4275 2993 4341 populum
3019 4275 3085 4326 ’°.
3112 4293 3130 4324 ι
3174 4273 3347 4339 Quod,
3393 4284 3516 4340 post
3560 4288 3677 4325 nni-

2114 4377 2274 4421 tatam
2307 4368 2359 4420 in
2408 4375 2709 4432 serpentem
2759 4366 2964 4432 virgam
3019 4364 3219 4425 Aaron,
3269 4378 3331 4414 at:
3386 4371 3670 4429 postquam

2115 4462 2204 4515 illa
2234 4461 2508 4529 Magorum
2540 4460 2727 4525 virgas
2758 4453 3099 4525 deglntierat,
3129 4468 3157 4505 a
3188 4453 3415 4508 Domino
3440 4452 3675 4505 dicitur:

2120 4568 2139 4601 ι
2166 4551 2536 4620 Aggravatum
2570 4556 2653 4601 est
2696 4559 2789 4598 cor
2818 4543 3137 4607 Pharaonis,
3166 4561 3183 4594 ι
3237 4556 3413 4612 Operae
3442 4540 3678 4609 pretium

2114 4650 2198 4694 est
2245 4639 2430 4691 videre
2481 4637 2622 4689 sitne
2656 4633 2799 4688 aliud
2844 4634 2911 4688 ab
2947 4648 3030 4697 eo,
3063 4633 3203 4702 quod
3242 4634 3438 4699 saepius
3473 4631 3675 4684 dictum

2114 4739 2215 4795 est,
2235 4748 2252 4779 ι
2274 4730 2582 4781 induratum
2608 4741 2729 4781 esse
2755 4741 2850 4779 cor
2872 4725 3193 4789 Pharaonis,
3225 4738 3288 4775 ac
3317 4721 3625 4775 invaluisse.
3653 4736 3671 4768 ι

2114 4817 2248 4873 Nam
2286 4819 2383 4871 hoc
2416 4832 2629 4885 quoque
2668 4817 2738 4868 ita
2775 4817 2973 4868 dictum
3019 4824 3103 4869 est
3133 4831 3146 4866 :
3182 4833 3201 4862 ι
3229 4813 3291 4865 Et
3326 4810 3550 4863 invaluit
3584 4823 3680 4861 cor

449 4913 482 4981 ἡ
514 4910 711 4983 καρδία
758 4911 971 4983 Φαραὼ,
1022 4913 1116 4967 καὶ
1142 4914 1240 4966 οὐκ
1265 4914 1583 4982 εἰσήκουσεν
1624 4909 1801 4962 αὐτῶν
1833 4909 2004 4974 καθὼς

2120 4909 2435 4973 Pharaonis,
2466 4919 2519 4960 et
2550 4923 2654 4960 non
2690 4905 2893 4959 audivit
2920 4922 3032 4968 eos,
3077 4904 3220 4957 sicut
3252 4904 3462 4956 locutus
3501 4899 3705 4971 fuerat,

449 5001 676 5072 ὲλάλησε
704 5000 925 5073 Κύριος.
949 5021 967 5053 ι
1003 5004 1155 5055 Δοκεῖ
1180 5002 1235 5054 δέ
1268 5018 1357 5072 μοι
1389 5002 1422 5070 ὴ
1461 4999 1557 5070 μὲν
1584 4997 1852 5051 ἐνδιδοῦσα
1881 5015 2015 5069 καρ-

448 5091 537 5143 δία
570 5092 704 5162 πρὸς
732 5092 800 5145 τὰ
833 5093 969 5159 Θεῖα,
1017 5092 1377 5146 ἀπαλύνεσθαι
1403 5091 1497 5144 καὶ
1532 5090 1607 5160 μὴ
1642 5089 1841 5159 ἰσχύειν
1868 5088 2015 5141 ἀνθί-

452 5181 674 5235 στασθαι
697 5184 764 5253 τῇ
792 5181 1043 5253 θειότητι,
1076 5184 1170 5236 καὶ
1201 5184 1275 5255 μὴ
1310 5179 1656 5254 βαρύνεσθαι,
1689 5178 1822 5251 μηδέ
1853 5178 2008 5230 ’ἑλκε-

2120 5000 2397 5053 Dominus.
2427 5016 2445 5049 ι
2491 4997 2619 5051 Mihi
2643 4997 2854 5050 videtur
2882 5010 2974 5048 cor
3006 4994 3132 5047 illud
3162 4994 3304 5062 quod
3335 4992 3495 5054 cedit,
3528 5005 3589 5043 ac
3620 5004 3681 5041 se
3704 5052 3715 5069 ην

2120 5089 2281 5145 facile
2313 5088 2517 5159 przebet
2569 5090 2635 5143 ad
2662 5087 2867 5149 divina,
2914 5083 3167 5147 emolliri,
3218 5096 3316 5135 nec
3347 5096 3503 5150 posse
3540 5078 3679 5131 resi-

2116 5191 2261 5235 stere
2323 5180 2533 5245 deitati,
2584 5194 2685 5234 nec
2732 5177 2965 5249 gravari,
3020 5190 3117 5229 nec
3148 5174 3356 5228 inferne
3393 5172 3444 5225 in
3476 5182 3679 5223 terram
3740 5165 3749 5186 ί

517 5296 562 5329 ’⁸
611 5294 778 5349 Exod.
813 5310 940 5361 vm,
983 5296 1039 5350 2.
1128 5295 1177 5328 ⁹¹
1223 5294 1390 5351 Exod.
1434 5311 1498 5362 ι,
1541 5293 1595 5348 5.
1686 5291 1732 5322 ”
1770 5291 1942 5349 Exod.
1991 5291 2174 5359 “,29,
2210 5292 2297 5347 50.
2384 5290 2429 5322 “
2455 5289 2845 5355 Ext-d.m,21.
2920 5288 2965 5320 9’
2985 5286 3120 5341 Gen.
3148 5299 3234 5348 xv,
3262 5284 3348 5337 M.
3436 5281 3483 5312 "
3507 5280 3681 5335 Exod.

454 5378 546 5424 vn,
577 5365 660 5427 l3,
688 5365 776 5418 M.

525 5456 637 5525 (69)
671 5458 808 5509 Ἔτι.
840 5458 996 5511 Deest
1023 5459 1073 5511 in
1107 5458 1237 5513 libb.
1260 5466 1415 5512 antea
1444 5458 1623 5523 editis,
1657 5472 1753 5511 nec
1780 5472 1883 5511 non
1905 5456 2004 5511 ista

453 5540 575 5596 quae
597 5525 753 5593 paulo
772 5528 917 5596 infra
949 5528 1227 5595 leguntur:
1260 5527 1321 5578 τὸ
1354 5527 1479 5596 γὰρ,
1509 5527 1613 5590 ἕως
1638 5527 1779 5590 τίνος
1801 5528 1861 5579 ού
1896 5526 2011 5595 βού⁴

452 5592 533 5672 λξι
561 5593 889 5664 ἔντραπῆναί
922 5592 1021 5664 με,
1044 5598 1137 5649 sed
1179 5592 1536 5652 restituuntur
1577 5592 2009 5652 auctoritati-cu-

455 5668 631 5717 dicunt
666 5678 1179 5733 manusmptorum.

2190 5454 2301 5524 (70)
2341 5452 2659 5522 Fragmenta
2716 5453 2830 5507 hanc
2882 5451 3159 5524 desumpta
3209 5455 3333 5501 sunt
3385 5441 3679 5524 euschedis

2119 5512 2266 5646 Ins‘sl.‘
2285 5512 2712 5603 Cottibclisii,thi
2744 5537 2805 5577 ea
2836 5512 3122 5590 exscripsit
3164 5535 3194 5571 υ
3225 5532 3356 5570 mss.
3393 5512 3680 5595 bibliothe:

2119 5611 2192 5646 me
2270 5609 2416 5646 οιιιιυ.

2118 5611 2192 5649 υίε
2222 5609 2416 5665 mgna.
