4122 6248
462 295 570 350 ’285

1863 273 1955 329 EX
1999 265 2300 326 ORIGENE

3614 253 3716 308 εει

467 424 663 479 resque
697 421 986 477 corporeas
1034 403 1208 467 trahi;
1261 401 1402 469 quod
1439 406 1621 454 autent
1686 397 1938 451 renititur
1983 404 2036 448 et

2145 387 2267 440 σθαι
2297 385 2446 439 κάτω
2475 384 2555 446 είς
2600 381 2705 451 γῆν
2753 379 2846 434 καὶ
2875 380 3006 450 ὓλην
3025 395 3038 408 ·
3076 379 3109 448 ἡ
3139 377 3196 430 δὲ
3229 374 3596 428 ἀντιτείνουσα
3625 372 3718 427 καὶ

466 501 664 554 divinae
697 499 1016 552 adversatur
1042 493 1322 556 voluntati,
1362 491 1600 544 indurari
1629 497 1680 542 et
1715 490 1886 542 instar
1914 490 2046 556 lapi-

465 599 551 650 dis
580 603 921 663 repercutere
983 607 1047 645 ac
1077 590 1337 658 repellere
1367 603 1691 653 sermonem,
1727 603 1926 656 perque
1956 603 2047 641 su-

470 686 715 754 perbiam
752 697 870 736 cum
915 679 1149 750 quadam
1187 679 1305 732 falsi
1347 679 1580 732 nominis
1609 679 1921 731 fortitudine
1957 692 2042 730 re-

468 776 681 828 sistere.
722 771 952 825 Necesse
1001 778 1175 823 antem
1209 777 1292 822 est
1337 777 1395 822 ut
1424 783 1520 822 cor
1547 769 1625 822 sic
1651 778 2042 836 comparatum,

470 879 499 916 ιι
534 861 771 930 nequitia
802 875 922 928 quae
957 867 1148 926 su0pte
1196 858 1354 924 genio
1405 857 1655 910 deorsum
1691 857 1883 922 vergit,
1936 868 2046 908 tra-

468 963 615 1007 ctum
643 962 920 1020 gravetur.
964 948 1077 1001 Non
1114 959 1290 1002 tamen
1325 948 1436 1001 haec
1467 947 1654 1001 eadem
1694 947 1900 999 ratione
1929 961 2047 997 cor-

471 1045 521 1096 di
556 1043 834 1105 eveniunt,
874 1055 1185 1108 quanquam
1233 1041 1324 1092 uni
1373 1039 1656 1107 eidemque
1706 1037 1855 1090 cordi
1906 1035 2047 1088 malo

470 1134 669 1187 accidit.
702 1141 759 1186 ιιι
797 1133 1091 1186 invalescat
1141 1139 1194 1183 et
1245 1140 1519 1198 gravetur.
1556 1128 1711 1190 Nam,
1761 1136 1820 1180 ut
1849 1127 2043 1178 alicubi

469 1225 672 1278 dictum
721 1234 822 1284 est,
872 1238 966 1275 cor
1007 1223 1164 1276 modo
1196 1221 1460 1288 lapideum
1510 1223 1568 1272 lit
1637 1229 1694 1273 et
1728 1217 2045 1276 indurescit,

470 1319 631 1368 modo
664 1316 862 1368 divinae
894 1325 1100 1368 natur:e
1127 1331 1228 1367 non
1263 1314 1402 1367 cedit
1434 1323 1490 1366 ιιι
1524 1311 1921 1380 prmstztrttiori;
1953 1308 2044 1361 sed

468 1417 657 1459 contra
705 1406 961 1459 obnitens
994 1406 1251 1459 adversus
1283 1402 1452 1456 Deum
1499 1417 1741 1472 pugnare
1800 1410 1856 1454 et
1889 1402 2044 1453 inva-

468 1497 679 1551 lescere
713 1497 934 1549 dicitur.

545 1607 564 1638 ι
595 1589 734 1641 Dixit
767 1597 944 1640 autem
983 1587 1030 1639 ei
1067 1585 1319 1656 Moyses:
1354 1584 1486 1639 Cum
1521 1598 1772 1653 egressus
1808 1582 1955 1634 fuero
1982 1581 2047 1634 de

469 1679 711 1740 civitate,
767 1680 1071 1745 expandam
1116 1693 1307 1730 manus
1346 1690 1492 1730 meas
1541 1674 1608 1726 ad
1648 1675 1950 1736 Dominum,
1992 1681 2046 1724 et

469 1786 632 1824 voces
669 1773 986 1833 cessabunt,
1041 1779 1096 1822 et
1144 1770 1370 1837 grando,
1423 1779 1478 1822 et
1525 1767 1698 1837 pluvia
1754 1765 1888 1817 ultra
1940 1781 2044 1818 non

467 1863 574 1917 erit
596 1861 662 1913 ’⁷.
693 1879 710 1911 ι
750 1860 1002 1942 Omnium
1035 1861 1179 1914 enim
1213 1857 1392 1928 Opifex
1427 1857 1650 1928 imperio
1681 1864 1925 1909 naturam
1961 1867 2050 1906 ce-

469 1950 690 2004 dentem
729 1947 918 2024 habet/1

581 2029 846 2109 Ejusdem:
930 2040 1340 2096 Observandum
1408 2046 1630 2092 estnon
1681 2035 1862 2088 omnia
1898 2033 2046 2105 Moy-

466 2137 577 2176 scm
610 2128 846 2196 prodigia
887 2128 1070 2182 facere
1097 2130 1266 2195 virga,
1300 2130 1391 2179 scd
1419 2136 1472 2180 et
1505 2127 1750 2180 manibus
1777 2136 1831 2179 et
1859 2127 2042 2190 verbo,

470 2228 536 2265 ne
587 2215 750 2282 virga:
799 2218 903 2269 vim
958 2217 1181 2286 magicis
1217 2215 1509 2284 praestigiis
1551 2215 1766 2284 plurimi
1805 2218 2044 2271 ascribe-

467 2314 605 2356 rent.

540 2411 557 2442 ι
587 2393 764 2445 Tollat
817 2395 1192 2462 unusquisque
1249 2408 1400 2444 ovem
1453 2409 1545 2459 per
1577 2393 1769 2444 domos
1812 2393 2046 2446 familia-

472 2499 590 2535 rum
616 2484 682 2545 ⁸⁸,
710 2503 727 2534 ι
779 2495 884 2537 etc.
928 2486 966 2536 A
1006 2485 1216 2537 decimo
1241 2485 1392 2552 jubet
1426 2498 1578 2535 ovem
1612 2499 1851 2545 sumere,
1885 2497 2044 2552 atque

469 2573 536 2625 ad
571 2582 822 2640 quartum
862 2575 1128 2626 dei-imum
1180 2589 1351 2640 usque
1388 2573 1530 2625 diem
1561 2572 1724 2636 alere,
1761 2574 1917 2642 122
1951 2590 2046 2626 no—

464 2679 694 2730 menque
730 2664 1025 2732 imponere,
1064 2664 1291 2718 dicequ
1327 2682 1340 2717 :
1373 2664 1500 2719 Ovis
1541 2664 1628 2718 hic
1664 2665 1729 2717 ad
1766 2666 1866 2719 hoc
1898 2679 1951 2719 et
1977 2669 2042 2719 ad

465 2753 592 2808 illud
627 2755 963 2818 immolatur;
1016 2755 1088 2807 ita
1126 2765 1182 2806 ut
1214 2755 1290 2807 illi
1329 2755 1516 2809 decem
1555 2757 1768 2809 numina
1803 2773 1905 2810 ιιοιι
1947 2773 2044 2810 su-

464 2857 679 2917 perent.
723 2848 1038 2900 ltttlllolatittl‘
1071 2858 1252 2900 autem
1289 2846 1410 2899 luna
1441 2860 1633 2916 quarta
1668 2851 1874 2903 decima
1905 2851 2044 2903 inter

467 2941 672 2992 medias
705 2955 974 3007 vesperas,
1007 2940 1294 2994 inchoante
1325 2945 1510 3008 quinta
1543 2942 1774 3003 decima,
1810 2951 1864 2994 ιιι
1895 2959 1922 2994 a
1956 2943 2040 2995 die

464 3044 573 3101 quo
603 3031 856 3091 sumitur,
886 3031 948 3082 ad
985 3046 1106 3083 cum
1137 3047 1242 3098 quo
1277 3033 1609 3096 immolatur,
1661 3033 1898 3100 quinque
1928 3033 2040 3085 dies
2067 3040 2109 3098 ο

463 3123 858 3184 intercurrant,
897 3123 1112 3190 quamlo
1137 3123 1293 3191 pleno
1327 3124 1451 3177 luna
1483 3131 1616 3178 orbe
1653 3125 1819 3178 lucet.

539 3213 710 3266 «Ovis
763 3214 1056 3282 perfectus,
1110 3217 1408 3279 masculus,
1460 3216 1746 3270 anniculus
1793 3217 1898 3271 erit
1946 3233 2040 3271 vo-

464 3303 548 3357 bis
573 3304 638 3356 ”.
670 3324 687 3355 ι
745 3306 1045 3359 Aoiniculus
1097 3309 1214 3360 ovis
1241 3307 1490 3361 Christus
1521 3317 1625 3361 est.
1670 3309 1848 3361 Nihilo
1893 3311 2037 3362 enim

461 3407 584 3444 cum
625 3394 843 3446 destitui
898 3407 992 3448 aut
1039 3397 1088 3450 ei
1140 3397 1343 3465 aliquid
1379 3398 1566 3451 deesse
1596 3415 1691 3467 per
1731 3416 1931 3452 annum
1964 3401 2040 3454 si-

375 3485 380 3488 ’
463 3483 774 3550 gniticalur.

540 3589 559 3622 ι
589 3572 648 3625 Et
682 3573 1038 3629 inunolahunt
1076 3593 1196 3630 eum
1245 3579 1423 3632 omnis
1460 3578 1744 3633 multitudo
1771 3589 1944 3634 ctetus
1975 3580 2038 3633 li-

461 3659 657 3715 iiorum
700 3664 861 3719 lsrael
899 3671 964 3719 ad
1002 3683 1282 3736 vesperam
1313 3670 1352 3724 ¹.
1383 3689 1402 3721 ι
1446 3670 1527 3723 Ad
1579 3685 1860 3739 vesperam
1885 3670 2040 3738 jube-

461 3769 582 3806 nmr
611 3771 764 3808 ovem
803 3757 1109 3823 immolare,
1143 3762 1286 3829 quod
1314 3773 1555 3815 extrema
1587 3762 1719 3816 hora
1755 3778 1912 3816 verus
1943 3779 2039 3818 no-

458 3852 576 3894 5ter
605 3845 738 3904 ovis,
779 3847 1026 3900 Salvator
1061 3849 1113 3899 in
1147 3851 1403 3901 nnmdum
1441 3851 1670 3903 venerit.

535 4018 645 4071 «Et
691 4030 908 4073 attinent
960 4023 1026 4075 de
1079 4023 1369 4090 sanguine,
1418 4033 1468 4077 et
1495 4032 1692 4092 ponent
1714 4038 1876 4090 super
1904 4025 2038 4078 duos

459 4121 641 4178 postes
667 4121 719 4164 et
746 4128 907 4179 super
939 4113 1122 4179 limen,
1156 4117 1205 4168 in
1241 4117 1493 4170 domibus
1517 4117 1560 4178 ¹,
1583 4133 1602 4166 ι
1641 4123 1743 4169 etc.
1784 4113 2038 4170 immola-

461 4218 599 4263 mus,
637 4217 698 4255 ac
731 4203 917 4258 domos
955 4217 1189 4267 nostras,
1223 4208 1326 4261 hoc
1359 4217 1444 4260 est
1492 4222 1713 4275 corpus,
1775 4209 2036 4276 sanguine

461 4290 734 4357 ungitnus,
785 4293 828 4345 si
879 4295 1093 4362 quidem
1134 4297 1316 4349 unctio
1345 4296 1480 4349 lides
1527 4306 1608 4349 est
1653 4298 1704 4348 iu
1735 4297 2032 4362 Christum,

460 4394 563 4446 qua
587 4386 1026 4438 exterminaturis
1059 4387 1348 4452 potentiam
1392 4387 1559 4439 everti
1592 4387 1880 4440 credimus.
1915 4387 2030 4441 Jam
2067 4372 2112 4429 υ

459 4481 638 4526 autem
687 4476 856 4539 uneti,
893 4479 942 4529 id
992 4487 1096 4538 est,
1147 4487 1428 4545 postquam
1479 4479 1679 4532 Christi
1730 4479 1889 4532 fidem
1927 4496 2038 4532 am-

458 4563 601 4631 plexi
633 4581 837 4631 sumus,
877 4577 985 4621 tum
1019 4571 1083 4621 ad
1116 4584 1265 4621 esum
1297 4571 1481 4623 venire
1522 4570 1799 4636 juhemur,
1839 4587 1942 4625 ιιοιι
1979 4581 2037 4625 ut

459 4655 673 4718 crudas,
723 4667 818 4709 aut
853 4666 1036 4712 coctas
1085 4674 1246 4726 aqua,
1280 4661 1374 4714 sed
1425 4670 1482 4713 ut
1512 4661 1618 4729 igni
1648 4677 1800 4717 assas
1838 4676 2035 4716 carnes

459 4751 829 4806 comedamus.
1487 4735 1499 4745 ’

536 4842 892 4913 «Quicumque
940 4856 1120 4901 autem
1169 4847 1469 4904 comederit
1518 4849 1864 4915 fermentum,
1915 4851 2029 4906 dis-

459 4932 718 4999 perdetur
753 4935 930 4988 anima
962 4936 1050 4990 illa
1083 4935 1149 4989 de
1177 4936 1338 4991 Israel
1364 4938 1404 4992 ³.
1428 4957 1444 4989 ι
1485 4939 1686 4993 Pet-ibit
1711 4940 1871 4994 homo
1903 4955 2027 5008 pro-

461 5031 579 5086 pter
632 5021 980 5089 fermentum,
1030 5034 1084 5081 et
1124 5028 1496 5082 universorum
1557 5029 1692 5084 Deus
1735 5030 1825 5099 qui
1889 5031 2031 5099 leges

461 5115 655 5176 sancit,
692 5132 794 5184 qua
831 5118 1037 5171 ratione
1067 5119 1329 5188 disperdit
1371 5122 1660 5182 mmehnm,
1688 5138 1790 5190 qua
1824 5123 2031 5174 ratione

462 5203 724 5272 disperdit
760 5208 1086 5273 adulterum,
1134 5226 1238 5278 qua
1294 5210 1501 5264 ratione
1554 5211 1818 5282 dispertiit
1862 5215 2027 5266 cina:-

461 5293 612 5356 dum,
642 5297 831 5349 eadem
864 5299 1123 5367 disperdit
1170 5302 1457 5358 habentem
1495 5308 1816 5360 fermentum
1849 5305 1901 5357 in
1931 5305 2028 5357 do-

462 5402 548 5438 mo
579 5405 675 5441 sua
704 5391 790 5444 die
816 5408 1150 5462 azymorum.
1191 5398 1272 5450 Au
1311 5399 1412 5454 hoc
1447 5399 1552 5455 Deo
1583 5398 1844 5468 dignum?
1895 5395 2031 5449 linc-

462 5490 529 5539 ne
576 5478 672 5547 legi
710 5480 914 5538 caelesti
945 5493 1411 5545 consentaneum?
1453 5492 1646 5545 Verum
1698 5487 1950 5550 dixerim,
1985 5483 2026 5537 si

531 5632 576 5666 "
605 5635 770 5692 Exod.
801 5652 876 5706 ix,
899 5640 988 5697 ‘29.
1067 5643 1113 5677 "
1136 5643 1305 5699 Exod.
1333 5661 1428 5712 xu,
1457 5645 1509 5700 5.
1588 5647 1633 5677 "
1662 5645 1788 5700 ibid.
1819 5645 1870 5698 ὅ.

1949 5645 1969 5674 ⁸
1993 5644 2122 5701 ibid.
2151 5645 2201 5699 6.

2146 476 2531 545 ὲναντιουμένη
2565 473 2642 543 τῷ
2675 472 2801 542 θείῳ
2846 472 3165 542 βουλήματι,
3205 465 3598 538 σκληρύνεσθαι
3627 465 3720 520 καὶ

2145 569 2453 622 ἀντιτυπεῖν
2482 566 2636 636 δίκην
2663 562 2830 625 λίθου,
2861 563 2954 615 καὶ
2999 557 3396 630 ἀποκρούεσθαι
3420 557 3509 608 τὸν
3541 555 3718 623 λόγον,

2145 663 2240 714 καὶ
2290 660 2410 713 κατ’
2444 657 2696 710 ἀπόνοιαν
2729 651 3073 708 ἀνθίστασθαι
3112 650 3248 720 μετά
3282 664 3424 710 τινος
3452 646 3721 715 ψευδωνύ-

2148 767 2249 820 μου
2282 749 2481 818 ίσχύος.
2521 746 2754 812 Ἀνάγκη
2784 744 2840 796 δὲ
2871 741 2965 813 τὴν
2994 740 3248 809 τοιαύτην
3277 738 3502 807 καρδίαν
3533 737 3720 790 καθελ-

2145 842 2380 912 κομὲνην
2425 840 2528 892 ὑπὸ
2558 838 2658 907 τῆς
2707 835 2903 897 κακίας
2931 832 3096 902 οὑσης
3153 827 3521 899 κατωφεροίἱς,
3555 827 3720 898 βαρύ-

2145 935 2349 989 νεσθαι.
2405 933 2478 984 οὐ
2519 930 2622 1002 μὴν
2652 928 2792 982 κατὰ
2839 926 2935 996 τὴν
2964 925 3132 995 αὑτὴν
3178 922 3416 975 διάνοιαν
3443 919 3616 973 ταῦτα
3651 921 3716 989 τῇ

2145 1027 2341 1097 καρδίᾳ
2394 1023 2697 1094 συμϐαίνει,
2755 1023 2802 1073 5i
2852 1019 2946 1072 καὶ
2978 1018 3074 1087 μιᾷ
3102 1015 3193 1068 καὶ
3233 1015 3296 1084 τῇ
3340 1013 3477 1082 αὑτῇ
3516 1009 3719 1079 συμϐέ-

2148 1118 2282 1187 ϐηκε
2330 1114 2510 1184 φαύλῃ
2541 1112 2676 1184 οὑσῃ
2709 1111 2770 1164 τὸ
2812 1107 3117 1178 κατισχύειν
3151 1105 3242 1158 καὶ
3283 1103 3343 1155 τὸ
3373 1099 3715 1172 βαρύνεσθαι.

2159 1209 2222 1260 Ἢ
2258 1207 2354 1276 μὲν
2383 1205 2512 1275 γὰρ,
2557 1203 2632 1265 ὡς
2664 1200 2875 1272 εἴρηταί
2902 1216 3026 1258 που,
3057 1195 3230 1264 λιθίνη
3274 1195 3481 1262 γίνεται
3523 1193 3554 1260 ἡ
3587 1207 3717 1260 καρ-

2147 1296 2234 1349 δία
2266 1296 2357 1348 καὶ
2391 1295 2745 1363 σκληρύνεται
2767 1308 2778 1320 ·
2815 1293 2846 1360 ἠ
2879 1289 2932 1341 δὲ
2959 1289 3018 1340 ού
3066 1288 3386 1358 παραχωρεῖ
3433 1283 3508 1344 ὡς
3540 1281 3718 1351 κρείτ-

2147 1403 2259 1438 τονι
2291 1388 2357 1455 τῇ
2402 1385 2520 1454 Θείᾳ
2553 1382 2740 1451 φύσει·
2777 1380 2911 1433 ἀλλὰ
2955 1377 3239 1447 θεομαχεῖν
3294 1374 3553 1444 ἱσταμένη
3599 1373 3717 1425 κατ’

2147 1477 2315 1546 αὐτῆς
2353 1477 2446 1528 καὶ
2479 1475 2680 1544 ἰσχύειν
2709 1473 2945 1540 λέγεται.

2223 1587 2240 1618 ι
2268 1563 2403 1620 Εἷπε
2435 1567 2492 1619 δὲ
2521 1565 2668 1634 αὑτῷ
2701 1563 2958 1632 Μωὺσῆς,
2991 1559 3079 1620 Ὠς
3099 1556 3164 1609 ἂν
3192 1550 3392 1616 ἐξέλθω
3416 1553 3514 1623 τὴν
3542 1552 3719 1616 πόλιν,

2149 1660 2434 1713 ἑκπετάσω
2483 1657 2579 1720 τὰς
2615 1655 2802 1726 χεῖράς
2851 1671 2950 1725 μου
2981 1652 3115 1722 πρὸς
3149 1647 3372 1716 Κύριον,
3399 1645 3492 1697 καὶ
3527 1645 3584 1696 αἱ
3609 1658 3720 1712 φω-

2149 1751 2239 1804 ναὶ
2288 1748 2604 1809 παύσονται,
2654 1746 2808 1815 καὶὴ
2848 1742 3074 1814 χάλαζα,
3119 1740 3213 1793 καὶ
3265 1741 3293 1790 6
3341 1737 3494 1799 ὑετὸς
3535 1734 3717 1788 ούκέτι

2152 1842 2322 1894 ἔσται.
2351 1859 2368 1890 ι
2413 1841 2471 1890 'O
2507 1837 2616 1908 γὰρ
2646 1836 2860 1888 πάντων
2883 1830 3210 1905 δημιουργὸς
3245 1829 3379 1899 πρὸς
3408 1828 3504 1897 τὴν
3532 1826 3720 1879 κέλευ-

2154 1949 2235 1985 σιν
2260 1929 2358 2000 τὴν
2385 1929 2543 1998 φύσιν
2568 1929 2819 1980 εἴκουσαν
2849 1925 2980 1995 ἔχει.

2273 2015 2387 2070 Τοῦ
2448 2015 2657 2070 αὐτοῦ.
2706 2015 3043 2086 Σημειωτέον
3085 2013 3167 2065 ὅτι
3213 2011 3271 2063 οὐ
3308 2009 3484 2062 πάντα
3529 2010 3593 2077 τῇ
3622 2005 3720 2076 ρἀ

2148 2103 2254 2174 ϐδῳ
2281 2106 2633 2176 τερατουργεί
2665 2102 2919 2170 Μωῦσῆς,
2964 2100 3097 2153 ἀλλὰ
3122 2100 3215 2152 καὶ
3252 2099 3405 2169 χερσὶ
3431 2096 3525 2150 καὶ
3552 2097 3714 2165 λόγῳ,

2148 2194 2234 2246 ἵνα
2284 2195 2357 2264 μὴ
2400 2194 2497 2263 τὴν
2541 2192 2730 2263 ῥάϐδον
2783 2193 3040 2260 μαγικαίς
3088 2187 3322 2251 ἀπάταις
3369 2185 3636 2239 τελεῖσθαι
3663 2185 3714 2237 ui

2147 2283 2330 2336 πολλοὶ
2361 2285 2644 2352 νομίσωσι.

2222 2394 2238 2424 ι
2265 2376 2589 2448 Λαϐἐτωσαν
2633 2376 2861 2435 ἕκαστος
2905 2371 3172 2441 πρόϐατον
3227 2369 3346 2422 κατ’
3389 2368 3569 2429 οἴκους
3614 2382 3714 2418 πα-

2144 2464 2311 2534 τριῶν
2332 2481 2345 2496 ·
2386 2485 2403 2513 ι
2443 2467 2538 2518 καὶ
2569 2464 2637 2518 τὰ
2660 2464 2806 2534 ἑξῆς.
2836 2463 2966 2515 Ἀπὸ
3005 2462 3102 2532 τῆς
3153 2461 3386 2530 δεκάτης
3417 2459 3548 2528 φησὶ
3577 2457 3713 2526 λαμ-

2146 2554 2326 2608 ϐάνειν
2379 2555 2642 2626 πρόϐατον
2675 2557 2768 2608 καὶ
2796 2555 3014 2625 τρέφειν
3065 2553 3169 2615 ἕως
3205 2552 3280 2604 ιδ”
3315 2551 3408 2604 καὶ
3453 2551 3716 2619 ἐπονομά-

2146 2660 2234 2697 σιιι
2266 2643 2544 2712 λέγοντας,
2574 2642 2614 2695 Τ
2617 2643 2740 2696 οῦτο
2770 2646 2829 2697 τὸ
2875 2644 3144 2716 πρόϐατον
3180 2643 3360 2695 θύεται
3399 2641 3536 2711 ὑπὲρ
3562 2639 3715 2692 τοῦδε

2145 2735 2236 2786 καὶ
2281 2731 2464 2785 τοῦδε’
2515 2733 2613 2803 οὑχ
2663 2732 3098 2802 ὑπερϐαινόντων
3144 2730 3320 2785 αὐτῶν
3354 2736 3383 2781 ι’
3416 2727 3709 2798 ὀνομάτων·

2143 2825 2238 2876 καὶ
2270 2827 2333 2894 τῇ
2389 2823 2447 2875 ιδ’
2481 2821 2666 2875 θύεται
2714 2823 2983 2892 ἁνάμεσον
3031 2823 3138 2875 τῶν
3183 2820 3504 2892 ἐσπερινῶν,
3554 2820 3713 2888 ἀρχο-

2145 2915 2311 2986 μένης
2353 2915 2452 2984 τῆς
2488 2920 2565 2966 ιε’·
2599 2914 2672 2977 ὼς
2720 2915 2962 2982 γίνεσθαι
3009 2915 3115 2968 ἀπὸ
3162 2914 3260 2981 τῆς
3304 2912 3514 2982 λήψεως
3555 2910 3713 2980 μέχρι

2142 3008 2240 3076 τῆς
2270 3006 2474 3069 θύσεως
2504 3007 2714 3077 ἡμέρας
2738 3014 2800 3071 ε’,
2854 3009 2942 3060 ὅτε
2975 3006 3182 3077 πλῆρές
3217 3007 3330 3057 ἐστι
3371 3005 3460 3074 τῆς
3490 3003 3712 3072 σελήνης

2142 3100 2200 3152 τὸ
2229 3099 2363 3168 φῶς.

2215 3209 2234 3241 ι
2264 3190 2538 3262 Πρόϐατον
2572 3191 2797 3254 τέλειον,
2833 3189 3018 3261 ἄρσεν,
3047 3188 3314 3242 ἐνιαύσιον
3333 3186 3480 3239 ἔσται
3511 3187 3658 3256 ὑμῖν.
3689 3203 3708 3235 ι

2153 3282 2452 3335 Ἐνιαύσιον
2482 3282 2747 3354 πρόϐατον
2789 3285 2817 3334 ό
2847 3280 3075 3353 Χριστός
3108 3281 3241 3331 ἐστι.
3285 3279 3357 3330 Τὸ
3389 3278 3494 3348 γὰρ
3525 3280 3582 3330 ὲν
3611 3292 3714 3346 μη·

2139 3368 2249 3420 δενὶ
2281 3370 2621 3442 ὑστερεῖσθαι
2651 3371 2784 3441 μηδὲ
2818 3363 3033 3432 ἐλλιπές
3065 3385 3116 3421 τι
3147 3367 3288 3438 ἔχειν
3317 3367 3402 3419 διὰ
3426 3367 3519 3419 τοῦ
3545 3369 3714 3420 ὲνιαυο

2139 3459 2232 3512 τοῦ
2257 3460 2529 3531 δηλοῦται.

2216 3553 2367 3605 «Καὶ
2416 3552 2704 3621 σφάξουσιν
2752 3551 2880 3604 αὑτὸ
2928 3552 3033 3603 πᾶν
3062 3549 3121 3601 τὸ
3153 3547 3351 3618 πλῆθος
3395 3547 3711 3617 συναγωγῆς

2140 3639 2270 3694 υἱῶν
2316 3641 2530 3712 Ἰσραὴλ
2580 3637 2714 3712 πρὸς
2763 3641 3014 3710 ἑσπέραν.
3040 3660 3058 3690 ι
3103 3639 3244 3708 Πρὸς
3277 3637 3511 3709 ἑσπέραν
3542 3639 3596 3690 δὲ
3624 3654 3710 3690 κε-

2139 3731 2408 3802 λευόμεθα
2457 3731 2655 3800 σφάξαι
2687 3732 2746 3784 τὸ
2790 3730 3080 3802 πρόϐατον,
3133 3729 3318 3800 ἐπειδὴ
3370 3729 3463 3780 καὶ
3510 3726 3711 3799 ἐσχάτῃ

2139 3822 2258 3893 ὥρᾳ
2285 3824 2344 3875 τὸ
2368 3823 2616 3893 ἀληθινὸν
2644 3823 2798 3892 ἡμῶν
2824 3823 3089 3894 πρόϐατον
3111 3823 3190 3884 είς
3221 3821 3308 3873 τὸν
3332 3820 3530 3890 κόσμον
3551 3814 3710 3890 ἦλθεν

2137 3914 2165 3964 6
2185 3914 2395 3984 Σωτήρ.

2213 4048 2231 4079 ι
2256 4029 2364 4083 Καὶ
2396 4028 2653 4098 λήψονται
2678 4027 2784 4080 ἀπὸ
2807 4027 2899 4080 τοῦ
2931 4029 3179 4098 αἵματος,
3206 4029 3300 4083 καὶ
3329 4028 3587 4100 θήσουσιν
3619 4028 3710 4082 ἐπὶ

2135 4119 2243 4174 τῶν
2268 4120 2360 4175 δύο
2385 4119 2660 4190 σταθμῶν,
2695 4121 2787 4172 καὶ
2811 4120 2902 4172 ἐπὶ
2933 4120 3032 4186 τὴν
3056 4120 3233 4188 φλιὰν,
3261 4121 3320 4172 ὲν
3341 4122 3452 4182 τοῖς
3474 4119 3640 4182 οἴκοις
3656 4135 3704 4170 ἰ

2137 4212 2232 4265 καὶ
2263 4210 2333 4263 τὰ
2364 4210 2507 4280 ἑξῆς.
2545 4210 2754 4280 Θύομεν
2785 4209 2862 4273 δὲ,
2898 4210 2991 4261 καὶ
3025 4209 3247 4281 χρίομεν
3273 4210 3398 4272 τοὺς
3437 4208 3617 4272 οἴκους
3645 4209 3709 4277 ή-

2140 4300 2252 4371 μῶν
2284 4298 2361 4370 τῷ
2394 4300 2586 4370 αἵματι
2606 4317 2618 4329 ·
2655 4299 2796 4368 λέγω
2828 4300 2883 4366 δὲ
2911 4299 2971 4352 τὸ
3006 4299 3183 4370 σῶμα,
3219 4303 3374 4371 εἰπερ
3401 4300 3580 4371 χρίσις
3623 4300 3710 4352 πί-

2139 4409 2254 4455 στις
2279 4391 2423 4446 ἐστὶν
2468 4394 2500 4463 ή
2548 4394 2630 4456 είς
2663 4392 2845 4454 αὑτὸν,
2874 4393 2942 4446 δι’
2967 4387 3032 4463 ἧς
3079 4391 3317 4444 πιστεύω
3342 4392 3440 4462 τὴν
3467 4391 3560 4443 τοῦ
3593 4389 3706 4442 ὀλο-

2135 4481 2360 4552 θρευτοῦ
2382 4482 2607 4553 δύναμιν
2643 4482 3110 4553 καταργουμένην.
3147 4481 3299 4536 Μετὰ
3329 4482 3383 4534 δὲ
3405 4480 3466 4532 τὸ
3486 4479 3707 4551 χρισθῆ-

2133 4590 2218 4627 ναι
2250 4575 2414 4643 ἡμᾶς,
2451 4573 2697 4626 τουτέστι
2734 4573 3016 4626 πιστεῦσαι
3063 4575 3140 4636 είς
3179 4574 3268 4625 τὸν
3297 4571 3548 4642 Χριστὸν,
3589 4569 3708 4622 τότε

2134 4664 2226 4716 καὶ
2253 4665 2345 4717 ἐπὶ
2387 4664 2484 4734 τὴν
2534 4665 2733 4735 βρῶσιν
2787 4664 3043 4735 ἔρχεσθαι
3077 4663 3446 4734 κελευόμεθαο
3483 4663 3619 4733 μήτε
3655 4660 3708 4713 δὲ

2132 4753 2278 4824 ὠμὰ,
2311 4755 2448 4825 μήτε
2479 4755 2723 4826 ἐφημένα
2746 4758 2802 4808 ὲν
2837 4755 3010 4818 ὕδατι,
3041 4755 3154 4808 ἀλλ’
3189 4754 3327 4807 ὀπτὰ
3360 4750 3512 4824 πυρί.

2211 4863 2227 4894 ι
2253 4845 2366 4907 Πᾶς
2394 4843 2452 4907 ὃς
2480 4843 2545 4897 ἂν
2580 4845 2728 4915 φάγῃ
2767 4843 2965 4916 ζύμην,
3001 4845 3506 4916 ὲξολοθρευθήσεται
3534 4843 3567 4912 ἡ
3610 4841 3711 4910 ψυ-

2134 4935 2202 5006 Χὴ
2230 4937 2410 5007 ἐκείνη
2439 4935 2498 5001 ἐξ
2533 4937 2766 5009 Ἰσραήλ.
2791 4955 2811 4988 ι
2859 4938 3394 5009 Ἐξολοθρευθήσεται
3426 4935 3710 5006 ἄνθρωπος

2133 5027 2316 5081 ἕνεκεν
2350 5027 2525 5099 ζύμης
2548 5047 2560 5059 ·
2614 5028 2709 5082 καὶ
2754 5031 2782 5082 6
2807 5031 2914 5083 τῶν
2947 5030 3082 5085 ὅλων
3129 5030 3260 5093 Θεὸς
3291 5030 3319 5082 6
3359 5025 3710 5100 χρηματίζων

2134 5122 2258 5183 τοὺς
2287 5121 2500 5191 νόμους,
2535 5121 2610 5185 ὼς
2632 5120 2905 5192 ὀλοθρεύει
2937 5121 3140 5192 μοιχὸν,
3175 5122 3250 5184 ὡς
3281 5118 3552 5188 όλοθρεύει
3578 5117 3712 5188 πόρ-

2136 5229 2245 5276 νον,
2277 5213 2352 5274 ὼς
2384 5212 2654 5282 ὀλοθρεύει
2690 5213 3064 5284 παιδοφθόρον,
3099 5212 3268 5274 οὑτως
3300 5209 3570 5281 ὀλοθρεύει
3618 5208 3710 5262 τὸν

2137 5303 2324 5372 ἔχοντα
2354 5304 2529 5374 ζύμην
2573 5306 2629 5356 ὲν
2654 5307 2718 5373 τῇ
2767 5305 2913 5375 οἰκίᾳ
2955 5305 3118 5358 αὑτοῦ
3152 5307 3209 5358 ἐν
3240 5306 3304 5374 τῇ
3335 5303 3444 5356 τῶν
3484 5301 3709 5371 ἀζύμων

2136 5394 2337 5464 ἡμέρᾳ.
2381 5395 2550 5447 Τοῦτο
2575 5394 2714 5447 κατὰ
2733 5397 2865 5449 Θεόν
2887 5398 3000 5449 ἐστι
3026 5413 3040 5460 ;
3075 5395 3230 5449 τοῦτο
3261 5394 3401 5448 κατὰ
3427 5394 3590 5463 νόμον
3617 5392 3708 5446 τδν

2135 5485 2381 5554 οὐράνιόν
2412 5486 2590 5542 ἐστινε
2633 5485 2768 5538 Ἀλλ’
2798 5486 3005 5557 εἲποιμι
3043 5487 3106 5540 ἂν
3134 5487 3213 5540 ὅτι
3243 5485 3337 5538 ἐὰν
3369 5484 3497 5557 ἔχῃς
3530 5486 3711 5555 ζύμην

2279 5647 2298 5676 ²
2323 5644 2449 5698 ibid.
2475 5645 2533 5718 _7.
2611 5645 2631 5676 ³
2654 5643 2787 5697 ibid.
2817 5643 2900 5696 ιε.
