4122 6248
455 266 565 329 387

1874 267 1964 322 EX
1998 260 2297 323 ORIGENE

463 394 585 433 cum
613 378 699 433 lex
733 378 918 434 dicat:
950 397 970 431 ι
994 378 1050 431 lu
1083 391 1188 431 una
1219 378 1378 432 domo
1414 382 1737 447 comedetur,
1760 400 1778 434 ι
1812 382 1864 436 in
1902 396 2007 436 una

2109 382 2203 450 γῇ,
2234 377 2495 448 λεγούσης
2522 374 2620 445 τῆς
2649 372 2884 443 ιντολῆς,
2926 388 2945 423 ι
2983 370 3072 423 Ἐν
3101 369 3247 442 οἰκίᾳ
3279 369 3378 439 μιᾷ
3403 367 3676 439 βρωθήσι.

461 471 620 524 domo
649 484 754 524 non
788 469 1043 523 comedis.
1079 467 1252 522 Unam
1301 469 1482 537 itaque
1523 469 1725 526 demum
1772 473 2009 543 intelligo

463 560 753 614 Ecclesiam
802 568 857 614 et
903 573 1167 627 nusquam
1216 566 1369 614 extra
1405 556 1685 616 Ecclesium
1721 578 1877 619 ovem
1909 579 2007 619 co-

458 651 628 705 mede.

533 758 553 790 ι
581 740 641 793 Ει
675 753 779 793 non
811 736 1048 795 ederetis
1086 754 1116 793 e
1160 738 1324 794 domo
1358 738 1427 793 de
1472 739 1715 797 carnibus
1745 741 1946 799 foras’.
1982 760 2001 795 ι

461 830 1244 885 ΕοοΙεείοειίοιιωκεενιηοιιειη
1296 838 1448 883 extra
1492 828 1776 887 Ecclesiam
1811 834 2007 889 docere

454 934 561 973 non
606 918 749 982 licet,
795 920 871 974 uti
927 935 1029 973 nec
1078 931 1234 974 extra
1282 919 1502 972 domum
1552 935 1730 977 carnes
1771 923 2002 978 cll'erre:

454 1012 511 1064 in
562 1007 897 1075 Judarorum,
942 1011 1185 1077 inquam,
1221 1017 1314 1063 aut
1364 1009 1727 1067 bzereticormn
1777 1028 2007 1085 synago-

455 1114 598 1165 gam.
627 1099 859 1153 Perinde
889 1100 1031 1153 enim
1058 1109 1144 1154 est
1174 1115 1236 1154 ac
1263 1099 1309 1153 si
1335 1100 1642 1169 margaritae
1661 1112 1781 1158 aute
1812 1119 2005 1175 porcos

451 1190 831 1259 proiiciantur.

532 1298 551 1331 ι
573 1280 761 1335 Omnis
804 1278 1218 1334 incircumcisns
1276 1294 1379 1333 non
1432 1284 1677 1363 comedet
1716 1298 1776 1337 ex
1804 1300 1868 1340 eo
1889 1288 1951 1341 ιθ.
1979 1306 1998 1340 ι

452 1371 679 1425 Omnem
709 1371 872 1424 animi
900 1370 1067 1422 letum
1101 1368 1398 1438 spiritalem
1435 1382 1766 1437 superantem
1793 1385 2005 1431 terrena

455 1470 600 1526 (sunt
625 1470 800 1514 autem
834 1469 1052 1515 terrena
1083 1458 1341 1525 feminea)
1375 1462 1769 1517 circumcidere
1791 1474 2008 1535 oportet

454 1564 516 1604 ac
543 1553 859 1615 emundare,
890 1559 949 1603 ut
979 1552 1059 1604 sic
1089 1551 1287 1620 aliquis
1314 1550 1596 1607 Paschalis
1621 1569 1811 1607 carnes
1831 1558 2007 1627 perci-

450 1640 584 1706 piat.
625 1640 777 1694 Sicut
820 1650 1002 1695 autem
1048 1642 1319 1709 indigena,
1366 1643 1445 1697 sic
1486 1643 1650 1713 124
1695 1653 1748 1697 et
1789 1650 2002 1701 advena.

2106 487 2217 532 ται,
2259 488 2277 520 ι
2316 468 2380 520 σὺ
2409 466 2509 519 οὐκ
2540 465 2737 527 ἐσθίεις
2763 465 2818 515 έν
2843 462 2990 533 οἰκίᾳ
3018 463 3131 533 μιᾷ.
3165 461 3311 514 Μίαν
3345 455 3437 512 οὖν
3487 459 3677 531 νοήσας

2105 561 2280 615 οίκίαν
2293 561 2391 631 τὴν
2420 557 2759 627 Ἐκκλησίαν·
2797 554 3041 625 μηδαμοῦ
3068 548 3160 606 οὖν
3180 551 3326 606 ἔσθιε
3353 549 3447 603 τοῦ
3472 548 3676 622 προὸά-

2105 670 2199 706 του
2225 650 2330 715 ἔξω
2352 648 2641 719 γενόμενος
2656 647 2756 716 τῆς
2798 643 3141 714 Ἐκκλησίας.
3248 666 3261 683 κ

2181 764 2200 794 ι
2229 743 2338 796 Καὶ
2367 742 2467 795 οὐκ
2494 739 2728 804 ἐξοίσετε
2761 741 2825 791 ὲκ
2849 737 2950 807 τῆς
2981 735 3154 797 οίκίας
3178 732 3285 786 τῶν
3311 731 3487 801 κρεῶν
3514 730 3669 797 ἔξω.»

2119 831 2594 904 Ἐκκλησιαστικὸν
2640 828 2797 898 λόγον
2843 827 2904 880 οὐ
2956 828 3037 880 δεῖ
3083 826 3186 889 ἔξω
3215 827 3313 895 τῆς
3353 822 3677 893 Ἐκκλησίας

2107 903 2447 996 πρεσϐεύειν,
2509 921 2584 985 ὡς
2637 919 2742 986 ἔξω
2798 919 2898 988 τῆς
2940 916 3116 980 οἰκίας
3174 915 3247 986 μὴ
3307 903 3559 985 ὲκξρέρειν
3606 914 3676 968 τὰ

2106 1017 2260 1089 κρέα·
2290 1015 2431 1087 φημὶ
2457 1013 2514 1067 δὲ
2547 1015 2625 1076 είς
2657 1009 2973 1081 συναγωγὴν
3009 1007 3273 1062 Ἰουδαίων
3302 1007 3335 1077 ἢ
3365 1004 3670 1077 αίρετικῶν·

2104 1108 2287 1176 ὅμοιον
2314 1104 2421 1175 γάρ
2444 1104 2559 1156 ἐστι
2580 1100 2658 1173 τῷ
2679 1100 2831 1173 ῥίψαι
2852 1101 2978 1162 τοὺς
3002 1096 3343 1169 μαργαρίτας
3369 1094 3674 1166 ἔμπροσθεν

2105 1198 2211 1252 τῶν
2248 1197 2465 1267 χοίρων.

2180 1289 2325 1351 «Πᾶς
2349 1285 2720 1357 ἀπερίτμητος
2748 1282 2847 1335 οὐκ
2864 1280 3040 1334 ἔδεται
3064 1280 3156 1332 ἀπ’
3184 1277 3367 1332 αὑτοῦ.
3383 1298 3401 1328 ι
3426 1279 3538 1331 Πᾶν
3554 1278 3674 1346 γέν-

2107 1396 2254 1451 νημα
2298 1378 2476 1448 ψυχῆς
2524 1375 2712 1446 νοητὸν
2740 1372 3064 1443 ὑπερϐαῖνον
3110 1370 3178 1424 τά
3219 1368 3378 1422 ὑλικά
3406 1368 3585 1436 (ὑλικά
3614 1368 3672 1421 δὲ

2106 1470 2174 1524 τά
2199 1469 2387 1541 θήλεα)
2427 1466 2771 1540 περιτέμνειν
2803 1464 2898 1517 καὶ
2940 1460 3221 1531 καθαίρειν
3250 1459 3348 1521 δεῖ,
3378 1459 3465 1513 ἵνα
3502 1457 3669 1521 οὕτως

2109 1559 2497 1631 μεταλαμᾶάνῃ
2525 1574 2609 1620 τις
2637 1553 2743 1608 τῶν
2765 1552 2941 1625 κρεῶν
2959 1550 3053 1603 τοῦ
3076 1550 3286 1619 Πάσχα·
3301 1549 3377 1611 ὡς
3398 1548 3675 1618 αὐτόχθων

2106 1651 2162 1703 δὲ
2183 1651 2281 1721 τῆς
2306 1650 2428 1721 γῆς,
2445 1649 2538 1701 καὶ
2563 1649 2592 1700 ό
2608 1645 2938 1717 προσήλυτος
2957 1642 3181 1710 γίνεται·
3205 1640 3265 1693 οὐ
3289 1639 3399 1710 γὰρ
3421 1638 3489 1692 τὰ
3512 1639 3675 1709 σπέρ-

449 1728 565 1783 Νοιι
598 1730 740 1784 enim
766 1732 973 1785 semina
1007 1731 1239 1798 ingenua
1265 1732 1437 1801 pluris
1468 1734 1706 1786 aestimat
1734 1732 1884 1799 Deus,
1910 1736 2003 1792 sed

2109 1718 2252 1813 ματα
2297 1718 2537 1813 προτιμᾷ
2581 1741 2610 1792 6
2647 1736 2779 1799 Θεὸς
2820 1736 2890 1789 τά
2930 1734 3145 1803 εὐγενῆ,
3177 1731 3313 1787 ἀλλά
3359 1732 3674 1802 προαίρεσιν

449 1820 612 1874 animi
640 1821 972 1890 propositum
1003 1825 1289 1891 approbat.

520 1910 793 1980 Ejusdem.
833 1911 1275 1967 lncircnmcisutn
1310 1928 1475 1968 carne
1502 1913 1740 1983 appellat
1773 1914 1865 1982 qui
1890 1931 2003 1970 car-

449 2001 591 2054 nalia
620 2018 650 2054 a
678 2018 736 2056 se
767 2019 871 2057 non
906 2006 1171 2069 resecuit;
1206 2006 1344 2058 sicut
1370 2006 1535 2058 etiam
1573 2007 2003 2062 incircumcisum

446 2092 639 2158 oculis,
675 2093 765 2161 qui
801 2109 862 2146 ea
904 2095 1141 2147 intuetur
1171 2108 1291 2161 quze
1324 2109 1428 2148 non
1464 2103 1699 2162 oportet.

518 2181 791 2253 Ejusdem.
823 2184 1013 2238 Videte
1047 2199 1113 2237 ne
1152 2184 1277 2253 quis
1315 2194 1549 2239 vestrum
1600 2186 2008 2243 incircutncisus

445 2270 519 2325 sit
550 2273 736 2337 corde,
781 2287 849 2327 ne
886 2274 1008 2342 quis
1043 2274 1457 2329 incircutncisus
1501 2276 1572 2329 sit
1616 2276 1683 2329 iis
1720 2277 2007 2349 circumci-

447 2361 658 2415 sionum
692 2363 979 2430 generibus
1018 2364 1216 2432 quibus
1258 2364 1541 2433 Scriptura
1570 2366 1885 2421 circumcidi
1917 2370 2003 2421 do-

443 2465 553 2509 cet.
587 2452 842 2520 Quaenam
873 2467 1001 2511 vero
1040 2457 1164 2511 illa?
1210 2468 1341 2513 sunt
1378 2459 1573 2527 quibus
1602 2461 1802 2529 probro
1834 2461 2008 2525 datur,

444 2544 588 2612 quod
621 2546 983 2600 incircutncisi
1019 2548 1127 2600 sint
1163 2549 1418 2615 auribus;
1450 2552 1541 2619 qui
1568 2567 1673 2605 non
1700 2552 2010 2607 circumcisi

446 2643 572 2686 sunt
615 2636 856 2698 auribus,
893 2638 1152 2691 immundi
1191 2650 1339 2694 sunt.
1392 2641 1809 2697 lncircumcisns
1856 2643 2012 2698 labiis

444 2730 549 2788 est,
577 2726 665 2791 qui
698 2739 802 2779 non
832 2738 1076 2795 amputat
1105 2728 1315 2784 alienos
1346 2741 1400 2784 et
1429 2733 1673 2801 impuros
1707 2747 2008 2788 sermones.

447 2814 539 2868 Sic
574 2813 1012 2871 incircumcisum
1042 2834 1207 2874 carne
1244 2822 1409 2877 liceat
1440 2823 1639 2889 dicere,
1658 2825 1746 2892 qui
1769 2826 2008 2879 carnalia

447 2916 552 2957 non
593 2914 831 2973 resecat;
887 2908 1334 2966 incircumcisum
1385 2913 1576 2978 oculis,
1622 2917 1712 2984 qui
1766 2916 1911 2968 videt
1946 2932 2006 2971 ea

446 3008 564 3059 quae
589 3008 694 3047 non
728 2994 903 3063 decet,
938 3013 1038 3052 nec
1075 3000 1328 3055 intuitum
1377 3012 1600 3072 purgat;
1632 3014 1685 3058 et
1719 3004 2009 3060 incircum-

444 3082 613 3137 cisum
651 3100 817 3141 carne
846 3089 937 3157 qui
968 3088 1097 3145 facit
1126 3106 1190 3146 ea
1216 3107 1337 3162 qua:
1366 3108 1474 3161 non
1501 3103 1736 3164 oportet.

518 3286 537 3320 ι
567 3266 803 3324 Profecti
836 3278 1012 3325 autem
1044 3272 1137 3327 lilii
1175 3274 1338 3328 Israel
1378 3276 1443 3330 de
1471 3275 1769 3343 Soccbotb,
1797 3287 2008 3333 castra-

442 3360 626 3415 metati
669 3370 797 3416 sunt
845 3363 895 3416 in
929 3362 1121 3418 Otltom
1164 3364 1321 3434 juxta
1367 3368 1721 3423 desertum“.
1748 3386 1767 3420 ι
1806 3371 1861 3424 In
1900 3368 2009 3423 Nu-

445 3451 604 3505 nteris
641 3451 901 3522 scriptum
950 3455 1114 3519 est",
1182 3473 1257 3509 ta
1290 3455 1464 3511 Butha
1514 3459 1581 3511 ad
1636 3472 1786 3513 oratu
1840 3459 2007 3524 lrotb,

441 3540 583 3607 quod
612 3553 687 3595 εει
719 3552 904 3596 ('0nlra
940 3543 1295 3612 Beelsepbron
1327 3561 1494 3616 prope
1534 3548 1728 3613 Borra,
1750 3567 1769 3600 ι
1802 3557 2009 3604 castra-

443 3642 671 3687 metatos
694 3648 813 3687 esse
845 3634 983 3689 ﬁlios
1009 3635 1191 3691 Israel.

516 3740 537 3775 ι
572 3724 635 3778 Ει
680 3725 803 3779 tulit
850 3738 1136 3782 sexcentos
1180 3745 1375 3783 currus
1424 3728 1649 3796 electos,
1696 3743 1750 3786 et
1793 3745 2005 3786 omnem

439 3816 1145 3887 cqttitatunIEgyptioruttt,
1175 3829 1227 3873 et
1246 3821 1484 3876 tristatas
1506 3837 1669 3890 super
1695 3837 1888 3877 omnes
1903 3823 2001 3876 ".9

439 3908 539 3973 Qui
583 3919 769 3961 contra
817 3920 926 3963 tres
965 3927 1203 3979 pugnare
1250 3924 1532 3980 poterant,
1571 3914 1655 3966 vel
1684 3916 1774 3981 qui
1812 3915 1864 3967 in
1891 3916 2009 3969 acie

442 4008 561 4067 post
582 4001 990 4069 antesignanum
1016 4018 1079 4056 ac
1103 4004 1397 4057 secundum
1426 4005 1493 4058 ab
1516 4019 1600 4069 eo,
1635 4006 1793 4057 tertio
1815 4005 2007 4060 ordine

443 4090 676 4144 stabant.
706 4091 808 4144 Alii
864 4092 939 4145 ita
992 4102 1295 4160 exponunt,
1335 4104 1524 4150 contra
1565 4095 1789 4149 hostiles
1816 4110 2008 4152 manus

443 4192 663 4247 magnos
697 4183 988 4237 adornatos
1015 4199 1136 4239 esse
1163 4201 1360 4241 currus
1389 4187 1480 4255 qui
1516 4196 1625 4241 tres
1652 4186 1900 4242 homines
1924 4202 2010 4242 ca-

442 4280 649 4339 perent,
702 4289 934 4342 quorum
992 4292 1133 4330 unus
1188 4276 1392 4347 auriga:
1442 4276 1623 4333 ollicio
1674 4276 2003 4348 fungeretur,

2104 1833 2445 1902 ἀποδέχεται.

2180 1926 2289 1979 Τοῦ
2320 1920 2527 1976 αὑτοῦ.
2570 1917 2965 1989 ’Δπερίτμητον
2994 1918 3060 1986 τῇ
3110 1914 3272 1985 σαρκὶ
3300 1914 3389 1967 τὸν
3423 1912 3497 1984 μὴ
3522 1929 3675 1983 περι-

2104 2016 2432 2087 τεμνόμενον
2481 2011 2548 2065 τά
2597 2012 2834 2083 σαρκικὰ
2880 2025 3061 2079 φησιν,
3097 2004 3288 2077 ὥσπερ
3334 2007 3428 2059 καὶ
3484 2006 3673 2076 ἀπερί-

2101 2122 2304 2178 τμητον
2328 2103 2621 2173 ὀφθαλμοῖς
2644 2102 2735 2155 τὸν
2766 2100 3029 2170 βλέποντα
3056 2097 3193 2169 πρὸς
3216 2097 3253 2151 ἃ
3289 2096 3363 2167 μὴ
3388 2096 3487 2149 δεῖ.

2178 2195 2288 2249 Τοῦ
2315 2192 2524 2247 αὑτοῦ.
2562 2191 2753 2263 Ὁρᾶτε
2776 2193 2849 2259 μή
2870 2205 2953 2252 τις
2980 2187 3133 2258 ὑμῶν
3169 2186 3538 2258 ἀπερίτμητός
3559 2185 3673 2238 ἐστι

2101 2290 2166 2357 τῇ
2198 2284 2409 2356 καρδίᾳ·
2440 2283 2514 2352 μή
2527 2300 2613 2346 τις
2637 2283 2698 2335 οὐ
2725 2281 3117 2353 περιτέτμηται
3145 2278 3241 2343 τὰς
3271 2278 3570 2348 περιτομάς
3608 2276 3674 2339 ἀς

2100 2380 2129 2431 6
2161 2377 2316 2445 λόγος
2359 2374 2598 2428 διδάσκει
2639 2370 3082 2444 περιτέμνεσθαι.
3131 2368 3295 2432 Ποίας
3335 2368 3393 2421 δὲ
3434 2368 3670 2431 ταύταςς

2101 2468 2461 2539 ἀπερίτμητοι
2502 2464 2570 2517 τά
2621 2458 2738 2517 ὦτα
2773 2459 3117 2525 ὀνειδίζονταί
3163 2475 3309 2522 τινες
3354 2458 3528 2522 ὄντες·
3579 2459 3674 2512 καὶ

2103 2563 2215 2615 ὅσοι
2260 2560 2322 2612 οὐ
2360 2557 2783 2628 περιτέτμηνται
2826 2553 2923 2624 τὴν
2970 2554 3159 2625 ἀκοὴν,
3185 2551 3484 2622 ἀκάθαρτοί
3517 2554 3670 2603 εἰσιν.

2117 2647 2508 2719 ’Δπερίτμητος
2560 2644 2813 2714 χείλεσιν,
2864 2646 2892 2696 6
2939 2641 3013 2714 μὴ
3060 2642 3511 2713 περιτεμνόμενος
3550 2640 3673 2703 τοὺς

2108 2738 2290 2807 λόγους
2338 2738 2463 2800 τοὺς
2509 2735 2781 2797 ἐναντίους
2812 2734 2907 2786 καὶ
2935 2733 3295 2803 ἀκαθάρτους.
3332 2731 3515 2793 Οὕτως
3559 2730 3674 2782 ἐστι

2110 2829 2196 2879 καὶ
2224 2827 2598 2899 ἀπερίτμητον
2623 2827 2689 2896 τῇ
2720 2825 2882 2894 σαρκὶ
2908 2825 3101 2887 εἰπεῖν,
3130 2823 3220 2875 τὸν
3251 2822 3324 2893 μὴ
3356 2820 3673 2890 περιτεμνό⁴

2114 2933 2263 2985 μενον
2328 2915 2398 2970 τά
2469 2914 2706 2986 σαρκικὰ
2778 2913 3099 2985 πράγματα·
3160 2913 3256 2966 καὶ
3303 2911 3674 2981 ἀπερίτμητον

2111 3006 2416 3077 ὀφθαλμοῖς,
2437 3006 2530 3059 τὸν
2554 3005 2818 3075 βλέποντα
2842 3004 2878 3058 ά
2902 3004 2977 3076 μὴ
2995 3005 3093 3069 δεῖ,
3127 3004 3220 3057 καὶ
3247 3002 3321 3074 μὴ
3347 3002 3676 3072 καθαίροντα

2110 3095 2168 3147 τὸ
2184 3096 2453 3167 ὁρατικόν·
2482 3096 2576 3149 καὶ
2614 3094 2984 3165 ἀπερίτμητον
3021 3096 3203 3165 σαρκὶ,
3248 3093 3340 3148 τὸν
3368 3092 3674 3164 πράττοντα

2108 3185 2146 3239 ἀ
2175 3187 2243 3258 μὴ
2267 3187 2366 3241 δεῖ.

2184 3295 2199 3327 ι
2237 3274 2556 3347 Ἐξάραντες
2586 3277 2644 3330 δὲ
2666 3278 2715 3330 οἱ
2741 3276 2845 3330 υἱοὶ
2882 3276 3097 3349 Ἰσραὴλ
3119 3278 3182 3329 ὲκ
3205 3275 3447 3347 Σοκχὼθ,
3479 3278 3675 3347 ἐστρα-

2108 3368 2427 3422 τοπέδευσαν
2476 3370 2534 3421 ὲν
2580 3366 2761 3438 Ὀθὼμ
2783 3365 2935 3438 παρά
2970 3366 3069 3437 τὴν
3110 3366 3331 3438 ἔρημον.
3357 3385 3375 3417 ι
3437 3366 3525 3418 Ἐν
3566 3369 3675 3429 τοῖς

2123 3458 2393 3529 Ἀριθμοῖς
2442 3460 2638 3521 κεῖται,
2690 3456 2838 3509 «ἀπὸ
2864 3454 3041 3510 Βουθά
3091 3457 3185 3509 ἐπὶ
3227 3455 3400 3526 στόμα
3450 3454 3621 3527 ’ῐρώθ·
3646 3455 3675 3507 ὂ

2108 3545 2249 3596 ἐστιν
2291 3544 2549 3599 ἀπέναντι
2600 3543 2951 3615 Βεελσεπρὼν
2990 3544 3222 3615 ἐχόμενα
3269 3545 3361 3598 τοῦ
3414 3545 3615 3616 Eappa,
3647 3564 3665 3594 ι

2108 3635 2616 3707 παρεμϐεϐληκέναι
2639 3638 2766 3699 τοὺς
2791 3636 2938 3699 υἱοὺς
2980 3636 3213 3707 Ἰσραήλ.

2186 3746 2204 3779 ι
2232 3729 2331 3781 Καὶ
2368 3728 2524 3782 ἔλαόε
2558 3729 2817 3793 ἑξακόσια
2842 3728 3062 3797 ἅρματα
3090 3727 3341 3790 ὲκλεκτά,
3370 3728 3463 3781 καὶ
3497 3728 3675 3780 πᾶσαν

2107 3818 2206 3889 τὴν
2229 3818 2386 3872 ἵππον
2406 3819 2512 3871 τῶν
2533 3820 2956 3885 Αίγυπτίων,καὶ
2975 3818 3265 3889 τριστάτας
3290 3817 3380 3870 ἐπὶ
3405 3817 3635 3869 πάντων.
3650 3834 3669 3867 ι

2109 3908 2248 3971 Τοὺς
2274 3908 2407 3979 πρὸς
2442 3911 2590 3979 τρεῖς
2627 3909 2957 3979 δυναμένους
2992 3908 3276 3980 μάχεσθαι,
3300 3908 3333 3979 ἦ
3360 3908 3484 3971 τοὺς
3511 3909 3569 3961 ὲν
3606 3910 3674 3977 τῇ

2110 3998 2399 4067 παρατάξει
2413 3999 2547 4059 μετά
2558 3999 2646 4051 τὸν
2660 3999 3042 4069 πρωτοστάτην
3054 4000 3144 4052 καὶ
3156 4000 3244 4053 τὸν
3258 3999 3677 4070 δευτεροστάτην

2111 4090 2421 4160 ίσταμὲνους
2444 4090 2501 4143 ὲν
2521 4093 2585 4161 τῇ
2608 4091 2767 4163 τρίτῃ
2787 4090 2955 4157 τάξει.
2988 4090 3170 4144 Ἀλλοι
3199 4090 3254 4143 δέ
3291 4106 3475 4159 φασιν,
3499 4090 3575 4153 ὡς
3597 4092 3675 4152 εἰς

2108 4178 2207 4243 τάς
2243 4183 2423 4252 χεῖρας
2466 4180 2574 4233 τῶν
2618 4180 2891 4251 πολεμίων
2928 4181 3149 4255 ἅρματα
3185 4182 3399 4233 ἐποίουν
3442 4180 3671 4249 μεγάλα,

2110 4269 2248 4323 ὥστε
2282 4272 2369 4324 καὶ
2391 4274 2539 4343 τρεῖς
2574 4275 2791 4343 χωρεῖν,
2837 4272 2922 4326 ἵνα
2957 4275 2985 4325 ὁ
3028 4272 3124 4342 μὲν
3156 4267 3236 4336 εἷς
3282 4274 3509 4342 ἡνιοχεῖ,
3536 4273 3586 4324 ot
3618 4272 3675 4324 δὲ

442 4367 545 4416 duo
590 4379 716 4419 vero
764 4366 854 4419 alii
902 4376 1208 4433 certarent;
1262 4377 1355 4423 aut
1401 4384 1495 4424 eos
1537 4370 1629 4439 qui
1678 4384 1843 4439 super
1898 4380 2007 4425 tres

2115 4361 2207 4416 δύο
2234 4362 2572 4434 πολεμοῦσιν·
2611 4362 2643 4432 ἥ
2674 4364 2799 4427 τοὺς
2830 4364 2923 4416 ἐπὶ
2960 4363 3125 4434 τριῶν
3146 4363 3328 4415 ἵππων
3356 4363 3675 4432 βεϐηκότας.

437 4469 606 4524 cquos
637 4458 1008 4511 ascenderem.
1039 4457 1257 4527 Antiqui
1292 4460 1436 4513 enim
1468 4460 1519 4513 in
1555 4460 1711 4514 bellis
1739 4459 1883 4515 binis
1912 4469 2006 4513 aut

442 4546 611 4600 ternis
660 4547 817 4613 equis
864 4547 1181 4612 utebantur,
1233 4563 1356 4603 cum
1404 4550 1718 4619 aurigantes
1766 4552 2002 4606 exirent.
2050 4558 2053 4563 '

445 4640 534 4695 Vel
563 4639 828 4694 tristatem
854 4650 1034 4708 vocat,
1064 4643 1154 4710 qui
1183 4643 1410 4698 sedente
1436 4660 1565 4713 rege
1595 4646 1788 4701 tertius
1812 4655 2000 4712 staret,

439 4742 533 4783 aut
566 4733 781 4785 tertiam
834 4732 1061 4786 haberet
1090 4732 1296 4796 sedem,
1347 4734 1649 4802 cujusmodi
1689 4747 1805 4792 erat
1834 4736 2001 4793 David

438 4826 581 4891 apud
610 4823 763 4892 Sanl,
789 4832 848 4877 ut
873 4822 925 4878 in
959 4823 1135 4893 primo
1160 4824 1466 4893 Regnorum
1495 4827 1757 4883 invenies.

519 5025 537 5058 ι
561 5003 674 5060 lllic
706 5006 883 5075 posuit
909 5006 957 5060 ei
988 5005 1126 5060 Deus
1148 5004 1589 5074 iustiﬁcationes,
1622 5016 1676 5062 et
1702 5007 1930 5075 judicia,
1956 5018 2011 5063 et

441 5097 553 5150 ilic
593 5112 717 5150 eum
765 5098 1073 5151 tentavit".
1112 5096 1245 5150 Cum
1297 5104 1471 5150 tentat
1520 5098 1683 5160 Dens,
1740 5107 1913 5152 tentat
1952 5106 2009 5151 nt

444 5187 633 5252 prosit,
676 5202 779 5240 non
828 5198 885 5242 ut
933 5197 1146 5242 noceat.
1180 5186 1522 5257 Quapropter
1573 5188 1774 5243 dictum
1821 5190 2006 5243 est":

451 5298 468 5327 ι
496 5277 635 5331 Deus
670 5278 966 5331 intentatur
1017 5278 1279 5331 malorum
1323 5286 1428 5332 est.
1452 5294 1471 5329 ι
1509 5276 1577 5332 Ut
1607 5288 1661 5332 et
1685 5286 1805 5348 post
1837 5292 2007 5348 pauca

445 5368 769 5438 subjungit:
809 5386 827 5418 ι
862 5369 916 5422 Si
965 5370 1151 5422 auditu
1208 5367 1446 5424 audieris
1500 5368 1786 5423 Dominum
1844 5370 2007 5423 Deum

446 5469 622 5525 tuum,
657 5475 872 5515 omnem
924 5462 1170 5515 morbum
1204 5476 1363 5530 quem
1400 5461 1555 5517 intuli
1582 5460 1875 5533 Egyptiis,
1906 5476 2007 5515 non

2110 4456 2172 4508 Οί
2193 4456 2299 4527 γάρ
2318 4456 2534 4509 παλαιοὶ
2556 4456 2613 4508 ὲν
2634 4458 2743 4518 τοῖς
2764 4455 3020 4526 πολέμοις
3035 4456 3126 4508 ἐπὶ
3147 4455 3289 4526 δύοῆ
3308 4455 3473 4527 τριῶν
3495 4456 3676 4507 ἵππων

2109 4545 2410 4615 ἐπωχοῦντο
2446 4546 2675 4612 ἐξιόντες
2714 4547 3115 4618 ἁρματηλάται.
3161 4548 3231 4600 Ἦ
3270 4546 3560 4618 τριστάτην
3592 4545 3676 4598 λέ-

2109 4653 2195 4705 γει
2229 4637 2319 4690 τὸν
2343 4639 2397 4691 ὲν
2427 4638 2505 4709 τῷ
2538 4637 2861 4702 καθέζεσθαι
2900 4639 2990 4693 τὸν
3041 4638 3279 4708 βασιλέα,
3308 4639 3491 4711 τρίτον
3531 4639 3676 4691 ἱστά-

2111 4744 2291 4798 μενον,
2317 4728 2425 4797 ἦτοι
2458 4729 2645 4800 τρίτην
2674 4729 2864 4799 ἔχοντα
2890 4729 3179 4801 καθέδραν·
3215 4725 3324 4793 οἷος
3351 4726 3418 4801 ἦν
3450 4731 3479 4782 6
3517 4728 3677 4783 Δαυῖδ

2109 4816 2259 4888 παρὰ
2304 4816 2486 4881 Σαοὺλ,
2528 4817 2603 4881 ὡς
2638 4820 2696 4871 ὲν
2741 4821 2807 4889 τῇ
2861 4818 3050 4889 πρώτῃ
3106 4818 3213 4871 τῶν
3251 4818 3545 4872 Βασιλειῶν
3586 4819 3676 4869 εὐ-

2114 4910 2181 4980 ρή
2190 4924 2321 4970 σεις.

2185 5018 2203 5051 ι
2249 5000 2392 5053 Ἐκεῖ
2409 5000 2557 5054 ἔθετο
2595 5000 2740 5072 αὐτῷ
2761 5002 2790 5053 6
2811 4999 2943 5064 Θεὸς
2972 4999 3309 5071 δικαιώματα
3332 5002 3426 5053 καὶ
3446 5000 3675 5069 κρίσεις,

2113 5092 2204 5145 καὶ
2246 5094 2364 5146 ἐκεῖ
2401 5094 2557 5146 αὑτὸν
2597 5094 2907 5165 ἐπείρασε.»
2943 5091 3072 5147 Ὅτε
3112 5094 3244 5156 Θεὸς
3283 5093 3554 5165 πειράζει,
3591 5093 3676 5146 ἐπ’

2111 5182 2346 5253 ὠφελείᾳ
2382 5183 2641 5255 πειράζει,
2682 5185 2780 5237 οὐκ
2820 5183 2911 5236 ent
2938 5183 3015 5254 τῷ
3051 5185 3431 5254 κακοποιῆσαι·
3466 5184 3546 5237 διὸ
3586 5184 3680 5237 καὶ

2112 5273 2325 5344 ὲλέ-χθη,
2342 5276 2423 5328 ὅτι
2442 5295 2458 5326 ι
2489 5274 2693 5339 ὈΘεὸς
2710 5275 3038 5345 ἀπείραστός
3060 5276 3173 5328 ἐστι
3201 5274 3407 5338 κακῶν,
3434 5294 3453 5327 ι
3482 5276 3557 5339 ὡς
3585 5275 3678 5328 καὶ

2115 5365 2230 5433 μετ’
2255 5363 2409 5430 ὀλίγα
2450 5365 2643 5431 ἐπάγει
2668 5367 2697 5417 6
2724 5365 2898 5433 λόγος·
2921 5388 2940 5421 ι
2980 5368 3105 5423 Ἐὰν
3120 5366 3254 5435 ἀκοῇ
3292 5365 3535 5438 ἀκούσῃς
3568 5368 3679 5419 Κυ-

2117 5455 2230 5526 ρίου
2267 5453 2361 5506 τοῦ
2390 5453 2517 5507 Θεοῦ
2562 5470 2676 5519 σου,
2716 5456 2892 5509 πᾶσαν
2932 5456 3103 5521 νόσον,
3148 5456 3213 5525 ἥν
3253 5457 3530 5527 ἐπήγαγον
3566 5458 3677 5519 τοῖς

516 5573 728 5643 (Exod.
759 5591 853 5633 sn.
881 5577 967 5631 «iii.
1050 5579 1090 5609 ιο
1116 5577 1243 5633 ibid.
1274 5577 1359 5632 l8.
1440 5578 1477 5611 “
1510 5578 1677 5635 Exod.
1706 5593 1828 5643 χιιι,
1855 5578 1945 5632 20.
2040 5576 2079 5606 ¹²
2105 5572 2263 5629 Num.
2297 5588 2483 5641 sunt,
2510 5574 2562 5631 7.
2642 5575 2683 5607 ”
2710 5573 2883 5631 Exod.
2915 5589 3022 5641 xiv,
3051 5575 3105 5629 7.
3191 5575 3232 5607 ί·
3262 5575 3426 5630 Exod.
3463 5590 3552 5641 xv,
3583 5573 3672 5632 25.

448 5643 488 5672 ’δ
526 5642 710 5698 Iacob.
748 5662 787 5710 ι,
836 5646 916 5700 15.

3756 300 3793 341 Ι
