4122 6248
414 275 522 333 289

1651 267 1961 325 SELECTA
1997 264 2062 319 IN
2097 264 2406 320 EXODUM.

3530 256 3636 311 290

416 393 758 463 Αἰγυπτίοις,
787 390 885 446 οὐκ
918 391 1100 460 ἐπάξω
1136 391 1227 446 ἐπὶ
1261 392 1340 448 σέ.
1369 411 1417 474 »κ
1445 392 1502 446 '0
1533 389 1627 446 οῦν
1656 392 1835 463 φέρων
1866 390 1991 451 τοὺς

2106 386 2342 440 ηιιιιυοοιη
2373 399 2533 454 super
2569 392 2642 440 te.
2666 401 2685 435 ι
2735 382 2837 451 Qui
2866 396 2998 454 ergo
3021 395 3232 443 strenue
3256 387 3360 443 fert
3386 390 3641 443 tentari"-

416 484 763 557 πειρασμοῦς
796 484 1072 551 γενναίως,
1114 482 1491 554 στεφανοῦται.
1541 483 1704 535 ’Δλλο
1744 482 1799 534 δέ
1843 483 1990 533 ἐστιν

419 576 519 630 ἐπὶ
550 574 648 627 τοῦ
699 574 958 627 διαϐόλου’
1001 578 1205 638 ἐκεῖνος
1246 575 1354 647 γὰρ
1392 574 1675 646 πειράζει,
1728 574 1814 626 ἵνα
1864 572 1990 634 τοὺς

422 664 776 735 πειθομένους
818 663 965 733 αὑτῷ
1007 663 1311 735 θανατὼσῃ)
1354 664 1448 717 καὶ
1481 665 1510 716 6
1548 664 1646 733 μὲν
1694 661 1826 724 Θεὸς
1874 677 1992 713 πει-

428 754 699 825 ράζειούκ
732 753 939 820 ἀγνοῶν
982 752 1043 805 τὸ
1084 756 1363 824 ἐσόμενον,
1406 752 1544 823 πλὴν
1573 752 1748 814 διδοὺς
1781 749 1859 819 τῷ
1897 750 1991 803 ἀν-

426 844 627 914 θρώπῳ
653 844 910 913 πράττειν
948 843 977 895 ὃ
996 843 1137 896 θέλει
1157 844 1243 896 διὰ
1262 844 1322 896 τὸ
1343 842 1705 909 αὐτεξούσιον.

498 952 516 983 ι
558 932 725 985 Τοῦτο
746 934 805 985 τὸ
830 934 982 1005 ῥῆμα
1013 934 1041 987 ὃ
1062 934 1287 1004 ὲλάλησε
1311 933 1532 1004 Κύριος·
1564 932 1837 995 Σάϐϐατα,
1869 930 1993 984 ἀνά-

424 1041 619 1086 παυσις
650 1024 781 1091 ἀγία
805 1023 882 1094 τῷ
914 1026 1103 1095 Κυρίῳ
1134 1025 1344 1095 αύριον.
1378 1044 1396 1076 ι
1460 1025 1877 1095 Ἀπογράφομαι
1923 1021 1993 1075 τά

425 1116 549 1186 περὶ
576 1115 670 1167 τοῦ
701 1115 971 1169 σαϐϐάτου
998 1117 1283 1187 εἰρημένα·
1319 1116 1533 1188 πρῶτον
1556 1116 1695 1170 κατά
1718 1115 1779 1168 τὸ
1807 1114 1990 1186 ῥητὸν,

424 1207 487 1258 ἵν’
515 1207 668 1260 ἴδωσι
699 1208 751 1259 τί
779 1208 1030 1278 σημαίνει
1065 1208 1126 1261 τὸ
1158 1208 1409 1279 γράμμα·
1450 1208 1699 1278 δεύτερον
1748 1206 1805 1259 δὲ
1850 1204 1993 1259 κατά

421 1299 518 1369 τὴν
550 1300 863 1370 ἀναγωγὴν,
898 1299 1019 1353 καθ’
1053 1302 1119 1370 ἢν
1163 1302 1370 1371 εἴποιμι
1428 1299 1493 1353 ἂν
1529 1299 1738 1371 ἡμέραν
1793 1298 1996 1352 σαϐϐά-

421 1409 513 1443 του
553 1391 904 1461 ἐνεστηκέναι
961 1390 1038 1461 τῷ
1118 1391 1311 1461 δικαίῳ
1378 1390 1742 1444 καταλύσαντι
1796 1390 1862 1442 τὰ
1903 1389 1996 1442 τοῦ

423 1482 625 1553 κόσμου
654 1484 812 1554 ἔργα.
846 1484 940 1535 καὶ
960 1483 1233 1548 δοξάζοντι
1250 1482 1339 1535 τὸν
1361 1482 1516 1547 Θεὸν,
1539 1482 1634 1534 καὶ
1665 1479 1996 1550 σχολάζοντι,

424 1576 562 1646 μήτε
585 1576 680 1627 τοῦ
716 1574 881 1626 τόπου
911 1575 967 1625 ὲν
995 1568 1040 1640 ᾧ
1069 1574 1269 1643 ἔστηκε
1326 1572 1421 1625 τοῦ
1467 1570 1703 1643 Χριστοῦ
1721 1611 1735 1634 ,
1769 1573 1996 1640 ἀφιστα-

426 1666 591 1736 μένῳ·
626 1666 764 1735 μήτε
788 1665 900 1735 πῦρ
923 1664 1155 1728 καίοντι,
1189 1663 1329 1717 κατά
1356 1662 1416 1716 τὸ
1457 1663 1622 1732 μηδὲν
1643 1663 1992 1733 ἁμαρτάνειν·

428 1732 565 1824 μήτε
591 1732 950 1822 βαστάγματα
974 1751 1204 1823 αῐροντι.
1256 1752 1550 1820 Βάσταγμα
1578 1751 1735 1821 ὅρους
1762 1732 1997 1821 ίβαρύτε-
2027 1732 2069 1787 Β

431 1860 523 1915 ρον
549 1845 697 1896 πᾶσα
727 1844 1000 1915 ἀμαρτία’
1036 1842 1115 1895 διὸ
1148 1841 1332 1910 ἔλεγεν
1368 1845 1396 1896 6
1427 1841 1717 1912 ’Υμνῳδὸςσ
1781 1860 1799 1892 ι
1852 1842 1996 1896 Ὠσεὶ

430 1934 649 2005 φορτίον
680 1936 816 2006 βαρὺ
904 1934 1273 2006 ὲϐαρύνθησαν
1329 1935 1414 1986 ἐπ’
1467 1934 1586 2004 ἐμέ.
1627 1953 1645 1986 ι
1695 1934 1887 2006 Ἑτέρα
1939 1935 1999 1987 δὲ

429 2026 722 2096 ἀπογραφὴ
752 2027 819 2079 ἂν
848 2025 932 2096 είη
968 2026 1257 2087 σαϐϐάτου,
1287 2025 1409 2077 καθ’
1448 2026 1514 2096 ἣν
1575 2045 1593 2077 ι
1645 2026 1999 2079 ἀπολείπεται

429 2117 797 2188 σαϐϐατισμὸς
830 2116 908 2185 τῷ
953 2115 1065 2187 λαῷ
1093 2116 1186 2170 τοῦ
1244 2115 1402 2179 Θεοῦ,
1460 2135 1478 2167 ι
1528 2116 1835 2181 ἀνάπαυσις
1879 2117 2002 2189 ίερά

427 2206 522 2260 καὶ
546 2207 697 2275 ἁγία,
750 2207 806 2259 ’0
829 2206 886 2259 δὲ
912 2208 1144 2275 ποιήσας
1170 2206 1348 2261 πάντα
1375 2206 1445 2259 τὰ
1465 2206 1604 2277 ἔργα
1635 2207 1822 2270 αὑτοῦ,
1854 2207 1999 2273 ἄξιος

424 2296 671 2368 κρίνεται
711 2298 920 2351 ἐκείνου
954 2296 1047 2350 τοῦ
1100 2297 1389 2352 σαϐϐάτου’
1444 2299 1717 2369 σχολάζων
1753 2298 1926 2351 οὐδενὶ
1965 2297 1999 2368 ἢ

423 2390 490 2457 τῇ
521 2386 722 2461 θεωρίᾳ
747 2388 848 2458 τῆς
870 2387 1151 2457 ἀληθείας,
1178 2390 1273 2443 καὶ
1296 2389 1398 2459 τῆς
1452 2389 1663 2458 σοφίας.
1710 2390 1753 2441 Τ
1756 2389 1896 2443 αῦτα
1944 2388 2001 2441 δὲ

423 2475 515 2529 διὰ
567 2476 629 2529 τὸ
692 2476 998 2548 μεμνῆσθαι
1058 2476 1288 2532 ἐνταῦθα
1316 2478 1407 2533 τὸν
1454 2478 1692 2553 Μωῦσέα
1738 2478 1863 2548 περὶ
1906 2475 1998 2529 τοῦ

427 2566 792 2633 σαϐϐατίζειν,
826 2567 1195 2640 παρεθέμεθα.

390 2708 393 2711 ,
505 2679 524 2711 ι
563 2660 674 2712 Καὶ
707 2660 970 2727 πατάξεις
992 2660 1092 2732 τὴν
1143 2660 1371 2733 πέτραν,
1408 2660 1502 2713 καὶ
1557 2657 1894 2725 ἐξελεύσεται
1943 2658 2001 2726 ἐξ

425 2751 597 2821 αὐτῆς
631 2752 795 2824 ὕδωρ.
838 2772 855 2804 ι
884 2753 1067 2825 Πέτρᾳ
1092 2750 1484 2824 παρεικάζεται
1511 2751 1540 2803 6
1576 2752 1809 2823 Χριστὸς
1831 2749 1918 2803 διὰ
1941 2750 2001 2803 τὸ

430 2832 678 2893 ἄσειστον
704 2843 799 2893 καὶ
822 2841 1136 2912 ἀκλόνητον.
1156 2842 1497 2913 Ἐρήρεισται
1520 2840 1628 2912 γὰρ
1653 2843 1711 2894 έν
1739 2844 1849 2904 τοῖς
1875 2840 2003 2909 ἁγα-

432 2929 543 2993 οοίς
569 2932 602 3001 ἡ
641 2930 760 2984 θεία
792 2950 850 2984 τε
874 2934 968 2985 καὶ
1000 2932 1278 3003 ὑπερτάτη
1307 2932 1486 3000 φύσις.

507 3042 525 3074 ι
549 3022 690 3091 Ἐγὼ
716 3024 823 3094 γάρ
849 3025 965 3094 είμι
992 3023 1194 3096 Κύριος
1222 3026 1250 3077 6
1275 3023 1406 3086 Θεός
1431 3040 1546 3086 σου,
1572 3021 1705 3085 Θεὸς
1732 3020 1999 3093 ζηλωτὴς,
2028 3059 2069 3117 C

2094 493 2211 543 nes,
2242 492 2499 532 coronam
2534 476 2746 545 recipit.
2803 476 2971 531 Secus
3000 486 3168 532 autem
3195 494 3254 534 se
3283 495 3370 534 res
3398 479 3559 534 habet
3582 484 3634 531 iu

2094 565 2329 620 diabolo.
2363 566 2411 619 Is
2437 566 2580 619 enim
2613 573 2806 626 tentat.
2830 573 2887 619 ut
2916 563 3400 637 sibiobsequentes
3443 569 3647 624 interti-

2093 657 2225 712 ciat.
2256 656 2334 712 Ac
2362 658 2505 711 Deus
2530 656 2745 725 quidem
2774 664 2945 710 tentat
2973 670 3078 709 non
3122 653 3277 712 futuri
3322 660 3644 727 ignorantia.

2092 750 2185 802 sed
2216 748 2417 802 homini
2467 747 2782 801 facultatem
2812 746 3016 801 faciens
3050 746 3195 812 quod
3222 748 3341 803 velit
3368 752 3648 818 operandi.

2094 848 2312 909 propter
2337 838 2545 892 arbitrii
2577 838 2903 893 libertatem.

2172 944 2189 977 ι
2231 927 2344 982 Hoc
2372 936 2454 980 est
2489 927 2710 981 verbum
2756 926 2899 995 quod
2936 925 3145 981 locutus
3210 934 3294 979 est
3343 928 3598 982 Dominus
3635 943 3650 979 :

2095 1016 2356 1082 Sabbata,
2414 1017 2628 1086 requies
2658 1026 2846 1072 sancta
2896 1016 3122 1070 Domino
3161 1030 3284 1070 cras
3321 1019 3382 1069 “.
3416 1038 3435 1071 ι
3498 1016 3655 1087 125

2096 1108 2317 1177 Expono
2344 1123 2463 1177 qua:
2496 1110 2562 1163 de
2595 1108 2834 1163 Sabbato
2874 1108 3013 1163 dicta
3062 1119 3209 1173 sunt,
3264 1108 3433 1176 primo
3462 1125 3656 1164 secun-

2099 1200 2223 1252 dum
2261 1198 2403 1252 nuda
2426 1200 2615 1262 verba,
2652 1208 2708 1252 ut
2736 1199 2954 1252 videant
2985 1198 3114 1267 quid
3149 1196 3418 1266 signiﬁcet
3444 1199 3653 1263 littera;

2101 1288 2300 1343 deinde
2367 1291 2667 1343 secundum
2719 1288 3017 1355 spiritalem
3077 1287 3450 1350 intellectum,
3506 1290 3655 1354 iuxta

2099 1394 2260 1448 quem
2292 1380 2522 1434 dixerim
2561 1377 2968 1451 diem‘Sabbati
3017 1378 3166 1446 justo
3211 1375 3523 1430 incumbere
3567 1377 3657 1445 qui

2098 1472 2435 1526 destruxerit
2464 1468 2649 1526 mundi
2682 1487 2867 1541 opera,
2917 1471 3007 1536 qui
3057 1470 3220 1524 Deum
3266 1469 3567 1537 gloriﬁcat,
3598 1483 3661 1523 ac

2099 1564 2338 1633 quietem
2394 1563 2537 1632 agit;
2579 1563 2668 1633 qui
2727 1576 2903 1631 neque
2962 1576 2991 1613 a
3048 1560 3167 1615 loco
3221 1561 3273 1614 in
3329 1574 3436 1628 quo
3480 1558 3657 1624 stetit,

2099 1655 2319 1709 Christo
2351 1654 2634 1718 nimirum,
2660 1653 2887 1718 recedit,
2921 1666 3021 1706 nec
3054 1651 3228 1720 ignem
3273 1650 3519 1705 accendit
3542 1663 3660 1717 pec-

2098 1748 2294 1808 cando.
2326 1760 2499 1815 neque
2536 1745 2639 1800 fert
2676 1759 2863 1800 onera.
2887 1744 3036 1800 Onus
3060 1753 3241 1799 monte
3262 1743 3481 1815 gravius
3504 1755 3664 1795 omne

2100 1847 2414 1907 peccatum;
2441 1837 2793 1906 quamobrem
2818 1835 3029 1889 dicebat
3050 1832 3337 1888 Psalmista
3356 1833 3398 1863 ¹⁷
3427 1849 3441 1886 :
3479 1849 3498 1883 ι
3538 1830 3661 1885 Sic-

2100 1937 2159 1980 ut
2204 1940 2340 1980 onus
2396 1938 2561 1995 grave
2604 1932 2821 1992 gravata
2874 1932 3000 1975 sunt
3045 1936 3207 1989 super
3263 1935 3368 1974 me.
3406 1939 3425 1972 »
3482 1919 3662 1973 Altera

2101 2027 2281 2071 autem
2311 2015 2579 2083 expositio
2608 2013 2831 2067 Sabbati
2885 2014 2978 2075 sit,
3007 2011 3163 2078 juxta
3214 2028 3375 2081 quam
3439 2029 3458 2063 ι
3496 2012 3657 2066 relin-

2101 2109 2295 2178 quitur
2324 2105 2699 2161 sahbatismus
2737 2102 2934 2173 populo
2987 2104 3076 2156 Dei
3111 2102 3154 2133 ¹⁸
3188 2122 3205 2154 ι
3246 2102 3462 2171 requies
3510 2118 3661 2157 sacra

2104 2210 2156 2252 et
2186 2208 2396 2252 sancta.
2442 2196 2543 2262 Qui
2610 2209 2739 2249 vero
2793 2193 2974 2249 omnia
3028 2191 3144 2260 ejus
3195 2190 3323 2247 fecit
3375 2206 3560 2260 opera,
3620 2192 3666 2245 is

2103 2291 2297 2359 dignus
2326 2287 2558 2342 habetur
2587 2286 2691 2340 hoc
2714 2286 2975 2348 Sabbato,
3002 2284 3133 2337 nulli
3157 2282 3309 2337 alteri
3341 2284 3415 2337 rei
3444 2297 3662 2344 vacans,

2102 2398 2262 2450 quam
2298 2379 2729 2447 contemplanda:
2756 2376 2969 2431 veritati
3003 2384 3052 2429 et
3081 2376 3375 2444 sapientiae.
3426 2374 3549 2429 Hcec
3574 2390 3667 2428 au-

2103 2483 2208 2527 tem
2243 2472 2443 2527 idcirco
2498 2470 2847 2541 exposuimus
2873 2469 3015 2537 quod
3058 2466 3269 2538 Moyses
3292 2468 3393 2523 hoc
3424 2465 3540 2522 loco
3576 2482 3665 2522 re.

2103 2564 2323 2634 ligionis
2359 2562 2580 2618 Sabbati
2614 2559 2945 2616 meminerit.

2177 2675 2195 2707 ι
2229 2656 2293 2709 Ει
2321 2654 2591 2725 percuties
2627 2664 2859 2723 petram,
2891 2663 2945 2707 et
2971 2651 3139 2705 exibit
3170 2665 3236 2705 ex
3266 2666 3327 2706 ea
3364 2665 3504 2720 aqua
3544 2649 3609 2703 ⁸⁸.
3642 2667 3660 2701 ι

2102 2746 2351 2800 Christus
2397 2754 2562 2813 petra:
2615 2750 2962 2812 comparatur
3015 2742 3086 2795 ob
3141 2741 3518 2796 inconcussam
3557 2742 3664 2795 vim

2103 2852 2168 2891 ac
2208 2836 2540 2890 ﬁrmitatem.
2579 2833 2817 2888 Firmata
2860 2832 3003 2886 enim
3039 2831 3093 2885 in
3150 2831 3308 2886 bonis
3358 2842 3443 2886 est
3485 2832 3664 2886 divina

2102 2927 2481 2994 excellensque
2520 2936 2736 2980 natura.

2178 3036 2196 3068 ι
2234 3016 2344 3086 Ego
2373 3017 2514 3069 enim
2547 3030 2665 3069 smn
2703 3015 2961 3068 Dominus
2994 3014 3131 3068 Deus
3156 3021 3299 3076 tuus,
3333 3009 3473 3066 Deus
3522 3011 3663 3067 zelo.

430 3114 712 3177 ἀποδιδοὺς
746 3115 1014 3187 ἁμαρτίας
1042 3114 1292 3186 πατέρων
1318 3114 1411 3166 ἐπὶ
1439 3115 1625 3177 τέκνα,
1669 3114 1761 3166 ἐπὶ
1809 3111 2001 3184 τρίτην

2109 3119 2208 3171 tes,
2247 3108 2479 3160 reddens
2512 3113 2729 3173 peccata
2755 3114 2967 3172 patrum
3026 3103 3077 3155 in
3111 3102 3248 3155 ﬁlios
3277 3103 3328 3154 in
3371 3102 3584 3155 tertiam
3615 3111 3670 3155 et

434 3206 525 3258 καὶ
550 3206 814 3277 τετάρτην
837 3206 1028 3274 γενεάν
1056 3208 1165 3267 τοῖς
1185 3204 1398 3275 μισοῦσί
1435 3222 1523 3275 με,
1551 3205 1644 3257 καὶ
1667 3204 1831 3258 ποιῶν
1858 3204 2004 3267 ἔλεος

432 3296 511 3359 ι-ίς
540 3295 778 3366 χιλιάδας
799 3299 911 3359 τοῖς
944 3296 1200 3364 ἀγαπῶσί
1233 3313 1299 3366 με
1323 3334 1338 3359 ,
1380 3294 1477 3348 καὶ
1510 3298 1620 3357 τοῖς
1671 3293 2004 3362 φυλάσσουσι

431 3386 502 3441 τὰ
526 3387 926 3458 προστάγματά
966 3405 1087 3458 μου.
1124 3406 1142 3439 ι
1204 3389 1335 3442 Τίνα
1368 3385 1526 3440 τοῦτο
1572 3386 1633 3439 τὸ
1694 3386 1854 3457 ῥητὸν
1907 3385 2005 3438 ούκ

431 3477 729 3549 ὲτάραξενς
757 3479 820 3531 Ei
846 3479 1061 3549 ἥμαρτε
1090 3479 1188 3549 μὲν
1212 3480 1240 3530 ὁ
1270 3479 1474 3549 πατὴρ,
1503 3481 1531 3531 6
1554 3477 1611 3530 δὲ
1651 3477 1799 3543 υἱὸς,
1829 3475 1922 3529 καὶ
1972 3478 2006 3546 ἡ

431 3570 613 3641 τρίτη,
643 3572 737 3623 καὶ
766 3571 799 3640 ἡ
829 3570 1062 3640 τετάρτη
1094 3570 1255 3637 γενεὰ
1289 3569 1662 3640 ἀπολαμϐάνει
1699 3569 1796 3638 τὴν
1831 3570 2010 3639 ἀμαρ-

432 3660 576 3726 τιαν,
603 3662 678 3724 ὡς
700 3663 825 3724 τοὺς
864 3660 963 3731 μὲν
1012 3661 1386 3732 κατηγορῆσαι
1434 3661 1529 3713 καὶ
1574 3659 1667 3713 τοῦ
1721 3659 2009 3721 δεδωκότος

432 3754 561 3818 τοὺς
584 3756 781 3823 νόμους
804 3752 961 3807 Θεοῦ’
989 3752 1116 3816 τοὺς
1140 3753 1196 3805 δὲ
1230 3752 1304 3824 μὴ
1332 3752 1704 3822 κατηγορῆσαι
1732 3751 1849 3821 μὲν,
1874 3749 2008 3819 ἀλη-

434 3844 544 3909 θῶς
568 3846 623 3898 δὲ
648 3844 886 3908 ἐλπίζειν
906 3843 1130 3897 τοιαῦτά
1150 3860 1291 3909 τινα,
1317 3844 1412 3897 καὶ
1443 3843 1766 3915 προσδοκᾷν,
1808 3844 1889 3897 ὅτι
1943 3843 2013 3896 τά

435 3939 804 4009 ἁμαρτήματα
831 3935 1009 3989 αὐτῶν
1032 3937 1079 3988 οἱ
1113 3936 1218 3988 υίοὶ
1241 3935 1738 4005 ἀπολαμϐάνουσιν.
1770 3935 2011 3988 Ἰουδαῖοι

436 4030 603 4083 ταῦτα
633 4028 977 4100 νομίζουσιν,
1033 4026 1132 4078 οὐκ
1182 4024 1612 4088 ἀπαλλάττοντες
1665 4024 1821 4078 ἄλλον
1867 4024 2008 4078 θεὸν.

437 4123 705 4192 Σαμαρεῖς
731 4118 901 4172 ταῦτα
928 4115 1401 4185 ὑπολαμϐάνουσιν
1427 4155 1441 4179 ,
1492 4115 1568 4178 ὼς
1597 4115 1689 4167 καὶ
1721 4114 1876 4167 αὐτοὶ
1926 4113 2012 4166 δο-

438 4214 686 4278 ξάζοντες
716 4208 1107 4283 μετεσχηκέναι
1130 4208 1224 4260 τοῦ
1249 4208 1367 4271 ἐνὸς
1388 4205 1544 4259 Θεοῦ.
1577 4207 1639 4258 Οἱ
1679 4206 1785 4258 ἀπὸ
1800 4204 1907 4259 τῶν
1930 4205 2012 4256 αἱ-

439 4306 642 4373 ρέσεων
671 4302 772 4354 οὐκ
795 4300 1151 4373 ἀρεσκόμενοι
1178 4297 1256 4368 τῷ
1307 4297 1511 4366 ἀγαθὸν
1556 4296 1589 4367 ἢ
1635 4296 1840 4350 δίκαιον
1873 4294 2009 4349 εἶναι

2106 3203 2353 3261 quartam
2392 3193 2727 3261 progeniem,
2762 3191 2846 3245 his
2876 3192 2965 3260 qui
2997 3191 3224 3244 oderunt
3248 3204 3354 3255 me,
3390 3198 3444 3241 et
3467 3188 3668 3242 faciens

2107 3285 2541 3339 miscricordiam
2578 3285 2629 3337 in
2662 3283 2827 3337 millia
2851 3322 2865 3345 ,
2916 3283 2999 3336 his
3035 3284 3125 3350 qui
3188 3282 3421 3351 diligunt
3461 3296 3568 3343 me,
3615 3290 3672 3334 et

2107 3385 2325 3429 servant
2358 3385 2628 3444 praecepta
2684 3375 2887 3428 mea”.
2929 3393 2948 3425 ι
3010 3373 3179 3441 Quem
3241 3387 3347 3424 non
3393 3371 3674 3424 turbarunt

2108 3466 2225 3520 hzee
2258 3463 2457 3517 verba?
2490 3462 2544 3517 Si
2578 3475 2733 3533 pater
2772 3463 3041 3532 peccavit,
3086 3461 3249 3523 ﬁlius,
3296 3459 3562 3529 tertiaque
3608 3474 3670 3513 ac

2107 3566 2297 3628 quarta
2320 3559 2606 3627 progenies
2645 3566 2930 3626 peccatum
2976 3555 3184 3625 recipit.
3220 3552 3356 3608 Hinc
3388 3552 3476 3607 alii
3506 3553 3670 3607 Deum

2109 3661 2366 3707 accusant
2396 3652 2484 3719 qui
2512 3651 2653 3719 leges
2688 3650 2855 3716 dedit,
2887 3647 2977 3702 alii
3005 3665 3109 3702 non
3144 3656 3404 3701 accusant
3431 3645 3672 3716 quidem.

2111 3756 2242 3795 vere
2292 3750 2474 3794 tamen
2526 3740 2791 3810 ejusmodi
2853 3738 3098 3807 quadam
3157 3736 3273 3790 fore
3324 3745 3548 3805 sperant
3610 3752 3673 3792 ac

2112 3841 2431 3901 exspectant
2462 3839 2518 3885 ut
2546 3846 2737 3886 eorum
2771 3842 2995 3899 peccata
3029 3828 3120 3881 ﬁlii
3145 3826 3427 3896 recipiant.
3457 3825 3532 3879 Ita
3547 3841 3673 3880 seu-

2115 3924 2255 3977 tiunt
2285 3921 2476 3985 Judaei,
2513 3931 2569 3974 ut
2598 3932 2777 3974 tamen
2813 3920 2976 3974 alium
3008 3935 3116 3974 non
3144 3917 3437 3971 admittant
3491 3917 3675 3973 deum.

2114 4014 2237 4069 llazc
2266 4015 2379 4083 ipsa
2418 4013 2644 4068 credunt
2675 4011 3091 4079 Samaritae,qui
3129 4017 3182 4065 et
3240 4008 3340 4079 ipsi
3388 4008 3549 4062 unius
3614 4022 3674 4062 se

2112 4107 2206 4162 Dei
2239 4106 2531 4177 participes
2557 4119 2678 4159 esse
2709 4104 3023 4171 opinantur.
3049 4099 3534 4168 llmretici,quibus
3567 4112 3672 4152 non

2112 4200 2286 4267 placet
2309 4200 2505 4252 bonum
2548 4205 2643 4248 aut
2687 4193 2898 4262 justum
2954 4206 3076 4246 esse
3132 4191 3295 4245 Deum
3343 4203 3523 4259 posse,
3579 4190 3672 4259 qui

2115 4291 2292 4345 reddit
2316 4298 2532 4358 peccata
2569 4294 2781 4357 patrum
2807 4285 2859 4337 iu
2894 4284 3070 4337 sinum
3097 4281 3357 4341 ﬁliorum.
3386 4281 3537 4334 aiunt
3568 4294 3671 4332 non

436 4396 571 4448 θεὸν
594 4372 872 4453 δύνασθαι,
895 4392 986 4444 τὸν
1010 4391 1324 4444 ἀποδιδόντα
1350 4390 1625 4460 ἁμαρτίας
1651 4389 1900 4459 πατέρων
1930 4390 2005 4451 είς

2114 4398 2232 4437 esse
2259 4381 2467 4452 justum
2494 4394 2558 4435 ac
2580 4380 2776 4434 bonum
2811 4378 2945 4446 legis
2979 4379 3165 4437 Deum,
3203 4374 3294 4442 qui
3337 4372 3521 4426 reddat
3547 4384 3671 4438 pec—

438 4486 635 4540 κόλπον
660 4484 865 4538 τέκνων
887 4483 1085 4546 αὐτῶν,
1122 4481 1384 4550 λέγουσιν,
1413 4483 1494 4535 ὃτι
1523 4483 1550 4534 6
1577 4481 1668 4534 τοῦ
1692 4480 1855 4549 νόμου
1879 4478 2010 4541 Θεὸς

436 4580 539 4631 οὐκ
569 4576 682 4630 ἐστι
718 4577 954 4639 δίκαιος,
999 4575 1101 4627 οὐκ
1148 4573 1295 4627 ἔστιν
1344 4572 1566 4641 ἀγαθὸς,
1621 4570 1903 4634 ἀποδιδοὺς
1941 4572 2010 4624 τὰ

437 4671 658 4741 ἁμαρτῆ
669 4687 810 4739 ματα
835 4668 941 4721 τῶν
972 4666 1226 4737 πατέρων
1246 4665 1339 4718 ἐπὶ
1371 4666 1496 4728 τοὺς
1520 4662 1669 4727 υἱούς
1688 4679 1700 4692 ·
1741 4660 1878 4715 ἀλλά
1924 4678 2011 4724 τις

438 4764 586 4817 ἐστὶν
627 4760 835 4815 ἐκείνου
901 4759 1101 4831 μείζων
1146 4757 1284 4821 θεός.
1324 4756 1383 4809 Ὀ
1438 4755 1495 4808 δὲ
1541 4754 2009 4825 ὲκκλησιαστικὸς,

438 4854 560 4909 οὔτε
583 4854 659 4918 ὼς
710 4853 959 4916 Ἰουδαῖος
988 4849 1313 4922 σωματικῶς
1336 4848 1526 4901 ἀκούει
1547 4845 1654 4899 τῶν
1680 4843 2008 4915 λεγομένων,

435 4946 560 5001 οὔτε
589 4948 664 5011 ὼς
697 4946 970 5019 αίρετικὸς
1012 4944 1349 4999 ἀναπλάσσει
1387 4940 1565 5005 ἀλλον,
1618 4936 1732 4992 ἀλλ’
1779 4938 2010 5007 ἕστηκεν

439 5041 760 5112 ἀμφοτέρων
793 5038 979 5108 μέσος,
1010 5038 1104 5091 καὶ
1155 5036 1302 5106 λέγει
1332 5032 1513 5096 καλῶς
1569 5031 1668 5102 μὲν
1694 5029 1866 5084 ταῦτα
1917 5045 2011 5096 γε·

439 5131 702 5203 γράφθαι·
732 5130 833 5182 οὐκ
860 5124 976 5181 οἶδα
1024 5128 1080 5181 δὲ
1111 5126 1217 5179 τῶν
1265 5123 1668 5195 γεγραμμένων
1726 5120 1815 5174 τὸν
1865 5120 2008 5174 νοῦν.

453 5221 787 5273 ’Δνατείνατε
836 5214 929 5271 οῦν
952 5217 1046 5279 τὰς
1078 5215 1314 5279 διανοίας
1365 5214 1598 5277 πάντες,
1644 5212 1739 5265 καί⁵
1785 5211 2013 5281 αίτήσα-

448 5311 562 5377 σοε,
588 5312 675 5365 ἴνα
702 5313 831 5381 ὑμῖν
856 5306 1180 5377 ἀποκαλύψῃ
1209 5307 1285 5371 ὡς
1309 5307 1510 5376 ἀγαθός
1537 5308 1684 5359 ὲστιν
1710 5344 1726 5368 ,
1768 5305 1797 5357 6
1824 5302 2013 5356 ἀποδι-

441 5405 562 5469 δοὺς
584 5404 859 5474 ἁμαρτίας
890 5401 1141 5472 πατέρων
1159 5401 1246 5453 ἐπὶ
1274 5399 1459 5453 τέκνα.
1490 5398 1647 5460 Τίνες
1676 5398 1725 5450 oi
1755 5395 2011 5466 πατέρεςς

444 5496 572 5568 φέρε
598 5496 697 5559 τὰς
743 5492 964 5564 Γραφάς
993 5492 1293 5563 μάρτυρας·
1328 5490 1765 5561 ὲξετασθήτωσαν
1805 5486 1874 5539 τὰ
1927 5486 2014 5539 λό-

521 5613 563 5643 ¹⁶
590 5610 756 5666 Exod.
789 5628 902 5674 va,
939 5611 1030 5665 23.

450 5697 565 5748 vin,
594 5681 685 5737 Η.

1111 5610 1151 5640 ¹⁷
1192 5607 1333 5665 Psal.
1370 5621 1574 5669 xxxrn,
1608 5605 1661 5657 5.
1754 5603 1796 5633 "
1836 5599 1997 5657 Hebr.
2031 5617 2105 5669 tv,
2129 5600 2181 5655 9.

2114 4482 2239 4529 cata
2271 4485 2488 4543 patrum
2518 4472 2571 4527 in
2604 4471 2764 4535 ﬁlios,
2796 4472 2889 4524 sed
2918 4467 3080 4521 alium
3111 4463 3400 4534 quemdam
3433 4474 3553 4515 esse
3582 4459 3675 4514 illo

2115 4564 2374 4634 majorem
2413 4564 2591 4619 deum.
2620 4561 2720 4627 Qui
2766 4575 2896 4615 vero
2949 4557 3206 4611 Ecclesiae
3237 4554 3537 4609 doctrinam
3592 4566 3674 4605 se-

2112 4658 2320 4726 quitur,
2377 4670 2478 4709 nec
2525 4650 2694 4706 Judaei
2753 4665 2903 4706 nmre
2950 4659 3216 4715 corporeo
3262 4658 3425 4699 sensu
3480 4640 3675 4708 accipit

2114 4762 2236 4818 quae
2260 4747 2535 4809 dicuntur,
2595 4758 2693 4798 nec
2745 4743 2888 4795 sicut
2944 4740 3231 4794 haereticus
3277 4737 3439 4788 alium
3508 4734 3673 4784 Deum

2115 4837 2576 4901 comminiscitur,
2607 4834 2703 4888 sed
2724 4833 2863 4885 inter
2887 4840 3174 4895 utrumque
3207 4826 3413 4878 medius
3456 4820 3674 4883 incedit,

2115 4931 2321 4998 aitque.
2356 4927 2491 4982 bene
2526 4924 2743 4995 quidem
2782 4923 2896 4976 hazc
2952 4920 3153 4986 scripta
3183 4929 3322 4978 esse,
3359 4913 3450 4967 sed
3486 4924 3675 4964 eorum

2115 5035 2234 5089 quae
2270 5018 2472 5088 scripta
2502 5024 2628 5070 sunt
2658 5027 2878 5067 sensum
2914 5008 3017 5063 sibi
3043 5022 3147 5061 non
3167 5020 3288 5059 esse
3312 5012 3668 5073 perspectum.

2116 5110 2371 5164 Animum
2396 5107 2561 5175 igitur
2586 5102 2770 5158 cuncti
2809 5098 3096 5160 advertite,
3132 5106 3186 5149 et
3224 5094 3385 5147 Demu
3418 5102 3572 5144 orate
3617 5103 3675 5144 ut

2117 5201 2275 5255 vobis
2306 5197 2508 5267 revelet
2540 5209 2647 5265 quo
2686 5200 2842 5261 pacto
2873 5190 3046 5243 bonus
3078 5184 3262 5255 sitqui
3292 5184 3464 5238 reddit
3487 5197 3678 5253 pecca-

2117 5300 2169 5345 ta
2198 5300 2411 5359 patrum
2446 5288 2501 5341 in
2532 5285 2691 5338 ﬁlios.
2755 5281 2989 5348 Quinam
3037 5277 3260 5348 patres?
3307 5285 3469 5331 testes
3523 5274 3679 5329 adbi-

2117 5384 2339 5439 beamus
2371 5378 2679 5447 Scripturas
2716 5391 2731 5439 ;
2784 5386 2939 5428 sacra
2975 5379 3279 5426 scrutemur
3311 5368 3542 5436 eloquia.
3587 5366 3681 5423 Ait

2117 5478 2369 5534 Salvator
2398 5487 2463 5527 ac
2498 5468 2756 5526 Dominus
2774 5465 2929 5522 Jesus
2943 5463 3194 5519 Christus
3218 5458 3677 5530 peccatoribus":

2290 5593 2331 5624 ¹⁹
2376 5587 2683 5647 Exod.xvu,
2715 5582 2768 5639 6.
2846 5580 2891 5612 '°
2922 5578 3091 5633 Exod.
3120 5591 3213 5643 xx,
3237 5573 3291 5641 5,
3321 5573 3375 5631 6.
3452 5570 3493 5603 "
3523 5568 3680 5625 Joan.
