4122 6248
498 260 569 320 99
581 261 598 317 1

1893 255 1986 310 EX
2026 254 2324 311 ORIGENE

3675 103 3712 162 ἰ

3625 253 3728 312 29?.

502 398 523 432 ι
551 375 658 430 Vos
681 389 744 429 ex
771 383 923 444 patre
946 366 1152 428 diabolo
1197 367 1349 433 estis,
1379 369 1539 439 126
1573 379 1626 423 et
1663 369 1927 424 desideria
1962 384 2058 439 pa-

2163 386 2257 438 για
2281 367 2348 422 τὰ
2374 366 2513 441 ίερά.
2539 366 2700 437 Λέγει
2721 369 2749 421 6
2775 367 2967 438 Σωτὴρ
2989 367 3083 422 καὶ
3105 366 3309 438 Κύριος
3362 364 3567 438 Ἰησοῦς
3598 368 3731 440 Χρι-

500 469 598 522 tris
629 468 791 522 vestri
828 467 989 520 vultis
1010 463 1206 518 facere.
1240 459 1337 515 Ille
1371 462 1637 514 homicida
1665 470 1748 514 est
1782 463 1848 514 ab
1877 462 2052 524 initio,

496 569 551 612 et
582 559 632 611 in
659 559 881 611 veritate
907 571 1002 610 non
1031 555 1204 606 stetit.
1259 572 1278 604 ι
1309 552 1448 624 Ergo
1470 554 1513 607 si
1556 553 1681 622 quis
1718 561 1927 620 peccat,
1989 568 2054 606 ex

497 660 652 717 patre
677 646 890 702 diabolo
909 651 1010 708 est,
1041 657 1268 711 eamque
1299 647 1370 696 ob
1429 657 1541 696 rem
1607 651 1889 709 peceatum
1945 641 2056 694 dia-

495 741 602 793 boli
629 741 679 791 in
711 738 874 792 illium
911 735 1170 788 redditur.
1197 735 1288 789 Ille
1316 735 1525 803 primus
1549 741 1799 802 peccator
1831 744 1932 798 cst,
1966 733 2055 802 qni

498 831 625 884 mihi
655 842 925 897 peccatum
965 829 1246 896 suggerit:
1274 842 1375 896 ego
1406 835 1586 878 autem
1626 828 1898 881 secundus
1937 843 2054 881 sum

496 932 767 990 peccator,
801 918 883 985 qui
921 918 1062 972 illius
1101 917 1382 970 consilium
1443 933 1549 970 non
1613 917 1917 984 rejecertm,
1964 917 2056 970 sed

495 1015 639 1065 illius
671 1016 770 1066 vim
796 1009 1111 1078 receperint,
1146 1024 1268 1062 cum
1338 1017 1483 1062 stare
1527 1008 1805 1062 debuerim
1860 1008 2059 1062 instru-

493 1113 612 1158 ctus
644 1109 906 1157 armatura
941 1101 1055 1161 Dei.
1080 1111 1134 1154 et
1186 1101 1390 1154 habens
1419 1109 1625 1154 scutum
1685 1099 1837 1165 lidei,
1868 1099 1922 1153 nt
1955 1101 2056 1153 tela

491 1197 675 1246 omnia
703 1190 864 1257 ignita
903 1188 1220 1256 nequissimi
1257 1191 1308 1242 in
1344 1205 1474 1242 mea:
1503 1189 1624 1243 ﬁdei
1653 1201 1809 1244 scuto
1853 1191 2057 1243 exstin-

494 1299 704 1353 gtteretn
742 1281 809 1333 “.
841 1279 973 1333 Cum
1005 1279 1171 1346 igitur
1205 1294 1391 1345 pecco,
1425 1294 1542 1346 quae
1576 1289 1703 1333 sunt
1731 1279 1928 1333 diaboli
1978 1278 2057 1332 fa-

492 1377 597 1438 cio,
635 1374 720 1441 qui
752 1374 802 1424 itt
835 1387 930 1424 cor
965 1373 1110 1424 misit
1141 1381 1199 1422 ttt
1230 1373 1332 1424 hoc
1357 1373 1438 1425 vel
1477 1373 1606 1424 illud
1655 1380 1936 1441 peccatum
1978 1369 2058 1422 fao

418 1457 426 1474 ’
493 1479 689 1518 cerent.
718 1461 954 1514 Primum
984 1460 1098 1526 ejus
1145 1460 1347 1526 recipio
1400 1459 1674 1525 jaculutn,
1728 1468 1948 1526 tumque
1993 1471 2058 1509 eo

493 1568 732 1619 recepto,
765 1554 930 1605 etiatn
991 1551 1138 1602 illttm
1171 1551 1422 1602 admitto.
1477 1549 1610 1602 Nam
1662 1548 1730 1602 de
1793 1546 1928 1616 Juda
1986 1546 2059 1600 ita

483 1661 698 1715 qu0que
729 1645 989 1713 scriptum
1015 1652 1122 1705 est,
1156 1657 1261 1694 non
1304 1641 1538 1710 primum
1577 1639 1876 1708 ingressum
1937 1649 2059 1691 esse

2161 459 2284 522 στὸς
2304 461 2416 522 τοῖς
2457 459 2880 528 ἁμαρτάνουσιν,
2915 459 2996 512 ὅτι
3029 477 3050 512 ι
3088 457 3270 529 Ὑμεῖς
3295 460 3359 511 ἐκ
3403 457 3497 511 τοῦ
3530 461 3732 531 πατρὸς

2159 549 2252 602 τοῦ
2287 549 2532 603 διαϐόλου
2561 550 2703 614 ἐστὲ,
2748 552 2841 603 καὶ
2884 551 2985 613 τὰς
3033 549 3326 620 ἐπιθυμίας
3384 550 3478 603 τοῦ
3525 552 3732 624 πατρὸς

2159 641 2311 711 ὑμῶν
2335 642 2514 694 θέλετε
2547 642 2790 712 ποιῆσαι.
2841 643 3076 704 Ἐκεῖνος
3113 641 3555 714 ἀνθρωποκτόνος
3586 645 3732 698 ἐστὶν

2159 733 2251 785 ἀπ’
2285 734 2480 804 ἀρχῆς,
2512 735 2602 786 καὶ
2622 736 2679 788 ὲν
2704 738 2769 805 τῇ
2802 735 3029 806 ἀληθείᾳ
3051 736 3146 803 οὐχ
3169 734 3421 805 ἕστηκεν.
3463 755 3480 786 ι
3524 737 3732 791 Οὐκοῦν

2159 823 2212 875 εἴ
2251 842 2334 886 τις
2358 826 2683 894 ἁμαρτάνει,
2715 828 2776 878 ἐκ
2805 825 2896 878 τοῦ
2931 825 3134 896 πατρὸς
3177 824 3272 877 τοῦ
3311 825 3560 880 διαϐόλου
3595 829 3733 890 ἐστὶς

2159 917 2251 968 καὶ
2279 917 2366 968 διά
2400 917 2556 970 τοῦτο
2579 918 2640 970 τὸ
2674 917 2978 988 ἁμάρτημα
3004 917 3094 969 τοῦ
3127 917 3373 970 διαϐόλου
3429 919 3734 972 ἀποδίδοται

2159 1011 2250 1063 ἐπὶ
2276 1010 2364 1061 τὸν
2387 1010 2519 1063 υἱόν.
2552 1009 2698 1081 Πλὴν
2743 1010 2946 1073 ἐκεῖνός
2981 1011 3125 1062 ἐστιν
3165 1011 3192 1061 6
3230 1010 3442 1080 πρῶτος
3473 1012 3735 1082 ἀμαρτω-

2158 1103 2267 1166 λὸς,
2292 1105 2319 1156 6
2347 1101 2628 1156 ὑποϐαλών
2679 1120 2766 1174 μοι
2811 1102 3236 1172 τὸ²ἀμάρτημαο
3291 1100 3402 1170 ἐγὼ
3443 1102 3499 1154 δέ
3549 1105 3663 1173 εἰμι
3701 1103 3729 1156 ὁ

2159 1196 2406 1267 δεύτερος
2428 1197 2768 1267 ἁμαρτωλὸς,
2800 1199 2828 1250 ὁ
2856 1196 2928 1268 μὴ
2958 1195 3200 1251 ἐκϐαλὼν
3257 1195 3316 1246 τὸ
3365 1194 3609 1265 βούλημα
3636 1197 3718 1248 αὑ.

2159 1287 2273 1350 τοῦ,
2303 1285 2436 1338 ἀλλά
2458 1286 2902 1357 παραδεξάμενος
2925 1286 3088 1340 αὑτοῦ
3115 1285 3213 1354 τὴν
3244 1283 3523 1353 ἐνέργειαν
3555 1301 3570 1314 ο
3617 1285 3732 1339 δέσο

2164 1395 2230 1448 με
2262 1380 2450 1448 στῆναι
2492 1378 2942 1448 καθωπλισμένον
2983 1377 3080 1448 τὴν
3110 1379 3412 1431 πανοπλίαν
3451 1375 3546 1429 τοῦ
3578 1375 3729 1442 Θεοῦ,

2160 1469 2256 1523 καὶ
2280 1470 2472 1540 ἔχοντα
2501 1471 2591 1522 τὸν
2633 1469 2825 1539 θυρεὸν
2871 1469 2970 1537 τῆς
3015 1467 3268 1531 πίστεως,
3316 1469 3402 1520 ἵνα
3447 1467 3624 1520 πάντα
3665 1464 3736 1519 τὰ

2164 1558 2289 1628 βέλη
2340 1558 2432 1611 τοῦ
2486 1557 2721 1629 πονηροῦ
2772 1557 2842 1610 τὰ
2886 1557 3254 1626 πεπυρωμένα
3314 1556 3510 1627 σϐεσθῇ
3557 1559 3614 1609 ἐν
3659 1555 3738 1623 τῷ

2163 1649 2340 1720 θυρεῷ
2367 1651 2466 1719 τῆς
2490 1649 2723 1712 πίστεώς
2750 1666 2870 1719 μου.
2890 1648 3014 1699 Ἐὰν
3038 1643 3128 1699 οὖν
3156 1649 3473 1718 ἁμαρτάνω,
3508 1647 3646 1700 ποιῶ
3668 1646 3738 1699 τὰ

490 1737 744 1789 Satanam
786 1736 838 1787 in
877 1749 1023 1796 enm,
1057 1733 1151 1786 sed
1182 1733 1413 1798 primum
1467 1746 1588 1783 cum
1643 1729 1890 1782 diabolus
1945 1727 2054 1796 jam

2162 1711 2251 1794 τοϐ
2279 1711 2523 1795 διαϐόλου
2555 1711 2876 1810 βεϐληκότος
2903 1741 2981 1802 είς
3014 1741 3110 1809 τὴν
3134 1711 3380 1810 καρδίαν,
3408 1739 3495 1790 ἵνα
3529 1739 3650 1790 τόδε
3679 1737 3740 1790 τὸ

488 1828 724 1880 misisset
755 1826 804 1878 in
842 1841 936 1878 cor
976 1835 1033 1877 ut
1070 1825 1307 1876 traderet
1352 1837 1474 1875 eum
1500 1821 1669 1874 Jutlas
1698 1820 1886 1872 Simon
1923 1819 2060 1872 lsca-

487 1917 676 1970 riotes.
715 1927 822 1967 tum
852 1921 972 1982 post
1025 1911 1320 1966 bnecellam
1351 1911 1403 1963 in
1445 1924 1566 1961 eum
1602 1908 1877 1960 introiisse
1902 1907 2060 1959 Sata-

488 2024 609 2062 nam
665 2008 804 2075 Ergo
832 2008 872 2057 si
907 2013 1128 2056 sanctus
1160 2018 1279 2055 sum
1311 2041 1325 2064 ,
1377 2009 1588 2068 patrem
1635 1997 1810 2051 habeo
1858 1995 2056 2060 Deum;

483 2101 566 2154 sin
599 2108 777 2151 autent
805 2113 921 2149 sunt
968 2102 1247 2162 peccator,
1279 2101 1489 2161 patrem
1551 2088 1723 2143 habeo
1761 2086 2056 2148 diabolum,

486 2194 613 2254 imo,
648 2205 768 2242 enm
795 2189 956 2242 etiam
999 2188 1090 2254 qui
1121 2184 1366 2253 proxime
1395 2197 1589 2236 anetor
1621 2181 1825 2250 peccati
1875 2178 2054 2242 fuerit,

485 2297 613 2354 pttta
643 2281 1065 2341 Antii-hristmn,
1095 2293 1188 2330 seu
1242 2274 1444 2330 diaboli
1496 2273 1746 2344 angelum
1798 2271 2055 2340 aliquem,

486 2387 579 2429 aut
607 2375 930 2426 d.cmoniutn
985 2368 1139 2435 cujus
1171 2368 1480 2420 suasionem
1529 2365 1707 2434 recepi
1744 2385 1755 2417 :
1795 2375 1849 2417 et
1903 2365 2061 2416 innu-

487 2466 617 2519 meri
656 2465 877 2518 omnino
901 2461 1031 2514 mihi
1065 2471 1192 2514 sunt
1228 2467 1435 2525 patres,
1469 2458 1512 2511 si
1551 2464 1804 2525 peccator
1825 2455 1950 2515 sim,
1981 2454 2055 2505 uti

487 2555 753 2618 viciSsim,
787 2555 829 2605 si
869 2552 1048 2620 justus
1102 2552 1320 2614 fuerim,
1363 2558 1519 2616 pater
1570 2561 1721 2599 mens
1769 2555 1852 2596 est
1900 2545 2056 2607 Dens,

483 2645 936 2714 quemadmodum
995 2643 1071 2695 ait
1112 2639 1423 2695 Salvator”
1468 2655 1481 2690 :
1557 2653 1575 2687 ι
1624 2635 1824 2698 Filioli,
1882 2636 2058 2688 adhuc

487 2733 758 2789 modicum
793 2735 1071 2788 vobiscum
1102 2748 1241 2786 sum.
1283 2750 1300 2782 ι
1342 2729 1408 2783 Ει
1439 2731 1636 2782 iterum
1672 2727 1718 2758 “
1755 2744 1770 2780 :
1830 2746 1847 2777 ι
1897 2726 2055 2788 Filia,

487 2823 622 2878 ﬁdes
659 2833 745 2876 tua
773 2833 822 2876 te
857 2824 1060 2876 salvam
1093 2821 1242 2874 fecit.
1279 2839 1297 2872 ι
1359 2821 1423 2874 Ει
1472 2835 1703 2873 rursus:
1751 2837 1770 2868 ι
1809 2818 1933 2881 Fili,
1979 2817 2058 2869 di-

487 2916 892 2970 mittuntnrtibi
932 2924 1177 2984 peccata.
1212 2932 1229 2964 ι
1283 2913 1371 2967 Sic
1423 2914 1558 2967 alios
1607 2929 1825 2981 quoque
1873 2925 2058 2980 patres

489 3011 631 3070 novi,
664 3010 959 3062 secundum
1007 3008 1058 3061 id
1105 3007 1248 3077 quod
1298 3006 1535 3060 Abraha:
1589 3007 1790 3058 dictum
1841 3014 1922 3059 est
1951 3006 1995 3036 ³⁸
2039 3023 2126 3096 :C

492 3121 512 3154 ι
547 3101 625 3155 'l‘u
656 3111 833 3154 autem
879 3100 979 3154 ibis
1031 3101 1097 3154 ad
1133 3110 1316 3167 patres
1381 3111 1525 3158 tuos.
1568 3117 1586 3149 ι
1646 3113 1749 3152 non
1807 3097 2056 3152 carnales

489 3205 691 3261 patres,
731 3205 903 3259 neque
935 3191 1076 3245 enim
1112 3200 1263 3244 erant
1294 3191 1499 3255 ﬁdeles,
1555 3201 1728 3258 neque
1772 3189 1968 3254 sancti,
2000 3198 2058 3243 ιιι

487 3284 654 3353 liquet
704 3300 768 3337 ex
815 3299 1006 3337 eorum
1058 3282 1306 3336 historia.
1361 3281 1417 3334 Si
1476 3282 1620 3333 enim
1673 3291 1893 3334 sanctus
1938 3281 2056 3346 ejus

489 3385 659 3441 pater,
697 3390 801 3426 tmn
834 3376 882 3428 ei
915 3375 1187 3427 diceretur
1213 3373 1259 3403 ²⁶
1294 3389 1307 3425 :
1368 3390 1386 3422 ι
1455 3371 1725 3441 Egredere
1783 3374 1849 3427 de
1910 3381 2054 3427 terra

489 3476 600 3532 tua,
626 3477 678 3521 et
708 3469 772 3520 de
807 3469 1126 3534 cognatione
1161 3476 1274 3529 tua,
1308 3475 1361 3519 et
1399 3467 1463 3518 de
1491 3467 1650 3518 domo
1684 3467 1857 3534 patris
1893 3467 1988 3519 tui.
2033 3484 2052 3518 ι

493 3557 664 3612 Habet
695 3559 836 3611 enim
893 3573 1072 3612 sermo
1122 3572 1341 3610 sensum
1403 3571 1743 3624 corporeum,
1802 3555 1962 3610 habet
2007 3567 2060 3611 et

488 3653 806 3724 spiritalem.
838 3653 892 3707 Si
923 3664 1104 3722 patres
1136 3651 1475 3712 intellexisti,
1509 3652 1631 3706 vide
1675 3651 1786 3720 jam
1822 3653 1949 3722 quid
2005 3663 2058 3705 tu

491 3746 743 3814 recipias,
771 3747 859 3814 qui
896 3763 922 3797 a
958 3745 1176 3799 diabolo
1213 3757 1304 3797 attt
1334 3761 1359 3796 a
1402 3744 1666 3810 subjectis
1701 3745 1746 3797 ei
1779 3744 2060 3812 spiritibus

492 3837 872 3904 impulsionem
917 3838 1191 3905 pet-cando
1257 3837 1584 3903 susceperis.
1657 3836 1852 3890 Factus
1898 3838 2062 3903 igitur

493 3927 708 3979 illorum
749 3926 926 3990 filius,
983 3942 1010 3978 a
1081 3926 1221 3977 bono
1283 3923 1390 3976 Deo
1441 3934 1490 3978 te
1537 3928 1789 3980 visitante
1845 3928 2058 3996 recipis.

491 4021 678 4086 Neque
706 4019 848 4072 enim
877 4017 1061 4070 visitat
1086 4027 1293 4081 patrem
1327 4025 1504 4079 tuum,
1537 4021 1627 4070 sed
1673 4027 1723 4070 te
1758 4019 1974 4080 visitat,
2002 4035 2063 4074 ac

492 4110 624 4164 dicit
656 4109 804 4163 tibi"
841 4125 854 4159 :
898 4127 916 4159 (
958 4106 1114 4170 Audi,
1151 4105 1280 4168 ﬁlia,
1309 4117 1362 4160 et
1397 4108 1537 4168 vide,
1564 4119 1614 4161 et
1641 4109 1840 4162 inclina
1877 4125 2059 4164 aurem

493 4211 696 4257 tuam.»
720 4212 848 4262 etc.,
871 4217 1073 4271 proque
1101 4218 1195 4256 sua
1224 4202 1556 4268 benignitate
1587 4202 1682 4255 tibi
1711 4201 1904 4255 dat.Te
1923 4217 2065 4255 nam-

486 4307 596 4362 que
623 4293 744 4347 mali
775 4295 946 4362 patris
969 4294 1133 4345 lilium
1154 4292 1358 4354 visitat,
1376 4302 1592 4362 peccata
1617 4293 1863 4346 reddens.
1890 4291 2061 4347 «Visi-

2161 1832 2484 1901 ἁμάρτημα,
2539 1831 2572 1900 ἢ
2626 1830 2744 1882 τόδε
2808 1831 3036 1900 ποιήσω.
3092 1828 3312 1899 Πρῶτον
3363 1828 3736 1898 παραδέχομαι

2161 1919 2325 1972 αὐτοῦ
2360 1920 2419 1972 τὸ
2450 1918 2620 1988 βέλος,
2658 1919 2749 1971 καὶ
2799 1919 2924 1970 ὅταν
2974 1917 3365 1988 παραδέξωμαι
3413 1917 3564 1980 αὐτὸ,
3619 1917 3736 1968 τότε

2159 2015 2253 2066 καὶ
2281 2013 2443 2066 αὐτὸν
2487 2011 2884 2081 παραδέχομαι.
2951 2011 3059 2063 Kal.
3106 2009 3215 2079 γὰρ
3262 2011 3355 2061 ἐπὶ
3415 2007 3508 2061 τοῦ
3568 2007 3735 2060 Ἰούδα

2159 2103 2302 2157 οὓτω
2322 2103 2652 2173 γέγραπται,
2684 2103 2762 2154 ὅτι
2790 2102 2848 2153 οὐ
2876 2101 3085 2172 πρῶτον
3122 2098 3368 2168 εἰσῆλθεν
3414 2101 3442 2151 ὁ
3493 2100 3734 2164 Σατανᾶς

2160 2198 2239 2259 εἰς
2272 2195 2454 2259 αὑτὸν,
2481 2195 2615 2248 ἀλλά
2662 2194 2873 2265 πρῶτον
2907 2193 3000 2245 τοῦ
3033 2192 3278 2244 διαϐόλου
3310 2190 3626 2261 βεϐληκότος
3655 2193 3731 2256 είς

2160 2288 2259 2356 τὴν
2305 2287 2533 2357 καρδίαν
2581 2287 2668 2338 ἵνα
2717 2283 2942 2356 παραδῷ
2997 2283 3161 2336 αὑτὸν
3228 2283 3425 2346 Ἰούδας
3486 2283 3662 2352 Σίμων
3702 2284 3733 2336 ὁ

2174 2376 2543 2450 Ἰσκαριώτης,
2573 2375 2689 2431 εἶτα
2723 2377 2859 2447 μετὰ
2880 2377 2940 2428 τὸ
2961 2376 3173 2446 ψωμίον
3196 2374 3443 2445 εἰσῆλθεν
3471 2377 3550 2438 εἰς
3571 2374 3732 2427 αὑτὸν

2159 2472 2188 2524 6
2223 2471 2484 2532 Σατανᾶς.
2525 2469 2731 2522 Οὐκοῦν
2767 2469 2872 2539 ἔχω
2897 2470 3130 2540 πατέρα,
3177 2469 3223 2520 εί
3260 2467 3357 2536 μέν
3397 2466 3550 2532 ἅγιός
3595 2469 3729 2536 είμι,

2157 2558 2308 2612 Θεὸν·
2332 2561 2381 2611 εἰ
2410 2559 2465 2611 δὲ
2499 2557 2820 2629 ἁμαρτωλός
2849 2559 2983 2635 είμι,
3015 2557 3104 2610 τὸν
3131 2555 3374 2610 διάϐολον
3417 2556 3523 2624 ἐῗω
3571 2553 3735 2608 πατέ-

2166 2668 2251 2722 ρα·
2285 2650 2420 2703 ἀλλά
2449 2651 2541 2703 καὶ
2573 2651 2664 2702 τὸν
2690 2649 2975 2720 προσεχῶς
3019 2649 3150 2720 φέρε
3191 2650 3366 2700 εἰπεῖν
3410 2649 3735 2716 ἐνεργήσαν-

2160 2761 2229 2797 τα
2264 2741 2699 2812 ’Λντίχριστον,ἢ
2735 2740 2962 2808 ἄγγελόν
2989 2757 3109 2792 τινα
3137 2738 3229 2791 τοῦ
3265 2737 3531 2799 διαϐόλου,
3564 2737 3736 2808 ἢδαι-

2165 2837 2364 2907 μόνιον,
2400 2828 2460 2886 οὗ
2494 2834 2590 2905 τὴν
2624 2833 2902 2904 ἐνέργειαν
2940 2831 3341 2902 παρεδεξάμην.
3387 2829 3494 2882 Kal.
3527 2829 3736 2893 ἁπαξα-

2162 2929 2308 2990 πλῶς
2337 2927 2441 2979 είσί
2476 2943 2564 2996 μοι
2587 2925 2818 2995 πατέρες
2865 2924 3068 2994 μυρίοι,
3128 2923 3221 2975 ἐὰν
3263 2923 3506 2992 γένωμαι
3556 2922 3734 2989 ἀμαρ-

2159 3019 2346 3080 τωλός⁶
2377 3018 2564 3087 ὥσπερ
2596 3016 2755 3069 πάλιν
2785 3014 2878 3066 ἐὰν
2900 3015 3144 3084 γένωμαι
3171 3012 3396 3075 suam"
3425 3011 3603 3080 πατὴρ
3633 3025 3731 3077 μου

2162 3094 2307 3164 ἐστὶν
2337 3111 2363 3161 6
2397 3109 2549 3172 Θεὸς,
2581 3107 2833 3176 καθάπερ
2865 3106 3028 3176 φησιν
3052 3108 3079 3158 ὁ
3106 3104 3313 3175 Σωτὴρ,
3352 3123 3369 3153 ι
3416 3102 3632 3160 Τεκνία,
3652 3100 3730 3152 ἔτι

2164 3203 2357 3273 μικρὸν
2429 3199 2546 3270 μεθ’
2603 3197 2756 3269 ὑμῶν
2801 3198 2934 3267 εἰμι,
3002 3216 3018 3247 ι
3082 3196 3193 3248 Καὶ
3242 3194 3442 3256 πάλιν,
3506 3213 3522 3242 ι
3564 3193 3733 3260 867a-

2158 3311 2275 3365 τερ,
2310 3295 2343 3362 ἡ
2369 3293 2547 3354 πίστις
2580 3307 2671 3342 σου
2707 3287 2914 3341 σέσωκέ
2951 3305 3028 3342 σε.
3065 3308 3082 3338 ›
3118 3288 3228 3340 Καὶ
3259 3286 3438 3348 πάλιν,
3479 3285 3730 3345 «Τέκνον,

2160 3385 2433 3454 ἀφέωνταί
2463 3400 2554 3434 σου
2588 3385 2641 3435 αἱ
2669 3381 2955 3452 ἁμαρτίαι.
2987 3399 3004 3431 ι
3045 3379 3231 3441 υῦτως
3260 3375 3375 3430 οἶδα
3408 3378 3501 3429 καὶ
3540 3377 3732 3439 ἄλλους

2161 3477 2420 3547 πατέρας,
2451 3474 2590 3528 κατὰ
2620 3475 2679 3526 τὸ
2711 3473 3092 3545 γεγραμμένον
3119 3470 3195 3540 τῷ
3240 3470 3506 3540 Ἀϐραάμ·
3546 3471 3647 3521 «Συ
3675 3468 3730 3521 δὲ

2161 3564 2434 3637 ἀπελεύσῃ
2462 3564 2597 3634 πρὸς
2615 3564 2740 3625 τοὺς
2765 3563 3006 3633 πατέρας
3043 3578 3155 3613 σουο
3174 3582 3189 3610 ι
3227 3561 3286 3612 οὐ
3305 3561 3437 3629 πρὸς
3451 3561 3578 3621 τοὺς
3594 3559 3732 3612 κατὰ

2166 3657 2343 3727 σάρκα
2375 3655 2632 3725 πατέρας·
2665 3654 2725 3706 οὐ
2759 3654 2867 3724 γὰρ
2891 3650 3029 3724 ἦσαν
3052 3652 3249 3710 πιστοὶ,
3281 3653 3380 3703 οῦκ
3411 3647 3546 3721 ἦσαν
3564 3651 3727 3718 ἅγιοι,

2163 3745 2237 3808 ὡς
2271 3745 2426 3816 δῆλον
2461 3749 2524 3798 ὲκ
2565 3747 2664 3816 τῆς
2721 3746 2958 3815 ἱστορίας
3010 3744 3108 3813 τῆς
3161 3742 3550 3813 γεγραμμένης
3604 3740 3728 3810 περὶ

2165 3838 2364 3890 αὐτῶν.
2401 3840 2461 3889 Ei
2495 3837 2602 3908 γὰρ
2629 3837 2780 3904 ἅγιος
2813 3835 2975 3888 αὑτοῦ
3009 3837 3036 3887 6
3068 3835 3267 3906 πατὴρ,
3292 3836 3389 3887 οὐκ
3423 3834 3487 3887 ἂν
3519 3835 3735 3902 ἐλέγετο

2167 3927 2334 3996 αὐτῷ,
2369 3925 2621 3990 «Ἔξελθε
2661 3929 2722 3979 ἐκ
2748 3928 2845 3996 τῆς
2876 3928 2976 3996 γῆς
3010 3944 3123 3988 σου,
3153 3927 3245 3979 καὶ
3303 3927 3366 3978 ἐκ
3398 3925 3498 3995 τῆς
3551 3942 3737 3994 συγγε-

2163 4019 2310 4080 νείας
2345 4035 2458 4080 σου,
2483 4019 2575 4070 καὶ
2605 4019 2667 4070 ἐκ
2699 4017 2790 4070 τοῦ
2818 4019 2967 4070 οἴκου
2999 4017 3091 4070 τοῦ
3127 4019 3332 4089 πατρός
3367 4034 3479 4070 σου.
3522 4038 3539 4068 ι
3585 4019 3734 4089 Ἔχει

2166 4110 2273 4180 γὰρ
2303 4112 2330 4162 6
2363 4109 2519 4177 λόγος
2544 4110 2605 4162 τὺ
2642 4110 2975 4180 σωματικδν,
3027 4109 3136 4178 ἔχει
3195 4109 3288 4160 καὶ
3344 4108 3404 4161 τὸ
3441 4125 3734 4177 πνευματιο

2166 4196 2277 4246 κόν.
2321 4196 2382 4247 ΕΞ
2435 4197 2699 4268 νενόηκας
2753 4198 2878 4260 τοὺς
2927 4197 3199 4264 πατέρας,
3263 4198 3363 4266 ὅρα
3415 4195 3598 4249 λοιπὸν
3654 4198 3734 4249 ὅτι

2167 4285 2572 4356 ἀπολαμϐάνεις
2603 4287 2690 4349 σὺ,
2719 4290 2746 4340 6
2792 4285 3233 4357 παραδεξάμενος
3285 4285 3384 4356 τὴν
3427 4286 3726 4356 ἐνέργειαν,

491 4381 615 4434 tabo
644 4383 694 4435 in
716 4383 862 4450 virga
891 4383 1206 4452 iniquitates
1233 4399 1250 4431 ι
1277 4382 1566 4446 vestras",
1589 4382 1898 4437 licetsaneti
1919 4382 2057 4445 sitis,

2167 4379 2255 4432 διὰ
2283 4379 2342 4432 τὸ
2371 4379 2770 4451 ἡμαρτηκέναι,
2799 4380 2904 4431 ὑπὸ
2934 4379 3026 4431 τοῦ
3052 4377 3320 4439 διαϐόλου,
3349 4379 3381 4449 ἦ
3438 4395 3582 4440 τινος
3626 4378 3733 4430 τῶν

491 4470 652 4540 127
682 4473 905 4526 visitabo
944 4489 962 4522 t
1000 4483 1053 4524 et
1087 4473 1138 4524 in
1170 4472 1486 4525 verberibus
1536 4482 1757 4536 peccata
1809 4488 2053 4527 eorum.)

488 4563 795 4630 Quorsum?
823 4573 880 4617 ut
906 4583 924 4615 ι
966 4565 1389 4619 miscricordiam
1417 4579 1591 4617 meant
1623 4580 1727 4618 non
1752 4564 2058 4634 dispergam

493 4653 562 4706 ab
593 4655 671 4708 eis
706 4655 776 4711 ’9.
818 4673 836 4706 ι
876 4654 976 4710 Ubi
1005 4656 1148 4708 enim
1191 4656 1421 4724 aliquem
1457 4656 1758 4726 reliquerit,
1795 4671 1902 4709 non
1939 4671 2057 4709 am-

489 4745 629 4814 plius
663 4747 899 4815 castigat
930 4758 1018 4801 aut
1054 4747 1311 4817 ﬂagellat.
1371 4767 1389 4800 ι
1424 4747 1684 4818 Flagellat
1715 4768 1732 4800 ι
1771 4749 1913 4802 enim
1950 4763 2053 4801 non

489 4853 702 4903 omnes,
735 4840 826 4893 sed
880 4858 898 4886 ι
949 4855 1163 4894 onmem
1220 4841 1386 4894 lilium
1423 4855 1579 4910 quem
1627 4840 1820 4909 recipit
1879 4838 2059 4893 Domi-

491 4945 593 4985 nus
619 4931 760 4997 ²⁰;.›
799 4934 1102 5004 diciturqne
1158 4936 1296 5004 apud
1344 4933 1664 5004 prophetam
1701 4933 1768 4985 de
1810 4931 2059 4985 maximis

493 5021 870 5088 peccatoribus
898 5023 938 5061 ³¹
981 5041 992 5076 :
1031 5043 1047 5073 ι
1083 5021 1196 5076 Non
1225 5025 1454 5078 visitabo
1485 5037 1647 5092 super
1682 5022 1818 5076 tilias
1851 5031 2058 5075 vestras

488 5122 611 5163 Cum
641 5111 916 5165 lornicatae
947 5112 1169 5178 fuerint,
1207 5124 1258 5168 et
1286 5129 1447 5183 supi-r
1473 5122 1919 5182 Sponsasveslras
1935 5127 2056 5165 cum

493 5199 689 5254 fuerint
725 5212 1109 5273 constupratze.
1149 5226 1168 5259 ›
1213 5205 1420 5259 Tandiu
1473 5216 1556 5257 est
1607 5219 1670 5256 ex
1727 5219 1832 5272 quo
1875 5211 2061 5271 peccat

488 5292 740 5346 diabolus
768 5309 796 5344 a
827 5295 1103 5349 creatione
1129 5311 1190 5348 ac
1221 5295 1403 5349 mundi
1439 5293 1845 5357 constitutione,
1885 5306 1983 5346 nec
2009 5293 2058 5345 ei

495 5383 634 5454 ignis
664 5401 761 5439 nec
793 5384 1084 5454 ﬂagellum.
1119 5383 1234 5440 Non
1267 5388 1410 5440 enim
1449 5400 1729 5457 pmnarum
1759 5384 1951 5454 dignus
1978 5393 2062 5437 est

565 5550 609 5580 “
638 5550 833 5616 Ephes.
861 5569 934 5617 vt,
971 5551 1052 5607 16.

496 5635 638 5687 utr,
676 5623 756 5673 ιι.

1131 5553 1177 5585 ³³
1203 5553 1359 5608 Joan.
1395 5572 1508 5620 xm,
1534 5557 1622 5610 '55.

835 5627 877 5656 ³⁸
911 5625 1053 5677 l'sal.
1090 5639 1352 5691 Lxxsvttt,
1379 5626 1468 5679 55.

1714 5559 1762 5588 ’δ
1793 5557 1980 5611 Matth.
2012 5573 2086 5623 ιιι,
2107 5559 2179 5611 2i
2205 5567 2250 5611 ei
2283 5557 2335 5610 2.

1545 5630 1588 5658 ’⁸
1614 5629 1756 5684 l’sal.
1796 5641 2060 5694 Luxvm,
2097 5629 2186 5684 5i.

2168 4473 2258 4523 ὑπ’
2293 4470 2452 4523 αὑτὸν
2476 4472 2818 4542 πνευμάτων.
2863 4471 3157 4540 Γενόμενος
3193 4465 3286 4522 οὖν
3312 4470 3540 4530 ,ἐκείνων
3593 4468 3731 4532 υίὸς,

2167 4561 2568 4631 ἀπολαμϐάνεις
2598 4561 2704 4614 ἀπὸ
2737 4561 2939 4629 ἀγαθοῦ
2972 4559 3106 4612 Θεοῦ
3146 4576 3203 4612 σε
3243 4558 3729 4628 ἐπισκεπτομένου.

2167 4655 2240 4706 Οὐ
2265 4652 2372 4724 γὰρ
2401 4652 2787 4706 ἐπισκέπτεται
2817 4654 2907 4706 τὸν
2953 4651 3163 4722 πατέρα
3193 4669 3287 4704 σου
3307 4690 3322 4714 ,
3367 4651 3481 4704 ἀλλ’
3510 4647 3717 4703 ἐπισκέ-

2163 4746 2355 4800 πτεταί
2418 4761 2497 4807 σε,
2554 4745 2647 4797 καὶ
2687 4743 2833 4812 λέγει
2900 4761 3012 4808 σοι,
3067 4763 3085 4794 ι
3139 4745 3422 4807 Ἀκουσον,
3475 4742 3728 4812 θύγατερ,

2162 4843 2256 4893 καὶ
2282 4839 2377 4904 ἴδε,
2419 4840 2514 4892 καὶ
2561 4839 2740 4892 κλῖνον
2793 4838 2852 4890 τὸ
2903 4834 2994 4900 οὖς
3047 4854 3179 4900 σου,
3236 4825 3404 4888 »καὶ
3442 4834 3512 4888 τά
3565 4833 3728 4903 ἐξῆς’

2163 4932 2256 4984 καὶ
2310 4931 2492 4985 δίδωσί
2558 4947 2639 4983 σοι
2694 4931 2768 4992 ὼς
2835 4929 3056 4996 ἀγαθός.
3128 4927 3549 4981 Ἐπισκέπτεται
3621 4923 3734 4996 γάρ

2165 5034 2224 5070 σε
2273 5017 2363 5070 τὸν
2421 5017 2533 5070 υἱὸν
2605 5016 2697 5070 τοῦ
2758 5015 2994 5087 πονηροῦ
3068 5015 3276 5087 πατρὸς
3307 5056 3322 5082 ,
3407 5015 3476 5068 τά
3551 5015 3725 5085 ἀμαρ-

2161 5111 2378 5180 τήματα
2445 5109 2745 5172 ἀποδιδούς.
2814 5126 2832 5159 ι
2898 5109 3299 5178 Ἐπισκέψομαι
3371 5101 3464 5160 οὖν
3516 5107 3574 5158 ἐν
3635 5104 3733 5176 ῥά-

2162 5202 2270 5272 ϐδῳ
2307 5201 2408 5264 τὰς
2461 5200 2688 5272 ἀνομίας
2736 5220 2753 5251 ι
2798 5199 2950 5269 ὑμῶν
2979 5201 3087 5254 τῶν
3131 5199 3322 5267 ἀγίωνο
3364 5197 3731 5266 ἐπισκέψομαι

2160 5294 2216 5346 δὲ
2239 5313 2256 5345 ι
2280 5295 2373 5347 καὶ
2397 5296 2455 5347 ἐν
2475 5292 2690 5364 μάστιξι
2718 5292 2816 5356 τὰς
2832 5292 3043 5356 ἀδικίας
3059 5291 3256 5345 αὐτῶν.
3285 5311 3303 5342 ι
3325 5289 3424 5344 Διά
3448 5289 3500 5342 τί
3525 5305 3541 5354 ;
3569 5289 3656 5342 ἶνα
3671 5285 3732 5340 τὸ

2168 5403 2186 5434 ι
2220 5384 2366 5448 ἔλεός
2397 5401 2497 5455 μου
2527 5384 2602 5455 μὴ
2631 5383 2962 5438 διασκεδάσω
2978 5383 3070 5437 ἀπ’
3089 5381 3287 5437 αὐτῶν.
3327 5399 3346 5433 ι
3375 5382 3501 5435 Ὅτε
3516 5378 3624 5450 γάρ
3642 5393 3730 5431 και

2416 5557 2463 5588 ⁸⁸
2499 5555 2634 5611 Gen.
2676 5572 2765 5624 xv,
2794 5555 2879 5612 15.
2974 5554 3020 5586 ⁸³
3051 5553 3188 5609 Gen.
3227 5568 3324 5623 ut,
3349 5553 3402 5608 1.
3496 5551 3540 5584 "
3583 5547 3725 5607 Paul.

2265 5627 2307 5657 δι’
2347 5627 2477 5682 lleb.
2531 5643 2628 5692 xu,
2656 5625 2709 5680 6.
2789 5625 2986 5681 “Osce
3019 5640 3089 5693 tv,
3131 5624 3214 5679 H.
