4122 6248
429 280 539 339 233

1662 272 1975 329 SELECTA
2011 270 2079 324 IN
2116 271 2429 327 EXODUM.

3572 276 3682 331 393

425 403 634 471 ταλίπῃ
660 400 801 462 τινὰ,
846 399 1025 452 οὐκέτι
1077 399 1237 451 αὑτὸν
1280 396 1517 462 κολάζει,
1560 395 1682 448 οὔτε
1735 396 2008 465 μαστιγοῖ.

2117 408 2237 461 qua:
2278 408 2307 447 a
2356 394 2461 447 Deo
2510 392 2840 461 inﬂiguntur,
2888 407 2984 447 nec
3030 402 3203 460 potest
3251 393 3497 449 diabolus
3526 356 3674 448 dice.

436 512 456 545 ι
506 494 777 559 Μαστιγοῖ
809 511 825 541 ι
856 492 960 563 γὰρ
1002 492 1060 544 οὐ
1103 492 1331 553 πάντας,
1363 489 1497 543 ἀλλά
1531 507 1549 538 ι
1600 488 1777 540 πάντα
1804 487 1915 540 υἱὸν
1943 486 2001 538 ὃν

433 580 800 649 παραδέχεται
839 580 1058 651 Κύριος.
1094 600 1112 633 ι
1167 580 1276 632 Καὶ
1306 578 1519 646 λέγεται
1557 579 1613 630 ἐν
1642 578 1717 647 τῷ
1748 578 2004 648 προφήτῃ

439 668 701 739 περὶτῶν
730 671 865 723 πάνυ
888 670 1242 741 ἁμαρτωλῶνο
1287 688 1304 719 ι
1346 670 1458 721 Ούκ
1501 666 1866 736 ἐπισκέψομαι
1913 666 2005 716 ἐπὶ

438 760 539 823 τὰς
564 759 862 831 θυγατέρας
910 763 1061 832 ὑμῶν
1097 764 1226 815 ὅταν
1256 760 1613 832 πορνεύσωσι,
1653 760 1745 811 καὶ
1776 758 1869 810 ἐπὶ
1906 756 2005 819 τὰς

440 851 654 921 νύμφας
683 852 834 922 ὑμῶν
862 855 989 906 ὃταν
1024 852 1373 925 μοιχευθῶσι.
1413 874 1430 904 ι
1468 852 1718 922 Τοσούτῳ
1764 852 1939 921 χρόνῳ
1976 852 2005 902 6

438 940 678 1004 διάϐολος
713 944 1013 1013 ἁμαρτάνει
1046 944 1153 996 ἀπὸ
1177 945 1424 1007 κτίσεως,
1457 944 1550 997 καὶ
1576 942 1879 1011 καταϐολῆς
1915 942 2006 994 κό-

437 1048 593 1100 σμου,
629 1033 723 1085 καὶ
744 1032 866 1086 οὔτε
905 1034 1034 1106 πῦρ,
1063 1035 1184 1087 οὒτε
1216 1033 1441 1105 μάστιξ’
1463 1035 1540 1086 -ού
1574 1034 1681 1105 γάρ
1711 1033 1855 1097 ἄξιός
1887 1036 2004 1085 ἐστι

2112 501 2169 537 re
2199 484 2286 536 ³²ι
2332 503 2349 533 ι
2394 484 2637 549 Domine,
2672 502 2737 539 ne
2783 486 2835 537 in
2891 486 2967 539 ira
3019 495 3105 538 tua
3142 502 3334 551 arguas
3363 501 3472 551 me,
3514 504 3531 538 ι
3565 500 3672 542 etc.

2111 578 2372 644 Quisquis
2402 593 2532 647 ergo
2554 577 2653 632 sibi
2683 578 2887 647 peccati
2911 579 3158 631 conscius
3197 588 3448 649 est,.oret
3490 587 3545 633 ut
3575 596 3673 652 pu-

2112 669 2315 722 niatur.
2344 668 2572 723 Prmstat
2606 671 2819 736 quidem
2869 670 3001 722 nihil
3028 669 3365 723 counnisisse
3387 672 3527 738 quod
3563 687 3675 741 ρω-

2112 775 2233 812 nam
2269 772 2561 813 mereatur.
2607 759 2700 813 Sin
2734 770 3122 827 autem-poena
3156 760 3371 828 dignum
3407 761 3672 828 quidpiam

2111 855 2346 921 egimus,
2381 854 2459 907 sic
2504 856 2792 923 puniamur
2826 863 2877 905 ut
2923 852 3174 922 praesenti
3203 853 3418 919 quidem
3448 866 3561 904 aevo
3594 866 3676 905 reo

2111 946 2545 1015 cipiamus,.post
2572 948 2685 999 haec
2717 960 2842 999 vero
2871 946 2923 997 in
2953 945 3072 997 sinu
3105 942 3337 995 Abrahae
3363 942 3673 1009 requiesca-

2113 1049 2256 1088 lllUS.

433 1126 539 1181 τῶν
593 1128 865 1181 κολάσεων
897 1131 1004 1183 τῶν
1044 1131 1149 1184 ἀπὸ
1180 1130 1274 1185 τοῦ
1316 1130 1471 1183 Θεοῦ.
1511 1131 1584 1183 0'3
1640 1130 1747 1200 γὰρ
1775 1129 1995 1183 δύναται
2053 1131 2225 1182 εἰπεῖν
2277 1132 2305 1181 ὁ
2355 1130 2611 1193 διάῧοιιος,
2659 1150 2675 1180 ι
2725 1130 2912 1201 Κύριε,
2944 1128 3016 1199 μὴ
3045 1127 3119 1198 τῷ
3146 1128 3299 1199 θυμῷ
3332 1145 3423 1181 σου
3457 1126 3680 1199 ἐλέγξῃς

438 1237 524 1288 με,
566 1237 586 1271 ι
634 1221 726 1273 καὶ
768 1220 836 1274 τὰ
886 1223 1031 1292 ἑξῆς.
1071 1224 1337 1285 Ἕκαστος
1378 1218 1469 1274 οὖν
1522 1220 1779 1283 συνειδὼς
1829 1220 2006 1290 ἐαυτῴ
2046 1223 2319 1291 ἁμαρτίας
2344 1264 2359 1287 ,
2412 1223 2651 1291 εὐχέσθω
2692 1221 3033 1291 κολασθῆναι.
3075 1221 3249 1274 Καλὸν
3309 1222 3406 1290 μὲν
3450 1220 3558 1291 γὰρ
3619 1219 3681 1272 τὸ

436 1311 600 1383 μηδὲν
630 1310 776 1376 ἄξιον
826 1313 1097 1377 κολάσεως
1145 1315 1523 1384 πεποιηκέναι.
1567 1315 1630 1365 El.
1669 1314 1725 1365 δέ
1765 1330 1817 1364 τι
1853 1312 2000 1375 ἄξιον
2051 1313 2324 1375 κολάσεως
2381 1316 2792 1382 πεποιήκαμεν,
2828 1314 2967 1365 οὕτω
3015 1312 3383 1383 κολασθιῖιμεν,
3418 1312 3559 1366 ὥστε
3594 1312 3680 1367 st

432 1403 559 1458 θάδε
593 1406 689 1475 μὲν
718 1405 1033 1469 ἀπολαϐεῖν,
1082 1408 1216 1477 μετὰ
1259 1408 1315 1459 δὲ
1361 1407 1532 1459 ταῦτα
1574 1408 1654 1467 εἰς
1696 1406 1821 1467 τοὺς
1861 1404 2092 1466 κόλπους
2130 1405 2380 1475 Ἀϐραὰμ
2409 1405 2842 1458 ἀναπαύσασοαι.

506 1522 527 1553 ι
556 1503 665 1555 Καὶ
693 1502 860 1555 ταῦτα
875 1503 943 1555 τὰ
969 1502 1312 1572 δικαιώματά
1338 1520 1460 1571 μου,
1496 1501 1531 1555 ὃ.
1554 1501 1843 1573 παραθήσῃ
1876 1498 2004 1553 ὲνώ-
2037 1509 2077 1562 Β

430 1608 555 1644 πιον
607 1590 805 1645 αὐτῶν.
843 1592 970 1643 Ἐὰν
1025 1593 1199 1660 κτήσῃ
1243 1591 1407 1643 παῖδα
1466 1590 1880 1661 Ἐσραῖον,›καὶ
1934 1589 2003 1642 τὰ

430 1681 579 1751 ἑξῆς.
649 1682 979 1748 Ἀναγκαῖον
1049 1680 1299 1745 ἐξετάσαι
1328 1682 1379 1733 τί
1412 1682 1589 1750 νόμος,
1623 1682 1715 1733 καὶ
1748 1682 1802 1733 τί
1839 1683 2006 1752 πρόσ-

430 1790 640 1842 ταγμα,
660 1771 710 1823 τι
734 1771 791 1823 δὲ
816 1770 1176 1840 δικαιώματα,
1202 1773 1290 1823 καὶ
1308 1773 1565 1841 κρίματα,
1592 1773 1681 1823 καὶ
1711 1772 2000 1842 μαρτύρια,

439 1864 533 1915 καὶ
566 1860 793 1914 ἐντολαί.
822 1860 1173 1931 Δικαιώματα
1211 1863 1307 1931 μὲν
1333 1858 1423 1914 οὖν
1457 1863 1592 1924 ἐστι,
1622 1862 1682 1914 τὸ
1708 1862 1891 1915 ἐνθάδε
1924 1866 2002 1915 εἰ-

441 1951 693 2020 ρημένον,
739 1969 757 2002 ι
814 1952 939 2004 Ἐὰν
978 1952 1150 2024 κτήσῃ
1199 1953 1361 2004 παῖδα
1412 1951 1681 2022 Ἐδραῖον,
1720 1972 1739 2003 ι
1779 1955 1872 2006 καὶ
1936 1953 2004 2007 τὰ

435 2040 581 2109 ἑξῆς,
608 2042 735 2110 περὶ
756 2040 919 2093 αὐτοῦ
944 2041 1207 2110 ειρημένα
1228 2056 1240 2069 ·
1268 2040 1441 2110 κρίμα
1473 2040 1549 2103 δὲ,
1585 2042 1669 2093 ἵνα
1703 2041 1893 2111 ἱερέως
1914 2040 2007 2093 θυ-

434 2131 612 2203 γάτηρ
648 2134 741 2184 ἐὰν
777 2131 1055 2202 μοιχευθῇ,
1102 2133 1230 2201 πυρὶ
1254 2132 1618 2202 κατακαίηται
1644 2149 1657 2161 ·
1693 2134 1904 2187 ἐντολαὶ
1928 2134 2003 2198 δὲ,

436 2240 455 2271 ι
482 2223 594 2274 Ούκ
617 2221 823 2274 ἔσονταί
840 2239 922 2273 σοι
952 2221 1061 2274 θεοὶ
1077 2223 1268 2293 ἕτεροι*
1284 2242 1302 2273 ι
1336 2222 1664 2292 πρόσταγμα
1683 2222 1760 2285 δέ,
1782 2241 1799 2273 ι
1824 2224 2007 2275 Κατα-

434 2312 536 2375 ϐὰς
568 2314 933 2384 διαμάρτοραι
979 2312 1056 2382 τῷ
1094 2313 1226 2383 λαῷ,
1262 2314 1355 2367 καὶ
1390 2313 1745 2365 πλυνάτωσαν
1780 2314 1846 2366 τὰ
1882 2314 2007 2383 ἱμά-

427 2420 519 2457 τια
566 2403 762 2458 αὐτῶν·
815 2423 832 2455 ι
874 2403 1144 2475 μαρτύρια
1184 2404 1260 2468 δὲ,
1325 2422 1343 2455 ι
1381 2402 1829 2474 Διαμαρτύρομαι
1880 2406 2005 2475 ὑμῖν

431 2497 666 2566 σήμερον
689 2497 782 2548 τὸν
811 2497 1035 2565 οὐρανὸν
1063 2496 1155 2550 καὶ
1187 2495 1284 2566 τὴν
1306 2496 1428 2564 γῆν.
1470 2514 1489 2547 ι

507 2603 526 2635 ι
570 2585 666 2650 Ἐξ
716 2586 811 2656 ἐτη
852 2586 1123 2641 δουλεύσει
1157 2603 1273 2639 σοι’
1309 2586 1385 2657 τῷ
1419 2587 1473 2640 δέ
1526 2587 1633 2640 ἔτει
1673 2588 1748 2659 τῷ
1774 2588 2003 2659 ἑϐδόμῳ,

431 2677 793 2731 ἀπελεύσεται
827 2678 1109 2749 ἐλεύθερος
1155 2678 1383 2749 δωρεάν.
1420 2698 1437 2728 ι
1460 2680 1723 2750 Σημαίνει
1769 2683 1800 2751 ἠ
1837 2682 1892 2732 ἐν
1925 2679 2001 2749 τῷ

431 2767 641 2837 ὲῦδόμῳ
671 2768 1049 2839 ἐλευθέρωσις,
1080 2768 1160 2820 ἑτι
1181 2768 1237 2820 δὲ
1270 2770 1359 2821 καί
1380 2772 1411 2838 ὴ
1436 2770 1493 2822 ἐν
1518 2770 1597 2839 τῷ
1626 2770 1876 2839 σαὸϐάτῳ
1896 2770 2004 2823 τῶν

433 2859 606 2929 ἔργων
648 2860 987 2922 κατάπαυσις
1036 2861 1135 2931 τὴν
1168 2862 1226 2913 ἐν
1274 2862 1453 2932 χάριτι
1485 2864 1616 2933 ἡμῖν
1646 2863 1735 2917 διὰ
1765 2864 2000 2936 Χριστοῦ
2031 2859 2072 2887 ,νι

434 2949 771 3021 ἐλευθερίαν.

511 3059 529 3091 ι
564 3042 827 3112 Προσάξει
860 3044 1019 3096 αὐτὸν
1050 3046 1076 3096 6
1106 3043 1293 3113 κύριος
1340 3042 1506 3097 αὑτοῦ
1548 3043 1685 3113 πρὸς
1729 3044 1788 3097 τὸ
1827 3045 2006 3117 κριτή-

439 3150 547 3205 ριον
576 3134 667 3187 τοῦ
690 3134 846 3187 Θεοῦ.
877 3155 892 3183 ι
929 3136 1156 3198 Ἀκύλας
1177 3136 1271 3187 καὶ
1299 3134 1587 3205 Σύμμαχος
1613 3131 1783 3201 εἷπον,
1818 3156 1836 3188 ι
1870 3138 2004 3208 πρὸς

436 3226 558 3288 τοὺς
592 3224 763 3287 θεούς,
802 3245 819 3276 ι
853 3225 1017 3288 Θεοὺς
1046 3226 1099 3278 δέ
1128 3229 1254 3289 τοὺς
1296 3226 1485 3295 κριτὰς
1523 3225 1866 3295 ὀνομάζουσι,
1911 3230 2004 3281 καὶ

437 3315 555 3368 θεοῦ
596 3317 894 3385 κριτήριον,
923 3318 1019 3386 τὴν
1047 3317 1248 3370 τούτων
1274 3318 1475 3386 ψῆφον.

510 3423 527 3454 ι
566 3406 725 3474 Τρεῖς
753 3406 976 3474 καιροὺς
1003 3405 1095 3457 τοῦ
1139 3407 1383 3459 ἐνιαυτοῦ
1415 3406 1711 3478 ἐορτάσατέ
1751 3423 1861 3475 μοι.
1893 3408 2004 3477 Τὴν

438 3498 628 3567 ἑορτὴν
654 3496 761 3548 τῶν
790 3496 1009 3564 ἀζύμων
1034 3497 1355 3563 φυλάξασθε.
1393 3497 1561 3549 Ἐπτά
1584 3496 1793 3566 ἡμέρας
1825 3496 2004 3549 ἔδεσθε

438 3590 641 3659 ἄζυμα,
683 3588 933 3657 καθάπερ
985 3589 1332 3658 ἐνετειλάμην
1382 3606 1484 3652 σοι,
1524 3589 1665 3641 κατὰ
1699 3590 1787 3641 τὸν
1820 3590 2006 3659 καιρὸν

436 3678 531 3730 τοῦ
566 3679 732 3749 μηνὸς
765 3678 873 3729 τῶν
905 3677 1055 3729 νέων.
1105 3677 1191 3729 Ἐν
1224 3677 1329 3745 γὰρ
1373 3677 1518 3747 αὐτῷ
1553 3678 1775 3748 ἐξῆλθες
1813 3678 1871 3742 ἐξ
1910 3681 2004 3732 Αἱ-

436 3769 665 3837 γύπτου.
701 3770 815 3821 Οὐκ
841 3768 1051 3838 ὀρθήσῃ
1081 3766 1307 3820 ἐνώπιόν
1340 3786 1439 3839 μου
1468 3770 1641 3829 κενὸς,
1691 3770 1783 3821 κα)⁵
1816 3771 2006 3841 ἑορτὴν

436 3861 530 3913 τοῦ
572 3859 831 3930 θερισμοῦ
851 3859 1383 3929 πρωτογεννημάτων
1414 3861 1659 3930 ποιήσεις
1686 3860 1796 3913 τῶν
1832 3861 2006 3931 ἔργων

440 3968 553 4005 σου.
591 3970 611 4001 ι
653 3953 717 4002 Al
749 3951 932 4019 ἑορταὶ
963 3950 1141 4002 τοίνυν
1176 3949 1270 4003 τοῦ
1302 3950 1458 4011 Θεοῦ,
1492 3947 1573 4013 οἷς
1604 3954 1717 4004 ἐστι
1766 3953 2002 4021 πνεῦμα,

440 4041 798 4108 πνευματικαί
844 4042 983 4091 εἰσιο
1026 4039 1119 4091 καὶ
1167 4039 1340 4101 οὐδεὶς
1386 4040 1567 4108 χοῖκὺς
1622 4040 1865 4110 ἑορτάζει
1905 4042 2005 4105 τὰς

2181 1520 2199 1552 ι
2245 1503 2309 1555 Ει
2349 1504 2429 1555 hae
2450 1501 3165 1571 suntjustilieationcsquas
3196 1517 3464 1571 propones
3493 1518 3676 1559 coram

2108 1592 2205 1645 eis.
2243 1595 2298 1645 Si
2325 1595 2527 1646 emeris
2555 1609 2767 1646 servum
2814 1593 3095 1645 llehrzrum
3122 1594 3189 1659 ³³,
3230 1613 3248 1644 ι
3287 1605 3391 1649 etc.
3442 1594 3677 1649 Necesse

2105 1691 2187 1734 est
2224 1684 2651 1750 utexquiramus
2699 1683 2827 1750 quid
2884 1683 2954 1735 sit
3002 1683 3110 1743 lex.
3144 1684 3272 1751 quid
3324 1694 3676 1751 praeceptum,

2104 1771 2233 1839 quid
2267 1774 2391 1825 item
2418 1772 2861 1842 justiﬁeationes.
2892 1788 2953 1825 ac
2982 1770 3207 1839 judicia,
3247 1784 3303 1826 et
3337 1775 3674 1837 testimonia,

2104 1872 2156 1915 et
2182 1865 2455 1917 mandata.
2514 1863 2942 1918 Jusdlicationes
2985 1865 3166 1932 itaque
3209 1874 3358 1929 Sunt,
3409 1868 3552 1934 quod
3587 1866 3677 1919 hic

2106 1953 2305 2006 dictum
2338 1966 2418 2007 est
2454 1974 2466 2008 :
2504 1973 2522 2005 ι
2566 1955 2621 2009 Si
2674 1955 2872 2008 emt-ris
2920 1970 3135 2008 servum
3193 1956 3501 2022 Hebrmum,
3538 1977 3557 2011 ι
3613 1972 3679 2014 ac

2107 2059 2227 2112 qua:
2261 2057 2565 2114 sequuntur
2591 2049 2656 2109 de
2687 2064 2750 2100 eo
2778 2045 2955 2109 dicta;
2984 2048 3267 2115 judicium,
3292 2059 3350 2101 ut
3378 2052 3419 2103 si
3459 2050 3564 2104 [ilia
3591 2068 3678 2105 sa-

2109 2138 2346 2191 cerdotis
2374 2148 2721 2207 constuprata
2757 2139 2946 2202 fuerit,
2968 2141 3089 2207 igne
3115 2143 3491 2206 comburator;
3528 2160 3679 2197 man-

2110 2226 2232 2279 data
2271 2243 2396 2281 vero
2430 2229 2476 2259 ³⁸
2510 2247 2523 2281 :
2570 2250 2586 2280 ι
2629 2229 2742 2283 Non
2779 2241 2942 2285 erunt
2978 2232 3071 2285 tibi
3127 2232 3199 2284 dii
3249 2232 3375 2296 alii;
3413 2250 3432 2283 ι
3474 2248 3677 2300 praece-

2110 2327 2258 2385 ptum
2284 2318 2327 2349 ³⁸
2362 2334 2374 2371 :
2414 2339 2434 2371 ι
2482 2320 2830 2375 Descendens
2863 2331 3065 2376 testare
3096 2322 3323 2391 populo,
3359 2333 3412 2376 et
3455 2326 3679 2380 abluant

2108 2408 2430 2461 vestimenta
2462 2424 2595 2473 sua;
2639 2428 2657 2459 ι
2694 2411 2998 2464 testimonia
3035 2412 3267 2481 denique
3300 2410 3346 2444 ⁸⁸
3377 2431 3391 2466 z
3428 2432 3445 2464 ι
3481 2414 3677 2471 Testor

2108 2499 2263 2552 vobis
2294 2498 2461 2553 hodie
2487 2500 2754 2554 cte'umet
2781 2510 3003 2555 terram.
3053 2520 3072 2553 ι

2185 2609 2204 2641 ι
2236 2589 2339 2644 Sex
2383 2593 2540 2646 annis
2584 2594 2789 2646 serviet
2833 2594 2962 2657 tibi;
3013 2610 3159 2650 anno
3211 2603 3391 2649 autem
3446 2592 3676 2666 septimo

2108 2682 2279 2735 abibit
2312 2682 2445 2736 liber
2485 2680 2653 2751 gratis
2688 2684 2751 2736 ³⁷.
2814 2703 2831 2735 ι
2876 2683 3160 2754 Significat
3188 2700 3309 2753 quae
3346 2686 3397 2739 in
3447 2688 3676 2754 septimo

2110 2773 2483 2839 indulgebatur
2532 2774 2779 2837 libertas,
2824 2777 2998 2829 adhuc
3046 2788 3230 2829 autem
3282 2786 3333 2830 et
3383 2794 3502 2844 qua:
3536 2776 3675 2831 Sab-

2107 2865 2234 2935 Dato
2267 2872 2379 2917 eral
2411 2866 2479 2919 ab
2536 2868 2796 2932 operibus
2831 2866 3066 2934 requies,
3108 2876 3347 2921 nostram
3403 2869 3454 2921 in
3501 2870 3674 2938 gratia

2105 2970 2197 3022 per
2221 2954 2497 3008 Christum
2537 2954 2867 3009 libertatem.

2182 3060 2198 3093 ι
2247 3044 2631 3098 Adduceteum
2666 3046 2917 3099 dominus
2945 3045 3060 3111 ejus
3094 3047 3158 3100 ad
3187 3048 3419 3102 tribunal
3456 3049 3544 3103 Dei
3572 3049 3616 3081 ³⁸
3648 3067 3669 3102 ι

2104 3133 2295 3199 Aquila
2325 3145 2375 3185 et
2412 3134 2774 3202 Symmachus
2804 3135 3083 3200 dixerunt,
3122 3155 3139 3188 ι
3184 3141 3253 3192 ad
3294 3139 3443 3195 deos.
3486 3160 3505 3193 ι
3535 3143 3674 3195 Deos

2106 3232 2309 3285 autem,
2347 3222 2560 3288 judices
2596 3224 2892 3292 appellant,
2936 3242 2998 3279 ac
3043 3226 3134 3279 Dei
3174 3229 3439 3293 judicium
3483 3246 3673 3283 eorum

2106 3313 2454 3367 sententiam.

2182 3419 2199 3451 ι
2238 3402 2434 3454 'l'ribus
2488 3404 2820 3471 temporibus
2860 3404 2986 3456 anni
3046 3403 3241 3458 festum
3296 3405 3469 3474 agetis
3520 3405 3671 3460 mihi.

2107 3490 2514 3546 Solemnitatc‘m
2550 3510 2866 3563 azymorum
2903 3496 3191 3548 custodire.
3234 3494 3450 3563 Septem
3482 3496 3676 3549 dichus

2105 3584 2275 3637 edetis
2328 3600 2545 3653 azyma,
2601 3590 2741 3639 scut
2790 3586 3015 3652 prmcepi
3068 3585 3159 3639 tibi
3196 3596 3439 3654 tempore
3474 3589 3677 3641 mensis

2107 3690 2390 3727 novorum.
2428 3676 2482 3728 ιιι
2541 3678 2654 3743 ipso
2696 3678 2840 3728 enim
2892 3692 3147 3744 egressus
3197 3693 3255 3730 es
3303 3678 3368 3729 de
3411 3677 3674 3748 Aigyplo.

2108 3762 2221 3815 Non
2258 3765 2541 3833 apparehis
2577 3766 2629 3816 in
2666 3776 2958 3833 conspectu
2995 3782 3112 3820 meo
3140 3782 3367 3829 vacuus,
3395 3776 3447 3819 et
3475 3770 3675 3822 solem-

2110 3854 2331 3906 nitatem
2394 3853 2585 3906 messis
2639 3857 2932 3921 primarum
2981 3856 3190 3923 frugum
3236 3855 3404 3910 facies
3450 3873 3675 3926 operum

2110 3956 2320 3999 tuorum
2359 3947 2421 4000 ”.
2465 3966 2483 3999 ι
2520 3948 2609 4001 Dei
2662 3949 2846 4016 itaque
2887 3950 3255 4006 solemnitales
3296 3953 3361 4006 iis
3403 3954 3675 4020 spiritales

2104 4046 2253 4099 sunt,
2292 4038 2485 4103 quibus
2535 4040 2753 4106 spiritus
2789 4049 2889 4103 est,
2930 4056 3029 4092 nec
3057 4041 3194 4093 ullus
3234 4052 3487 4095 terrenus
3517 4044 3675 4112 spiri-

440 4131 629 4200 ἑορτὰς
659 4128 1059 4198 πνευματικῶς.
1111 4148 1128 4179 ι
1166 4130 1260 4191 Τίς
1286 4129 1393 4199 γὰρ
1432 4130 1714 4199 συμφωνία
1741 4130 2007 4183 δικαιοσύο

2111 4126 2287 4179 taliter
2320 4125 2451 4179 lesla
2493 4129 2721 4195 peragit.
2758 4146 2777 4178 ι
2813 4129 2942 4194 Quae
2968 4130 3113 4181 enim
3146 4132 3430 4183 concordia
3453 4132 3675 4198 justitite

441 4234 535 4285 νης
568 4218 658 4269 καὶ
682 4218 978 4286 ἁνομίας;ι
1017 4218 1101 4269 ἵνα
1137 4216 1209 4287 μὴ
1236 4217 1303 4270 τὰ
1328 4218 1452 4288 ἑξῆς
1484 4218 1645 4287 λέγω.
1682 4220 1753 4271 Οὐ
1787 4220 2005 4276 δύναται

440 4308 621 4378 χοῖκὸς
677 4308 928 4376 ἑορτάσαι
971 4308 1161 4377 ἑορτὰς
1207 4310 1599 4379 πνευματικὰς,
1659 4310 1842 4382 ὥσπερ
1888 4314 2007 4366 οὐδὲ

443 4401 806 4469 πνευματικὸς
854 4400 1041 4470 ἐορτὴν
1097 4402 1299 4470 χοῐκήν.
1355 4402 1463 4454 Καὶ
1507 4404 1632 4470 μετ’
1691 4404 1885 4472 ὀλίγα,
1943 4404 2006 4456 Τί

444 4495 589 4545 ἐστιν
619 4494 647 4545 6
682 4493 787 4563 μὴν
824 4493 930 4546 τῶν
963 4493 1134 4556 νέων;
1169 4495 1295 4556 τοὺς
1326 4494 1615 4564 αἰσθητοὺς
1648 4496 1842 4565 φήσεις
1872 4514 2007 4567 καρ·

442 4583 592 4646 πούς·
622 4582 773 4635 οὔπω
800 4584 1087 4653 ἐνέστηκεν
1115 4584 1144 4634 6
1185 4585 1288 4654 μὴν
1315 4584 1422 4636 τῶν
1458 4585 1614 4652 νέων,
1636 4585 1729 4637 τοῦ
1760 4586 2004 4639 ἐνιαυτοῦ

444 4675 576 4743 φέρε
608 4677 778 4727 εἰπεῖν
809 4674 1144 4746 ὀψιμωτέρου
1189 4675 1358 4739 ὄντος.
1413 4676 1485 4729 Τὸ
1526 4677 1603 4739 δὲ,
1654 4675 1747 4729 ἐὰν
1785 4677 2007 4748 γένηταί

443 4781 571 4817 ποτε
593 4765 851 4828 ἐνιαυτὸς,
887 4764 1025 4817 ὥστε
1062 4766 1196 4836 μηδὲ
1231 4766 1415 4836 φέρειν
1452 4765 1546 4835 τὴν
1580 4767 1681 4837 γῆν
1713 4767 1837 4830 τοὺς
1883 4785 2009 4839 καρ-

443 4857 597 4919 ποὺς,
633 4852 741 4925 ἄρα
764 4856 1037 4925 δυνάμεθα
1066 4856 1342 4926 ἑορτάζειν
1380 4858 1437 4909 ἐν
1463 4857 1540 4927 τῷ
1565 4858 1695 4927 μηνὶ
1716 4858 1820 4911 τῶν
1850 4860 2004 4924 νέων,

442 4946 515 5009 ὡς
544 4946 863 4999 κεκέλευκεν
892 4948 919 4998 ὁ
971 4947 1101 5010 Θεὸς
1142 4948 1417 5018 ἑορτάζειν
1450 4950 1574 5013 τοὺς
1620 4948 2004 5019 ἑορτάζοντας

442 5037 648 5090 υύκοῦν
670 5038 750 5090 δεῖ
779 5039 898 5090 κατ’
919 5038 1158 5092 ἐνιαυτὸν
1186 5040 1283 5110 τὴν
1300 5038 1488 5110 ἐορτὴν
1520 5038 1813 5109 ἑορτάζειν.
1846 5041 2008 5093 Ἐπα-

443 5127 595 5198 πορῶ
638 5129 695 5181 δὲ
738 5128 897 5182 πάλιν
930 5130 1025 5182 καὶ
1071 5130 1200 5201 περὶ
1244 5129 1337 5182 τοῦ
1388 5130 1641 5201 δευτέρου
1686 5132 1873 5201 νόμου,
1914 5129 2007 5184 τοῦ

441 5221 583 5275 κατὰ
618 5222 715 5291 τὴν
756 5220 945 5293 ἑορτὴν
974 5221 1071 5291 τὴν
1103 5222 1378 5291 δευτέραν.
1411 5224 1547 5293 Φησὶ
1596 5222 1707 5293 γὰρ
1747 5241 1766 5274 ι
1817 5220 2008 5293 ἐορτὴν

443 5312 536 5364 τοῦ
568 5312 823 5383 θερισμοῦ
854 5311 961 5365 τῶν
989 5312 1541 5382 πρωτογεννημάτων.
1559 5314 1717 5367 »Ἐάν
1740 5330 1823 5377 τις
1855 5313 2008 5365 σπεί-

447 5418 538 5474 ρῃ,
570 5404 663 5455 καὶ
701 5403 772 5472 μὴ
797 5401 1060 5469 γένωνται
1087 5402 1136 5453 οἱ
1162 5401 1359 5471 καρποὶ
1392 5402 1615 5472 πρῶτοι,
1649 5403 1785 5455 ἀλλὰ
1818 5402 2004 5455 τελευ-

518 5585 559 5612 ³¹
582 5582 720 5633 Psal.
743 5599 814 5640 vn.
834 5584 888 5636 εὶ.
949 5581 991 5609 ³³
1014 5580 1180 5633 Exod.
1203 5594 1310 5637 ιιι.
1348 5580 1394 5632 1.

2107 4227 2159 4271 et
2186 4219 2489 4285 iniquitatis
2523 4216 2608 4267 ‘°?
2642 4238 2660 4268 ι
2714 4234 2779 4272 ne
2810 4234 2930 4287 qua?
2964 4221 3216 4288 deinceps
3258 4234 3558 4291 sequuntur
3590 4226 3674 4277 di-

2107 4323 2244 4360 eam.
2277 4308 2392 4361 Non
2422 4318 2593 4377 potest
2629 4317 2877 4363 terrenus
2913 4310 3047 4363 festa
3079 4311 3342 4379 spiritalia
3374 4314 3670 4377 celebrare,

2080 4398 2179 4449 ,uti
2214 4413 2387 4464 neque
2425 4397 2688 4463 spiritalis
2738 4396 2872 4450 festa
2923 4406 3158 4452 terrena.
3206 4399 3268 4451 Et
3310 4411 3424 4468 post
3467 4418 3669 4469 pauca.-

2105 4488 2241 4553 Quid
2277 4500 2356 4540 est
2390 4487 2550 4554 128
2577 4487 2774 4540 mensis
2802 4488 3102 4541 novorum?
3141 4490 3385 4553 Fructus,
3433 4491 3672 4559 inquies,

2104 4579 2346 4633 sensiles.
2400 4579 2647 4630 Nondum
2705 4580 2923 4633 advenit
2979 4581 3183 4634 mensis
3224 4598 3507 4650 novorum,
3549 4599 3672 4637 cum

2104 4669 2335 4738 exempli
2371 4684 2532 4722 causa
2568 4685 2743 4721 annos
2776 4672 2983 4725 tardior
3009 4680 3111 4726 est.
3154 4671 3305 4738 Quod
3336 4672 3379 4726 si
3406 4673 3671 4742 ejusmodi

2104 4761 2392 4830 aliquando
2422 4761 2699 4829 (‘Onling'tt
2726 4777 2919 4827 annus,
2956 4773 3011 4815 ut
3053 4763 3229 4817 nullos
3268 4774 3411 4816 terra
3454 4764 3668 4816 l‘ruetus

2104 4849 2263 4910 ferat,
2292 4867 2419 4903 num
2455 4866 2743 4919 possumus
2790 4853 2842 4904 in
2888 4867 3075 4906 mense
3104 4868 3366 4905 novorum
3415 4853 3556 4905 diem
3594 4851 3675 4905 fe-

2105 4950 2246 4994 stmn
2286 4956 2467 5007 agere,
2534 4943 2673 4996 sicut
2725 4945 2981 5011 praecepit
3024 4943 3202 4995 Deus?
3255 4958 3384 5012 ergo
3441 4942 3671 5012 singulis

2107 5032 2265 5085 annis
2299 5031 2492 5089 festum
2525 5034 2922 5102 percolemlum.
2968 5034 3126 5086 Subit
3180 5050 3368 5088 rursus
3406 5032 3567 5087 etiam
3602 5034 3671 5089 de

2103 5125 2335 5178 secunda
2371 5126 2505 5194 lege.
2543 5140 2662 5194 qua:
2696 5126 2988 5178 secundam
3017 5125 3392 5179 celebritatem
3431 5137 3667 5195 spectat,

2103 5216 2386 5270 dubitatio.
2425 5216 2511 5268 Ait
2545 5216 2688 5267 enim
2722 5230 2734 5264 :
2778 5231 2795 5263 ι
2836 5213 3224 5267 Celebritatem
3256 5218 3449 5269 messis
3476 5218 3675 5283 prima-

2105 5322 2220 5360 rum
2251 5304 2484 5374 frugum.
2518 5324 2535 5355 ι
2567 5304 2621 5357 Si
2668 5303 2790 5371 quis
2842 5304 3094 5369 seminet,
3124 5321 3227 5360 nec
3274 5306 3458 5374 prima:
3493 5306 3672 5375 fruges

2103 5395 2449 5466 proveniant,
2499 5392 2590 5445 sed
2629 5391 2959 5461 novissimae,
3002 5397 3047 5449 is
3087 5394 3299 5449 initiutn
3340 5397 3531 5451 messis
3560 5398 3673 5467 ιιι-Ξ-

1473 5583 1514 5613 ³⁸
1548 5582 1710 5635 Exod.
1743 5598 1833 5639 xx.
1886 5584 1940 5637 3.
2014 5583 2060 5614 ³⁵
2095 5581 2260 5635 Exod.
2320 5595 2431 5645 ιιι,
2483 5578 2565 5633 10.
2647 5578 2691 5609 ⁸⁸
2716 5577 2869 5632 Deut.
2902 5594 3027 5643 ιιι,
3059 5578 3139 5632 19.
3218 5575 3430 5631 "Exod.
3468 5590 3578 5642 ιιι,
3608 5574 3668 5632 2.

449 5652 493 5685 ⁸³
529 5652 679 5717 ibid.,
710 5657 759 5706 ti.
837 5653 878 5681 ³⁹
920 5651 1085 5704 Exod.
1116 5665 1269 5716 sant,
1311 5651 1393 5711 lt,
1428 5652 1509 5716 13,
1540 5654 1618 5706 l6.
1697 5654 1740 5683 ⁸ο
1769 5653 1807 5705 ll
1843 5654 1963 5706 (lor.
2002 5667 2074 5717 Vt,
2110 5653 2191 5705 14.
