4122 6248
504 293 614 349 ενδ

1926 296 2013 350 EX
2053 296 2352 353 ORICENE

3637 307 3737 363 996

508 423 719 463 marum
746 406 959 479 frugum
988 408 1265 463 celebrare
1290 422 1394 462 non
1423 408 1647 477 poterit.
1675 409 1901 466 Necesse
1929 414 2052 466 enin

2174 417 2334 477 ταῖοι,
2367 407 2518 477 οὗτος
2550 414 2647 468 οὐκ
2691 416 2757 469 ἂν
2782 413 3001 471 δύναιτο
3032 418 3283 491 ἑορτάσαι
3322 417 3419 492 τὴν
3445 421 3618 494 ἀρχὴν
3645 425 3736 479 τοῦ

505 509 592 556 est
621 499 824 555 habere
857 510 909 553 te
943 498 1144 568 fruges,
1177 508 1235 552 ut
1272 500 1467 553 festum
1509 516 1669 571 agere
1704 502 1903 571 possis.
1931 503 2069 568 Quid

510 607 663 655 vero,
690 591 731 645 si
762 604 949 659 agrum
999 604 1103 642 non
1158 589 1352 655 habeo,
1409 595 1679 660 quomodo
1720 592 1913 647 festum
1968 595 2070 649 hoc

510 695 668 750 agere
695 688 902 748 potero,
935 692 1055 731 cum
1087 679 1368 747 Scriptura
1401 681 1543 736 dicat
1574 698 1587 733 :
1621 700 1639 732 ‹
1664 681 1730 734 Et
1761 681 2072 736 solemnita-

507 788 611 829 tem
667 774 859 829 messis
908 774 1207 843 primarum
1246 776 1463 847 frugum
1486 777 1654 832 facies
1693 794 1917 848 operum
1948 789 2071 834 tuo-

507 882 1010 934 rum,qu:ecunque
1061 867 1419 923 seminaveris
1461 869 1513 923 in
1548 886 1677 941 agro
1702 872 1836 926 tuo?
1879 891 1897 924 ι
1954 872 2067 927 Non

502 957 788 1021 seminavi,
830 957 1164 1011 architectus
1214 973 1355 1013 sum.
1404 959 1519 1014 Non
1570 964 1858 1028 semiuavi,
1894 975 2071 1020 textor

501 1064 654 1112 sum;
692 1064 883 1116 agrum
928 1065 1031 1101 non
1066 1048 1259 1112 habeo,
1292 1054 1559 1119 quomodo
1595 1069 1812 1121 possunt
1840 1056 2067 1112 alterum

500 1138 694 1190 festum
748 1141 949 1207 agere?
1005 1140 1147 1207 quod
1212 1139 1339 1193 item
1405 1153 1615 1212 snectat
1672 1146 1738 1197 ad
1801 1147 2064 1200 tertium:

504 1249 522 1281 ι
561 1232 623 1283 Et
648 1231 1038 1285 solemnitatem
1069 1236 1559 1291 consummationis
1586 1239 1635 1292 in
1664 1240 1810 1291 exitu
1848 1240 1998 1297 anui.
2041 1259 2060 1292 ι

570 1412 635 1464 Et
659 1423 774 1481 post
802 1414 935 1468 alia.
992 1413 1130 1479 Quid
1164 1416 1265 1469 sibi
1305 1408 1419 1469 vult
1464 1417 1746 1487 Scriptura
1775 1436 1894 1475 cum
1925 1421 2065 1477 cele-

498 1507 657 1559 brare
685 1522 784 1559 nos
813 1506 966 1575 jubet
999 1507 1191 1561 festum
1237 1524 1547 1579 azymorum
1590 1512 1640 1564 in
1672 1526 1856 1567 mense
1896 1530 2064 1568 novo-

499 1601 654 1652 rum?
694 1599 916 1668 Depone
945 1611 1179 1655 veterem
1208 1602 1480 1655 hominem
1512 1618 1636 1656 cum
1667 1604 1877 1658 actibus
1912 1606 2062 1660 suis:

494 1701 548 1743 et
578 1699 634 1741 ut
669 1689 717 1741 in
749 1703 937 1743 mense
976 1704 1232 1743 novorum
1282 1690 1683 1745 solemnitatem
1716 1692 1978 1759 celebres,
2010 1705 2062 1748 tu

498 1792 710 1845 quoque
737 1792 908 1831 novus
934 1777 1164 1840 ellicere,
1201 1786 1257 1831 ut
1289 1779 1494 1832 mensis
1526 1780 1861 1835 celebritatis
1892 1798 2063 1837 novo-

498 1886 638 1929 rum,
667 1878 786 1922 tuus
815 1870 1016 1924 mensis
1048 1870 1161 1924 liat.
1190 1869 1456 1924 Novormn
1488 1873 1655 1937 enim,
1685 1888 1790 1926 non
1822 1885 2062 1929 veterum

496 1961 698 2014 mensis
728 1969 810 2013 est
839 1960 959 2016 iste.
993 1963 1106 2026 Qua
1141 1977 1270 2027 ergo
1305 1964 1513 2016 ratione
1544 1979 1740 2017 novum
1773 1980 1986 2035 quoque
2012 1977 2064 2023 te

495 2051 613 2105 ﬁeri
661 2052 971 2119 oportebit?
998 2050 1132 2106 Cum
1160 2053 1563 2108 Solemnitatum
1604 2059 1840 2111 rationes
1872 2057 2061 2127 explo-

492 2153 639 2195 ratas
676 2143 904 2195 haberet
934 2142 1210 2207 apostolus
1246 2142 1462 2207 Paulus,
1509 2143 1576 2198 de
1632 2145 1770 2200 festo
1800 2162 2060 2202 novorum

488 2236 560 2285 ait
584 2235 625 2264 ιι
665 2250 677 2285 :
702 2252 718 2284 t
757 2233 1125 2301 Exspoliantes
1155 2249 1249 2288 vos
1274 2245 1507 2287 veterem
1534 2237 1803 2290 hominem
1822 2254 1942 2291 cum
1973 2254 2063 2294 ac-

488 2326 632 2376 tibus
667 2326 800 2387 suis,
845 2332 900 2377 et
931 2325 1216 2378 induentes
1253 2340 1451 2377 novum
1481 2340 1605 2379 eum
1646 2328 1739 2395 qui
1770 2339 2061 2383 renovatur

489 2415 539 2467 in
569 2416 926 2484 agnitionem,
956 2415 1252 2470 secundum
1287 2415 1575 2485 imaginem
1614 2418 1751 2487 ejus,
1785 2421 1873 2488 qui
1903 2435 2057 2475 crea-

488 2510 585 2558 vit.
625 2525 642 2556 ι
674 2504 740 2559 Ut
770 2506 934 2575 igitur
969 2505 1161 2561 festum
1192 2522 1319 2577 agas
1344 2508 1397 2561 in
1433 2522 1617 2563 mense
1646 2523 1927 2573 novormn,
1966 2526 2060 2563 ne-

488 2613 638 2652 cesse
668 2607 751 2651 est
780 2608 838 2651 ut
874 2614 1045 2652 novus
1072 2600 1189 2663 lias,
1222 2609 1276 2653 et
1302 2614 1520 2655 omnem
1553 2600 1800 2667 deponas
1823 2612 2058 2656 vetusta-

488 2698 615 2741 tem.
651 2689 848 2742 Deinde
872 2705 1033 2758 quam
1068 2689 1298 2759 primaut
1332 2691 1450 2758 agis
1480 2690 1920 2745 solemnitatem?
1952 2692 2055 2746 So-

488 2779 819 2833 lemuitatem
864 2796 1058 2849 nempe
1107 2794 1450 2851 azymorum,
1488 2782 1720 2836 docente
1753 2783 2055 2851 Apostolo:

489 2888 508 2921 ι
552 2871 755 2925 Pascha
786 2872 953 2935 enim,
983 2873 1243 2942 inquit“,
1281 2882 1522 2927 nostrum
1546 2889 1642 2944 pro
1674 2873 1828 2928 nobis
1861 2874 2057 2929 immo-

488 2962 631 3016 latus
659 2973 740 3017 est
772 2962 1040 3019 Christus.
1077 2964 1262 3033 Itaque
1302 2964 1500 3018 festum
1552 2980 1799 3035 agamus,
1842 2981 1950 3020 non
1998 2970 2051 3019 iu

484 3052 756 3107 fertucnto
785 3055 975 3121 veleri,
1008 3069 1179 3123 neque
1226 3056 1275 3107 in
1326 3056 1595 3109 termento
1622 3056 1842 3111 malitiae
1877 3066 1931 3110 et
1958 3071 2051 3111 ne-
2078 3090 2119 3148 ο

484 3146 690 3213 ηιιίιὶω,
728 3146 820 3201 scd
861 3145 913 3199 in
944 3147 1148 3215 azymis
1177 3146 1507 3201 sinreritatis
1529 3156 1583 3201 et
1609 3147 1874 3202 veritatis.
1913 3167 1932 3198 ι
1961 3148 2052 3203 Si-

484 3236 596 3288 mul
630 3244 809 3307 autem
839 3236 1029 3302 collige
1063 3236 1204 3305 leges
1228 3237 1294 3288 de
1316 3238 1543 3307 azymis,
1569 3254 1631 3291 ac
1656 3237 1864 3293 videbis
1890 3254 2051 3307 quam

483 3329 593 3382 sint
629 3345 657 3382 a
691 3330 902 3384 ratione
938 3329 1097 3384 alieni
1143 3330 1232 3398 qui
1263 3332 1327 3385 ad
1362 3331 1660 3400 spiritalem
1700 3333 1895 3388 litterae
1929 3349 2053 3388 sen-

480 3437 599 3477 sum
630 3438 733 3476 non
770 3422 1075 3490 attendunt,
1105 3422 1199 3477 sed
1229 3423 1498 3493 spiritalia
1533 3436 1788 3494 tanquam
1838 3424 2048 3479 inutilia

482 3522 769 3582 spernunt.

552 3618 574 3653 ι
608 3603 720 3657 Non
761 3603 1048 3673 apparebis
1095 3604 1147 3657 in
1199 3614 1494 3673 conspectu
1540 3620 1660 3660 meo
1687 3619 1894 3662 vacuus
1922 3606 1986 3661 “.
2024 3625 2044 3659 ι

479 3693 631 3749 Scito
660 3710 869 3749 omnem
897 3695 1167 3751 hominem
1196 3704 1288 3749 aut
1313 3711 1542 3752 vacuum
1562 3708 1655 3751 aut
1672 3697 1885 3769 plenum
1905 3714 2046 3755 esse.

479 3786 534 3840 Si
568 3787 711 3840 enim
748 3802 855 3842 non
908 3788 1071 3843 habet
1111 3787 1375 3855 Spiritum
1421 3799 1692 3855 sanctum,
1741 3806 1849 3845 non
1886 3792 2049 3847 habet

476 3882 755 3935 Creatoris
781 3881 1052 3944 notitiam,
1080 3896 1186 3935 not:
1218 3882 1425 3949 recepit
1462 3884 1630 3936 vitam
1664 3880 1847 3937 Jesum
1882 3883 2044 3939 Chri-

473 3984 653 4039 stum;
689 3973 732 4025 si
766 3987 869 4027 non
901 3973 1046 4025 novit
1070 3972 1283 4026 Patrem
1315 3973 1406 4040 qui
1435 3972 1486 4024 in
1520 3973 1672 4027 ctelis
1703 3982 1807 4037 est,
1849 3974 1894 4027 si
1938 3989 2042 4029 non

474 4063 609 4115 vivit
646 4078 717 4133 ex_
761 4062 993 4127 ratione,
1042 4060 1110 4116 ad
1153 4061 1290 4131 legis
1330 4061 1570 4117 cmlestis
1617 4078 1887 4129 normam,
1934 4080 2040 4119 non

473 4151 673 4214 sobrie,
716 4150 821 4205 non
848 4150 991 4217 iuste
1017 4150 1164 4221 agit;
1200 4164 1401 4204 vacuus
1422 4160 1506 4205 est
1537 4152 1625 4220 qui
1650 4151 1911 4219 ejusmodi
1935 4161 2038 4209 est.

474 4245 573 4310 Qui
609 4239 786 4297 auten't
818 4243 976 4313 129
1005 4244 1154 4312 capit.
1195 4242 1362 4297 Deum
1392 4245 1482 4314 qui
1518 4245 1653 4299 dixit
1692 4244 1806 4279 κδ’
1844 4261 1857 4296 :
1889 4262 1909 4297 ι
1944 4243 2038 4300 ln-

472 4336 731 4391 habitabo
762 4337 813 4389 in
842 4338 941 4400 eis,
969 4345 1023 4389 et
1069 4334 1442 4402 inambulabo,
1482 4346 1537 4392 et
1567 4351 1663 4391 ero
1699 4336 1779 4393 eis
1806 4336 1967 4404 Deus,
2012 4355 2032 4391 ι

472 4430 518 4481 is
548 4444 651 4481 non
686 4443 910 4490 vacuus,
941 4428 1033 4482 sed
1072 4428 1263 4498 plenus
1306 4439 1409 4483 est.

545 4534 565 4568 ι
594 4517 1132 4587 Tribustemporibus
1152 4520 1275 4573 anni
1309 4520 1591 4590 apparebit
1614 4536 1775 4575 omne
1815 4537 2033 4578 mascu-

471 4610 639 4666 linum
670 4621 817 4665 tuum
867 4626 1049 4665 coram
1104 4611 1330 4666 Domino
1379 4612 1486 4667 Deo
1543 4622 1632 4667 tuo
1671 4613 1736 4667 “.
1781 4632 1800 4666 ο
1850 4615 2033 4668 Dicam

470 4704 597 4772 quid
632 4703 734 4759 sibi
769 4703 918 4757 locus
950 4701 1051 4755 istc
1083 4702 1231 4756 velit.
1281 4703 1433 4767 Quod
1470 4704 1704 4771 agimus,
1743 4713 1838 4756 aut
1870 4702 2036 4758 femi-

471 4814 559 4862 na,
588 4806 681 4850 aut
709 4810 825 4850 mas
853 4804 957 4853 est.
987 4794 1041 4849 Si
1076 4793 1363 4848 femineum
1391 4804 1474 4848 est
1497 4793 1639 4862 quod
1678 4794 1908 4864 agimus,
1941 4801 2033 4847 aut

468 4902 785 4957 corporeum
836 4895 920 4942 est
971 4896 1057 4939 aut
1111 4884 1348 4939 carnale.
1403 4885 1739 4940 Seminantes
1779 4886 1923 4939 enim
1976 4885 2029 4940 in

466 4994 651 5046 carne,
688 4994 793 5035 nou
821 4993 1025 5033 marem
1060 4980 1152 5033 sed
1188 4976 1441 5031 feminam
1476 4977 1688 5032 edimus
1729 4977 1921 5031 anima:
1954 4976 2035 5032 l'e-

469 5083 601 5136 tum,
639 5086 831 5140 nempe
870 5083 1146 5133 enervem,
1178 5068 1497 5137 mollemque
1526 5084 1590 5122 ac
1626 5072 1847 5123 materia
1876 5082 2031 5122 cras-

465 5180 605 5216 sum.
641 5162 697 5216 Si
722 5177 851 5217 vero
872 5171 1073 5215 aeterna
1098 5169 1396 5229 spectantes
1419 5168 1471 5213 et.
1494 5158 1559 5212 ad
1603 5158 1823 5212 meliora
1856 5168 2034 5213 atten-

2172 503 2429 575 θερισμοῦ
2472 503 2581 556 τῶν
2636 509 3194 580 πρωτογεννημάτων.
3214 512 3305 563 Δεῖ
3339 511 3447 583 γὰρ
3493 512 3637 583 ἔχειν
3677 531 3737 567 σε

2170 592 2500 663 γεννήματα,
2517 594 2605 678 ἵνα
2637 595 2868 667 δυνηθῇς
2901 599 3196 669 ἑορτάζειν.
3238 603 3302 655 Τί
3331 603 3409 667 δὲ,
3444 605 3510 660 ἂν
3557 604 3739 678 χώραν

2271 681 2397 751 ἔχω,
2420 682 2537 746 πῶς
2554 671 2627 737 ἓν
2655 684 2919 759 δυναίμην
2955 690 3053 761 τὴν
3082 692 3273 765 ἑορτὴν
3304 696 3508 767 ταύτην
3551 671 3741 769 έορτά-

2171 767 2304 835 ζειν,
2344 771 2445 841 τῆς
2483 772 2680 838 λέξεως
2712 775 3000 847 λεγούσης,
3047 797 3065 829 ι
3105 781 3213 833 Καὶ
3252 783 3443 855 ἑορτὴν
3477 767 3737 857 θερισμοῦ

2169 860 2275 912 τῶν
2308 865 2843 935 πρωτογεννημάτων
2860 871 3106 940 ποιήσεις
3152 871 3258 923 τῶν
3304 873 3479 943 ἔργων
3514 894 3627 939 σου,
3662 872 3738 932 ὧν

2171 952 2265 1005 ἐὰν
2300 954 2529 1028 σπείρης
2565 957 2621 1008 ὲν
2651 958 2728 1027 τῷ
2766 959 2921 1029 ἀγρῴ
2954 978 3084 1024 σούς
3122 983 3140 1015 ›
3171 966 3270 1017 οὐκ
3312 965 3559 1037 ἔσπειρα,
3600 970 3742 1024 οἱκο-

2168 1043 2327 1115 δόμος
2356 1048 2500 1116 ειμί·
2530 1049 2630 1102 οὐκ
2681 1050 2927 1123 ἔσπειρα,
2963 1054 3204 1125 ὑφάντης
3246 1058 3389 1127 εἰμί·
3425 1057 3592 1129 ἀγρὸν
3636 1060 3737 1118 οὐκ

2169 1135 2295 1205 ἔχω,
2334 1137 2449 1200 πῶς
2491 1139 2724 1210 δύναμαι
2753 1143 2851 1213 τὴν
2887 1144 3142 1216 δευτέραν
3185 1146 3459 1217 ἑορτάζειν
3504 1149 3724 1219 ὲορτήν;

2168 1225 2276 1278 Καὶ
2324 1226 2388 1297 δὴ
2418 1229 2511 1281 καὶ
2558 1232 2685 1301 περὶ
2735 1232 2830 1303 τὴν
2864 1234 3072 1305 τρίτην,
3106 1255 3124 1286 ι
3173 1237 3282 1290 Καὶ
3320 1238 3511 1308 ἑορτὴν
3552 1256 3734 1292 συντε-

2167 1316 2316 1381 λείας
2348 1319 2433 1371 ὲπ’
2472 1319 2635 1389 ἐξόδῳ
2663 1322 2755 1374 τοῦ
2782 1325 3046 1379 ἐνιαυτοῦ.
3081 1344 3098 1376 ι

2241 1409 2351 1462 Καὶ
2376 1412 2505 1478 μεθ’
2538 1411 2728 1479 ἕτερα.
2771 1414 2813 1465 Τ
2820 1413 2835 1464 ί
2868 1414 3109 1484 βούλεται
3148 1415 3300 1485 λόγος
3326 1419 3455 1488 ἡμῖν
3491 1418 3666 1488 λέγειν
3704 1421 3735 1475 ὸ

2169 1501 2405 1555 κελεύων
2437 1504 2585 1573 ἡμᾶς
2608 1504 2882 1576 ἑορτάζειν
2915 1508 3013 1578 τὴν
3055 1509 3246 1581 ἑορτὴν
3270 1510 3377 1567 τῶν
3408 1510 3633 1582 ἀζύμων
3656 1514 3734 1584 τῷ

2169 1593 2301 1662 μηνὶ
2327 1593 2435 1647 τῶν
2461 1594 2631 1659 νέων;
2679 1596 2902 1650 Ἀπόθου
2943 1598 3035 1652 τὸν
3067 1600 3288 1655 παλαιὸν
3320 1602 3599 1673 ἄνθρωπον
3636 1606 3733 1658 σὺν

2167 1686 2285 1747 ταῖς
2307 1683 2567 1755 πράξεσιν
2600 1687 2784 1740 αὐτοῦ.
2814 1690 2923 1741 Καὶ
2954 1690 3039 1742 ἴνα
3068 1708 3130 1759 γε
3160 1693 3389 1763 ποιήσῃς
3416 1696 3513 1764 τὴν
3540 1695 3732 1764 ἑορτὴν

2166 1776 2224 1827 ἐν
2250 1774 2327 1844 τῷ
2355 1776 2488 1846 μηνὶ
2508 1776 2616 1830 τῶν
2652 1778 2805 1842 νέων,
2829 1780 2924 1833 καὶ
2959 1782 3022 1835 σὺ
3046 1781 3163 1845 νέος
3188 1783 3365 1850 γενοῦ,
3392 1784 3477 1836 ἵνα
3510 1784 3731 1855 γένηται

2164 1867 2193 1917 6
2219 1865 2324 1936 μὴν
2353 1866 2451 1935 τῆς
2474 1867 2668 1939 ἑορτῆς
2699 1869 2806 1923 τῶν
2835 1872 2990 1935 νέων,
3020 1872 3115 1924 καὶ
3144 1872 3235 1936 σὸς
3265 1874 3390 1944 μήν.
3423 1874 3577 1927 Νέων
3599 1876 3724 1947 γὰρ,

2165 1962 2259 2014 καὶ
2292 1962 2352 2015 οὐ
2415 1960 2657 2015 παλαιῶν
2695 1961 2842 2016 ἐστιν
2895 1957 3046 2026 οὗτος
3074 1965 3103 2016 6
3142 1964 3268 2035 μήν.
3302 1965 3424 2028 Πῶς
3469 1964 3563 2019 οῦν
3605 1966 3724 2035 δεή-

2166 2068 2248 2103 σει
2277 2052 2395 2104 νέον
2440 2052 2533 2105 καὶ
2580 2050 2639 2103 σὲ
2680 2050 2960 2120 γενέσθαις
2998 2052 3216 2121 Νοήσας
3252 2053 3351 2117 τάς
3391 2054 3602 2125 ἑορτὰς,
3630 2054 3726 2126 τὴν

2164 2143 2358 2214 ἑορτὴν
2386 2143 2494 2196 τῶν
2522 2143 2656 2197 νέων
2698 2145 2726 2196 6
2758 2141 3050 2205 ἀπόστολος
3064 2142 3274 2206 Παῦλός
3296 2160 3479 2214 φησιν,
3499 2164 3517 2196 ι
3541 2145 3727 2199 Ἐκδυ-

2162 2235 2385 2306 σάμενοι
2417 2234 2508 2288 τὸν
2556 2234 2783 2288 παλαιὸν
2841 2230 3120 2307 ἄνθρωπον
3165 2237 3259 2288 σὺν
3308 2238 3427 2298 ταῖς
3466 2235 3722 2307 πράξεσιν

2160 2326 2324 2381 αὐτοῦ
2349 2368 2365 2393 ,
2434 2324 2527 2376 καὶ
2616 2326 2965 2396 ἐνδυσάμενοι
2998 2326 3089 2379 τὸν
3124 2326 3246 2388 νέον,
3284 2326 3375 2380 τὸν
3401 2328 3720 2381 ἀνακαινού-

2162 2436 2320 2489 μενον
2373 2420 2452 2484 et;
2495 2419 2787 2489 ἐπίγνωσιν
2833 2421 2953 2473 κατ’
2998 2419 3181 2473 εἰκόνα
3227 2418 3320 2473 τοῦ
3352 2421 3655 2485 κτίσαντος.
3696 2439 3715 2472 ο

2155 2511 2365 2565 Οὐκοῦν
2411 2512 2500 2565 ἴνα
2541 2512 2756 2583 ἀγάγῃς
2790 2510 2887 2581 τὴν
2920 2511 3111 2582 ἑορτὴν
3159 2513 3216 2564 ὲν
3264 2513 3394 2583 μηνὶ
3424 2513 3531 2566 τῶν
3563 2513 3719 2575 νέων,

2157 2605 2275 2658 νέον
2319 2622 2377 2658 σε
2407 2604 2659 2673 γενέσθαι
2684 2605 2781 2669 δεῖ,
2814 2603 2905 2657 καὶ
2942 2605 3118 2657 πᾶσαν
3150 2604 3447 2659 ἀποθέσθαι
3498 2604 3723 2659 παλαιό-

2158 2712 2313 2765 τητα.
2343 2688 2477 2747 Εἶτα
2504 2695 2661 2749 ποίαν
2693 2696 2883 2767 ἑορτὴν
2910 2695 3130 2767 πρώτην
3155 2694 3341 2763 ἄγεις;
3372 2695 3452 2748 ὅτι
3484 2696 3582 2767 τὴν
3612 2697 3723 2767 ἑορ-

2156 2786 2253 2855 τὴν
2276 2785 2382 2840 τῶν
2414 2787 2657 2859 ἀζύμων,
2697 2789 2928 2858 μάνθανε
2962 2788 3070 2843 ἀπὸ
3101 2787 3191 2841 τοῦ
3222 2789 3566 2843 Ἀποστόλουθ
3596 2810 3614 2841 ι
3649 2790 3723 2843 Τδ

2157 2876 2265 2948 γὰρ
2295 2879 2479 2949 πάσχα
2509 2880 2685 2950 ἡμῶν,
2718 2881 2900 2952 φησὶν,
2924 2881 3065 2953 ὑπὲρ
3094 2881 3249 2953 ἡμῶν
3279 2880 3439 2952 ἐτύθη
3466 2880 3715 2952 Χριστός·

2157 2968 2295 3022 ὥστε
2332 2970 2672 3042 ἑορτάζωμεν
2700 2972 2771 3042 μὴ
2797 2974 2852 3024 ὲν
2886 2970 3031 3044 ζύμῃ
3065 2973 3287 3043 παλαιᾷ,
3321 2973 3455 3043 μηδὲ
3481 2973 3535 3025 ὲν
3568 2971 3716 3046 ζύμῃ

2156 3060 2353 3123 κακίας
2382 3064 2475 3114 καὶ
2531 3062 2812 3133 πονηρίας,
2852 3062 2965 3115 ἀλλ’
2996 3065 3052 3115 ὲν
3096 3061 3324 3133 ἀζύμοις
3375 3064 3716 3133 εἰλικρινείας

2156 3153 2250 3205 καὶ
2290 3151 2567 3223 ἀληθείας.
2611 3172 2628 3203 ι
2664 3155 2814 3224 ’Ἅμα
2854 3154 2910 3207 δὲ
2941 3155 3213 3223 συνάγαγε
3256 3154 3326 3208 τὰ
3369 3154 3716 3225 νενομοθετη-

2160 3244 2297 3313 μένα
2329 3245 2455 3316 περὶ
2486 3247 2582 3317 τῆς
2609 3246 2799 3316 ἑορτῆς
2834 3244 2942 3299 τῶν
2968 3246 3209 3317 ἀζύμων,
3252 3246 3346 3299 καὶ
3374 3246 3492 3315 ὄψει
3535 3247 3631 3315 μὲν
3656 3246 3714 3300 τδ

2153 3334 2344 3403 ἄλογον
2392 3334 2502 3389 τῶν
2537 3334 2615 3405 τῷ
2655 3335 2801 3406 ῥητῷ
2827 3336 2903 3399 ὡς
2931 3334 3280 3407 πνευματικῷ
3312 3335 3385 3406 μὴ
3424 3336 3716 3407 προσεχόν-

2152 3440 2281 3487 των,
2317 3425 2793 3497 καταφρονούντων
2830 3426 2890 3479 δὲ
2937 3426 3043 3480 τῶν
3093 3425 3477 3497 πνευματικῶν
3520 3426 3598 3490 ὡς
3642 3425 3717 3498 μὴ

2153 3516 2460 3587 χρησίμων.

2229 3626 2247 3658 ι
2284 3608 2398 3662 Οὐκ
2423 3609 2631 3683 ὁφθήσῃ
2655 3608 2883 3665 ἐνώπιόν
2917 3628 3017 3680 μου
3050 3612 3224 3676 κενός.
3257 3631 3276 3663 ι
3318 3612 3456 3666 Ἰσθι
3492 3613 3574 3666 ὅτι
3606 3612 3714 3674 πᾶς

2149 3698 2487 3772 ἄνθρωποςῆ
2520 3702 2673 3766 κενός
2704 3703 2931 3774 ὲστιν,ἢ
2968 3702 3199 3774 πλήρης.
3243 3705 3304 3758 Et
3337 3704 3433 3775 μὲν
3468 3704 3574 3774 γὰρ
3610 3704 3712 3755 οὐκ

2148 3790 2432 3862 ἔχειᾶγιον
2468 3791 2709 3862 Πνεῦμα,
2740 3793 2838 3845 οὐκ
2881 3792 2991 3862 ἔχει
3031 3792 3226 3861 γνῶσιν
3269 3793 3362 3846 τοῦ
3406 3793 3708 3860 κτίσαντος,

2146 3885 2207 3937 οὐ
2232 3883 2562 3955 παρεδέξατο
2590 3884 2734 3956 ζωὴν
2771 3885 2977 3954 Ἰησοῦν
3002 3885 3092 3939 τὸν
3121 3887 3371 3957 Χριστόν·
3406 3887 3453 3938 et
3479 3885 3577 3938 οὐκ
3600 3880 3708 3938 οἶδε

2144 3978 2234 4031 τὸν
2256 3979 2479 4048 Πατέρα
2498 3977 2586 4029 τὸν
2620 3978 2676 4030 ὲν
2706 3976 2972 4048 οὐρανοῖς,
3008 3978 3056 4030 εἰ
3082 3978 3143 4031 οὐ
3185 3978 3291 4049 βιοῖ
3325 3979 3465 4031 κατὰ
3506 3978 3597 4034 τὸν
3622 3977 3711 4031 λό-

2143 4085 2257 4137 γον,
2295 4067 2435 4121 κατὰ
2457 4067 2547 4120 τὸν
2588 4067 2750 4137 νόμον
2783 4070 3030 4140 οὐράνιον
3054 4085 3068 4101 '
3113 4069 3175 4122 οὐ
3213 4073 3496 4140 σωφρονεῖ,
3539 4071 3599 4124 οὗ
3630 4069 3708 4122 δι·-

2144 4160 2504 4231 καιοπραγεῖ·
2529 4159 2558 4210 6
2587 4159 2826 4222 τοιοῦτος
2856 4160 3011 4223 κενός
3047 4161 3209 4214 ἐστιν.
3236 4161 3298 4213 Et
3335 4160 3391 4213 δὲ
3423 4160 3705 4231 κεχώρηκε

2140 4249 2232 4302 τὸν
2245 4250 2468 4303 εἰπόντα
2489 4249 2638 4303 Θεόψ
2671 4268 2689 4299 ι
2732 4250 3025 4320 Ἐνοικήσω
3050 4252 3107 4303 ὲν
3137 4251 3337 4314 αὐτοῖς,
3355 4252 3449 4304 καὶ
3482 4254 3706 4323 ἐμπερι-

2142 4343 2392 4413 πατήσω,
2421 4342 2515 4394 καὶ
2540 4340 2731 4410 ἔσομαι
2764 4340 2945 4405 αὐτοῖς
2964 4340 3113 4406 Θεὸς,
3131 4336 3309 4405 »οὗτος
3336 4342 3435 4395 οὐκ
3464 4342 3579 4395 ἔστι
3613 4360 3705 4397 κε-

2070 4421 2115 4476 Ῐ)
2144 4433 2252 4497 νὸς,
2289 4430 2444 4485 ἀλλὰι
2466 4431 2696 4501 πλήρης.

2218 4540 2237 4573 ι
2261 4522 2418 4592 Τρεῖς
2445 4520 2665 4591 καιροὺς
2694 4518 2785 4572 τοῦ
2802 4517 3047 4572 ἐνιαυτοῦ
3079 4520 3372 4593 ὀφθήσεται
3410 4523 3515 4575 πᾶν
3547 4520 3707 4592 ἀρσε-

2139 4613 2287 4667 νικόν
2320 4630 2413 4665 σου
2447 4609 2672 4664 ἐνώπιον
2706 4609 2911 4682 Κυρίου
2939 4611 3030 4664 τοῦ
3059 4611 3193 4664 Θεοῦ
3236 4629 3348 4664 σου.
3392 4631 3410 4662 ι
3431 4610 3494 4663 Τί
3516 4611 3706 4664 ὲστιτὸ

2140 4705 2302 4777 ῥητὸν
2350 4704 2556 4772 εἴποιμι
2590 4702 2674 4756 ἄν.
2715 4704 2779 4755 Ὃ
2837 4703 3164 4775 πράττομεν,
3214 4703 3246 4774 ἦ
3302 4703 3433 4773 θῆλύ
3464 4705 3631 4765 ὲστιν,
3669 4701 3701 4771 ἦ

2140 4794 2444 4866 ἀρσενικόν.
2468 4793 2528 4845 Εἰ
2566 4792 2663 4863 μὲν
2707 4788 2799 4845 οῦν
2832 4792 3058 4862 θηλυκόν
3090 4794 3234 4846 ἐστιν
3272 4793 3300 4846 6
3350 4792 3630 4862 ποιοῦμεν,
3669 4790 3701 4860 ἢ

2138 4885 2447 4957 σωματικόν
2472 4883 2692 4954 ὲστιν,ἦ
2728 4884 3006 4955 σαρκικόν.
3036 4885 3354 4956 Σπείροντες
3369 4885 3475 4955 γὰρ
3512 4885 3591 4946 εἰς
3605 4883 3703 4954 τὴν

2136 4978 2337 5049 σάρκα,
2376 4974 2633 5044 ποιοῦμεν
2674 4973 2802 5043 θῆλυ
2844 4974 2902 5027 τὸ
2936 4976 3175 5046 γέννημα
3228 4977 3328 5045 τῆς
3358 4975 3551 5045 ψυχῆς,
3602 4974 3704 5027 οὐκ

2131 5070 2316 5142 ἄρρεν’
2352 5069 2464 5121 ἀλλ’
2503 5070 2994 5141 ὲκνενευρισμένον,
3030 5069 3236 5122 ἁπαλόν
3282 5086 3340 5121 τε
3370 5068 3462 5121 καὶ
3495 5066 3698 5119 ὑλικόν.

2130 5162 2193 5214 Εἰ
2230 5163 2409 5232 μέντοι
2444 5161 2728 5231 βλέποντες
2762 5162 2827 5215 τά
2864 5161 3071 5226 αἰώνια,
3095 5164 3188 5215 καὶ
3217 5162 3351 5231 πρὸς
3376 5164 3485 5223 τοῖς
3521 5160 3698 5231 κρειτ-

468 5268 577 5311 tum
632 5256 896 5309 habentes
938 5254 1198 5319 animum,
1253 5251 1465 5306 fructus
1527 5251 1749 5320 spiritus
1792 5252 2027 5319 edimus,

2155 5270 2277 5305 ὀσιν
2340 5252 2553 5322 ἔχοντες
2606 5251 2701 5323 τὴν
2757 5253 3011 5316 διάνοιαν,
3072 5251 3525 5323 καρποφοροῦμεν
3574 5248 3697 5311 τοὺς

462 5361 650 5404 omnes
688 5344 828 5400 lctus
855 5345 1021 5399 nostri
1059 5358 1234 5397 mares
1256 5352 1400 5398 sunt.
1433 5342 1561 5408 Quae
1591 5342 1754 5411 igitur
1794 5341 2029 5397 oﬂerun-

465 5446 552 5490 tur
598 5438 650 5492 in
697 5445 987 5506 conspectu
1013 5435 1131 5503 Dei,
1168 5450 1391 5504 qumque
1426 5434 1701 5490 Creatoris
1746 5433 1917 5488 oculis
1946 5447 2035 5501 ap-

538 5617 574 5649 “
615 5619 829 5675 Coloss.
881 5638 961 5677 tu.
1004 5623 1058 5680 9.
1112 5622 1196 5676 l0.

460 5689 505 5721 "
545 5691 709 5744 lixod.
754 5708 905 5757 χλιιι,
954 5694 1033 5745 l7.

1305 5622 1348 5652 δ’
1378 5621 1540 5677 lCor.
1594 5635 1645 5686 ν,
1676 5621 1728 5677 8.

1838 5618 1884 5652 ⁸³
1918 5616 2090 5673 Evod.
2145 5633 2299 5683 mn,
2340 5618 2425 5673 15.

2132 5344 2377 5414 καρποὺς
2429 5342 2521 5396 τοῦ
2561 5342 2887 5414 πνεύματος,
2920 5345 3014 5397 καὶ
3052 5345 3227 5397 πάντα
3280 5344 3347 5396 τὰ
3385 5342 3699 5412 γεννήματα

2137 5433 2292 5506 ήμῶν
2324 5434 2525 5504 ἄῤῥενά
2567 5437 2699 5488 ὲστι.
2731 5435 2810 5487 Τὰ
2838 5437 3014 5490 τοίνυν
3054 5436 3325 5506 φερόμενα
3349 5432 3577 5487 ἐνώπιον
3604 5429 3699 5485 τοῦ

2536 5620 2655 5652 ⁸³⁸⁸⁸
2698 5620 2867 5675 chit.
2912 5636 3057 5688 xm,
3106 5620 3203 5687 li;
3241 5619 3278 5673 ll
3327 5619 3452 5675 Cor.
3489 5633 3563 5686 τι,
3605 5615 3693 5672 l8.
