4122 6248
357 287 463 343 ξὶεΠ

1581 222 1646 326 lbi
1683 267 1969 325 EXODUM
2013 263 2297 322 llOMlIdA
2342 263 2381 316 1.

3534 247 3640 301 9.98

358 401 521 466 Θεοῦ,
556 401 622 454 τὰ
659 399 752 452 καὶ
776 395 1120 468 tellit-adpelle
1152 393 1218 463 τῇ
1243 391 1363 461 Mys:
1387 388 1480 442 τοῦ
1517 388 1819 449 κτίσαντος,
1850 387 1953 458 ἀρ·
1986 415 1997 447 λ

2081 390 2274 444 tarent,
2331 381 2444 433 haec
2496 375 2762 438 mascula,
2811 390 2914 429 non
2970 375 3199 430 feminea
3246 380 3394 426 Sttul.
3454 370 3639 440 Neque

365 493 562 550 σενικά
592 494 759 553 ἐστιν,
779 491 898 559 οὐχὶ
931 488 1114 559 θήλεα.
1153 484 1227 536 Oti
1257 483 1368 555 γὰρ
1396 481 1462 534 τὰ
1498 478 1725 551 θηλυκὰ,
1762 478 1854 531 καὶ
1881 477 1949 530 τὰ

371 582 665 654 σωματικὰ
702 580 840 645 ἀξιοῖ
865 578 1079 650 βλέπειν
1111 577 1139 628 ὁ
1173 574 1326 637 Θεόςι

397 730 1258 763 =_-——_——___—-.___————-—"—

453 733 3554 761 ww

2056 476 2201 528 enim
2260 472 2492 526 feminea
2529 479 2622 523 aut
2679 482 2940 537 corporea
2993 468 3238 536 dignatur
3296 467 3437 520 Deus
3467 465 3643 536 respi-

2058 579 2207 618 cere.

2687 717 2854 726 ...ψ-

1187 886 1860 1015 ORIGENIS
1946 894 2089 1009 ΙΝ
2184 877 2825 1005 EXODUM.

874 1268 1155 1343 ttout'uA
1221 1280 1457 1337 PRIMA.

452 1385 504 1441 I.
539 1379 762 1440 Videtur
789 1367 919 1434 mihi
949 1376 1319 1446 unusquisque
1349 1387 1530 1428 sermo
1581 1371 1778 1424 divinae
1808 1369 1960 1425 Scri-

380 1493 550 1548 ιιειιτςρ
572 1475 768 1531 similis
795 1487 917 1526 esse
943 1470 1105 1525 alicui
1139 1468 1430 1528 seminum,
1451 1466 1607 1535 cujus
1635 1474 1826 1518 natura
1851 1465 1965 1516 haec

380 1583 481 1634 est,
519 1580 579 1623 ttt
607 1584 731 1622 cum
763 1565 970 1634 iactum
1017 1560 1180 1614 fuerit
1215 1561 1268 1613 itt
1312 1567 1542 1621 terram,
1586 1564 1961 1626 regeneratum

2069 1262 2347 1329 triarcha'.
2388 1289 2405 1324 ι
2452 1255 2651 1342 .loseph
2683 1274 2883 1332 autem,
2919 1264 3114 1338 inquit,
3150 1271 3267 1324 erat
3301 1268 3352 1322 itt
3392 1255 3649 1340 Aigj'pio'.

2071 1365 2238 1418 Erant
2284 1372 2458 1417 autem
2509 1376 2699 1418 oumes
2731 1359 2926 1413 anima:
2980 1361 3044 1413 de
3091 1351 3259 1414 Jacob
3306 1362 3650 1429 septuaginta

2072 1443 2331 1526 quinque.
2368 1467 2384 1508 ι
2418 1453 2606 1509 Simile
2633 1453 2756 1508 huic
2803 1451 3063 1522 mysterio
3094 1462 3146 1506 et
3183 1453 3310 1505 illud
3345 1459 3463 1506 esse
3495 1456 3652 1522 pitto,

2070 1550 2213 1620 quod
2258 1565 2352 1619 per
2403 1541 2721 1617 prophetam
2754 1545 2974 1608 dicitur,
3019 1545 3062 1600 si
3091 1543 3215 1614 quis
3241 1545 3522 1598 advertere
3552 1560 3652 1613 po-

381 1645 434 1717 in
469 1631 714 1730 spiram,
763 1631 848 1711 vel
898 1656 952 1709 in
983 1665 1365 1721 quamcunque
1413 1639 1572 1702 aliam
1622 1650 1704 1702 sui
1751 1648 1964 1718 generis
1997 1648 2038 1700 Β
2070 1653 2173 1700 test
2205 1645 2216 1698 ὲ
2250 1663 2266 1695 ‹
2293 1643 2347 1697 1η
2366 1631 2660 1712 Ᾰέεγμιιιιη
2700 1640 2979 1694 descendit
3011 1640 3241 1709 populus
3277 1645 3450 1701 meus,
3478 1637 3535 1693 ut
3559 1641 3658 1696 ha-

384 1755 618 1820 Speciem
655 1746 1028 1816 multipliciter
1062 1742 1408 1806 dill'undatur,
1455 1747 1508 1794 et
1539 1750 1688 1792 tanto
1718 1740 1962 1793 cumula-

388 1849 516 1905 tius,
552 1849 754 1910 quanto
786 1837 867 1890 vel
904 1836 1111 1906 peritus
1133 1833 1367 1905 agricola
1397 1832 1517 1900 plus
1561 1832 1860 1886 seminibus
1889 1831 1966 1885 la-

391 1936 537 1987 boris
585 1930 926 2000 impenderit,
962 1926 1040 1979 vel
1082 1926 1396 1980 beneﬁcium
1436 1934 1592 1978 terrae
1633 1913 1968 1980 l'ecttndioris

394 2024 694 2079 indulserit.
745 2023 834 2076 Sic
886 2035 1017 2090 ergo
1065 2017 1295 2073 elﬁcitur
1326 2027 1382 2070 ut
1414 2015 1643 2072 culturze
1687 2017 1964 2086 diligentia

392 2118 644 2183 exiguum
681 2127 886 2176 εειιιειι,
921 2111 1069 2164 verbi
1101 2123 1292 2171 causa,
1330 2108 1560 2178 sinapis,
1588 2095 1838 2177 quodest
1871 2109 1970 2160 tui-

391 2209 593 2259 nimum
617 2205 877 2266 onmium,
930 2201 1193 2255 elﬁciatur
1228 2199 1402 2266 majus
1422 2199 1675 2253 onmibus
1705 2199 1966 2262 oleribus,

387 2298 552 2352 ett‘tat
576 2299 736 2350 arbor
772 2311 785 2346 :
819 2317 835 2342 ι
882 2294 957 2348 Ita
991 2303 1047 2347 ut
1071 2295 1292 2348 veniant
1329 2283 1564 2346 volatilia
1599 2290 1744 2350 (εαξη,
1784 2297 1838 2344 et
1873 2291 1969 2342 ha-

388 2392 557 2445 bitent
581 2390 635 2443 in
679 2388 843 2442 ramis
885 2387 999 2453 ejus
1034 2387 1102 2443 ".
1134 2406 1152 2440 ι
1189 2385 1268 2440 lla
1291 2396 1346 2441 et
1375 2387 1461 2440 hic
1502 2400 1684 2441 sermo
1715 2381 1804 2453 qui
1827 2398 1971 2438 nunc

389 2483 546 2537 nobis
581 2497 646 2535 ex
682 2481 884 2535 divinis
916 2479 1282 2533 voluminibus
1313 2478 1574 2533 recitatus
1610 2484 1710 2539 est,
1744 2476 1788 2529 si
1822 2475 1968 2545 peri-

392 2584 504 2627 tum
552 2571 788 2626 inveniat
837 2581 892 2624 et
949 2571 1263 2640 diligentem
1307 2569 1579 2635 colonum,
1620 2583 1741 2623 cum
1794 2569 1970 2637 primo

393 2676 596 2717 attactu
628 2665 878 2719 videatur
904 2663 1129 2732 exiguus
1145 2671 1198 2715 et
1218 2662 1422 2726 brevis,
1456 2671 1513 2714 ut
1547 2661 1775 2725 cmperit
1796 2655 1974 2714 excoli

394 2768 448 2811 ct
486 2755 804 2826 Spiritaliter
831 2753 1079 2817 tractari,
1111 2753 1310 2808 crescit
1365 2753 1417 2805 in
1468 2753 1736 2816 arborem,
1788 2748 1843 2805 in
1880 2766 1962 2804 ra-

399 2867 514 2904 mos
545 2859 600 2904 et
636 2849 687 2902 in
723 2848 954 2917 virgulta
994 2844 1344 2910 dilIunditur;
1370 2845 1438 2897 ita
1465 2853 1522 2898 ttt
1558 2845 1766 2913 possint
1788 2857 1975 2898 ventre

399 2943 781 3011 disputatores,
832 2939 1099 3004 rhetores,
1133 2949 1378 2992 oratores
1429 2935 1585 3003 hujus
1627 2935 1807 2991 nmndi
1836 2937 1975 3007 ΠΗ,

400 3037 488 3104 qui
518 3034 662 3088 velut
691 3047 820 3088 aves
848 3032 970 3086 caeli
1009 3031 1216 3086 levibus
1260 3031 1474 3100 pennis,
1509 3030 1802 3084 verborum
1836 3030 1972 3084 dun-

400 3137 544 3182 taxat
581 3140 798 3195 pompa,
829 3123 1042 3178 excelsa
1070 3131 1352 3178 sectantur
1374 3131 1428 3176 et
1451 3122 1642 3183 ardua,
1667 3131 1722 3176 et
1750 3121 1977 3177 rationi-

401 3219 501 3273 bus
529 3217 671 3286 capti
704 3216 870 3271 velint
914 3215 1158 3270 habitare
1193 3215 1244 3268 in
1296 3214 1466 3268 ramis
1511 3212 1650 3276 istis,
1683 3212 1735 3266 in
1781 3216 1977 3282 quibus

401 3327 506 3367 non
542 3309 790 3380 loquendi
816 3309 978 3362 decor
1003 3315 1107 3374 est,
1131 3307 1224 3361 sed
1254 3307 1393 3361 ratio
1421 3306 1653 3360 vivendi.
1677 3305 1815 3372 Quid
1847 3322 1979 3376 ergo

401 3404 667 3457 faciemus
688 3411 740 3455 et
762 3416 861 3454 nos
881 3399 946 3453 de
981 3399 1067 3454 his
1083 3415 1204 3469 qua
1224 3398 1357 3453 lecta
1382 3407 1506 3452 sunt
1527 3397 1722 3452 nobis?
1755 3398 1810 3452 Si
1845 3399 1976 3452 mihi

404 3494 664 3547 Dominus
696 3493 996 3546 concedere
1021 3490 1336 3559 dignaretur
1360 3490 1620 3558 spiritalis
1651 3490 1766 3557 agri
1800 3490 1977 3544 cultu-

400 3601 477 3640 ne
502 3585 864 3652 disciplinam,
911 3582 957 3635 si
1011 3581 1259 3650 peritiam
1296 3581 1507 3636 colendi
1559 3581 1700 3636 ruris
1731 3583 1977 3648 donaret,

402 3693 546 3731 unus
572 3690 755 3731 sermo
783 3689 846 3727 ex
877 3675 960 3727 his
985 3688 1105 3742 quae
1138 3673 1361 3726 recitata
1392 3683 1516 3728 sunt
1543 3675 1821 3726 intantmu
1853 3689 1981 3740 pos-

401 3783 486 3826 set
529 3771 687 3841 longe
725 3769 940 3837 lateque
989 3765 1240 3829 dilfundi,
1288 3766 1332 3820 si
1381 3775 1557 3819 tamen
1592 3776 1646 3820 et
1673 3766 1982 3819 auditorum

403 3863 680 3932 capacitas
706 3862 936 3924 sineret,
973 3868 1030 3912 ut
1055 3859 1140 3912 vix
1173 3856 1328 3912 nobis
1357 3859 1424 3911 ad
1455 3858 1835 3927 explicandum
1867 3852 1983 3912 sul-

406 3956 592 4010 tlcerct
618 3956 750 4008 dies.
791 3951 1152 4007 Tentabimus
1193 3962 1372 4004 tamen
1419 3966 1516 4018 pro
1547 3951 1756 4003 viribus
1783 3951 1986 4005 nostris

407 4047 580 4115 aliqua
603 4047 898 4107 disserere,
937 4046 1102 4098 etiam
1143 4044 1188 4099 si
1216 4059 1391 4112 neque
1422 4043 1577 4098 nobis
1604 4044 1852 4098 universa
1883 4049 1980 4098 eit-

409 4138 632 4206 plicare,
689 4151 863 4206 neque
898 4135 1056 4190 vobis
1102 4145 1298 4190 cuneta
1333 4135 1522 4189 audire
1567 4134 1824 4204 possibile
1878 4143 1983 4189 est.

405 4229 543 4294 Quia
568 4240 623 4285 et
653 4235 754 4287 hoc
788 4229 960 4297 ipsum
994 4241 1309 4296 agnoscere,
1343 4227 1488 4295 quod
1523 4242 1683 4294 supra
1713 4226 1860 4279 vires
1891 4243 1986 4279 no-

2069 1738 2266 1790 bitaret
2299 1736 2392 1801 ibi,
2426 1745 2481 1789 et
2516 1735 2567 1787 in
2608 1732 2859 1804 Assyrios
2897 1733 2946 1787 vi
2979 1731 3244 1786 abductas
3269 1743 3350 1786 est
3379 1729 3490 1804 (72)
3523 1731 3592 1786 “.
3630 1742 3651 1785 ὁ

2069 1829 2127 1905 Si
2157 1830 2277 1897 quis
2306 1842 2434 1896 ergo
2458 1835 2634 1895 potest
2669 1825 2901 1879 invi'c'em
2934 1815 3033 1878 sibi
3069 1826 3170 1878 ista
3207 1823 3480 1887 conferre,
3512 1829 3566 1878 et
3587 1828 3655 1879 et

2071 1924 2154 1978 his
2187 1927 2306 1992 qua:
2331 1908 2413 1976 vel
2442 1936 2469 1974 a
2491 1920 2761 1990 priOI'llttlS
2787 1919 3012 1980 nostris,
3051 1920 3131 1974 vel
3159 1913 3321 1972 etiam
3347 1936 3374 1973 a
3409 1925 3660 1987 coiequm

2071 2016 2236 2078 libus,
2265 2017 2358 2068 sed
2390 2025 2442 2069 et
2473 2029 2502 2067 a
2555 2001 2710 2066 nobis
2743 2027 3132 2081 nonnunquam
3184 2009 3457 2080 disputata
3507 2011 3655 2076 sunt,-

2074 2109 2376 2178 intelligere
2409 2101 2602 2174 pnterit
2636 2121 2754 2174 qua:
2786 2105 2859 2159 sit
2903 2092 3173 2175 .‘Egyptus
3211 2106 3264 2159 in
3294 2121 3454 2174 quant
3486 2112 3655 2177 pdpu-

2074 2201 2156 2254 lus
2193 2201 2284 2255 Dei
2323 2214 2427 2253 nun
2479 2208 2587 2252 tam
2616 2200 2680 2251 ad
2722 2198 3072 2251 habitandum
3113 2196 3273 2266 quam
3315 2199 3379 2251 ad
3415 2199 3659 2255 incolen-

2073 2295 2200 2349 dum
2234 2278 2532 2356 descendit,
2564 2293 2658 2364 qui
2687 2276 2850 2346 etiam
2883 2289 2990 2345 sint
3021 2287 3248 2362 Assyrii,
3294 2295 3384 2360 qui
3424 2306 3516 2348 eos
3551 2285 3682 2346 vim

2074 2380 2340 2442 facientes
2367 2369 2731 2448 abduxerunt,
2769 2383 3169 2453 cotiseqtienter
3204 2386 3446 2441 advertat
3499 2372 3660 2457 130

2074 2480 2197 2550 quis
2249 2481 2320 2534 sit
2367 2466 2802 2547 patriarcharum
2861 2493 3122 2532 numerus
3170 2485 3225 2532 et
3271 2480 3427 2546 ordo,
3472 2482 3660 2549 quaeve

2075 2578 2260 2626 eorum
2285 2556 2478 2626 domus
2517 2579 2568 2625 et
2595 2560 2812 2623 familiae
2840 2561 3212 2640 designentur,
3252 2577 3370 2640 qum
3399 2577 3501 2624 una
3535 2588 3658 2626 cum

2075 2659 2242 2718 Jacob
2288 2672 2441 2732 patre
2493 2679 2592 2746 suo
2643 2664 2906 2731 ingressa:
2957 2665 3214 2717 dicuntur
3250 2666 3303 2719 in
3339 2665 3655 2739 A‘Zgyptum.

2079 2743 2368 2810 Descendit
2397 2757 2540 2808 enim
2578 2743 2768 2808 Ruben
2796 2769 2917 2808 cum
2953 2752 3062 2809 tota
3105 2758 3264 2810 dumo
3297 2776 3415 2824 sua,
3451 2772 3502 2814 et
3529 2749 3660 2815 Levi

2077 2861 2203 2902 cum
2241 2841 2349 2901 tota
2393 2848 2552 2902 domo
2593 2863 2714 2910 sua,
2753 2853 2844 2903 sed
2889 2855 2942 2903 et
2985 2852 3164 2903 (ueteri
3211 2860 3424 2906 omnes.
3458 2849 3658 2924 Josepli

2081 2937 2284 3004 autem,
2319 2939 2514 3008 inquit,
2547 2941 2664 2994 erat
2696 2942 2752 3019 in
2783 2925 3039 3012 Egypto,
3075 2952 3127 2996 et
3162 2957 3380 2996 uxorem
3409 2954 3474 2998 ue
3495 2935 3662 3016 [Egys

2080 3041 2172 3102 pto
2198 3034 2427 3100 accepit,
2453 3042 2508 3113 et
2533 3033 2657 3088 licet
2675 3033 2744 3087 ibi
2772 3036 2997 3102 positus,
3027 3036 3204 3088 tamen
3236 3035 3288 3089 in
3325 3028 3663 3102 patriarchas

2077 3139 2199 3176 t‘ttm
2235 3139 2460 3178 numero
2496 3125 2742 3179 habetur.
2777 3128 2831 3180 Si
2889 3128 3010 3195 quis
3051 3143 3181 3195 ergo
3221 3138 3396 3193 potest
3438 3130 3654 3198 spirila-

2082 3200 2206 3293 liter
2245 3213 2343 3267 ista
2385 3213 2660 3269 discutere
2693 3216 3002 3285 etAposloli
3035 3228 3255 3272 sensitm
3289 3219 3437 3288 srq'ui
3465 3211 3534 3282 ⁸⁸,
3556 3235 3667 3288 quo

2081 3305 2343 3358 discernit
2376 3312 2428 3359 et
2463 3315 2716 3376 segregat
2745 3302 2930 3369 Israel,
2983 3318 3034 3361 et
3069 3309 3200 3362 dicit
3233 3325 3355 3363 esse
3375 3305 3661 3377 quemdam

2083 3397 2381 3451 scrttndum
2421 3401 2644 3451 carnem
2687 3392 2880 3460 Israel,
2909 3409 2966 3452 ut
2994 3397 3158 3452 alium
3184 3401 3299 3455 sine
3335 3401 3496 3455 dubio
3522 3403 3666 3457 indis

2085 3497 2172 3543 cet
2197 3502 2318 3542 esse
2359 3489 2656 3543 secundum
2689 3489 2976 3558 spiritum;
3020 3491 3114 3544 sed
3147 3487 3195 3545 el
3224 3491 3268 3545 si
3299 3489 3422 3560 quis
3456 3502 3669 3546 sermo-

2087 3591 2206 3636 nem
2250 3566 2461 3637 Domiui
2487 3580 2798 3649 diligentius
2833 3571 3154 3642 emisideret,
3188 3584 3330 3652 quod
3363 3583 3464 3638 ho'c
3487 3584 3666 3654 ipsum

2087 3675 2335 3742 designat
2381 3691 2502 3728 eum
2547 3675 2674 3730 dicit
2725 3669 2790 3729 de
2823 3673 3058 3744 quodam
3094 3659 3185 3727 ii:
3239 3693 3256 3726 ι
3301 3668 3440 3730 Ecce
3499 3684 3670 3732 verus

2088 3767 2364 3832 Israelita,
2421 3769 2474 3823 in
2522 3782 2628 3837 quo
2673 3767 2828 3822 dolus
2873 3767 2977 3821 non
3008 3765 3118 3830 est;
3163 3787 3180 3818 ι
3219 3769 3271 3822 et
3301 3767 3389 3820 dat
3442 3767 3669 3834 intelligi

2088 3874 2208 3916 csse
2248 3860 2460 3930 aliquos
2491 3875 2647 3915 veros
2676 3847 2978 3921 lsraelitas,
3008 3861 3222 3928 aliquos
3240 3859 3356 3914 sine
3380 3859 3668 3914 dubionon'

2087 3967 2290 4017 veros;
2343 3953 2542 4022 pulerit
2579 3951 2812 4007 fortasse
2851 3936 3193 4021 Spiritalihus
3241 3952 3501 4022 spiritalia
3536 3962 3670 4007 cou-

2090 4044 2273 4101 l'ereus
2329 4054 2384 4098 et
2419 4044 2574 4098 novis
2610 4052 2794 4123 vetera
2832 4059 2893 4097 ac
2939 4044 3218 4098 veteribus
3272 4046 3408 4098 nova
3447 4051 3671 4113 compa-

2091 4153 2245 4201 nens,
2295 4135 2612 4206 mysterium
2644 4133 2864 4205 zEgypli
2890 4144 2945 4187 et
2983 4137 3417 4204 patriarcharum
3452 4136 3503 4190 in
3551 4146 3670 4191 eam

2090 4229 2458 4284 descensiouis
2493 4227 2608 4298 (75)
2644 4229 2951 4282 advertere.
2985 4219 3090 4279 Sed
3120 4237 3173 4280 et
3212 4223 3547 4282 differentias
3577 4229 3675 4282 tri-

406 4306 561 4376 stras‘
604 4322 672 4376 sit
704 4321 895 4374 horum
943 4319 1189 4382 scientia,
1219 4335 1325 4373 non
1364 4333 1544 4386 parva!
1571 4319 1809 4373 arbitror
1867 4333 1987 4374 esse
2021 4337 2064 4391 ῃ
2095 4321 2256 4373 Ιιιιιιιιι
2303 4317 2779 4385 contemplabitur,
2819 4314 2878 4370 ut
2911 4317 3166 4384 conjiciat
3218 4321 3351 4388 quia
3411 4317 3676 4372 eximium

409 4415 636 4484 peritize.
675 4411 962 4465 Videamus
987 4426 1116 4482 ergo
1140 4411 1267 4480 quid
1300 4411 1482 4466 statim
1514 4412 1566 4464 in
1598 4411 1766 4464 initiis
1812 4403 1988 4465 Exodi

411 4506 571 4559 lectio
598 4506 894 4568 contineat,
915 4513 970 4556 ct
998 4516 1102 4570 qua
1130 4517 1416 4569 possumus
1443 4501 1706 4556 brevitate
1725 4512 1984 4572 quantum

409 4600 477 4650 ad
507 4597 920 4652 aedificationem
950 4595 1261 4648 auditorum
1306 4592 1524 4658 sullicit,
1555 4608 1945 4663 persequamur
1970 4611 1986 4659 ;

410 4689 454 4741 si
512 4698 690 4741 tamen
746 4688 997 4757 precibus
1048 4686 1242 4740 vestris
1293 4685 1517 4754 juvetis,
1561 4695 1614 4739 ιιι
1667 4687 1992 4742 adsitnohis

412 4796 594 4834 sermo
646 4781 762 4835 Dei.
796 4792 852 4834 et
903 4780 1016 4848 ipse
1048 4781 1154 4834 dux
1193 4779 1368 4834 nostri
1425 4779 1672 4846 dignetur
1711 4793 1830 4833 esse
1868 4795 1991 4834 ser-

413 4870 610 4922 monis.

483 4963 536 5016 2.
569 4980 586 5012 ι
631 4961 754 5015 llaec
791 4972 938 5025 sunt,
974 4961 1149 5030 inquit
1189 4961 1255 5024 ⁸⁸,
1297 4959 1514 5014 nomina
1543 4952 1776 5015 filiorum
1805 4947 1988 5026 lsrael,

411 5055 502 5122 qui
529 5054 754 5122 ingrcssi
788 5064 916 5107 sunt
943 5055 996 5106 in
1021 5052 1316 5123 Aigyptum
1347 5067 1454 5105 una
1489 5067 1614 5106 cum
1645 5049 1813 5106 Jacob
1839 5063 1992 5121 patre

413 5164 536 5212 suo,
569 5153 938 5218 unusquisque
963 5163 1086 5202 cum
1132 5149 1384 5204 universa
1409 5150 1588 5203 ’(lOlllO
1617 5163 1712 5200 sua
1749 5147 1991 5202 intrave-

418 5252 564 5306 runt,
600 5239 811 5304 Ruben,
839 5239 1083 5307 Simeon,
1118 5239 1268 5306 Levi,
1310 5239 1500 5308 Judas,
1545 5260 1562 5293 ι
1607 5252 1658 5295 et
1686 5241 1868 5296 caeteri
1895 5257 1993 5311 pa-

495 5379 539 5412 "
573 5378 769 5434 Matth.
806 5394 926 5439 xm,
957 5365 1048 5433 32.
1125 5377 1172 5408 ⁸⁸
1189 5377 1358 5433 Exod.
1387 5395 1424 5444 t,
1467 5380 1514 5443 l,
1539 5379 1594 5432 2.

487 5503 599 5572 (Ἠ)
653 5503 742 5557 Sic
788 5517 919 5556 mss.
959 5477 1128 5563 Alias,
1175 5519 1193 5551 ι
1233 5501 1607 5569 disputatores
1650 5511 1704 5556 et
1744 5503 1994 5558 rhetores

413 5573 573 5639 hujus
598 5574 802 5626 mttndi.
850 5591 868 5623 ι

486 5643 597 5714 (72)
634 5645 852 5707 Aliquot
897 5657 1052 5702 tnss.,
1105 5661 1122 5693 ι
1157 5653 1212 5696 ιιι
1245 5641 1529 5714 _hal)itaret
1557 5643 1627 5697 ilti
1663 5655 1716 5695 et
1743 5643 1992 5714 Assyrio?

416 5731 535 5767 runt
581 5712 642 5766 ivi
700 5715 965 5766 abductus
1025 5724 1126 5766 est.
1165 5734 1182 5763 ι
1244 5712 1407 5765 Paulo
1461 5723 1579 5782 post
1642 5729 1796 5779 t-nss.,
1851 5712 1996 5767 ivel

730 5807 1005 5866 Panos.
1052 5808 1166 5866 Gn.
1217 5805 1361 5865 ΧΗ.-

1676 5379 1720 5410 "
1805 5377 1904 5434 Isa.
1963 5393 2057 5446 ιιι,
2089 5381 2140 5434 ι.

2094 4413 2269 4466 visum
2297 4413 2368 4466 sit
2397 4413 2449 4466 itt
2490 4412 2633 4465 tribu
2664 4403 2814 4477 Levi,
2841 4414 2982 4481 quod
3013 4417 3078 4465 ex
3123 4426 3190 4466 ea
3218 4411 3531 4467 sacerdotes
3573 4412 3678 4465 llu-

2096 4490 2226 4559 tniui
2279 4505 2550 4574 eliguntur
2600 4519 2664 4557 ac
2711 4503 2980 4569 ministri;
3039 4500 3169 4572 quid
3222 4502 3389 4558 etiam
3432 4503 3485 4558 in
3535 4505 3679 4557 tribu
3747 4501 3750 4542 ξ

2091 4581 2224 4650 Juda
2256 4595 2585 4663 praecipuum
2616 4581 2874 4648 Dominus
2897 4595 3148 4660 senserit,
3177 4595 3316 4664 quad
3337 4608 3399 4650 ex
3424 4609 3488 4650 ea
3525 4602 3683 4661 reges

2091 4697 2446 4744 assumuntur
2494 4692 2547 4740 ct
2587 4687 2900 4756 principes;
2943 4696 2997 4740 et
3048 4684 3192 4756 quod
3235 4696 3319 4743 est
3350 4688 3522 4754 majus
3559 4695 3663 4738 (un-

2095 4781 2266 4843 nium,
2300 4780 2441 4848 quod
2471 4795 2536 4832 ex
2571 4780 2681 4848 ipsa
2716 4779 2879 4832 etiam
2935 4775 3194 4832 Dominus
3222 4787 3276 4832 et
3309 4777 3558 4831 Salutor
3586 4781 3694 4830 nu-

2092 4882 2205 4928 5ter
2257 4873 2552 4926 secundum
2602 4887 2824 4926 carnem
2873 4873 3132 4939 nascitur.
3179 4871 3374 4925 Nescio
3426 4871 3572 4924 enim
3627 4869 3673 4922 si

2092 4966 2467 5036 hujusrcmdli
2505 4966 2783 5034 privilegia
2815 4965 2879 5016 ad
2914 4963 3128 5017 illorum
3162 4963 3356 5016 merita
3384 4956 3672 5018 referenda

2090 5060 2221 5125 sint,
2251 5073 2315 5112 ex
2343 5074 2570 5128 quorum
2610 5058 2780 5124 stirpe
2806 5070 3000 5110 nomen
3034 5055 3116 5109 Vel
3144 5055 3406 5124 originem
3444 5054 3672 5117 ducunt,

2094 5153 2145 5206 id
2190 5161 2273 5206 est
2309 5152 2390 5206 vel
2440 5147 2508 5204 ad
2558 5151 2731 5218 ipsum
2776 5141 2992 5212 ludam,
3041 5147 3126 5203 vel
3164 5147 3231 5200 ad
3291 5146 3442 5213 Levi,
3481 5144 3565 5200 vel
3606 5145 3673 5199 ad

2093 5251 2534 5312 mtttquemque
2564 5253 2777 5307 eorum,
2815 5242 2905 5310 qui.
2944 5240 3106 5296 tribui
3133 5247 3341 5296 nomen,
3365 5238 3530 5294 dedit.
3564 5236 3676 5292 Mo-

2216 5379 2263 5410 "
2301 5379 2318 5431 I
2370 5381 2498 5436 Cor.
2532 5397 2586 5446 tt,
2637 5379 2720 5433 18.
2797 5379 2842 5411 ⁸³
2883 5377 3039 5435 Joatt.
3085 5396 3124 5443 ι,
3159 5380 3243 5436 47.

2103 5501 2266 5624 filiam
2292 5518 2318 5554 a
2348 5503 2733 5570 ceiequ‘alibtts.
2775 5521 2792 5554 ι
2825 5499 2990 5569 Alias,
3031 5521 3047 5554 ι
3086 5505 3167 5557 vel
3200 5503 3361 5558 etiam
3387 5506 3453 5557 ab
3491 5519 3677 5574 anua-o
3713 5515 3720 5521 ‘

2125 5589 2263 5624 nus.
2311 5593 2328 5624 ι

2125 5589 2263 5628 ιιιιιε.
2311 5593 2328 5624 ι

2176 5645 2284 5714 (75)
2319 5645 2489 5709 Alias,
2525 5663 2542 5696 ι
2582 5645 3014 5704 descensionem.
3052 5665 3069 5699 ι

3295 5809 3368 5866 10
