4122 6248
502 240 613 293 ἩΞ)

1946 244 2124 302 «οῐιια
2134 245 2287 304 ENIS

3678 257 3801 315 δυσ

505 379 597 421 vet
627 364 772 419 enim
812 381 898 419 me
931 366 982 420 in
1009 365 1112 419 hac
1151 366 1453 421 intentione
1480 375 1533 422 et
1565 366 1717 432 illud,
1766 370 1907 437 qttod
1934 369 2100 425 Joan-
2130 374 2173 429 A
2206 372 2441 438 habere,
2492 382 2586 428 aut
2625 383 2921 444 nequeunt.
2971 374 3215 446 Denique
3270 376 3458 432 statim
3508 376 3561 432 in
3616 379 3783 437 initiis

504 471 605 510 nes
646 456 696 509 in
730 454 1052 525 Apocalypsi
1082 457 1147 510 dc
1181 456 1377 525 populo
1409 457 1510 510 hoc
1539 458 1629 525 qui
1665 454 1879 512 Christo
1909 459 2085 511 credi-

504 547 603 613 dit,
632 548 817 602 scribit
849 546 913 602 ".
947 548 1082 603 Dicit
1109 548 1251 601 enim
1275 548 1400 617 quia
1435 563 1498 602 ex
1537 550 1677 603 tribu
1713 549 1900 604 Ruben
1945 550 2085 605 duo-

503 638 678 695 dec'm
716 640 903 706 millia,
927 655 992 695 ex
1032 639 1170 693 tribu
1219 640 1440 693 Simeon
1473 640 1756 694 duodecim
1790 641 1979 705 millia,
2009 641 2085 695 si-

501 731 703 786 militer
750 742 929 786 autem
979 741 1032 785 et
1083 748 1147 786 ex
1202 731 1431 802 singulis
1485 732 1790 801 quibusque
1835 735 2083 791 tribubus

497 827 744 880 duodena
781 827 967 891 millia,
992 826 1311 895 quossimul
1336 840 1526 879 omnes
1552 825 1685 879 dicit
1717 840 1840 881 esse
1865 837 2079 881 centum

496 920 860 989 quadraginta
917 930 1152 988 quatuor
1196 919 1385 983 millia,
1410 919 1500 988 qui
1533 934 1591 974 se
1615 935 1736 974 cum
1765 919 2080 975 mulieribus

497 1030 601 1065 non
622 1012 1112 1080 roinqninaverint,
1132 1013 1223 1065 sed
1239 1012 1475 1075 virgines
1491 1012 1908 1082 permanserint.
1926 1011 2078 1078 Quod

494 1106 683 1172 utique
736 1118 861 1156 cum
912 1104 1134 1171 dicitur,
1190 1118 1286 1157 nec
1329 1104 1729 1173 qualiscunque
1780 1105 1860 1159 vel
1897 1106 2076 1175 inepta

496 1205 675 1265 potest
701 1212 822 1249 esse
858 1198 1095 1262 suspicio
1141 1199 1271 1267 quin
1306 1200 1371 1251 ad
1404 1200 1533 1253 istas
1562 1201 1734 1254 tribus
1767 1199 2075 1254 Iudaeorum

490 1289 738 1351 Simeon,
765 1298 813 1340 ct
851 1288 998 1352 Levi,
1024 1298 1077 1343 ct
1105 1300 1328 1343 creteras
1355 1308 1473 1360 qua:
1495 1292 1560 1347 de
1588 1291 1755 1348 Jacob
1784 1310 1954 1363 genus
1976 1295 2075 1347 du-

492 1390 644 1442 rttul,
700 1381 909 1447 possint
968 1381 1231 1434 revocari.
1264 1382 1341 1434 Ad
1390 1398 1528 1451 quos
1555 1385 1719 1454 igitur
1751 1398 1931 1455 patres
1974 1388 2078 1443 iste

493 1487 749 1524 numerus
782 1471 1053 1539 virginum
1087 1469 1401 1527 referendus
1424 1474 1512 1536 sit,
1542 1484 1649 1528 tam
1689 1478 1941 1544 :cqualis,
1966 1489 2072 1532 tam

491 1567 725 1636 integer,
765 1577 984 1634 tamque
1035 1566 1393 1634 compositus,
1442 1567 1511 1620 ita
1574 1578 1631 1620 ut
1689 1568 1868 1623 nulltts
1900 1570 2074 1624 altero

490 1660 738 1728 superior
781 1668 871 1710 aut
904 1657 1128 1711 inferior
1182 1668 1518 1721 numeretur,
1564 1673 1663 1725 ego
1699 1661 1917 1728 quidem
1944 1676 2072 1729 pro-

2194 462 2308 531 ipse
2335 464 2511 518 Adam
2538 466 2667 533 quid
2715 466 2847 520 dicit
2874 466 3029 534 (7(3)?
3077 486 3095 519 ι
3136 468 3247 524 lloe
3277 486 3421 524 nunc
3448 487 3510 525 os
3538 471 3607 526 de
3642 476 3782 531 ossi-

2190 557 2290 610 bus
2339 557 2492 617 meis.
2534 567 2589 611 et
2646 572 2774 612 caro
2818 559 2884 613 de
2912 573 3079 615 earnc
3127 576 3244 616 mea
3283 562 3351 625 ”,
3390 582 3409 615 ι
3463 579 3563 617 nee
3595 575 3777 624 tamen

2188 646 2395 700 addidit
2422 664 2437 701 :
2464 647 2524 701 Et
2571 648 2751 701 anima
2789 651 2856 703 de
2898 650 3078 703 anima
3122 667 3262 706 mea.
3296 652 3402 707 Sed
3430 656 3594 709 velim
3648 660 3778 715 mihi

2186 736 2419 799 diceres,
2447 751 2479 789 ο
2512 736 2706 800 Adam,
2737 738 2780 792 si
2816 754 2877 793 os
2906 740 2971 793 de
3003 740 3108 793 tuis
3140 741 3355 797 ossibus
3399 745 3697 813 agnovisti,
3726 757 3781 802 et

2184 843 2405 883 carnem
2450 828 2515 883 de
2546 838 2634 883 tua
2668 845 2833 884 carne
2883 832 3123 896 sensisti,
3171 849 3269 888 cur
3310 849 3416 887 non
3458 836 3778 895 intellexisti

2183 921 2344 975 etiam
2375 921 2611 974 animam
2636 922 2701 975 de
2737 932 2827 975 tua
2863 924 3043 976 anima
3098 927 3474 993 processisse?
3510 929 3567 982 Si
3628 930 3776 986 enim

2181 1014 2364 1067 omnia
2409 1028 2529 1083 quae
2561 1013 2613 1067 in
2655 1023 2705 1068 te
2752 1026 2909 1067 erant
2950 1017 3240 1081 tradidisti,
3290 1034 3390 1071 cur
3438 1037 3545 1075 non
3604 1023 3772 1078 etiam

2183 1106 2381 1158 animze
2412 1106 2546 1159 lacis
2598 1121 2721 1159 eum
2774 1106 2988 1161 exteris
3016 1109 3369 1174 mentionem,
3412 1125 3533 1180 quae
3582 1114 3772 1167 melior

2184 1197 2349 1250 totius
2390 1196 2625 1251 hominis
2672 1213 2798 1266 pars
2834 1199 2958 1253 est?
3013 1200 3118 1254 Sed
3152 1201 3367 1255 videtur
3401 1218 3499 1271 per
3540 1205 3655 1259 hzee
3690 1207 3773 1260 iu-

2183 1288 2552 1358 tclligcntibns
2583 1289 2849 1344 indicium
2904 1290 3057 1355 dare,
3089 1293 3232 1360 quod
3263 1291 3378 1363 (77)
3412 1310 3538 1348 eum
3598 1296 3726 1351 dicit
3753 1315 3771 1354 :

2186 1399 2204 1431 ι
2243 1381 2314 1436 Os
2348 1383 2415 1436 de
2451 1382 2667 1437 ossibus
2698 1382 2855 1450 meis,
2880 1392 2934 1437 ct
2964 1398 3099 1438 caro
3138 1388 3205 1439 de
3225 1401 3397 1440 carne
3426 1404 3565 1455 mea,
3600 1407 3621 1440 ι
3648 1405 3773 1460 qua

2179 1474 2244 1527 de
2273 1483 2414 1527 terra
2443 1485 2569 1527 sunt
2587 1490 2683 1527 sua
2709 1490 2831 1529 esse
2858 1476 3125 1544 proﬁteri,
3156 1494 3263 1532 non
3296 1480 3499 1535 audere
3524 1497 3650 1535 vero
3669 1498 3770 1537 sua

2179 1564 2359 1619 dicere
2403 1578 2523 1634 (ιιιιρ
2552 1567 2655 1621 scit
2695 1582 2801 1621 non
2848 1582 2973 1621 esse
3006 1570 3073 1622 de
3117 1580 3283 1623 terra.
3321 1570 3425 1624 Sed
3477 1582 3529 1626 et
3578 1571 3765 1627 Laban

2179 1656 2429 1712 similiter
2459 1674 2579 1712 cum
2614 1660 2745 1714 dicit
2788 1659 2853 1713 ad
2891 1660 3079 1726 Jacob,
3106 1662 3367 1731 quoniam
3406 1683 3423 1713 ι
3460 1679 3523 1718 os
3561 1681 3766 1732 meum,

489 1755 639 1821 gredi
671 1752 811 1805 ultra
856 1752 1182 1820 inquirendo
1237 1768 1343 1806 non
1379 1755 1573 1817 audeo,
1607 1753 1698 1807 scd
1726 1764 1778 1807 et
1807 1754 2070 1809 hactenus
2105 1739 2145 1793 Β
2176 1760 2229 1803 et
2257 1765 2384 1804 caro
2416 1766 2532 1805 mea
2563 1766 2623 1804 es
2654 1763 2704 1804 tn
2730 1753 2800 1818 ⁸ο,
2839 1770 2856 1804 ι
2890 1768 2991 1808 nec
3032 1755 3149 1824 ipse
3177 1756 3409 1822 amplius
3443 1756 3653 1826 aliquid
3684 1760 3765 1811 vi-

486 1862 622 1915 pene
662 1862 782 1899 cum
817 1846 1000 1915 aliquo
1049 1844 1361 1899 discrimine
1397 1845 1610 1899 incedo.
1646 1846 1943 1914 Apostolus
1993 1858 2068 1901 ta-

485 1954 609 1993 men
641 1938 904 2007 quasdam
933 1937 1269 2006 suspiciones
1302 1936 1385 1991 his
1412 1938 1500 2007 qui
1538 1938 1701 1993 altius
1722 1940 1917 1993 intueri
1947 1956 2069 2008 pos-

482 2026 629 2097 sent,
661 2030 913 2099 subjecit,
941 2045 1061 2083 cum
1105 2029 1237 2083 dicit
1265 2028 1311 2059 ³³
1340 2046 1354 2084 :
1391 2048 1408 2081 ι
1449 2028 1681 2100 PrOpter
1716 2032 1860 2100 quod
1905 2031 2065 2088 ﬂecto

483 2140 657 2189 genua
687 2140 807 2177 mea
855 2123 919 2177 ad
950 2122 1170 2178 Patrem
1204 2124 1415 2178 Domini
1452 2124 1623 2179 nostri
1655 2122 1783 2179 Jesu
1837 2124 2065 2193 ChriSIi,

479 2236 545 2275 ex
574 2236 683 2289 quo
715 2218 893 2272 omnis
931 2219 1230 2287 paternitas
1261 2218 1315 2273 in
1352 2219 1506 2273 rmlis
1533 2229 1587 2271 et
1613 2220 1664 2271 in
1703 2228 1845 2271 terra
1887 2219 2065 2271 nunti-

483 2324 662 2367 natur.
700 2332 717 2365 ι
761 2313 821 2366 Et
854 2315 1069 2379 quidem
1114 2310 1180 2365 de
1228 2310 1464 2365 terrenis
1523 2310 1946 2378 paternitatibns
1985 2311 2068 2365 in-

482 2406 729 2459 tellectus
761 2420 865 2457 non
901 2403 1111 2456 videtur
1141 2416 1265 2456 esse
1305 2400 1541 2455 dillicilis
1584 2416 1596 2453 :
1635 2411 1818 2471 patres
1862 2402 2063 2455 etenim

481 2498 721 2551 trilmnm
750 2495 829 2551 vel
855 2496 1162 2558 domorum,
1182 2494 1247 2547 ad
1270 2508 1408 2563 quos
1433 2494 1711 2547 successio
1728 2494 2065 2562 posteritatis

482 2591 737 2654 refertur,
791 2588 952 2642 simul
982 2587 1162 2642 ottinis
1196 2587 1498 2656 paternitas
1550 2584 1892 2655 appellantur
1926 2585 2063 2655 (74).

478 2684 534 2737 In
566 2682 703 2736 ccelo
736 2697 864 2735 vero
892 2680 1031 2750 quod
1071 2680 1224 2744 dicit,
1257 2678 1530 2748 quomodo
1558 2686 1651 2730 attt
1681 2677 1920 2748 qualiter
1952 2679 2065 2733 sint

480 2784 683 2845 patres,
730 2784 823 2827 aut
860 2788 958 2842 pro
991 2772 1188 2842 quibus
1241 2768 1652 2838 posteritatibus
1694 2768 1934 2824 emlestis
1966 2786 2060 2840 pa-

479 2867 705 2921 ternitas
761 2866 1094 2925 nominetur,
1144 2862 1311 2931 ipsius
1355 2871 1439 2915 est
1476 2876 1635 2915 nosse
1688 2860 1881 2926 solius,
1910 2864 2064 2929 cupis

482 2977 501 3009 ι
542 2957 885 3012 etelnmcceli
913 2965 1016 3022 est,
1051 2964 1248 3010 terram
1303 2964 1483 3007 autem
1515 2953 1665 3009 dedit
1706 2952 1834 3008 liliis
1882 2955 2061 3009 homi-

478 3070 604 3105 nutu
634 3052 701 3103 ”.
742 3069 761 3102 ι

546 3148 603 3201 5.
635 3144 1040 3200 Descenderunt
1063 3142 1258 3207 ergoin
1286 3139 1582 3211 :Egyptum
1619 3149 1823 3210 patres,
1844 3139 2057 3204 Ruben,

477 3239 722 3300 Simeon,
780 3235 933 3300 Levi,
991 3254 1009 3287 ι
1075 3236 1448 3304 unusquisque
1509 3249 1633 3287 cum
1701 3234 1848 3288 omni
1900 3233 2060 3287 domo

475 3350 572 3387 sua
595 3333 662 3387 ".
701 3352 720 3385 ι
751 3329 1030 3397 Quomodo
1066 3329 1191 3399 quis
1218 3340 1271 3383 et
1304 3329 1404 3384 hoc
1435 3328 1724 3393 edisserat,
1754 3328 1897 3396 quod
1934 3342 2058 3379 eum

475 3426 621 3480 muni
683 3424 844 3480 domo
876 3438 973 3477 sua
1006 3422 1333 3477 introierunt
1366 3420 1417 3474 in
1463 3416 1794 3492 Egyptian?
1851 3416 2059 3484 Quibus

475 3519 691 3571 additur
718 3515 831 3585 (75)
868 3532 882 3569 :
930 3533 949 3565 ι
991 3512 1058 3567 Et
1109 3526 1324 3577 omnes,
1358 3509 1558 3579 inquit,
1590 3507 1785 3562 anima:
1813 3523 1929 3575 quae
1974 3506 2025 3559 iu

478 3609 743 3665 troierunt
781 3622 903 3661 eum
948 3603 1137 3668 Jacob,
1185 3616 1348 3656 Lxxv.
1397 3620 1415 3654 ο
1455 3599 1690 3670 Ilicjam
1725 3598 2059 3652 nominando

473 3704 685 3758 animas
720 3714 857 3769 pene
903 3697 1205 3752 nudaverat
1249 3694 1574 3765 mysterium
1606 3705 1791 3746 sermo
1822 3690 2059 3759 prophe-

468 3795 614 3850 ticus
658 3793 801 3861 quod
857 3789 1057 3858 ubique
1104 3793 1447 3846 contexerat,
1496 3793 1554 3836 ιιι
1604 3782 1860 3851 proderet
1914 3779 2057 3849 quod

472 3901 577 3939 non
604 3883 671 3938 de
703 3879 1044 3951 corporibus,
1067 3877 1161 3930 sed
1196 3874 1261 3928 de
1289 3874 1582 3927 animabus
1606 3873 1718 3926 haec
1762 3870 1916 3924 dicit.
1952 3870 2057 3924 Ve~

474 3985 779 4029 rumtamen
809 3971 969 4026 habet
993 3970 1169 4023 adhuc
1202 3964 1447 4020 velamen
1480 3977 1662 4018 suum.
1696 3961 1753 4016 In
1786 3977 1884 4015 usu
1902 3964 2059 4014 nam-

469 4082 577 4137 que
608 4079 728 4120 esse
760 4064 1022 4128 creditur,
1053 4060 1270 4113 animas
1298 4073 1396 4127 pro
1425 4057 1740 4113 hominibus
1764 4054 2053 4124 appellari.

468 4157 688 4212 Interim
737 4170 884 4213 xxxv
932 4154 1127 4208 aninne
1166 4152 1569 4206 descenderunt
1621 4164 1743 4203 cum
1788 4145 1958 4203 Jacob
2003 4149 2054 4202 iu

466 4250 782 4320 Egyptum.
836 4248 957 4302 Ista:
1006 4255 1135 4301 sunt
1190 4247 1407 4309 animat,
1456 4256 1593 4312 quas
1630 4240 1820 4311 genuit
1864 4237 2053 4295 Jacob.

468 4344 580 4412 Ego
610 4358 714 4397 non
745 4350 875 4411 puto
896 4339 1036 4411 quod
1056 4339 1281 4409 quilibet
1306 4337 1584 4393 hominum
1615 4334 1783 4405 possit
1812 4332 2051 4386 animam

2175 1844 2333 1897 detur
2363 1844 2565 1899 audere
2616 1860 2769 1898 suum
2806 1845 3011 1913 dicere,
3046 1847 3147 1900 nisi
3174 1847 3320 1915 quod
3366 1858 3600 1905 terrena:
3644 1865 3761 1906 esse

2172 1938 2660 2006 consanguinitatis
2690 1943 2953 2009 agnoscit.
2978 1940 3091 1994 Alia
3115 1942 3315 2010 quippe
3343 1952 3428 1997 est
3454 1944 3759 1998 animarum

2172 2032 2451 2101 cognatio,
2498 2046 2618 2101 qua:
2645 2032 2721 2086 vel
2769 2030 2940 2087 Jacob
2970 2032 3318 2087 descendenti
3366 2034 3418 2088 itt
3464 2034 3761 2107 Egyptum

2172 2123 2432 2187 sociatur,
2457 2124 2538 2177 vel
2568 2124 2785 2177 exteris
2817 2124 3151 2192 patriarchis
3182 2134 3238 2179 et
3263 2127 3471 2181 sanctis
3494 2129 3596 2182 sub
3626 2144 3766 2183 enu-

2173 2214 2477 2268 meratione
2539 2213 2693 2285 131
2753 2214 2998 2286 mystica:
3051 2216 3388 2284 posteritatis
3442 2219 3758 2276 ascribitur.

2172 2305 2279 2359 Sed
2340 2306 2429 2375 qui
2468 2305 2706 2361 vicinum
2770 2314 2929 2360 terra:
2966 2308 3284 2377 navigantes
3318 2322 3541 2365 servare
3576 2312 3765 2381 dispo-

2170 2396 2378 2449 suimus
2436 2411 2679 2461 cursum,
2715 2405 2769 2452 et
2806 2398 2979 2468 ipsam
3033 2401 3433 2469 quodammodo
3483 2417 3635 2457 omni
3673 2405 3763 2458 lit-

2172 2490 2305 2544 toris
2330 2490 2620 2559 stringere,
2667 2491 2718 2544 in
2754 2490 2919 2544 altum
2962 2493 3145 2547 nescio
3187 2496 3458 2561 quomodo
3490 2496 3758 2551 undarum

2169 2599 2267 2638 nos
2291 2582 2582 2636 violentior
2603 2591 2769 2636 (estus
2797 2583 3037 2637 abducit.
3085 2583 3391 2640 Redeamus
3415 2585 3581 2656 igitur
3598 2598 3664 2640 ad
3692 2601 3758 2642 ea

2167 2690 2288 2746 qua;
2320 2683 2720 2743 consequenter
2745 2673 3048 2728 adduntur.

2236 2778 2289 2822 4.
2332 2785 2351 2817 ι
2386 2766 2625 2820 Mortuus
2658 2774 2761 2829 est,
2787 2765 3044 2834 inquit“,
3085 2765 3285 2835 Joseph
3316 2778 3371 2825 et
3404 2782 3595 2825 omnes
3630 2767 3743 2823 Ira-

2169 2870 2278 2914 tri-s
2298 2857 2436 2927 ejus,
2470 2868 2526 2914 et
2551 2859 2730 2913 omnis
2763 2859 3051 2930 generatio
3078 2860 3191 2915 illa.
3220 2860 3344 2915 Filii
3368 2872 3549 2916 autem
3583 2861 3752 2917 Israel

2167 2961 2456 3007 creverunt
2496 2960 2548 3003 et
2591 2950 2933 3020 muliiplicati
2974 2960 3123 3017 sunt,
3181 2964 3237 3006 et
3284 2952 3339 3006 in
3390 2951 3742 3008 multitudine

2169 3058 2361 3113 magna
2391 3039 2572 3094 diﬂ'usi
2601 3049 2748 3103 sunt,
2794 3049 2849 3093 et
2899 3040 3254 3096 invaluerunt
3294 3043 3525 3096 multum
3557 3042 3752 3108 valde;

2168 3134 2545 3204 mnltiplicavit
2575 3133 2722 3185 enim
2753 3131 2874 3186 illos
2915 3141 3083 3186 terra.
3128 3152 3147 3185 ι
3186 3133 3367 3189 Donec
3418 3135 3629 3190 vireret
3656 3133 3750 3189 Jo-

2163 3227 2319 3297 scph,
2356 3242 2461 3281 non
2514 3225 2753 3279 refertur
2800 3227 2942 3294 quod
2993 3226 3333 3295 multiplicati
3387 3228 3593 3282 fuerint
3655 3226 3745 3283 lilii

2164 3319 2350 3385 Israel,
2383 3333 2481 3374 nec
2506 3318 2714 3389 aliquid
2760 3320 2986 3373 omnino
3020 3319 3074 3372 in
3118 3318 3203 3374 his
3252 3323 3320 3375 de
3359 3321 3665 3392 augtuentis
3693 3331 3747 3377 et

2164 3410 2558 3464 numerositate
2612 3420 2967 3465 memoratur.
3004 3410 3113 3480 Ego
3152 3412 3384 3466 credens
3430 3414 3613 3466 verbis
3642 3412 3751 3467 Do-

2164 3502 2297 3556 mini
2326 3502 2428 3557 mei
2458 3499 2586 3555 .Iesu
2619 3501 2846 3569 Christi,
2872 3502 2928 3557 in
2960 3502 3079 3572 lege
3106 3512 3161 3557 et
3183 3503 3467 3573 pr0phetis
3497 3513 3603 3559 tota
3628 3503 3750 3571 qui-

2162 3596 2283 3648 dem
2318 3610 2485 3649 unmn
2522 3604 2616 3649 aut
2650 3610 2816 3649 unum
2846 3594 3053 3663 apicem
3087 3612 3193 3650 non
3234 3606 3366 3665 puto
3399 3610 3520 3651 esse
3544 3578 3747 3663 myste.

2162 3687 2258 3741 riis
2323 3703 2590 3752 vacuum,
2645 3701 2742 3741 nec
2800 3696 2936 3755 puto
2996 3686 3199 3756 aliquid
3253 3690 3447 3743 horum
3508 3690 3748 3742 transire

2160 3767 2339 3849 posse.
2367 3781 2539 3834 donec
2572 3781 2754 3833 omnia
2794 3779 2951 3835 ﬂant.
3004 3779 3210 3834 Verum
3249 3781 3508 3851 quoniam
3539 3780 3748 3848 exigua:

2161 3874 2480 3941 capacitatis
2506 3888 2717 3939 sumus,
2748 3886 2809 3927 ea
2835 3886 2981 3927 nunc
3010 3883 3219 3927 tantum
3237 3874 3534 3945 pulsemus,
3552 3872 3749 3941 quibus

2161 3967 2331 4019 tutius
2359 3964 2696 4018 incedamus.
2748 3963 3050 4034 Antequam
3081 3976 3393 4021 moreretur
3433 3976 3621 4020 noster
3648 3962 3745 4018 Jo-

2161 4057 2319 4125 seph,
2354 4055 2443 4109 ille
2478 4056 2572 4125 qui
2625 4056 2933 4110 distraetus
2981 4064 3066 4111 est
3106 4056 3327 4126 triginta
3362 4058 3634 4127 argenteis
3677 4057 3747 4110 ab

2161 4164 2269 4203 uno
2300 4164 2366 4203 ex
2400 4148 2662 4203 fratribus
2692 4151 2807 4203 suis
2836 4146 2999 4213 Juda,
3028 4149 3184 4204 valde
3241 4150 3396 4219 pauci
3440 4159 3598 4205 erant
3640 4149 3737 4204 lllii

2159 4240 2345 4297 Israel.
2375 4240 2510 4295 Cum
2540 4256 2671 4295 vero
2696 4255 2793 4310 pro
2816 4240 3073 4296 omnibus
3096 4241 3336 4310 gustavit
3370 4252 3621 4308 mortem,
3648 4254 3746 4311 per

2157 4347 2319 4402 quam
2350 4332 2619 4386 destruxit
2654 4347 2776 4387 eum
2806 4331 2897 4401 qui
2936 4331 3169 4385 habebat
3203 4333 3401 4387 mortis
3430 4333 3741 4402 imperium,

468 4438 709 4505 gignere,
748 4435 851 4487 nisi
886 4434 931 4488 si
968 4434 1093 4502 quis
1137 4432 1276 4488 forte
1314 4433 1442 4487 talis
1483 4434 1580 4495 sit,
1609 4429 1786 4500 qualis
1822 4427 1915 4481 ille
1960 4426 2050 4496 qui
2085 4432 2132 4493 ι)
2160 4426 2213 4480 id
2247 4433 2333 4479 est
2359 4425 2637 4479 diabolum
2666 4426 2734 4492 ⁶¹,
2766 4423 3157 4493 multiplicatus
3194 4433 3273 4479 est
3303 4424 3540 4478 fidelium
3568 4439 3742 4494 popu-

466 4529 684 4582 dieehat
726 4528 816 4581 '7:
860 4546 878 4578 ι
918 4525 1049 4580 Nam
1085 4527 1187 4581 etsi
1226 4526 1391 4579 multa
1427 4524 1594 4579 millia
1633 4523 2047 4593 padagogorum

466 4621 716 4676 habeatis
751 4621 802 4674 in
833 4620 1077 4682 Christo.
1107 4620 1200 4673 sed
1226 4633 1330 4672 non
1366 4617 1563 4671 tnultos
1595 4626 1798 4686 patres.
1833 4612 1965 4666 Nam
1994 4610 2045 4665 in

463 4716 682 4770 Christo
725 4712 851 4769 Jesu
901 4727 996 4783 per
1027 4711 1377 4782 Evangelimn
1407 4724 1507 4780 ego
1539 4724 1638 4764 vos
1672 4707 1854 4778 genui.
1898 4723 1915 4757 ι
1955 4703 2045 4759 Isti

465 4806 601 4860 tales
637 4814 785 4870 sunt,
817 4806 907 4873 qui
941 4811 1203 4873 generant
1247 4800 1481 4867 animas,
1507 4809 1563 4853 et
1594 4797 1901 4867 parturiunt
1926 4808 2043 4857 eas,

462 4900 604 4953 sicut
640 4908 693 4951 et
742 4896 867 4950 alibi
924 4895 1168 4949 dicit":
1218 4913 1236 4945 ι
1278 4894 1457 4948 Filioli
1497 4891 1624 4957 mei,
1658 4905 1796 4959 quos
1844 4889 2043 4942 iterum

460 4992 705 5061 partnrio
734 4990 906 5044 donec
956 4986 1219 5042 formetur
1268 4986 1522 5063 Christus
1566 4985 1619 5039 in
1676 4982 1849 5035 vobis.
1889 4998 1907 5031 ι
1942 4977 2044 5031 Alii

459 5084 604 5136 enim
656 5082 962 5150 huiusmodi
1007 5080 1376 5151 generationis
1410 5068 1648 5140 curam,
1712 5081 1809 5127 aut
1853 5071 2046 5126 nolunt

972 5198 1018 5230 ⁸³
1049 5198 1248 5268 Ephes.
1285 5214 1367 5262 Ill,
1410 5196 1499 5251 Η.

528 5199 574 5230 ⁸⁸
600 5200 770 5267 Apoc.
796 5214 893 5254 vn.
972 5199 1018 5230 ”
1049 5199 1248 5268 Ephes.
1285 5214 1367 5262 Ill,
1410 5199 1449 5251 1‘

528 5268 701 5323 Calat.
724 5285 774 5322 tv
822 5270 905 5323 19.
984 5271 1030 5301 "
1053 5271 1251 5324 (Senes.
1277 5285 1334 5333 tt,
1357 5268 1449 5321 25.

463 5264 505 5298 ³⁸
524 5264 701 5323 Calat.
724 5285 774 5322 tv
822 5270 905 5323 19.

531 5423 641 5495 (τά)
666 5425 755 5479 Sic
781 5442 911 5483 mss.
943 5427 1087 5481 Alias
1113 5443 1262 5492 vero,
1298 5444 1315 5477 ι
1358 5428 1437 5480 vel
1475 5427 1758 5480 domorum
1789 5434 1935 5490 sunt,
1970 5423 2036 5475 ad

458 5509 600 5566 quos
626 5499 972 5553 successio...
1005 5501 1300 5566 paternitas
1330 5499 1664 5550 nominatur.
1710 5513 1728 5545 ι

524 5564 639 5636 (25)
672 5567 889 5633 Aliquot
921 5564 1073 5630 mss,
1101 5587 1119 5619 ι
1156 5570 1219 5620 tle
1253 5571 1448 5636 quibus
1477 5568 1697 5620 dicitur.
1743 5582 1761 5616 ι

529 5633 643 5702 (76⁷)
691 5636 857 5697 Alias,
908 5658 925 5687 ι
966 5640 1057 5706 qui
1092 5639 1242 5690 dicit.
1271 5633 1307 5689 ἰ
1360 5638 1478 5689 Mox
1532 5652 1628 5703 pro
1670 5636 1753 5686 his
1789 5635 2030 5699 vocibus,

456 5723 479 5763 ι
518 5720 615 5759 nec
672 5716 851 5759 tamen
912 5712 1134 5771 addidit,
1187 5719 1240 5761 et
1278 5707 1455 5760 anima
1506 5710 1571 5759 de
1605 5706 1783 5759 anima
1828 5722 1967 5772 mea,
2011 5724 2030 5756 ι

1600 5195 1648 5226 ⁸⁸
1682 5192 1826 5247 Psal.
1856 5206 2011 5252 cxttt,
2041 5184 2127 5240 1G.

1527 5265 1573 5298 ⁶⁰
1594 5266 1792 5321 Cenes.
1831 5278 1983 5326 χχιχ,
2016 5256 2097 5312 H.

2160 4518 2263 4583 lus,
2295 4529 2348 4574 et
2384 4518 2565 4572 dilInsi
2618 4526 2745 4572 sunt
2777 4517 2868 4570 lilii
2915 4516 3103 4583 Israel,
3146 4526 3200 4572 et
3230 4516 3613 4586 multiplieavit
3643 4530 3744 4569 eos

2160 4621 2331 4677 terra,
2370 4620 2426 4665 et
2475 4621 2766 4666 creverunt
2798 4614 2961 4666 nimis
3004 4612 3180 4666 valde.
3216 4608 3329 4663 Nisi
3363 4610 3509 4663 enim
3534 4648 3550 4674 ,
3597 4607 3743 4663 sicut

2161 4700 2277 4768 ipse
2305 4701 2442 4753 dixit
2480 4701 2546 4767 θ’,
2571 4702 2863 4756 cecidisset
2893 4718 3122 4773 granum
3156 4702 3412 4755 frumenti
3451 4700 3505 4754 in
3540 4710 3741 4754 terram

2157 4804 2214 4849 et
2247 4804 2518 4848 mortuum
2552 4795 2764 4861 luisset,
2793 4811 2897 4850 non
2939 4796 3133 4865 utique
3163 4795 3397 4849 fructum
3446 4794 3592 4848 Imnc
3619 4793 3741 4863 plu-

2159 4886 2354 4939 rimum
2391 4886 2559 4939 totius
2585 4886 2737 4941 orbis
2769 4899 2931 4942 terrae
2972 4882 3215 4943 Ecclesia
3243 4886 3541 4940 attulisset.
3573 4883 3741 4955 Igitur

2154 4987 2515 5046 posteaquam
2550 4977 2747 5032 cecidit
2780 4995 3011 5049 granum
3048 4980 3100 5033 in
3131 4988 3335 5032 terram
3372 4988 3428 5031 et
3464 4988 3741 5031 mortuum

2155 5077 2260 5135 est,
2297 5069 2477 5124 omnis
2511 5070 2630 5124 hate
2667 5085 2731 5125 ex
2768 5072 2884 5140 ipso
2924 5072 3163 5127 surrexit
3205 5071 3440 5125 lldelium
3472 5085 3652 5140 seges,
3688 5080 3743 5123 et

2233 5186 2277 5219 ⁸⁵
2311 5186 2477 5241 Exod.
2510 5203 2548 5253 ι,
2583 5189 2633 5242 1.
2743 5191 2789 5220 "
2820 5190 2991 5247 Exod.
3025 5208 3063 5255 ι,
3095 5191 3149 5245 5.
3261 5192 3306 5223 ⁵⁷
3334 5188 3350 5243 I
3379 5192 3506 5249 Cor.
3541 5206 3617 5256 tv,
3656 5188 3737 5244 15.

2178 5257 2219 5287 °‘
2255 5258 2422 5313 Exod.
2451 5276 2488 5323 t,
2515 5260 2569 5325 6,
2596 5260 2649 5313 7.
2726 5260 2772 5291 ⁵⁸
2801 5259 2961 5317 llebr.
3004 5263 3179 5328 tt,1t.
3255 5262 3299 5294 ⁸³
3321 5262 3476 5316 Joan.
3504 5278 3603 5329 ιιι,
3644 5258 3739 5319 ει.

2148 5427 2319 5479 codex
2379 5425 2732 5495 t'temigianns
2796 5430 2953 5485 habet
2992 5449 3005 5484 :
3048 5450 3064 5481 ι
3101 5428 3214 5484 Cur
3255 5446 3364 5485 non
3422 5430 3735 5492 intellexisti

2147 5500 2311 5551 etiam
2341 5500 2579 5552 animam
2612 5502 2679 5555 de
2711 5512 2798 5553 tua
2834 5506 3013 5555 anima
3051 5502 3426 5569 processisse?
3463 5520 3480 5553 ο

2219 5569 2335 5638 (77}
2361 5569 2451 5622 Vel
2480 5574 2898 5641 expungendum
2945 5574 3074 5625 illud
3110 5590 3127 5621 ι
3165 5576 3334 5640 quod,
3382 5591 3401 5623 ι
3438 5572 3521 5625 vel
3590 5571 3729 5625 infra

2147 5639 2299 5709 legi-tt
2324 5644 2432 5694 ltmt
2464 5658 2482 5691 ι
2516 5656 2613 5694 sua
2646 5639 2768 5696 esse
2805 5645 3111 5711 prolitetur,
3134 5639 3238 5697 non
3274 5645 3439 5696 audet
3466 5653 3610 5697 vero.
3638 5661 3658 5693 ι
