4122 6248
412 316 512 373 3N

1612 309 1675 365 IN
1716 308 2003 367 EXODUM
2038 309 2318 366 HOMIUA
2364 312 2401 367 l.

3566 316 3671 370 30?.

415 436 765 505 multiplicati
812 444 938 490 sunt
967 435 1058 490 lilii
1110 434 1299 498 Israel,
1331 445 1386 488 et
1437 434 1781 489 invaluernnt
1830 437 1992 490 nimis
2021 442 2066 497 Α
2095 436 2281 505 quitur
2311 444 2527 506 gentem
2565 452 2743 498 suam,
2785 452 3070 504 rorporeas
3094 434 3302 493 'scilirct
3326 439 3662 509 voluptates.

415 529 601 583 valde.
633 547 653 579 ι
694 528 749 582 In
775 543 987 582 omnem
1021 530 1163 583 enim
1209 539 1407 582 terram
1434 528 1602 585 exivit
1639 544 1806 581 sonus
1856 543 1989 596 apo-

420 619 714 680 stolorum,
740 628 795 672 et
825 619 875 672 in
915 619 1049 673 ﬁnes
1076 620 1227 673 orbis
1252 628 1414 671 teme
1441 619 1605 670 verba
1638 633 1829 671 eorum
1853 618 1917 679 ⁸⁵,
1968 636 1987 668 ι

420 720 480 765 ει
517 725 616 779 per
657 711 822 778 ipsos,
876 710 1013 763 sicut
1057 710 1320 778 scriptum
1359 720 1437 763 est
1464 710 1531 772 ⁸⁸.
1572 727 1591 760 ι
1621 711 1846 763 verbum
1882 709 1992 763 Do~

425 803 555 855 mini
588 802 898 864 crcsCebat,
930 812 985 856 et
1014 802 1493 871 multiplicaliatur.
1536 823 1555 857 ι
1582 802 1704 857 ll:ec
1729 813 1991 871 quantum

421 894 487 946 ad
517 894 801 962 mysticum
836 895 1074 962 pertinet
1104 894 1459 948 intellectum.
1486 894 1593 947 Sed
1627 903 1682 948 et
1731 895 1990 947 moralem

422 984 473 1038 in
506 985 589 1039 his
619 1000 724 1038 non
778 986 1097 1042 omittamus
1152 986 1345 1041 locum.
1383 980 1642 1039 Ediﬁcat
1679 987 1823 1039 enim
1876 986 1993 1038 ani-

422 1087 535 1128 mas
560 1073 888 1126 auditorum.
922 1071 1090 1143 Igitur
1121 1084 1173 1127 et
1209 1076 1261 1127 in
1289 1084 1339 1127 te
1373 1075 1417 1128 si
1465 1072 1950 1145 moriatnrloseph
1976 1117 1989 1140 ,

423 1165 472 1217 id
494 1162 634 1217 estsi
656 1163 1130 1218 utor-tilitatiouem
1152 1164 1355 1218 Christi
1374 1165 1426 1218 in
1448 1172 1673 1233 contere
1690 1175 1780 1217 tuo
1813 1166 1992 1220 susci-

421 1254 567 1323 pias,
601 1269 654 1309 et
681 1256 976 1310 niortilices
1013 1245 1255 1309 membra
1294 1265 1378 1308 tua
1411 1265 1667 1325 peccato,
1694 1263 1825 1310 tunc
1852 1257 1905 1309 in
1942 1266 1995 1311 te

423 1347 927 1416 multiplicabuntur
959 1347 1050 1401 lilii
1083 1346 1267 1400 Israel.
1298 1346 1419 1400 Filii
1452 1345 1617 1401 Israel
1646 1362 1843 1401 sensus
1868 1346 1992 1399 boni

419 1448 475 1493 et
496 1439 765 1509 spiritales
799 1439 1163 1508 accipiuntur.
1196 1436 1251 1491 Si
1272 1452 1403 1505 ergo
1432 1450 1623 1491 sensus
1649 1438 1830 1491 carnis
1855 1452 2001 1489 mor-

422 1532 719 1592 titiccutur,
741 1540 935 1586 sensus
961 1530 1189 1598 spiritus
1210 1534 1489 1592 crescunt,
1507 1537 1562 1580 et
1578 1528 1818 1595 quotidie
1844 1543 1999 1582 emo-

422 1624 691 1681 rientibus
733 1625 788 1678 in
823 1633 877 1678 te
927 1622 1107 1686 vitiis,
1142 1621 1409 1674 virtutum
1456 1625 1713 1674 numerus
1740 1629 1996 1689 augetur,

421 1718 516 1771 sed
546 1727 599 1770 et
631 1727 777 1768 terra
828 1724 879 1769 te
920 1712 1246 1781 multiplicat
1297 1712 1347 1764 in
1375 1710 1626 1780 opt-ribus
1668 1710 1843 1778 bonis,
1877 1724 1997 1777 qua:

2092 540 2148 585 et
2178 531 2432 583 vitiorum
2470 530 2698 584 ducibus
2724 532 2790 584 al
2826 532 3113 584 consilium
3139 536 3470 596 couVoCatis,
3498 535 3667 589 initur

2091 621 2415 675 deliberatio
2451 623 2713 675 adversus
2751 622 2891 675 filios
2923 618 3089 674 Israel
3121 625 3388 691 quomolo
3427 627 3659 679 circum-

2092 713 2399 770 vcuiantur.
2435 714 2707 781 quomodo
2741 714 3140 781 Opprintautnr,
3172 725 3227 765 ut
3257 707 3365 766 luto
3393 724 3449 767 et
3486 716 3665 769 lateri.

2090 804 2191 858 bus
2223 803 2556 873 allligantur,
2591 814 2648 855 ιιι
2678 820 2855 857 mares
2879 814 3176 871 exponant.
3214 805 3446 859 l’eininas
3494 807 3663 868 alant,

2091 905 2150 948 ut
2178 896 2444 949 :mliticcnt
2471 896 2729 949 civitates
2778 896 3017 966 :Egypti,
3053 908 3106 950 et
3128 897 3381 951 civitates
3413 898 3663 955 munitas.

2093 985 2208 1039 Non
2239 987 2393 1040 nobis
2421 989 2535 1041 lucc
2559 987 2623 1041 ad
2647 988 2930 1041 historiam
2956 989 3157 1057 scripta
3183 984 3463 1058 sunt(80),
3497 1005 3671 1058 neque

2094 1078 2390 1147 putandum
2448 1086 2532 1135 est
2590 1081 2757 1135 libros
2807 1081 3024 1135 divinos
3078 1080 3456 1151 Egyptiornzn
3518 1092 3666 1151 gesta

2099 1184 2355 1235 narrare;
2383 1175 2475 1223 sed
2501 1186 2621 1238 qua:
2646 1172 2845 1238 scripta
2881 1179 3029 1234 sinit,
3084 1174 3150 1224 ad
3186 1179 3431 1225 nostram
3464 1175 3671 1227 doctri-

2099 1277 2221 1315 nam
2256 1270 2308 1314 ct
2333 1276 2396 1313 co
2421 1262 2808 1316 unionitionem
2837 1265 3039 1331 si'ripta
3071 1274 3194 1318 sunt
3223 1281 3238 1320 :
3269 1279 3322 1321 ut
3350 1273 3403 1319 ιιι
3438 1266 3528 1334 ιιιιί
3554 1250 3673 1321 ltch

2099 1351 2272 1413 audis,
2308 1352 2351 1404 si
2382 1350 2521 1406 forte
2551 1349 2660 1418 iam
2689 1352 2916 1421 gratiam
2950 1355 3199 1423 baptismi
3234 1357 3558 1411 Consecutus
3587 1371 3674 1416 es.

2100 1450 2154 1496 et
2184 1453 2576 1497 aunnmcratns
2612 1458 2669 1497 es
2705 1444 2846 1497 inter
2876 1442 3015 1499 filios
3060 1440 3243 1507 Israel,
3282 1452 3346 1501 ac
3384 1448 3669 1516 suscepisti

2103 1535 2153 1588 in
2197 1545 2247 1587 te
2279 1532 2448 1588 Deum
2483 1551 2687 1603 regem;
2738 1544 2794 1589 et
2826 1545 2941 1604 post
2978 1537 3091 1591 haec
3118 1538 3393 1593 declinare
3433 1539 3671 1594 volueris

2100 1626 2164 1677 ad
2191 1642 2353 1693 opera
2384 1627 2585 1683 saeculi.
2614 1642 2777 1697 agere
2808 1637 2961 1681 actus
2990 1638 3173 1691 teme,
3200 1641 3251 1683 et
3281 1630 3422 1684 lutea
3449 1631 3672 1700 explere

2100 1718 2426 1781 ministeria,
2465 1720 2611 1773 Scias
2658 1730 2715 1773 et
2769 1734 3036 1789 agnoscas
3067 1721 3196 1790 quia
3245 1724 3483 1776 surrexit
3530 1723 3582 1776 i'rt
3621 1728 3672 1776 te

424 1824 520 1875 per
543 1807 779 1861 cilicium
814 1805 1063 1875 corporis
1090 1804 1479 1857 ministrentur.
1517 1800 1709 1855 Verum
1736 1802 1780 1855 si
1821 1801 1903 1855 vis
1936 1811 1994 1854 ιιι
2027 1787 2073 1867 Β,
2098 1824 2188 1863 rex
2222 1812 2381 1877 alius,
2407 1810 2499 1879 qui
2538 1812 2711 1867 ηρςοῑι
2736 1787 2960 1880 δοᾷρριί,
2993 1787 3357 1883 τρέᾹεςγριε,
3389 1822 3443 1868 ει
3473 1814 3588 1882 ipse
3616 1822 3671 1865 ιθ

424 1900 711 1953 ostendam
762 1898 856 1953 tibi
900 1899 969 1950 de
1020 1896 1339 1965 Scriptnris,
1371 1895 1493 1964 quis
1522 1903 1605 1948 est
1637 1909 1797 1963 quem
1849 1903 1991 1949 terra

429 1990 888 2058 multiplicaverit,
914 1990 1125 2043 intuere
1151 1984 1448 2057 apostolum
1478 1978 1702 2040 Paulum
1724 1987 1994 2055 quomodo

428 2084 560 2138 dicit
588 2082 632 2113 ⁸⁸
659 2101 675 2138 :
698 2096 718 2135 t
744 2081 799 2135 Si
831 2092 1007 2135 autem
1029 2080 1207 2134 vivere
1233 2080 1285 2133 in
1309 2094 1491 2142 carne,
1521 2080 1609 2134 hic
1633 2080 1761 2133 mihi
1790 2080 1996 2134 fructus

426 2175 605 2243 aperis
637 2183 743 2237 est,
773 2182 828 2227 et
848 2171 976 2242 quid
1002 2172 1196 2241 eligam
1226 2171 1436 2241 ignoro.
1470 2172 1891 2225 Coaretorenlm
1927 2187 1993 2225 ex

423 2266 657 2332 duobus,
698 2264 1031 2319 desiderium
1084 2263 1294 2317 habens
1340 2262 1561 2317 dlssoli'i
1593 2264 1649 2317 ct
1701 2270 1823 2317 esse
1872 2278 1993 2317 cuiu

419 2357 660 2419 Christo,
704 2357 872 2412 multo
902 2354 1050 2410 enim
1102 2353 1317 2419 melius,
1353 2369 1677 2423 permanere
1722 2362 1904 2409 autem
1939 2356 1990 2408 in

417 2457 584 2506 carne
598 2450 766 2519 magis
778 2448 1146 2503 necessarium
1162 2460 1381 2516 propter
1394 2462 1507 2500 vos.
1522 2460 1538 2499 ο
1555 2447 1713 2501 Vides
1723 2447 1996 2516 quomodo

421 2544 572 2598 hunc
608 2552 751 2598 terra
786 2542 1112 2612 multiplicat
1166 2538 1325 2612 (78)?
1371 2540 1503 2594 Ilum
1551 2540 1695 2595 enim
1727 2549 1905 2593 manet
1940 2540 1993 2593 in

422 2641 592 2698 terra,
631 2634 682 2688 id
704 2643 788 2688 est
822 2634 874 2686 in
900 2647 1068 2687 carne
1100 2646 1218 2696 sua,
1270 2631 1661 2700 multiplicatur
1706 2631 1990 2685 condendo

422 2725 712 2790 Ecclesias,
743 2725 1143 2795 multiplicatur
1182 2724 1512 2793 acquirendo
1557 2723 1811 2792 populum
1861 2724 1993 2785 Deo.

421 2829 473 2871 et
513 2818 582 2871 ab
607 2816 942 2872 Hierusalem
974 2817 1028 2871 in
1055 2816 1285 2871 cirruitu
1311 2811 1562 2885 usquead
1596 2814 1869 2885 Illyricum
1898 2814 1993 2870 Dei

425 2909 775 2979 Evangeliqu
814 2909 1183 2976 praedicando.
1215 2906 1321 2963 Sed
1356 2906 1639 2963 rideamus
1664 2906 1794 2980 quid
1837 2906 1991 2962 addi-

424 2998 511 3055 tur
540 3001 591 3055 in
618 2998 1100 3070 consequentibus.

494 3091 549 3145 Β.
592 3109 614 3143 ι
658 3089 913 3145 Surrexit
970 3100 1185 3157 autem,
1237 3089 1413 3159 inquit
1446 3075 1528 3156 ‘i,
1596 3103 1689 3144 rex
1750 3090 1890 3144 alius
1936 3089 1993 3145 in

422 3172 681 3254 Algypto,
712 3182 802 3249 qui
830 3181 1111 3236 nesciebat
1144 3180 1368 3250 Ioseph,
1393 3191 1451 3235 et
1483 3180 1620 3235 dixit
1660 3180 1806 3251 genti
1835 3196 1946 3235 sua:
1974 3198 1991 3238 ε

424 3275 719 3345 Ευεεκριις
751 3275 987 3329 [Iliorum
1022 3272 1191 3328 Israel
1220 3274 1443 3343 grandis
1488 3272 1779 3328 multitudo
1807 3282 1912 3337 est,
1938 3282 1994 3327 et

425 3367 567 3422 valet
604 3382 767 3436 super
814 3381 931 3419 nos.
966 3384 984 3417 ι
1022 3364 1204 3418 Primo
1244 3367 1485 3419 omnium
1541 3366 1819 3433 requirere
1869 3364 1996 3419 volo

422 3461 547 3527 quis
578 3473 619 3509 et
645 3470 662 3511 t
696 3473 787 3510 rex
818 3457 870 3509 in
897 3454 1133 3525 Egypto
1166 3455 1254 3524 qui
1292 3457 1393 3509 scit
1415 3448 1638 3523 Joseph,
1668 3464 1722 3510 et
1752 3455 1874 3524 quis
1899 3464 1994 3510 est

429 3568 521 3606 rex
553 3551 644 3619 qui
679 3550 854 3603 nescit
886 3548 1106 3617 Joseph.
1142 3548 1274 3601 Dum
1303 3549 1449 3602 enim
1490 3548 1579 3601 ille
1614 3558 1866 3616 regnaret
1903 3548 1992 3615 qui

427 3645 640 3698 sciebat
682 3641 902 3709 Jusepli,
960 3656 1065 3695 non
1125 3642 1441 3695 referuntur
1493 3639 1673 3694 alllicti
1730 3655 1854 3693 esse
1901 3640 1993 3693 ﬁlii

430 3737 621 3803 Israel,
670 3751 849 3805 neque
897 3736 948 3789 iu
988 3735 1097 3787 luto
1131 3742 1184 3787 et
1231 3734 1404 3786 latere
1450 3731 1778 3800 consumpti.
1821 3740 1997 3800 neque

420 3831 648 3886 masculi
684 3844 873 3884 eorum
910 3827 1108 3893 necati,
1162 3837 1216 3880 et
1269 3825 1482 3880 temnite
1532 3824 1836 3878 vivificante.
1889 3823 1996 3877 Sed

424 3940 549 3979 cum
583 3924 825 3977 surrexit
854 3920 953 3975 iste
987 3921 1079 3989 qui
1108 3935 1215 3974 non
1249 3928 1473 3971 noverat
1501 3917 1697 3986 .loseph
1716 3957 1729 3978 ,
1756 3925 1810 3970 et
1833 3916 1999 3985 coepit

426 4017 542 4086 ipse
576 4030 822 4083 regnare,
874 4023 1001 4067 tunc
1049 4012 1166 4066 lucc
1214 4008 1394 4063 omnia
1450 4019 1600 4079 gesta
1658 4006 1993 4062 referuntur.

421 4109 564 4176 Quis
585 4122 716 4175 ergo
740 4116 821 4159 est
849 4106 947 4159 iste
995 4119 1115 4171 rex,
1145 4102 1444 4157 videamus.
1481 4101 1536 4155 Si
1563 4100 1824 4154 Dominus
1856 4098 1996 4168 regit

420 4214 546 4265 nos,
580 4210 638 4251 et
667 4213 859 4252 sensus
899 4198 1095 4249 mentis
1124 4205 1328 4247 nostra:
1361 4193 1692 4248 illutninatus
1716 4208 1743 4244 a
1770 4191 1995 4244 Domino

422 4292 627 4347 Christi
661 4287 1217 4357 seinpertuemoriam
1252 4296 1422 4350 tenet,
1457 4285 1665 4339 faciens
1695 4283 1825 4338 illud
1853 4284 1996 4352 quod

425 4385 627 4439 Paulus
654 4382 721 4435 ad
754 4381 1095 4434 Timethcum
1120 4378 1311 4433 scribit
1335 4374 1380 4409 ⁸⁸
1410 4395 1424 4430 :
1453 4395 1473 4429 ι
1515 4376 1717 4432 Memor
1754 4384 1869 4429 esto
1900 4371 1995 4429 Je-

2092 1902 2240 1972 c0git
2278 1903 2345 1957 ad
2376 1918 2543 1972 opera
2574 1919 2694 1968 sua,
2730 1913 2787 1958 et
2838 1905 2957 1974 ipse
3010 1914 3062 1959 te
3112 1904 3246 1960 facit
3298 1906 3525 1960 laterem
3562 1904 3667 1960 sibi

2093 1994 2310 2063 operari
2343 2002 2396 2049 et
2418 1987 2610 2048 lutum.
2644 1992 2765 2062 Ipse
2787 2004 2871 2048 εει
2901 1996 2994 2063 qui
3034 2005 3085 2049 te
3114 1997 3471 2066 superpositis
3497 1998 3669 2067 tnagi-

2096 2086 2229 2140 stris
2263 2094 2316 2140 et
2345 2085 2783 2154 compulsoribus
2838 2087 2906 2137 ad
2934 2096 3099 2153 opera
3141 2096 3352 2139 terrena
3393 2085 3575 2154 ﬂagris
3605 2096 3671 2141 ac

2095 2178 2419 2234 verberibus
2448 2177 2579 2247 agit,
2626 2184 2685 2231 ut
2716 2177 2956 2232 :edillres
2998 2178 3072 2231 illi
3116 2178 3387 2233 civitates.
3422 2175 3543 2247 Ipse
3585 2187 3672 2231 est

2094 2270 2186 2338 qui
2216 2277 2267 2321 te
2295 2267 2424 2322 facit
2450 2267 2762 2321 discurrere
2791 2281 2889 2337 per
2923 2264 3202 2330 szecuhnn,
3227 2267 3395 2320 maris
3422 2282 3487 2321 ac
3512 2276 3671 2321 terrae

2095 2359 2364 2414 elementa
2390 2366 2489 2428 pro
2512 2359 2814 2427 cupiditate
2845 2358 3084 2413 turbare.
3132 2358 3247 2428 Ipse
3277 2358 3434 2428 1.32
3468 2366 3554 2413 est
3583 2359 3670 2414 hic

2094 2448 2310 2520 Egypti
2350 2464 2468 2513 rex,
2495 2450 2585 2518 qui
2640 2454 2693 2505 te
2736 2447 2912 2503 fortun
2946 2448 3162 2519 pulsare
3206 2448 3394 2503 litibus
3430 2448 3581 2512 facil,-
3612 2459 3672 2506 et

2094 2554 2193 2607 pro
2223 2541 2416 2610 exiguo
2439 2550 2599 2594 terra!
2633 2541 2841 2609 cespite
2864 2542 3197 2610 propinquos
3238 2539 3435 2611 jurgiis
3469 2540 3671 2614 fatigas

2096 2646 2178 2697 re,
2209 2642 2284 2698 et,
2322 2642 2381 2686 ut
2405 2633 2475 2686 ita
2511 2633 2689 2687 dicam
2734 2631 2898 2703 (80‘),
2949 2633 3184 2687 castitati
3227 2632 3493 2698 insidiari,
3527 2635 3672 2688 deci-

2094 2738 2224 2795 pere
2254 2724 2648 2787 lnn'oceutiam,
2683 2725 2825 2778 domi
2856 2723 3021 2789 fmda,
3051 2722 3188 2779 foris
3231 2724 3498 2790 crudelia,
3529 2725 3672 2780 intra

2096 2814 2483 2869 conscientiam
2508 2813 2776 2884 llagitlo‘sa
2811 2818 3175 2869 committere.
3209 2813 3343 2870 Cum
3372 2822 3504 2883 ergo
3536 2814 3671 2872 tales

2094 2905 2299 2960 videris
2325 2915 2481 2960 actus
2509 2915 2650 2969 tuos,
2691 2906 2833 2960 scito‘
2876 2914 2927 2959 te
2971 2905 3083 2975 regi
3122 2890 3380 2977 Egyptio
3407 2902 3669 2971 militare,

2095 2997 2237 3069 quod
2268 3008 2354 3053 est
2380 2998 2562 3052 mundi
2620 2997 2781 3067 hujus
2829 2998 3021 3068 spiritu
3072 2998 3156 3067 agi
3191 2996 3326 3070 (8i).
3371 2996 3429 3053 Si
3459 3006 3587 3054 vero
3617 3000 3676 3055 et

2095 3091 2304 3161 aliquid
2330 3091 2395 3146 de
2431 3090 2533 3145 hoc
2558 3091 2724 3145 etiam
2749 3089 2916 3145 altius
2955 3084 3302 3144 sentiendum
3334 3100 3439 3156 est,
3490 3099 3673 3160 potest

2095 3184 2265 3239 videri
2297 3199 2391 3238 rex
2438 3182 2545 3236 iste
2596 3184 2684 3251 qui
2717 3182 2893 3237 nescit
2927 3179 3154 3249 .loseph,
3187 3180 3457 3245 diabolus,
3482 3198 3507 3232 4
3540 3181 3674 3236 insi-'

2095 3276 2248 3345 piens
2275 3273 2365 3343 ille
2386 3274 2477 3341 qui
2508 3273 2645 3327 dixit
2681 3272 2734 3324 in
2763 3272 2928 3325 corde
2955 3285 3055 3323 suo
3081 3286 3095 3322 :
3122 3269 3238 3324 Non
3262 3279 3350 3325 est
3376 3270 3521 3325 Deos
3543 3270 3612 3336 ",
3644 3289 3665 3321 ο

2096 3368 2244 3439 genti
2308 3350 2442 3429 siue,
2484 3364 2587 3420 huc
2619 3373 2702 3417 (‘St
2738 3363 3010 3432 apostatis
3059 3362 3281 3432 angelis,
3332 3362 3587 3432 colloqui,
3614 3367 3674 3419 et

2096 3460 2280 3515 dicere
2301 3448 2346 3490 ⁷⁸
2382 3473 2393 3506 :
2434 3475 2454 3509 ι
2486 3457 2633 3511 Ecce
2674 3472 2809 3525 gens
2849 3454 3081 3508 filiorum
3114 3452 3275 3509 Israel
3306 3466 3501 3524 magna
3535 3456 3667 3511 utul-

2098 3553 2269 3607 titudo
2299 3561 2401 3614 est,
2431 3551 2537 3605 ide
2559 3549 2642 3603 his
2665 3548 2872 3603 scilicet
2901 3547 2991 3616 qui
3022 3554 3248 3617 possunt
3279 3557 3457 3602 mente
3498 3543 3667 3604 Deum

2096 3642 2302 3703 videre,
2340 3655 2361 3692 ι
2395 3650 2448 3694 ει
2478 3638 2751 3708 potentior
2781 3644 2867 3690 est
2893 3636 3067 3690 nobis.
3094 3632 3286 3691 Venite
3318 3636 3521 3704 itaque,
3562 3639 3671 3691 cir—

2098 3731 2530 3787 cumscribamus
2586 3728 2707 3783 illos
2758 3742 2824 3781 ne
2883 3727 3022 3783 forte
3062 3726 3397 3790 increscant,
3456 3735 3512 3781 et
3544 3742 3668 3781 cum

2100 3822 2365 3878 acciderit
2395 3820 2551 3876 nobis
2595 3820 2816 3885 bellum,
2863 3818 3209 3873 consentient
3235 3826 3289 3872 et
3322 3817 3375 3872 bi
3425 3832 3546 3873 cum
3580 3819 3673 3872 ad-

2098 3916 2379 3980 rersariis,
2425 3923 2479 3969 et
2526 3920 2902 3983 espugnautcs
2965 3925 3065 3965 nos
3116 3909 3343 3987 exiliunt
3397 3911 3465 3965 de
3523 3919 3670 3964 terra

2098 4012 2309 4058 nostra.
2346 4018 2366 4054 ι
2405 4000 2513 4055 Sed
2559 4000 2703 4054 unde
2745 3999 2843 4053 hoc
2874 3999 3040 4052 sentit
3087 3990 3368 4053 diabolus?
3418 3998 3557 4053 unde
3590 3998 3675 4054 itt-

2100 4092 2299 4162 telligit
2330 4090 2455 4160 quia
2481 4104 2674 4159 magna
2711 4102 2845 4159 gens
2871 4088 2941 4141 sit
2970 4085 3158 4153 Israel,
3188 4096 3240 4141 et
3285 4086 3403 4157 ipso
3442 4086 3670 4153 fortior,

2100 4186 2206 4242 nisi
2238 4184 2367 4255 quia
2393 4197 2536 4253 stepc
2568 4192 2892 4250 congressus
2928 4188 3034 4241 est,
3068 4192 3211 4247 Saepe
3262 4177 3450 4233 habuit
3493 4178 3671 4232 luctas

2102 4292 2259 4343 men,
2294 4283 2349 4329 et
2380 4288 2521 4342 saepe
2557 4282 2846 4341 superatus
2877 4269 2998 4324 est?
3055 4256 3171 4324 Scit
3217 4268 3364 4323 cnim
3399 4276 3453 4322 et
3497 4268 3673 4337 ipsum

2102 4368 2266 4424 lacoh
2299 4367 2562 4422 luctatum
2597 4377 2741 4426 esse,
2795 4371 2849 4417 et
2874 4360 3146 4430 adiutorio
3170 4359 3344 4430 angeli
3372 4359 3677 4415 obtinuisse

422 4490 545 4532 sunt
572 4475 847 4531 Christum
885 4472 1247 4527 resurrexisse
1302 4485 1331 4522 a
1369 4470 1630 4533 mortuis;
1664 4486 1682 4521 ι
1718 4468 1845 4521 dum
1881 4466 1995 4521 hmc
2028 4464 2072 4521 Β
2104 4458 2500 4517 τιιιγεεέιιιδῑηιη.
2546 4464 2601 4509 ct
2655 4452 2957 4507 invalulssc
3001 4468 3123 4505 cum
3179 4452 3304 4506 Deo.
3338 4450 3453 4505 Non
3487 4452 3677 4506 dubito

422 4566 802 4637 meniinit(79)
821 4565 869 4619 in
891 4563 1147 4634 JEgypto,
1168 4563 1217 4614 id
1243 4572 1323 4615 cst
1352 4561 1404 4615 in
1427 4575 1590 4617 carne
1609 4568 1813 4622 nostra,
1838 4557 1995 4626 spiri-

428 4668 517 4712 tus
548 4666 732 4711 nostcr
757 4670 979 4723 regnum
1012 4670 1134 4709 cum
1154 4653 1363 4720 justitia
1386 4661 1554 4715 tenet,
1572 4662 1625 4703 et
1647 4651 1787 4703 tilias
1812 4648 1997 4711 Israel,

424 4767 567 4823 quos
594 4767 757 4820 supra
789 4750 1021 4804 diximus
1056 4747 1407 4803 rationabiles
1430 4760 1646 4807 sensus,
1682 4742 1761 4796 vel
1798 4743 1998 4817 animae

426 4849 683 4909 virtutes,
714 4843 767 4897 in
802 4842 910 4895 luto
947 4851 1000 4896 et
1040 4841 1206 4895 latere
1235 4855 1338 4892 non
1387 4835 1678 4899 consumit,
1714 4848 1813 4887 nec
1851 4832 1998 4886 curis

420 4956 520 4997 eos
558 4935 794 4993 terrenis
821 4947 875 4989 et
898 4933 1351 4989 sollicituilinilnis
1379 4929 1587 4984 atterit.
1627 4928 1683 4981 Si
1723 4941 1851 4978 vero
1874 4938 2001 4994 pcr-

427 5028 623 5083 didcrit
651 5028 843 5082 horum
879 5024 1193 5077 memoriam
1226 5036 1415 5075 sensus
1453 5029 1655 5083 noster,
1692 5016 2000 5071 declinave-

428 5122 498 5174 rit
529 5135 556 5173 a
590 5119 721 5183 Deo,
749 5116 1005 5172 nescierit
1033 5112 1331 5177 Christum,
1360 5124 1486 5165 tunc
1504 5111 1768 5179 sapientia
1793 5105 1995 5169 carnis,

427 5228 547 5282 qua:
570 5210 789 5264 inimica
815 5216 901 5261 est
930 5208 1057 5268 Deo,
1106 5205 1351 5257 succedit
1385 5204 1436 5255 in
1484 5215 1736 5268 regnum,
1777 5210 1829 5253 et
1864 5197 1998 5250 allo-

499 5302 545 5335 “
567 5300 711 5355 Psal.
741 5315 901 5363 xvm,
934 5297 987 5351 5.
1085 5296 1129 5326 ⁶⁸
1162 5296 1281 5347 Act.
1315 5311 1385 5359 vt,
1427 5296 1480 5351 7.

428 5389 549 5435 xm,
572 5372 631 5427 1.
694 5370 741 5402 ’°
772 5370 1013 5431 Exod.“
1041 5366 1095 5431 9,
1124 5366 1211 5419 l0.

500 5468 611 5538 (78)
653 5466 777 5522 Mss.
804 5484 827 5538 γι
863 5465 1015 5518 llunc
1041 5472 1186 5517 terra
1202 5456 1546 5525 multiplicat.
1574 5474 1591 5507 ι
1617 5454 1789 5518 Alias,
1820 5470 1836 5503 ι
1880 5456 1993 5507 ιιωο

430 5537 948 5606 ιοιυηιιιιιιιὶριίεπι.
991 5552 1009 5584 ι
1052 5602 1100 5606 __
1211 5600 1219 5606 _
1265 5599 1275 5606 .
1501 5595 1513 5606 -
1752 5604 1758 5606 Α
1798 5594 1808 5603 ·

501 5611 610 5677 (79)
641 5595 807 5668 Alias,
844 5624 862 5656 ι
900 5607 1024 5656 dunt
1051 5602 1138 5655 hic
1172 5599 1327 5657 vivit,
1364 5616 1379 5646 ι
1422 5595 1513 5649 sed
1551 5612 1679 5649 mss.
1713 5604 1765 5645 nt
1798 5595 1850 5647 in
1891 5609 1991 5644 no-

430 5692 544 5734 stro
572 5688 741 5730 textu.

502 5750 612 5819 (80)
649 5747 776 5800 Vide
801 5746 838 5801 I.
866 5762 904 5800 tt
932 5743 1169 5812 Orig/em,
1197 5751 1366 5809 φηςι
1400 5738 1480 5790 l5.

2101 4555 2230 4622 quin
2267 4560 2322 4605 rt
2372 4551 2603 4603 aliorum
2655 4554 2966 4599 sanctorum
3016 4545 3251 4598 senserit
3296 4544 3587 4607 luctamen,
3619 4554 3674 4598 et

2101 4644 2365 4713 spiritalia
2392 4639 2671 4709 pertulerit
2689 4646 2832 4704 sape
2849 4635 3170 4697 certamina,
3188 4646 3240 4687 et
3259 4634 3380 4687 inde
3397 4634 3540 4688 dicat
3561 4633 3675 4703 (8‘2)

2101 4738 2229 4806 quia
2260 4751 2392 4805 gens
2424 4733 2657 4787 filiorum
2694 4729 2857 4784 Israel
2892 4743 3080 4798 magna
3121 4738 3202 4781 est
3234 4727 3409 4790 valde,
3442 4736 3497 4780 et
3530 4726 3677 4780 Valet

2101 4834 2265 4898 sitpcr
2292 4842 2408 4880 nos.
2438 4823 2545 4880 Sed
2569 4833 2623 4877 et
2652 4821 2781 4875 illud
2807 4820 2949 4890 quod
2982 4820 3155 4882 timet,
3207 4816 3497 4885 ne‘qtmndo
3540 4822 3673 4868 eve-4

2102 4922 2217 4977 niat
2242 4922 2323 4972 cis
2356 4915 2580 4978 bellutn,
2614 4924 2668 4966 et
2710 4912 3059 4966 consentiant
3092 4906 3424 4961 adversariis
3455 4906 3596 4972 ejus,-
3621 4903 3678 4960 et

2099 5013 2331 5067 devictis
2358 5011 2437 5063 eis
2459 5006 2741 5061 discedant
2766 5004 2831 5056 de
2867 5010 3009 5056 terra
3045 5008 3164 5057 sua.
3196 5000 3410 5053 videtur
3442 4998 3571 5052 mihi
3604 4998 3673 5051 ei

2101 5102 2186 5157 his
2215 5114 2334 5169 qua:
2359 5095 2565 5150 sanctis
2587 5092 2914 5162 patriarchis
2939 5090 3017 5142 vel
3045 5088 3322 5156 prophetis
3353 5087 3417 5141 de
3440 5084 3672 5141 adventu

2099 5192 2302 5248 Christi
2337 5200 2720 5253 nonnunquam
2757 5182 2988 5235 iudiCata
3019 5180 3255 5237 fuerant.
3296 5177 3676 5251 praesensiSse,

1573 5295 1617 5325 εδ
1642 5258 1836 5361 Philip.
1872 5306 1908 5355 ι,
1939 5288 1994 5343 ei

2098 5278 2154 5351 '5,
2183 5283 2275 5338 Ἡ.
2354 5280 2395 5309 ⁸⁷
2422 5280 2594 5333 Exod.
2635 5292 2676 5336 t.
2715 5270 2770 5336 8,
2798 5275 2849 5327 9.
2930 5258 2977 5303 ⁸⁸
3007 5269 3046 5325 ll
3070 5270 3211 5324 Tim.
3249 5284 3309 5333 ιι,
3342 5269 3398 5327 8.
3453 5260 3671 5347 1”}l’sal.

2174 5444 2309 5514 (80‘)
2346 5444 2495 5505 διεδ..
2528 5456 2547 5491 ι
2586 5444 2641 5492 ιιι
2672 5453 2775 5492 non
2810 5432 2938 5491 illud
2966 5435 3139 5489 dicant
3163 5450 3177 5498 ;
3205 5453 3222 5485 ε
3244 5432 3373 5486 lihh.
3406 5432 3588 5494 c’diti,c
3613 5441 3669 5485 ut

2104 5507 2398 5572 ἰιιιᾙιὶιᾮηι.
2441 5533 2459 5563 ι
3666 5516 3667 5519 “

2176 5588 2287 5652 (81)
2321 5584 2489 5643 Alias,
2527 5599 2545 5631 ι
2586 5578 2847 5652 immundi
2884 5575 3110 5652 sp'ritits
3139 5573 3500 5652 imperio-agi.
3543 5592 3559 5621 ι

2176 5641 2288 5718 (διδ
2323 5641 2487 5709 Alias,
2524 5670 2539 5699 ι
2573 5651 2723 5707 dicit.
2768 5666 2785 5699 ν
2816 5658 2865 5697 et
2903 5641 3065 5707 nam,
3100 5665 3114 5694 ι
3155 5641 3245 5698 sed
3279 5655 3331 5698 el
3365 5645 3492 5697 illud
3524 5641 3669 5709 quod

2107 5729 2331 5791 timent;
2373 5744 2387 5773 ι
2423 5733 2472 5774 at
2509 5736 2638 5773 mss.
2671 5729 2725 5771 ut
2755 5735 2805 5771 III
2848 5727 3034 5768 noni-ii
3073 5727 3238 5769 textu.
