  <div class='ocr_page' id='page_1' title='image "/cluster/home/n/w/nwhite01/storage/ocr_20150623/12/hvd.32044052796216/157.png"; bbox 0 0 4122 6248; ppageno 0'>
   <div class='ocr_carea' id='block_1_1' title="bbox 501 305 607 363">
    <p class='ocr_par' dir='ltr' id='par_1_1' title="bbox 501 305 607 363">
     <span class='ocr_line' id='line_1_1' title="bbox 501 305 607 363; baseline -0.019 0"><span class='ocrx_word' id='word_1_1' title='bbox 501 305 607 363; x_wconf 73' lang='lat'><strong>303</strong></span> 
     </span>
    </p>
   </div>
   <div class='ocr_carea' id='block_1_2' title="bbox 1955 302 2282 362">
    <p class='ocr_par' dir='ltr' id='par_1_2' title="bbox 1955 302 2282 362">
     <span class='ocr_line' id='line_1_2' title="bbox 1955 302 2282 362; baseline 0.021 -8"><span class='ocrx_word' id='word_1_2' title='bbox 1955 302 2282 362; x_wconf 79' lang='lat' dir='ltr'><strong>ORIGENIS</strong></span> 
     </span>
    </p>
   </div>
   <div class='ocr_carea' id='block_1_3' title="bbox 3662 313 3765 367">
    <p class='ocr_par' dir='ltr' id='par_1_3' title="bbox 3662 313 3765 367">
     <span class='ocr_line' id='line_1_3' title="bbox 3662 313 3765 367; baseline 0 -2"><span class='ocrx_word' id='word_1_3' title='bbox 3662 313 3765 367; x_wconf 71' lang='grc' dir='ltr'>3οι</span> 
     </span>
    </p>
   </div>
   <div class='ocr_carea' id='block_1_4' title="bbox 501 425 3765 501">
    <p class='ocr_par' dir='ltr' id='par_1_4' title="bbox 501 425 3765 501">
     <span class='ocr_line' id='line_1_4' title="bbox 501 425 3765 501; baseline 0.002 -21"><span class='ocrx_word' id='word_1_4' title='bbox 501 436 556 481; x_wconf 88' lang='lat' dir='ltr'><strong>et</strong></span> <span class='ocrx_word' id='word_1_5' title='bbox 588 426 712 480; x_wconf 89' lang='lat' dir='ltr'><strong>inde</strong></span> <span class='ocrx_word' id='word_1_6' title='bbox 760 426 902 481; x_wconf 89' lang='lat' dir='ltr'><strong>scire</strong></span> <span class='ocrx_word' id='word_1_7' title='bbox 952 426 1095 497; x_wconf 89' lang='lat' dir='ltr'><strong>quod</strong></span> <span class='ocrx_word' id='word_1_8' title='bbox 1147 425 1247 479; x_wconf 71' lang='lat' dir='ltr'><strong>sibi</strong></span> <span class='ocrx_word' id='word_1_9' title='bbox 1290 426 1569 481; x_wconf 89' lang='lat' dir='ltr'><strong>immineat</strong></span> <span class='ocrx_word' id='word_1_10' title='bbox 1618 428 1840 483; x_wconf 88' lang='lat' dir='ltr'><strong>bellum.</strong></span> <span class='ocrx_word' id='word_1_11' title='bbox 1900 428 2076 482; x_wconf 88' lang='lat' dir='ltr'><strong>Sentit</strong></span> <span class='ocrx_word' id='word_1_12' title='bbox 2106 431 2149 486; x_wconf 86' lang='lat' dir='ltr'><strong>A</strong></span> <span class='ocrx_word' id='word_1_13' title='bbox 2182 428 2453 497; x_wconf 80' lang='lat' dir='ltr'><strong>perdiccm</strong></span> <span class='ocrx_word' id='word_1_14' title='bbox 2480 445 2538 486; x_wconf 91' lang='lat' dir='ltr'><strong>se</strong></span> <span class='ocrx_word' id='word_1_15' title='bbox 2561 430 2788 494; x_wconf 87' lang='lat' dir='ltr'><strong>dictum,</strong></span> <span class='ocrx_word' id='word_1_16' title='bbox 2828 440 3078 499; x_wconf 70' lang='lat' dir='ltr'><strong>qumunu</strong></span> <span class='ocrx_word' id='word_1_17' title='bbox 3121 431 3324 501; x_wconf 76' lang='lat' dir='ltr'><strong>peperit</strong></span> <span class='ocrx_word' id='word_1_18' title='bbox 3370 440 3765 500; x_wconf 72' lang='lat' dir='ltr'><strong>congregasse,</strong></span> 
     </span>
    </p>
   </div>
   <div class='ocr_carea' id='block_1_5' title="bbox 503 518 2076 590">
    <p class='ocr_par' dir='ltr' id='par_1_5' title="bbox 503 518 2076 590">
     <span class='ocr_line' id='line_1_5' title="bbox 503 518 2076 590; baseline 0.001 -17"><span class='ocrx_word' id='word_1_19' title='bbox 503 529 792 573; x_wconf 80' lang='lat' dir='ltr'><strong>venturum</strong></span> <span class='ocrx_word' id='word_1_20' title='bbox 825 520 915 589; x_wconf 92' lang='lat' dir='ltr'><strong>qui</strong></span> <span class='ocrx_word' id='word_1_21' title='bbox 966 528 1134 573; x_wconf 86' lang='lat' dir='ltr'><strong>exuat</strong></span> <span class='ocrx_word' id='word_1_22' title='bbox 1185 520 1527 588; x_wconf 87' lang='lat' dir='ltr'><strong>principatus</strong></span> <span class='ocrx_word' id='word_1_23' title='bbox 1559 518 1677 587; x_wconf 86' lang='lat' dir='ltr'><strong>ejus</strong></span> <span class='ocrx_word' id='word_1_24' title='bbox 1730 530 1784 573; x_wconf 90' lang='lat' dir='ltr'><strong>et</strong></span> <span class='ocrx_word' id='word_1_25' title='bbox 1834 531 2076 590; x_wconf 85' lang='lat' dir='ltr'><strong>potesta-</strong></span> 
     </span>
    </p>
   </div>
   <div class='ocr_carea' id='block_1_6' title="bbox 504 610 2077 683">
    <p class='ocr_par' dir='ltr' id='par_1_6' title="bbox 504 610 2077 683">
     <span class='ocr_line' id='line_1_6' title="bbox 504 610 2077 683; baseline 0.004 -22"><span class='ocrx_word' id='word_1_26' title='bbox 504 620 588 665; x_wconf 80' lang='lat' dir='ltr'><strong>tcs</strong></span> <span class='ocrx_word' id='word_1_27' title='bbox 627 611 695 675; x_wconf 81' lang='lat'><strong>&quot;‘,</strong></span> <span class='ocrx_word' id='word_1_28' title='bbox 719 620 773 665; x_wconf 87' lang='lat' dir='ltr'><strong>et</strong></span> <span class='ocrx_word' id='word_1_29' title='bbox 809 628 931 665; x_wconf 92' lang='lat' dir='ltr'><strong>cum</strong></span> <span class='ocrx_word' id='word_1_30' title='bbox 966 612 1160 664; x_wconf 86' lang='lat' dir='ltr'><strong>fiducia</strong></span> <span class='ocrx_word' id='word_1_31' title='bbox 1201 610 1499 678; x_wconf 75' lang='lat' dir='ltr'><strong>triumphet</strong></span> <span class='ocrx_word' id='word_1_32' title='bbox 1546 626 1663 677; x_wconf 76' lang='lat' dir='ltr'><strong>eos,</strong></span> <span class='ocrx_word' id='word_1_33' title='bbox 1698 622 1753 666; x_wconf 90' lang='lat' dir='ltr'><strong>et</strong></span> <span class='ocrx_word' id='word_1_34' title='bbox 1785 612 1967 683; x_wconf 76' lang='lat' dir='ltr'><strong>alligat</strong></span> <span class='ocrx_word' id='word_1_35' title='bbox 2026 615 2077 667; x_wconf 92' lang='lat' dir='ltr'><strong>in</strong></span> 
     </span>
    </p>
   </div>
   <div class='ocr_carea' id='block_1_7' title="bbox 504 702 2077 777">
    <p class='ocr_par' dir='ltr' id='par_1_7' title="bbox 504 702 2077 777">
     <span class='ocr_line' id='line_1_7' title="bbox 504 702 2077 777; baseline 0.004 -23"><span class='ocrx_word' id='word_1_36' title='bbox 504 702 652 770; x_wconf 82' lang='lat' dir='ltr'><strong>ligno</strong></span> <span class='ocrx_word' id='word_1_37' title='bbox 685 704 865 756; x_wconf 88' lang='lat' dir='ltr'><strong>crucis</strong></span> <span class='ocrx_word' id='word_1_38' title='bbox 896 720 1028 758; x_wconf 64' lang='lat' dir='ltr'><strong>suae.</strong></span> <span class='ocrx_word' id='word_1_39' title='bbox 1062 704 1230 773; x_wconf 88' lang='lat' dir='ltr'><strong>Igitur</strong></span> <span class='ocrx_word' id='word_1_40' title='bbox 1271 717 1566 757; x_wconf 88' lang='lat' dir='ltr'><strong>convocata</strong></span> <span class='ocrx_word' id='word_1_41' title='bbox 1612 708 1756 760; x_wconf 83' lang='lat' dir='ltr'><strong>omni</strong></span> <span class='ocrx_word' id='word_1_42' title='bbox 1794 719 1953 777; x_wconf 88' lang='lat' dir='ltr'><strong>gente</strong></span> <span class='ocrx_word' id='word_1_43' title='bbox 1983 724 2077 761; x_wconf 91' lang='lat' dir='ltr'><strong>sua</strong></span> 
     </span>
    </p>
   </div>
   <div class='ocr_carea' id='block_1_8' title="bbox 500 793 2082 863">
    <p class='ocr_par' dir='ltr' id='par_1_8' title="bbox 500 793 2082 863">
     <span class='ocr_line' id='line_1_8' title="bbox 500 793 2082 863; baseline 0.004 -18"><span class='ocrx_word' id='word_1_44' title='bbox 500 793 899 848; x_wconf 78' lang='lat' dir='ltr'><strong>circumvenire</strong></span> <span class='ocrx_word' id='word_1_45' title='bbox 951 805 1005 850; x_wconf 91' lang='lat' dir='ltr'><strong>et</strong></span> <span class='ocrx_word' id='word_1_46' title='bbox 1056 795 1508 849; x_wconf 72' lang='lat' dir='ltr'><strong>circumscribere</strong></span> <span class='ocrx_word' id='word_1_47' title='bbox 1553 798 1703 863; x_wconf 90' lang='lat' dir='ltr'><strong>cupit</strong></span> <span class='ocrx_word' id='word_1_48' title='bbox 1733 799 1786 851; x_wconf 89' lang='lat' dir='ltr'><strong>in</strong></span> <span class='ocrx_word' id='word_1_49' title='bbox 1841 799 2082 852; x_wconf 86' lang='lat' dir='ltr'><strong>homini-</strong></span> 
     </span>
    </p>
   </div>
   <div class='ocr_carea' id='block_1_9' title="bbox 500 887 2081 959">
    <p class='ocr_par' dir='ltr' id='par_1_9' title="bbox 500 887 2081 959">
     <span class='ocr_line' id='line_1_9' title="bbox 500 887 2081 959; baseline 0.003 -20"><span class='ocrx_word' id='word_1_50' title='bbox 500 887 597 939; x_wconf 91' lang='lat' dir='ltr'><strong>bus</strong></span> <span class='ocrx_word' id='word_1_51' title='bbox 622 888 1002 943; x_wconf 89' lang='lat' dir='ltr'><strong>rationabilem</strong></span> <span class='ocrx_word' id='word_1_52' title='bbox 1037 904 1277 953; x_wconf 79' lang='lat' dir='ltr'><strong>sensum,</strong></span> <span class='ocrx_word' id='word_1_53' title='bbox 1313 888 1403 958; x_wconf 89' lang='lat' dir='ltr'><strong>qui</strong></span> <span class='ocrx_word' id='word_1_54' title='bbox 1440 904 1579 943; x_wconf 93' lang='lat' dir='ltr'><strong>nunc</strong></span> <span class='ocrx_word' id='word_1_55' title='bbox 1614 890 1912 959; x_wconf 84' lang='lat' dir='ltr'><strong>figuraliter</strong></span> <span class='ocrx_word' id='word_1_56' title='bbox 1946 892 2081 945; x_wconf 81' lang='lat' dir='ltr'><strong>dici-</strong></span> 
     </span>
    </p>
   </div>
   <div class='ocr_carea' id='block_1_10' title="bbox 500 976 2076 1049">
    <p class='ocr_par' dir='ltr' id='par_1_10' title="bbox 500 976 2076 1049">
     <span class='ocr_line' id='line_1_10' title="bbox 500 976 2076 1049; baseline 0.003 -20"><span class='ocrx_word' id='word_1_57' title='bbox 500 990 589 1030; x_wconf 79' lang='lat' dir='ltr'><strong>tur</strong></span> <span class='ocrx_word' id='word_1_58' title='bbox 616 976 818 1042; x_wconf 82' lang='lat' dir='ltr'><strong>Israel;</strong></span> <span class='ocrx_word' id='word_1_59' title='bbox 866 988 921 1032; x_wconf 85' lang='lat' dir='ltr'><strong>et</strong></span> <span class='ocrx_word' id='word_1_60' title='bbox 953 980 1072 1033; x_wconf 86' lang='lat' dir='ltr'><strong>ideo</strong></span> <span class='ocrx_word' id='word_1_61' title='bbox 1120 978 1365 1048; x_wconf 68' lang='lat' dir='ltr'><strong>pra-fecit</strong></span> <span class='ocrx_word' id='word_1_62' title='bbox 1402 978 1483 1032; x_wconf 89' lang='lat' dir='ltr'><strong>eis</strong></span> <span class='ocrx_word' id='word_1_63' title='bbox 1515 980 1802 1046; x_wconf 77' lang='lat' dir='ltr'><strong>magistros</strong></span> <span class='ocrx_word' id='word_1_64' title='bbox 1830 996 2076 1049; x_wconf 85' lang='lat' dir='ltr'><strong>operum,</strong></span> 
     </span>
    </p>
   </div>
   <div class='ocr_carea' id='block_1_11' title="bbox 497 1071 2076 1139">
    <p class='ocr_par' dir='ltr' id='par_1_11' title="bbox 497 1071 2076 1139">
     <span class='ocr_line' id='line_1_11' title="bbox 497 1071 2076 1139; baseline 0.004 -21"><span class='ocrx_word' id='word_1_65' title='bbox 497 1071 589 1138; x_wconf 91' lang='lat' dir='ltr'><strong>qui</strong></span> <span class='ocrx_word' id='word_1_66' title='bbox 637 1086 733 1124; x_wconf 89' lang='lat' dir='ltr'><strong>eos</strong></span> <span class='ocrx_word' id='word_1_67' title='bbox 778 1080 975 1137; x_wconf 70' lang='lat' dir='ltr'><strong>cogant</strong></span> <span class='ocrx_word' id='word_1_68' title='bbox 1025 1071 1239 1124; x_wconf 90' lang='lat' dir='ltr'><strong>discere</strong></span> <span class='ocrx_word' id='word_1_69' title='bbox 1271 1087 1435 1139; x_wconf 77' lang='lat' dir='ltr'><strong>opera</strong></span> <span class='ocrx_word' id='word_1_70' title='bbox 1479 1073 1681 1135; x_wconf 85' lang='lat' dir='ltr'><strong>carnis,</strong></span> <span class='ocrx_word' id='word_1_71' title='bbox 1731 1072 1871 1125; x_wconf 87' lang='lat' dir='ltr'><strong>sicut</strong></span> <span class='ocrx_word' id='word_1_72' title='bbox 1921 1082 1976 1124; x_wconf 91' lang='lat' dir='ltr'><strong>et</strong></span> <span class='ocrx_word' id='word_1_73' title='bbox 2023 1073 2076 1125; x_wconf 91' lang='lat' dir='ltr'><strong>in</strong></span> 
     </span>
    </p>
   </div>
   <div class='ocr_carea' id='block_1_12' title="bbox 496 1162 2079 1234">
    <p class='ocr_par' dir='ltr' id='par_1_12' title="bbox 496 1162 2079 1234">
     <span class='ocr_line' id='line_1_12' title="bbox 496 1162 2079 1234; baseline 0.001 -19"><span class='ocrx_word' id='word_1_74' title='bbox 496 1162 725 1216; x_wconf 80' lang='lat' dir='ltr'><strong>Psalmis</strong></span> <span class='ocrx_word' id='word_1_75' title='bbox 755 1163 886 1216; x_wconf 81' lang='lat' dir='ltr'><strong>dicit</strong></span> <span class='ocrx_word' id='word_1_76' title='bbox 908 1164 952 1195; x_wconf 82' lang='grc'><strong>⁷²</strong></span> <span class='ocrx_word' id='word_1_77' title='bbox 986 1182 998 1217; x_wconf 88' lang='lat'>:</span> <span class='ocrx_word' id='word_1_78' title='bbox 1034 1180 1051 1213; x_wconf 80' lang='grc' dir='ltr'><strong>ι</strong></span> <span class='ocrx_word' id='word_1_79' title='bbox 1092 1164 1154 1216; x_wconf 80' lang='lat' dir='ltr'><strong>Et</strong></span> <span class='ocrx_word' id='word_1_80' title='bbox 1192 1168 1409 1221; x_wconf 90' lang='lat' dir='ltr'><strong>admisti</strong></span> <span class='ocrx_word' id='word_1_81' title='bbox 1443 1176 1575 1221; x_wconf 92' lang='lat' dir='ltr'><strong>sunt</strong></span> <span class='ocrx_word' id='word_1_82' title='bbox 1629 1163 1881 1234; x_wconf 76' lang='lat' dir='ltr'><strong>gentibus</strong></span> <span class='ocrx_word' id='word_1_83' title='bbox 1911 1174 1968 1219; x_wconf 94' lang='lat' dir='ltr'><strong>et</strong></span> <span class='ocrx_word' id='word_1_84' title='bbox 1996 1165 2079 1217; x_wconf 90' lang='lat' dir='ltr'><strong>di-</strong></span> 
     </span>
    </p>
   </div>
   <div class='ocr_carea' id='block_1_13' title="bbox 494 1253 2077 1322">
    <p class='ocr_par' dir='ltr' id='par_1_13' title="bbox 494 1253 2077 1322">
     <span class='ocr_line' id='line_1_13' title="bbox 494 1253 2077 1322; baseline 0.005 -21"><span class='ocrx_word' id='word_1_85' title='bbox 494 1253 744 1306; x_wconf 87' lang='lat' dir='ltr'><strong>dicerunt</strong></span> <span class='ocrx_word' id='word_1_86' title='bbox 788 1268 950 1322; x_wconf 87' lang='lat' dir='ltr'><strong>opera</strong></span> <span class='ocrx_word' id='word_1_87' title='bbox 1003 1268 1221 1309; x_wconf 86' lang='lat' dir='ltr'><strong>eorum.</strong></span> <span class='ocrx_word' id='word_1_88' title='bbox 1269 1274 1285 1306; x_wconf 85' lang='grc' dir='ltr'><strong>ι</strong></span> <span class='ocrx_word' id='word_1_89' title='bbox 1344 1255 1511 1311; x_wconf 89' lang='lat' dir='ltr'><strong>Docet</strong></span> <span class='ocrx_word' id='word_1_90' title='bbox 1564 1270 1660 1311; x_wconf 89' lang='lat' dir='ltr'><strong>eos</strong></span> <span class='ocrx_word' id='word_1_91' title='bbox 1713 1263 1768 1308; x_wconf 90' lang='lat' dir='ltr'><strong>et</strong></span> <span class='ocrx_word' id='word_1_92' title='bbox 1828 1255 2077 1309; x_wconf 85' lang='lat' dir='ltr'><strong>civitates</strong></span> 
     </span>
    </p>
   </div>
   <div class='ocr_carea' id='block_1_14' title="bbox 494 1346 2074 1418">
    <p class='ocr_par' dir='ltr' id='par_1_14' title="bbox 494 1346 2074 1418">
     <span class='ocr_line' id='line_1_14' title="bbox 494 1346 2074 1418; baseline -0.001 -17"><span class='ocrx_word' id='word_1_93' title='bbox 494 1347 764 1401; x_wconf 59' lang='lat' dir='ltr'><strong>redirit-are</strong></span> <span class='ocrx_word' id='word_1_94' title='bbox 795 1346 1083 1406; x_wconf 74' lang='lat' dir='ltr'><strong>Pharaoni.</strong></span> <span class='ocrx_word' id='word_1_95' title='bbox 1124 1346 1337 1401; x_wconf 82' lang='lat' dir='ltr'><strong>Philoni</strong></span> <span class='ocrx_word' id='word_1_96' title='bbox 1362 1348 1495 1417; x_wconf 81' lang='lat'><strong>(85),</strong></span> <span class='ocrx_word' id='word_1_97' title='bbox 1533 1363 1653 1418; x_wconf 64' lang='lat' dir='ltr'><strong>quae</strong></span> <span class='ocrx_word' id='word_1_98' title='bbox 1682 1348 1733 1401; x_wconf 90' lang='lat' dir='ltr'><strong>in</strong></span> <span class='ocrx_word' id='word_1_99' title='bbox 1760 1357 1944 1401; x_wconf 90' lang='lat' dir='ltr'><strong>nostra</strong></span> <span class='ocrx_word' id='word_1_100' title='bbox 1967 1346 2074 1400; x_wconf 36' lang='lat' dir='ltr'><strong>lin;</strong></span> 
     </span>
    </p>
   </div>
   <div class='ocr_carea' id='block_1_15' title="bbox 500 1439 2072 1509">
    <p class='ocr_par' dir='ltr' id='par_1_15' title="bbox 500 1439 2072 1509">
     <span class='ocr_line' id='line_1_15' title="bbox 500 1439 2072 1509; baseline 0.003 -22"><span class='ocrx_word' id='word_1_101' title='bbox 500 1454 602 1501; x_wconf 70' lang='lat' dir='ltr'><strong>gua</strong></span> <span class='ocrx_word' id='word_1_102' title='bbox 630 1439 909 1505; x_wconf 76' lang='lat' dir='ltr'><strong>significat</strong></span> <span class='ocrx_word' id='word_1_103' title='bbox 958 1456 1013 1491; x_wconf 87' lang='lat' dir='ltr'><strong>os</strong></span> <span class='ocrx_word' id='word_1_104' title='bbox 1064 1440 1394 1506; x_wconf 68' lang='lat' dir='ltr'><strong>defectionis,</strong></span> <span class='ocrx_word' id='word_1_105' title='bbox 1431 1440 1512 1493; x_wconf 84' lang='lat' dir='ltr'><strong>vel</strong></span> <span class='ocrx_word' id='word_1_106' title='bbox 1548 1457 1604 1493; x_wconf 88' lang='lat' dir='ltr'><strong>os</strong></span> <span class='ocrx_word' id='word_1_107' title='bbox 1636 1439 1851 1509; x_wconf 79' lang='lat' dir='ltr'><strong>abyssi;</strong></span> <span class='ocrx_word' id='word_1_108' title='bbox 1880 1449 1935 1493; x_wconf 89' lang='lat' dir='ltr'><strong>et</strong></span> <span class='ocrx_word' id='word_1_109' title='bbox 1961 1439 2072 1491; x_wconf 77' lang='lat' dir='ltr'><strong>Ra—</strong></span> 
     </span>
    </p>
   </div>
   <div class='ocr_carea' id='block_1_16' title="bbox 496 1528 2072 1599">
    <p class='ocr_par' dir='ltr' id='par_1_16' title="bbox 496 1528 2072 1599">
     <span class='ocr_line' id='line_1_16' title="bbox 496 1528 2072 1599; baseline 0.001 -19"><span class='ocrx_word' id='word_1_110' title='bbox 496 1546 700 1583; x_wconf 81' lang='lat' dir='ltr'><strong>im-sses</strong></span> <span class='ocrx_word' id='word_1_111' title='bbox 757 1528 867 1599; x_wconf 72' lang='lat'><strong>(84)</strong></span> <span class='ocrx_word' id='word_1_112' title='bbox 897 1570 911 1594; x_wconf 93' lang='lat'><strong>,</strong></span> <span class='ocrx_word' id='word_1_113' title='bbox 964 1544 1082 1597; x_wconf 71' lang='lat' dir='ltr'><strong>quae</strong></span> <span class='ocrx_word' id='word_1_114' title='bbox 1117 1530 1506 1597; x_wconf 88' lang='lat' dir='ltr'><strong>interpretatur</strong></span> <span class='ocrx_word' id='word_1_115' title='bbox 1556 1531 1835 1584; x_wconf 81' lang='lat' dir='ltr'><strong>commotio</strong></span> <span class='ocrx_word' id='word_1_116' title='bbox 1878 1531 2072 1595; x_wconf 71' lang='lat' dir='ltr'><strong>tinem;</strong></span> 
     </span>
    </p>
   </div>
   <div class='ocr_carea' id='block_1_17' title="bbox 498 1622 2069 1692">
    <p class='ocr_par' dir='ltr' id='par_1_17' title="bbox 498 1622 2069 1692">
     <span class='ocr_line' id='line_1_17' title="bbox 498 1622 2069 1692; baseline -0.001 -14"><span class='ocrx_word' id='word_1_117' title='bbox 498 1624 694 1687; x_wconf 81' lang='lat' dir='ltr'><strong>Ethou,</strong></span> <span class='ocrx_word' id='word_1_118' title='bbox 734 1625 785 1677; x_wconf 88' lang='lat' dir='ltr'><strong>id</strong></span> <span class='ocrx_word' id='word_1_119' title='bbox 823 1632 905 1676; x_wconf 91' lang='lat' dir='ltr'><strong>est</strong></span> <span class='ocrx_word' id='word_1_120' title='bbox 936 1622 1226 1691; x_wconf 76' lang='lat' dir='ltr'><strong>Heli0p0lis</strong></span> <span class='ocrx_word' id='word_1_121' title='bbox 1255 1639 1374 1692; x_wconf 82' lang='lat' dir='ltr'><strong>qua:</strong></span> <span class='ocrx_word' id='word_1_122' title='bbox 1423 1623 1621 1677; x_wconf 89' lang='lat' dir='ltr'><strong>dicitur</strong></span> <span class='ocrx_word' id='word_1_123' title='bbox 1679 1622 1863 1676; x_wconf 77' lang='lat' dir='ltr'><strong>civitas</strong></span> <span class='ocrx_word' id='word_1_124' title='bbox 1920 1622 2069 1676; x_wconf 85' lang='lat' dir='ltr'><strong>solis.</strong></span> 
     </span>
    </p>
   </div>
   <div class='ocr_carea' id='block_1_18' title="bbox 506 1713 2073 1783">
    <p class='ocr_par' dir='ltr' id='par_1_18' title="bbox 506 1713 2073 1783">
     <span class='ocr_line' id='line_1_18' title="bbox 506 1713 2073 1783; baseline -0.003 -13"><span class='ocrx_word' id='word_1_125' title='bbox 506 1718 666 1770; x_wconf 90' lang='lat' dir='ltr'><strong>Vides</strong></span> <span class='ocrx_word' id='word_1_126' title='bbox 700 1716 893 1783; x_wconf 78' lang='lat' dir='ltr'><strong>quales</strong></span> <span class='ocrx_word' id='word_1_127' title='bbox 923 1716 1025 1769; x_wconf 87' lang='lat' dir='ltr'><strong>sibi</strong></span> <span class='ocrx_word' id='word_1_128' title='bbox 1056 1715 1307 1769; x_wconf 83' lang='lat' dir='ltr'><strong>civitates</strong></span> <span class='ocrx_word' id='word_1_129' title='bbox 1339 1714 1597 1768; x_wconf 82' lang='lat' dir='ltr'><strong>:edificari</strong></span> <span class='ocrx_word' id='word_1_130' title='bbox 1650 1714 1897 1783; x_wconf 68' lang='lat' dir='ltr'><strong>praecipit</strong></span> <span class='ocrx_word' id='word_1_131' title='bbox 1930 1713 2073 1767; x_wconf 86' lang='lat' dir='ltr'><strong>Pha-</strong></span> 
     </span>
    </p>
   </div>
   <div class='ocr_carea' id='block_1_19' title="bbox 2187 524 3763 595">
    <p class='ocr_par' dir='ltr' id='par_1_19' title="bbox 2187 524 3763 595">
     <span class='ocr_line' id='line_1_19' title="bbox 2187 524 3763 595; baseline 0.004 -19"><span class='ocrx_word' id='word_1_132' title='bbox 2187 533 2241 576; x_wconf 89' lang='lat' dir='ltr'><strong>ct</strong></span> <span class='ocrx_word' id='word_1_133' title='bbox 2292 525 2435 591; x_wconf 92' lang='lat' dir='ltr'><strong>quod</strong></span> <span class='ocrx_word' id='word_1_134' title='bbox 2486 524 2536 577; x_wconf 92' lang='lat' dir='ltr'><strong>hi</strong></span> <span class='ocrx_word' id='word_1_135' title='bbox 2570 540 2703 592; x_wconf 89' lang='lat' dir='ltr'><strong>quos</strong></span> <span class='ocrx_word' id='word_1_136' title='bbox 2736 540 2841 578; x_wconf 91' lang='lat' dir='ltr'><strong>non</strong></span> <span class='ocrx_word' id='word_1_137' title='bbox 2882 541 3004 579; x_wconf 88' lang='lat' dir='ltr'><strong>cum</strong></span> <span class='ocrx_word' id='word_1_138' title='bbox 3047 526 3255 594; x_wconf 89' lang='lat' dir='ltr'><strong>judicio</strong></span> <span class='ocrx_word' id='word_1_139' title='bbox 3289 528 3661 595; x_wconf 74' lang='lat' dir='ltr'><strong>congregavit,</strong></span> <span class='ocrx_word' id='word_1_140' title='bbox 3709 528 3763 582; x_wconf 88' lang='lat' dir='ltr'><strong>in</strong></span> 
     </span>
    </p>
   </div>
   <div class='ocr_carea' id='block_1_20' title="bbox 2187 615 3766 685">
    <p class='ocr_par' dir='ltr' id='par_1_20' title="bbox 2187 615 3766 685">
     <span class='ocr_line' id='line_1_20' title="bbox 2187 615 3766 685; baseline 0.004 -18"><span class='ocrx_word' id='word_1_141' title='bbox 2187 615 2414 669; x_wconf 90' lang='lat' dir='ltr'><strong>dimidio</strong></span> <span class='ocrx_word' id='word_1_142' title='bbox 2461 616 2669 670; x_wconf 89' lang='lat' dir='ltr'><strong>dierum</strong></span> <span class='ocrx_word' id='word_1_143' title='bbox 2702 631 2926 669; x_wconf 87' lang='lat' dir='ltr'><strong>suorum</strong></span> <span class='ocrx_word' id='word_1_144' title='bbox 2969 616 3353 685; x_wconf 87' lang='lat' dir='ltr'><strong>derelinquent</strong></span> <span class='ocrx_word' id='word_1_145' title='bbox 3382 634 3528 680; x_wconf 90' lang='lat' dir='ltr'><strong>eum,</strong></span> <span class='ocrx_word' id='word_1_146' title='bbox 3584 630 3638 673; x_wconf 86' lang='lat' dir='ltr'><strong>ct</strong></span> <span class='ocrx_word' id='word_1_147' title='bbox 3686 637 3766 673; x_wconf 85' lang='lat' dir='ltr'><strong>se-</strong></span> 
     </span>
    </p>
   </div>
   <div class='ocr_carea' id='block_1_21' title="bbox 2186 706 3765 773">
    <p class='ocr_par' dir='ltr' id='par_1_21' title="bbox 2186 706 3765 773">
     <span class='ocr_line' id='line_1_21' title="bbox 2186 706 3765 773; baseline 0.007 -17"><span class='ocrx_word' id='word_1_148' title='bbox 2186 716 2419 773; x_wconf 92' lang='lat' dir='ltr'><strong>qucntur</strong></span> <span class='ocrx_word' id='word_1_149' title='bbox 2476 706 2758 759; x_wconf 86' lang='lat' dir='ltr'><strong>Dominum</strong></span> <span class='ocrx_word' id='word_1_150' title='bbox 2809 719 2863 762; x_wconf 83' lang='lat' dir='ltr'><strong>et</strong></span> <span class='ocrx_word' id='word_1_151' title='bbox 2898 710 3212 763; x_wconf 81' lang='lat' dir='ltr'><strong>Creatorem</strong></span> <span class='ocrx_word' id='word_1_152' title='bbox 3275 726 3432 763; x_wconf 91' lang='lat' dir='ltr'><strong>suum</strong></span> <span class='ocrx_word' id='word_1_153' title='bbox 3482 712 3765 767; x_wconf 66' lang='lat' dir='ltr'><strong>Christum</strong></span> 
     </span>
    </p>
   </div>
   <div class='ocr_carea' id='block_1_22' title="bbox 2183 798 3763 872">
    <p class='ocr_par' dir='ltr' id='par_1_22' title="bbox 2183 798 3763 872">
     <span class='ocr_line' id='line_1_22' title="bbox 2183 798 3763 872; baseline 0.003 -19"><span class='ocrx_word' id='word_1_154' title='bbox 2183 798 2391 863; x_wconf 70' lang='lat' dir='ltr'><strong>losum,</strong></span> <span class='ocrx_word' id='word_1_155' title='bbox 2420 800 2509 868; x_wconf 85' lang='lat' dir='ltr'><strong>qui</strong></span> <span class='ocrx_word' id='word_1_156' title='bbox 2543 816 2637 855; x_wconf 88' lang='lat' dir='ltr'><strong>eos</strong></span> <span class='ocrx_word' id='word_1_157' title='bbox 2678 802 2862 870; x_wconf 81' lang='lat' dir='ltr'><strong>genuit</strong></span> <span class='ocrx_word' id='word_1_158' title='bbox 2910 802 3043 872; x_wconf 77' lang='lat'><strong>(85).</strong></span> <span class='ocrx_word' id='word_1_159' title='bbox 3077 802 3166 855; x_wconf 87' lang='lat' dir='ltr'><strong>Ille</strong></span> <span class='ocrx_word' id='word_1_160' title='bbox 3193 812 3373 855; x_wconf 90' lang='lat' dir='ltr'><strong>autem</strong></span> <span class='ocrx_word' id='word_1_161' title='bbox 3406 807 3763 872; x_wconf 61' lang='lat' dir='ltr'><strong>congregavit</strong></span> 
     </span>
    </p>
   </div>
   <div class='ocr_carea' id='block_1_23' title="bbox 2183 892 3765 961">
    <p class='ocr_par' dir='ltr' id='par_1_23' title="bbox 2183 892 3765 961">
     <span class='ocr_line' id='line_1_23' title="bbox 2183 892 3765 961; baseline 0.004 -19"><span class='ocrx_word' id='word_1_162' title='bbox 2183 907 2319 961; x_wconf 85' lang='lat' dir='ltr'><strong>quos</strong></span> <span class='ocrx_word' id='word_1_163' title='bbox 2363 907 2466 945; x_wconf 93' lang='lat' dir='ltr'><strong>nou</strong></span> <span class='ocrx_word' id='word_1_164' title='bbox 2501 893 2704 961; x_wconf 88' lang='lat' dir='ltr'><strong>genuit.</strong></span> <span class='ocrx_word' id='word_1_165' title='bbox 2744 892 2807 945; x_wconf 83' lang='lat' dir='ltr'><strong>Et</strong></span> <span class='ocrx_word' id='word_1_166' title='bbox 2837 894 2956 946; x_wconf 88' lang='lat' dir='ltr'><strong>ideo</strong></span> <span class='ocrx_word' id='word_1_167' title='bbox 2991 894 3289 947; x_wconf 78' lang='lat' dir='ltr'><strong>tetnauebit</strong></span> <span class='ocrx_word' id='word_1_168' title='bbox 3340 895 3540 946; x_wconf 89' lang='lat' dir='ltr'><strong>stultus</strong></span> <span class='ocrx_word' id='word_1_169' title='bbox 3573 897 3624 947; x_wconf 91' lang='lat' dir='ltr'><strong>in</strong></span> <span class='ocrx_word' id='word_1_170' title='bbox 3664 911 3765 948; x_wconf 83' lang='lat' dir='ltr'><strong>no-</strong></span> 
     </span>
    </p>
   </div>
   <div class='ocr_carea' id='block_1_24' title="bbox 2184 985 3763 1054">
    <p class='ocr_par' dir='ltr' id='par_1_24' title="bbox 2184 985 3763 1054">
     <span class='ocr_line' id='line_1_24' title="bbox 2184 985 3763 1054; baseline 0.006 -20"><span class='ocrx_word' id='word_1_171' title='bbox 2184 985 2423 1038; x_wconf 82' lang='lat' dir='ltr'><strong>vissimis</strong></span> <span class='ocrx_word' id='word_1_172' title='bbox 2455 985 2587 1046; x_wconf 91' lang='lat' dir='ltr'><strong>suis,</strong></span> <span class='ocrx_word' id='word_1_173' title='bbox 2609 1002 2729 1037; x_wconf 83' lang='lat' dir='ltr'><strong>cum</strong></span> <span class='ocrx_word' id='word_1_174' title='bbox 2758 986 2823 1037; x_wconf 89' lang='lat' dir='ltr'><strong>ad</strong></span> <span class='ocrx_word' id='word_1_175' title='bbox 2852 985 3109 1040; x_wconf 90' lang='lat' dir='ltr'><strong>factorem</strong></span> <span class='ocrx_word' id='word_1_176' title='bbox 3133 995 3189 1039; x_wconf 91' lang='lat' dir='ltr'><strong>et</strong></span> <span class='ocrx_word' id='word_1_177' title='bbox 3215 986 3279 1038; x_wconf 89' lang='lat' dir='ltr'><strong>ad</strong></span> <span class='ocrx_word' id='word_1_178' title='bbox 3293 998 3582 1054; x_wconf 78' lang='lat' dir='ltr'><strong>parentem</strong></span> <span class='ocrx_word' id='word_1_179' title='bbox 3605 1004 3763 1043; x_wconf 87' lang='lat' dir='ltr'><strong>suum</strong></span> 
     </span>
    </p>
   </div>
   <div class='ocr_carea' id='block_1_25' title="bbox 2184 1072 3763 1148">
    <p class='ocr_par' dir='ltr' id='par_1_25' title="bbox 2184 1072 3763 1148">
     <span class='ocr_line' id='line_1_25' title="bbox 2184 1072 3763 1148; baseline 0.006 -25"><span class='ocrx_word' id='word_1_180' title='bbox 2184 1072 2459 1135; x_wconf 75' lang='lat' dir='ltr'><strong>universa,</strong></span> <span class='ocrx_word' id='word_1_181' title='bbox 2503 1086 2623 1140; x_wconf 65' lang='lat' dir='ltr'><strong>qua:</strong></span> <span class='ocrx_word' id='word_1_182' title='bbox 2657 1087 2801 1125; x_wconf 76' lang='lat' dir='ltr'><strong>nunc</strong></span> <span class='ocrx_word' id='word_1_183' title='bbox 2834 1088 2929 1142; x_wconf 89' lang='lat' dir='ltr'><strong>pro</strong></span> <span class='ocrx_word' id='word_1_184' title='bbox 2960 1076 3119 1143; x_wconf 84' lang='lat' dir='ltr'><strong>hujus</strong></span> <span class='ocrx_word' id='word_1_185' title='bbox 3169 1075 3457 1144; x_wconf 84' lang='lat' dir='ltr'><strong>tyrannide</strong></span> <span class='ocrx_word' id='word_1_186' title='bbox 3488 1080 3763 1148; x_wconf 86' lang='lat' dir='ltr'><strong>congemi-</strong></span> 
     </span>
    </p>
   </div>
   <div class='ocr_carea' id='block_1_26' title="bbox 2183 1160 3763 1238">
    <p class='ocr_par' dir='ltr' id='par_1_26' title="bbox 2183 1160 3763 1238">
     <span class='ocr_line' id='line_1_26' title="bbox 2183 1160 3763 1238; baseline 0.006 -24"><span class='ocrx_word' id='word_1_187' title='bbox 2183 1160 2304 1223; x_wconf 89' lang='lat' dir='ltr'><strong>scit,</strong></span> <span class='ocrx_word' id='word_1_188' title='bbox 2347 1171 2601 1215; x_wconf 83' lang='lat' dir='ltr'><strong>creatura</strong></span> <span class='ocrx_word' id='word_1_189' title='bbox 2655 1163 2985 1233; x_wconf 80' lang='lat' dir='ltr'><strong>confugerit.</strong></span> <span class='ocrx_word' id='word_1_190' title='bbox 3041 1167 3105 1220; x_wconf 81' lang='lat' dir='ltr'><strong>Et</strong></span> <span class='ocrx_word' id='word_1_191' title='bbox 3159 1169 3261 1223; x_wconf 89' lang='lat' dir='ltr'><strong>hoc</strong></span> <span class='ocrx_word' id='word_1_192' title='bbox 3312 1168 3645 1238; x_wconf 87' lang='lat' dir='ltr'><strong>indignatur,</strong></span> <span class='ocrx_word' id='word_1_193' title='bbox 3706 1182 3763 1226; x_wconf 85' lang='lat' dir='ltr'><strong>et</strong></span> 
     </span>
    </p>
   </div>
   <div class='ocr_carea' id='block_1_27' title="bbox 2184 1252 3761 1326">
    <p class='ocr_par' dir='ltr' id='par_1_27' title="bbox 2184 1252 3761 1326">
     <span class='ocr_line' id='line_1_27' title="bbox 2184 1252 3761 1326; baseline 0.006 -20"><span class='ocrx_word' id='word_1_194' title='bbox 2184 1252 2315 1306; x_wconf 89' lang='lat' dir='ltr'><strong>dicit</strong></span> <span class='ocrx_word' id='word_1_195' title='bbox 2346 1252 2414 1319; x_wconf 79' lang='grc'><strong>⁷⁷,</strong></span> <span class='ocrx_word' id='word_1_196' title='bbox 2437 1270 2455 1303; x_wconf 81' lang='grc' dir='ltr'><strong>ι</strong></span> <span class='ocrx_word' id='word_1_197' title='bbox 2484 1269 2551 1309; x_wconf 90' lang='lat' dir='ltr'><strong>ne</strong></span> <span class='ocrx_word' id='word_1_198' title='bbox 2576 1266 2973 1323; x_wconf 79' lang='lat' dir='ltr'><strong>expugnantes,</strong></span> <span class='ocrx_word' id='word_1_199' title='bbox 3033 1257 3203 1326; x_wconf 84' lang='lat' dir='ltr'><strong>inquit</strong></span> <span class='ocrx_word' id='word_1_200' title='bbox 3230 1300 3244 1324; x_wconf 88' lang='lat'><strong>,</strong></span> <span class='ocrx_word' id='word_1_201' title='bbox 3303 1275 3421 1324; x_wconf 88' lang='lat' dir='ltr'><strong>nos,</strong></span> <span class='ocrx_word' id='word_1_202' title='bbox 3472 1271 3670 1315; x_wconf 83' lang='lat' dir='ltr'><strong>exeant</strong></span> <span class='ocrx_word' id='word_1_203' title='bbox 3695 1265 3761 1317; x_wconf 88' lang='lat' dir='ltr'><strong>de</strong></span> 
     </span>
    </p>
   </div>
   <div class='ocr_carea' id='block_1_28' title="bbox 2182 1344 3759 1420">
    <p class='ocr_par' dir='ltr' id='par_1_28' title="bbox 2182 1344 3759 1420">
     <span class='ocr_line' id='line_1_28' title="bbox 2182 1344 3759 1420; baseline 0.006 -25"><span class='ocrx_word' id='word_1_204' title='bbox 2182 1351 2325 1397; x_wconf 88' lang='lat' dir='ltr'><strong>terra</strong></span> <span class='ocrx_word' id='word_1_205' title='bbox 2352 1354 2559 1398; x_wconf 77' lang='lat' dir='ltr'><strong>nastra.</strong></span> <span class='ocrx_word' id='word_1_206' title='bbox 2602 1364 2620 1397; x_wconf 81' lang='grc' dir='ltr'><strong>ι</strong></span> <span class='ocrx_word' id='word_1_207' title='bbox 2658 1344 2775 1400; x_wconf 83' lang='lat' dir='ltr'><strong>Non</strong></span> <span class='ocrx_word' id='word_1_208' title='bbox 2821 1348 2934 1401; x_wconf 83' lang='lat' dir='ltr'><strong>vult</strong></span> <span class='ocrx_word' id='word_1_209' title='bbox 2971 1364 3072 1403; x_wconf 89' lang='lat' dir='ltr'><strong>nos</strong></span> <span class='ocrx_word' id='word_1_210' title='bbox 3114 1351 3266 1405; x_wconf 75' lang='lat' dir='ltr'><strong>exire</strong></span> <span class='ocrx_word' id='word_1_211' title='bbox 3316 1351 3382 1405; x_wconf 91' lang='lat' dir='ltr'><strong>de</strong></span> <span class='ocrx_word' id='word_1_212' title='bbox 3426 1363 3568 1405; x_wconf 88' lang='lat' dir='ltr'><strong>terra</strong></span> <span class='ocrx_word' id='word_1_213' title='bbox 3625 1368 3759 1420; x_wconf 88' lang='lat' dir='ltr'><strong>sua,</strong></span> 
     </span>
    </p>
   </div>
   <div class='ocr_carea' id='block_1_29' title="bbox 2181 1436 3761 1511">
    <p class='ocr_par' dir='ltr' id='par_1_29' title="bbox 2181 1436 3761 1511">
     <span class='ocr_line' id='line_1_29' title="bbox 2181 1436 3761 1511; baseline 0.006 -23"><span class='ocrx_word' id='word_1_214' title='bbox 2181 1437 2276 1488; x_wconf 88' lang='lat' dir='ltr'><strong>sed</strong></span> <span class='ocrx_word' id='word_1_215' title='bbox 2312 1436 2424 1489; x_wconf 88' lang='lat' dir='ltr'><strong>vult</strong></span> <span class='ocrx_word' id='word_1_216' title='bbox 2458 1448 2512 1488; x_wconf 93' lang='lat' dir='ltr'><strong>ut</strong></span> <span class='ocrx_word' id='word_1_217' title='bbox 2542 1452 2756 1505; x_wconf 84' lang='lat' dir='ltr'><strong>semper</strong></span> <span class='ocrx_word' id='word_1_218' title='bbox 2784 1449 3068 1507; x_wconf 85' lang='lat' dir='ltr'><strong>portemus</strong></span> <span class='ocrx_word' id='word_1_219' title='bbox 3109 1441 3403 1511; x_wconf 85' lang='lat' dir='ltr'><strong>imaginem</strong></span> <span class='ocrx_word' id='word_1_220' title='bbox 3446 1443 3669 1497; x_wconf 90' lang='lat' dir='ltr'><strong>terreni.</strong></span> <span class='ocrx_word' id='word_1_221' title='bbox 3701 1445 3761 1498; x_wconf 79' lang='lat' dir='ltr'><strong>Si</strong></span> 
     </span>
    </p>
   </div>
   <div class='ocr_carea' id='block_1_30' title="bbox 2180 1529 3760 1605">
    <p class='ocr_par' dir='ltr' id='par_1_30' title="bbox 2180 1529 3760 1605">
     <span class='ocr_line' id='line_1_30' title="bbox 2180 1529 3760 1605; baseline 0.004 -22"><span class='ocrx_word' id='word_1_222' title='bbox 2180 1529 2327 1583; x_wconf 85' lang='lat' dir='ltr'><strong>cnim</strong></span> <span class='ocrx_word' id='word_1_223' title='bbox 2363 1529 2428 1582; x_wconf 88' lang='lat' dir='ltr'><strong>ad</strong></span> <span class='ocrx_word' id='word_1_224' title='bbox 2466 1530 2846 1583; x_wconf 84' lang='lat' dir='ltr'><strong>adversarium</strong></span> <span class='ocrx_word' id='word_1_225' title='bbox 2885 1533 3001 1600; x_wconf 79' lang='lat' dir='ltr'><strong>ejus</strong></span> <span class='ocrx_word' id='word_1_226' title='bbox 3026 1532 3457 1602; x_wconf 84' lang='lat' dir='ltr'><strong>eonfugerimus,</strong></span> <span class='ocrx_word' id='word_1_227' title='bbox 3500 1550 3624 1588; x_wconf 90' lang='lat' dir='ltr'><strong>eum</strong></span> <span class='ocrx_word' id='word_1_228' title='bbox 3666 1537 3760 1605; x_wconf 85' lang='lat' dir='ltr'><strong>qui</strong></span> 
     </span>
    </p>
   </div>
   <div class='ocr_carea' id='block_1_31' title="bbox 2182 1620 3764 1693">
    <p class='ocr_par' dir='ltr' id='par_1_31' title="bbox 2182 1620 3764 1693">
     <span class='ocr_line' id='line_1_31' title="bbox 2182 1620 3764 1693; baseline 0.006 -21"><span class='ocrx_word' id='word_1_229' title='bbox 2182 1620 2336 1673; x_wconf 87' lang='lat' dir='ltr'><strong>nobis</strong></span> <span class='ocrx_word' id='word_1_230' title='bbox 2363 1626 2688 1690; x_wconf 68' lang='lat' dir='ltr'><strong>praqiaravit</strong></span> <span class='ocrx_word' id='word_1_231' title='bbox 2732 1639 2898 1693; x_wconf 87' lang='lat' dir='ltr'><strong>regna</strong></span> <span class='ocrx_word' id='word_1_232' title='bbox 2953 1625 3241 1689; x_wconf 75' lang='lat' dir='ltr'><strong>ccelorum,</strong></span> <span class='ocrx_word' id='word_1_233' title='bbox 3300 1640 3523 1680; x_wconf 87' lang='lat' dir='ltr'><strong>necesse</strong></span> <span class='ocrx_word' id='word_1_234' title='bbox 3564 1635 3649 1680; x_wconf 92' lang='lat' dir='ltr'><strong>est</strong></span> <span class='ocrx_word' id='word_1_235' title='bbox 3704 1634 3764 1681; x_wconf 81' lang='lat' dir='ltr'><strong>ut</strong></span> 
     </span>
    </p>
   </div>
   <div class='ocr_carea' id='block_1_32' title="bbox 2182 1712 3763 1785">
    <p class='ocr_par' dir='ltr' id='par_1_32' title="bbox 2182 1712 3763 1785">
     <span class='ocr_line' id='line_1_32' title="bbox 2182 1712 3763 1785; baseline 0.004 -22"><span class='ocrx_word' id='word_1_236' title='bbox 2182 1712 2554 1782; x_wconf 86' lang='lat' dir='ltr'><strong>relinquamus</strong></span> <span class='ocrx_word' id='word_1_237' title='bbox 2584 1717 2873 1785; x_wconf 81' lang='lat' dir='ltr'><strong>imaginem</strong></span> <span class='ocrx_word' id='word_1_238' title='bbox 2901 1716 3122 1780; x_wconf 87' lang='lat' dir='ltr'><strong>terreni,</strong></span> <span class='ocrx_word' id='word_1_239' title='bbox 3153 1728 3205 1768; x_wconf 93' lang='lat' dir='ltr'><strong>et</strong></span> <span class='ocrx_word' id='word_1_240' title='bbox 3234 1716 3600 1784; x_wconf 90' lang='lat' dir='ltr'><strong>susclpiamus</strong></span> <span class='ocrx_word' id='word_1_241' title='bbox 3627 1717 3763 1770; x_wconf 87' lang='lat' dir='ltr'><strong>ima-</strong></span> 
     </span>
    </p>
   </div>
   <div class='ocr_carea' id='block_1_33' title="bbox 498 1790 3756 1878">
    <p class='ocr_par' dir='ltr' id='par_1_33' title="bbox 498 1790 3756 1878">
     <span class='ocr_line' id='line_1_33' title="bbox 498 1790 3756 1878; baseline 0.002 -20"><span class='ocrx_word' id='word_1_242' title='bbox 498 1808 625 1860; x_wconf 86' lang='lat' dir='ltr'><strong>rao!</strong></span> <span class='ocrx_word' id='word_1_243' title='bbox 665 1806 759 1869; x_wconf 68' lang='lat' dir='ltr'><strong>Os,</strong></span> <span class='ocrx_word' id='word_1_244' title='bbox 786 1806 983 1875; x_wconf 80' lang='lat' dir='ltr'><strong>inquit,</strong></span> <span class='ocrx_word' id='word_1_245' title='bbox 1015 1801 1277 1858; x_wconf 74' lang='lat' dir='ltr'><strong>deficiens</strong></span> <span class='ocrx_word' id='word_1_246' title='bbox 1304 1820 1318 1869; x_wconf 88' lang='lat'><strong>;</strong></span> <span class='ocrx_word' id='word_1_247' title='bbox 1356 1804 1540 1858; x_wconf 79' lang='lat' dir='ltr'><strong>deficit</strong></span> <span class='ocrx_word' id='word_1_248' title='bbox 1574 1817 1810 1873; x_wconf 85' lang='lat' dir='ltr'><strong>namque</strong></span> <span class='ocrx_word' id='word_1_249' title='bbox 1835 1819 1916 1864; x_wconf 90' lang='lat' dir='ltr'><strong>os,</strong></span> <span class='ocrx_word' id='word_1_250' title='bbox 1949 1818 2074 1856; x_wconf 91' lang='lat' dir='ltr'><strong>cum</strong></span> <span class='ocrx_word' id='word_1_251' title='bbox 2109 1790 2151 1868; x_wconf 63' lang='grc' dir='ltr'>β</span> <span class='ocrx_word' id='word_1_252' title='bbox 2182 1803 2360 1871; x_wconf 79' lang='lat' dir='ltr'><strong>ginem</strong></span> <span class='ocrx_word' id='word_1_253' title='bbox 2388 1806 2647 1861; x_wconf 73' lang='lat' dir='ltr'><strong>ctelestis.</strong></span> <span class='ocrx_word' id='word_1_254' title='bbox 2678 1808 2975 1878; x_wconf 84' lang='lat' dir='ltr'><strong>Propterea</strong></span> <span class='ocrx_word' id='word_1_255' title='bbox 3018 1822 3149 1878; x_wconf 88' lang='lat' dir='ltr'><strong>ergo</strong></span> <span class='ocrx_word' id='word_1_256' title='bbox 3179 1808 3395 1863; x_wconf 87' lang='lat' dir='ltr'><strong>Pharao</strong></span> <span class='ocrx_word' id='word_1_257' title='bbox 3421 1810 3618 1865; x_wconf 86' lang='lat' dir='ltr'><strong>statuit</strong></span> <span class='ocrx_word' id='word_1_258' title='bbox 3646 1826 3756 1865; x_wconf 86' lang='lat' dir='ltr'><strong>ma-</strong></span> 
     </span>
    </p>
   </div>
   <div class='ocr_carea' id='block_1_34' title="bbox 498 1893 2079 1963">
    <p class='ocr_par' dir='ltr' id='par_1_34' title="bbox 498 1893 2079 1963">
     <span class='ocr_line' id='line_1_34' title="bbox 498 1893 2079 1963; baseline -0.003 -13"><span class='ocrx_word' id='word_1_259' title='bbox 498 1899 841 1951; x_wconf 80' lang='lat' dir='ltr'><strong>mcndacium</strong></span> <span class='ocrx_word' id='word_1_260' title='bbox 896 1895 1157 1963; x_wconf 82' lang='lat' dir='ltr'><strong>loquitur,</strong></span> <span class='ocrx_word' id='word_1_261' title='bbox 1193 1904 1245 1948; x_wconf 90' lang='lat' dir='ltr'><strong>et</strong></span> <span class='ocrx_word' id='word_1_262' title='bbox 1297 1909 1326 1947; x_wconf 90' lang='lat' dir='ltr'><strong>a</strong></span> <span class='ocrx_word' id='word_1_263' title='bbox 1386 1894 1613 1948; x_wconf 73' lang='lat' dir='ltr'><strong>veritate</strong></span> <span class='ocrx_word' id='word_1_264' title='bbox 1660 1893 2079 1961; x_wconf 73' lang='lat' dir='ltr'><strong>probationibus</strong></span> 
     </span>
    </p>
   </div>
   <div class='ocr_carea' id='block_1_35' title="bbox 492 1984 2078 2050">
    <p class='ocr_par' dir='ltr' id='par_1_35' title="bbox 492 1984 2078 2050">
     <span class='ocr_line' id='line_1_35' title="bbox 492 1984 2078 2050; baseline -0.004 -4"><span class='ocrx_word' id='word_1_265' title='bbox 492 1992 701 2046; x_wconf 79' lang='lat' dir='ltr'><strong>deficit.</strong></span> <span class='ocrx_word' id='word_1_266' title='bbox 750 1988 843 2044; x_wconf 88' lang='lat' dir='ltr'><strong>llle</strong></span> <span class='ocrx_word' id='word_1_267' title='bbox 888 1990 1031 2043; x_wconf 88' lang='lat' dir='ltr'><strong>enim</strong></span> <span class='ocrx_word' id='word_1_268' title='bbox 1070 1991 1138 2042; x_wconf 88' lang='lat' dir='ltr'><strong>ab</strong></span> <span class='ocrx_word' id='word_1_269' title='bbox 1170 1988 1330 2042; x_wconf 91' lang='lat' dir='ltr'><strong>initio</strong></span> <span class='ocrx_word' id='word_1_270' title='bbox 1363 1988 1597 2042; x_wconf 83' lang='lat' dir='ltr'><strong>mendax</strong></span> <span class='ocrx_word' id='word_1_271' title='bbox 1645 1984 1837 2050; x_wconf 75' lang='lat' dir='ltr'><strong>fuit&quot;,</strong></span> <span class='ocrx_word' id='word_1_272' title='bbox 1871 1996 1925 2040; x_wconf 89' lang='lat' dir='ltr'><strong>et</strong></span> <span class='ocrx_word' id='word_1_273' title='bbox 1956 1986 2078 2039; x_wconf 87' lang='lat' dir='ltr'><strong>ideo</strong></span> 
     </span>
    </p>
   </div>
   <div class='ocr_carea' id='block_1_36' title="bbox 494 2078 2078 2139">
    <p class='ocr_par' dir='ltr' id='par_1_36' title="bbox 494 2078 2078 2139">
     <span class='ocr_line' id='line_1_36' title="bbox 494 2078 2078 2139; baseline -0.004 -2"><span class='ocrx_word' id='word_1_274' title='bbox 494 2086 629 2139; x_wconf 70' lang='lat' dir='ltr'><strong>talos</strong></span> <span class='ocrx_word' id='word_1_275' title='bbox 680 2084 780 2137; x_wconf 87' lang='lat' dir='ltr'><strong>sibi</strong></span> <span class='ocrx_word' id='word_1_276' title='bbox 838 2082 1093 2136; x_wconf 82' lang='lat' dir='ltr'><strong>civitates</strong></span> <span class='ocrx_word' id='word_1_277' title='bbox 1141 2080 1402 2135; x_wconf 67' lang='lat' dir='ltr'><strong>aedificari</strong></span> <span class='ocrx_word' id='word_1_278' title='bbox 1460 2079 1599 2133; x_wconf 89' lang='lat' dir='ltr'><strong>vult.</strong></span> <span class='ocrx_word' id='word_1_279' title='bbox 1658 2078 1751 2133; x_wconf 85' lang='lat' dir='ltr'><strong>Vel</strong></span> <span class='ocrx_word' id='word_1_280' title='bbox 1809 2078 1979 2133; x_wconf 87' lang='lat' dir='ltr'><strong>etiam</strong></span> <span class='ocrx_word' id='word_1_281' title='bbox 2014 2091 2078 2131; x_wconf 88' lang='lat' dir='ltr'><strong>os</strong></span> 
     </span>
    </p>
   </div>
   <div class='ocr_carea' id='block_1_37' title="bbox 492 2174 2078 2249">
    <p class='ocr_par' dir='ltr' id='par_1_37' title="bbox 492 2174 2078 2249">
     <span class='ocr_line' id='line_1_37' title="bbox 492 2174 2078 2249; baseline -0.003 -19"><span class='ocrx_word' id='word_1_282' title='bbox 492 2179 696 2249; x_wconf 80' lang='lat' dir='ltr'><strong>abyssi,</strong></span> <span class='ocrx_word' id='word_1_283' title='bbox 750 2178 875 2244; x_wconf 90' lang='lat' dir='ltr'><strong>quia</strong></span> <span class='ocrx_word' id='word_1_284' title='bbox 906 2177 1135 2245; x_wconf 80' lang='lat' dir='ltr'><strong>abyssus</strong></span> <span class='ocrx_word' id='word_1_285' title='bbox 1187 2175 1535 2243; x_wconf 89' lang='lat' dir='ltr'><strong>perditionis,</strong></span> <span class='ocrx_word' id='word_1_286' title='bbox 1591 2182 1645 2229; x_wconf 92' lang='lat' dir='ltr'><strong>et</strong></span> <span class='ocrx_word' id='word_1_287' title='bbox 1685 2174 1941 2227; x_wconf 89' lang='lat' dir='ltr'><strong>interitus</strong></span> <span class='ocrx_word' id='word_1_288' title='bbox 1993 2182 2078 2225; x_wconf 88' lang='lat' dir='ltr'><strong>est</strong></span> 
     </span>
    </p>
   </div>
   <div class='ocr_carea' id='block_1_38' title="bbox 492 2264 2077 2332">
    <p class='ocr_par' dir='ltr' id='par_1_38' title="bbox 492 2264 2077 2332">
     <span class='ocr_line' id='line_1_38' title="bbox 492 2264 2077 2332; baseline -0.001 -12"><span class='ocrx_word' id='word_1_289' title='bbox 492 2270 661 2323; x_wconf 85' lang='lat' dir='ltr'><strong>locus.</strong></span> <span class='ocrx_word' id='word_1_290' title='bbox 690 2269 753 2321; x_wconf 81' lang='lat' dir='ltr'><strong>Et</strong></span> <span class='ocrx_word' id='word_1_291' title='bbox 785 2267 887 2320; x_wconf 89' lang='lat' dir='ltr'><strong>alia</strong></span> <span class='ocrx_word' id='word_1_292' title='bbox 913 2266 1031 2332; x_wconf 75' lang='lat' dir='ltr'><strong>eius</strong></span> <span class='ocrx_word' id='word_1_293' title='bbox 1055 2265 1253 2319; x_wconf 88' lang='lat' dir='ltr'><strong>civitas</strong></span> <span class='ocrx_word' id='word_1_294' title='bbox 1290 2266 1586 2319; x_wconf 86' lang='lat' dir='ltr'><strong>commotio</strong></span> <span class='ocrx_word' id='word_1_295' title='bbox 1613 2264 1773 2319; x_wconf 63' lang='lat' dir='ltr'><strong>tineae</strong></span> <span class='ocrx_word' id='word_1_296' title='bbox 1806 2274 1913 2322; x_wconf 90' lang='lat' dir='ltr'><strong>est.</strong></span> <span class='ocrx_word' id='word_1_297' title='bbox 1947 2264 2077 2320; x_wconf 80' lang='lat' dir='ltr'><strong>Om-</strong></span> 
     </span>
    </p>
   </div>
   <div class='ocr_carea' id='block_1_39' title="bbox 493 2356 2075 2428">
    <p class='ocr_par' dir='ltr' id='par_1_39' title="bbox 493 2356 2075 2428">
     <span class='ocr_line' id='line_1_39' title="bbox 493 2356 2075 2428; baseline -0.001 -14"><span class='ocrx_word' id='word_1_298' title='bbox 493 2378 587 2416; x_wconf 85' lang='lat' dir='ltr'><strong>nes</strong></span> <span class='ocrx_word' id='word_1_299' title='bbox 623 2361 771 2412; x_wconf 88' lang='lat' dir='ltr'><strong>enim</strong></span> <span class='ocrx_word' id='word_1_300' title='bbox 799 2359 889 2428; x_wconf 89' lang='lat' dir='ltr'><strong>qui</strong></span> <span class='ocrx_word' id='word_1_301' title='bbox 918 2372 1039 2412; x_wconf 90' lang='lat' dir='ltr'><strong>cum</strong></span> <span class='ocrx_word' id='word_1_302' title='bbox 1072 2368 1400 2425; x_wconf 82' lang='lat' dir='ltr'><strong>sequuntur,</strong></span> <span class='ocrx_word' id='word_1_303' title='bbox 1451 2356 1523 2410; x_wconf 89' lang='lat' dir='ltr'><strong>ibi</strong></span> <span class='ocrx_word' id='word_1_304' title='bbox 1580 2367 1916 2427; x_wconf 90' lang='lat' dir='ltr'><strong>congregant</strong></span> <span class='ocrx_word' id='word_1_305' title='bbox 1954 2359 2075 2412; x_wconf 83' lang='lat' dir='ltr'><strong>the-</strong></span> 
     </span>
    </p>
   </div>
   <div class='ocr_carea' id='block_1_40' title="bbox 494 2448 2078 2514">
    <p class='ocr_par' dir='ltr' id='par_1_40' title="bbox 494 2448 2078 2514">
     <span class='ocr_line' id='line_1_40' title="bbox 494 2448 2078 2514; baseline 0.001 -10"><span class='ocrx_word' id='word_1_306' title='bbox 494 2468 685 2505; x_wconf 68' lang='lat' dir='ltr'><strong>satiras</strong></span> <span class='ocrx_word' id='word_1_307' title='bbox 726 2466 876 2514; x_wconf 88' lang='lat' dir='ltr'><strong>suos,</strong></span> <span class='ocrx_word' id='word_1_308' title='bbox 924 2450 1013 2503; x_wconf 91' lang='lat' dir='ltr'><strong>ubi</strong></span> <span class='ocrx_word' id='word_1_309' title='bbox 1074 2450 1215 2503; x_wconf 88' lang='lat' dir='ltr'><strong>tinea</strong></span> <span class='ocrx_word' id='word_1_310' title='bbox 1270 2448 1633 2510; x_wconf 81' lang='lat' dir='ltr'><strong>exterminat.</strong></span> <span class='ocrx_word' id='word_1_311' title='bbox 1692 2459 1749 2502; x_wconf 91' lang='lat' dir='ltr'><strong>et</strong></span> <span class='ocrx_word' id='word_1_312' title='bbox 1803 2450 1890 2504; x_wconf 85' lang='lat' dir='ltr'><strong>tibi</strong></span> <span class='ocrx_word' id='word_1_313' title='bbox 1928 2450 2078 2504; x_wconf 84' lang='lat' dir='ltr'><strong>fures</strong></span> 
     </span>
    </p>
   </div>
   <div class='ocr_carea' id='block_1_41' title="bbox 493 2539 2075 2596">
    <p class='ocr_par' dir='ltr' id='par_1_41' title="bbox 493 2539 2075 2596">
     <span class='ocr_line' id='line_1_41' title="bbox 493 2539 2075 2596; baseline 0.001 -3"><span class='ocrx_word' id='word_1_314' title='bbox 493 2544 758 2596; x_wconf 70' lang='lat' dir='ltr'><strong>ctioditmt</strong></span> <span class='ocrx_word' id='word_1_315' title='bbox 782 2550 838 2595; x_wconf 89' lang='lat' dir='ltr'><strong>et</strong></span> <span class='ocrx_word' id='word_1_316' title='bbox 884 2540 1157 2595; x_wconf 88' lang='lat' dir='ltr'><strong>furantur.</strong></span> <span class='ocrx_word' id='word_1_317' title='bbox 1199 2539 1303 2593; x_wconf 86' lang='lat' dir='ltr'><strong>Sed</strong></span> <span class='ocrx_word' id='word_1_318' title='bbox 1337 2550 1392 2594; x_wconf 91' lang='lat' dir='ltr'><strong>et</strong></span> <span class='ocrx_word' id='word_1_319' title='bbox 1421 2541 1699 2594; x_wconf 85' lang='lat' dir='ltr'><strong>civitatem</strong></span> <span class='ocrx_word' id='word_1_320' title='bbox 1737 2542 1869 2596; x_wconf 88' lang='lat' dir='ltr'><strong>solis</strong></span> <span class='ocrx_word' id='word_1_321' title='bbox 1902 2542 2075 2595; x_wconf 71' lang='lat' dir='ltr'><strong>tediti~</strong></span> 
     </span>
    </p>
   </div>
   <div class='ocr_carea' id='block_1_42' title="bbox 493 2632 2078 2700">
    <p class='ocr_par' dir='ltr' id='par_1_42' title="bbox 493 2632 2078 2700">
     <span class='ocr_line' id='line_1_42' title="bbox 493 2632 2078 2700; baseline 0.001 -15"><span class='ocrx_word' id='word_1_322' title='bbox 493 2645 619 2687; x_wconf 77' lang='lat' dir='ltr'><strong>t-ant</strong></span> <span class='ocrx_word' id='word_1_323' title='bbox 655 2634 793 2686; x_wconf 85' lang='lat' dir='ltr'><strong>falso</strong></span> <span class='ocrx_word' id='word_1_324' title='bbox 826 2633 1066 2696; x_wconf 81' lang='lat' dir='ltr'><strong>nomine,</strong></span> <span class='ocrx_word' id='word_1_325' title='bbox 1109 2646 1210 2700; x_wconf 90' lang='lat' dir='ltr'><strong>pro</strong></span> <span class='ocrx_word' id='word_1_326' title='bbox 1241 2646 1308 2685; x_wconf 87' lang='lat' dir='ltr'><strong>eo</strong></span> <span class='ocrx_word' id='word_1_327' title='bbox 1336 2632 1481 2700; x_wconf 89' lang='lat' dir='ltr'><strong>quod</strong></span> <span class='ocrx_word' id='word_1_328' title='bbox 1516 2633 1792 2686; x_wconf 83' lang='lat' dir='ltr'><strong>convertit</strong></span> <span class='ocrx_word' id='word_1_329' title='bbox 1826 2647 1885 2686; x_wconf 87' lang='lat' dir='ltr'><strong>se</strong></span> <span class='ocrx_word' id='word_1_330' title='bbox 1928 2633 2078 2687; x_wconf 86' lang='lat' dir='ltr'><strong>sicut</strong></span> 
     </span>
    </p>
   </div>
   <div class='ocr_carea' id='block_1_43' title="bbox 494 2722 2078 2796">
    <p class='ocr_par' dir='ltr' id='par_1_43' title="bbox 494 2722 2078 2796">
     <span class='ocr_line' id='line_1_43' title="bbox 494 2722 2078 2796; baseline 0.001 -18"><span class='ocrx_word' id='word_1_331' title='bbox 494 2726 719 2796; x_wconf 85' lang='lat' dir='ltr'><strong>angelus</strong></span> <span class='ocrx_word' id='word_1_332' title='bbox 753 2726 909 2779; x_wconf 89' lang='lat' dir='ltr'><strong>lucis.</strong></span> <span class='ocrx_word' id='word_1_333' title='bbox 936 2722 992 2775; x_wconf 89' lang='lat' dir='ltr'><strong>In</strong></span> <span class='ocrx_word' id='word_1_334' title='bbox 1030 2724 1116 2776; x_wconf 91' lang='lat' dir='ltr'><strong>his</strong></span> <span class='ocrx_word' id='word_1_335' title='bbox 1154 2736 1285 2792; x_wconf 91' lang='lat' dir='ltr'><strong>ergo</strong></span> <span class='ocrx_word' id='word_1_336' title='bbox 1331 2724 1619 2791; x_wconf 72' lang='lat' dir='ltr'><strong>prtevenit,</strong></span> <span class='ocrx_word' id='word_1_337' title='bbox 1650 2724 1702 2777; x_wconf 92' lang='lat' dir='ltr'><strong>iu</strong></span> <span class='ocrx_word' id='word_1_338' title='bbox 1733 2724 1816 2777; x_wconf 91' lang='lat' dir='ltr'><strong>his</strong></span> <span class='ocrx_word' id='word_1_339' title='bbox 1843 2734 2078 2795; x_wconf 82' lang='lat' dir='ltr'><strong>occupat</strong></span> 
     </span>
    </p>
   </div>
   <div class='ocr_carea' id='block_1_44' title="bbox 496 2814 2072 2883">
    <p class='ocr_par' dir='ltr' id='par_1_44' title="bbox 496 2814 2072 2883">
     <span class='ocr_line' id='line_1_44' title="bbox 496 2814 2072 2883; baseline 0.001 -13"><span class='ocrx_word' id='word_1_340' title='bbox 496 2827 730 2883; x_wconf 84' lang='lat' dir='ltr'><strong>mentes,</strong></span> <span class='ocrx_word' id='word_1_341' title='bbox 762 2830 884 2883; x_wconf 67' lang='lat' dir='ltr'><strong>qua:</strong></span> <span class='ocrx_word' id='word_1_342' title='bbox 906 2815 971 2867; x_wconf 91' lang='lat' dir='ltr'><strong>ad</strong></span> <span class='ocrx_word' id='word_1_343' title='bbox 1004 2815 1105 2867; x_wconf 89' lang='lat' dir='ltr'><strong>hoc</strong></span> <span class='ocrx_word' id='word_1_344' title='bbox 1139 2814 1297 2866; x_wconf 75' lang='lat' dir='ltr'><strong>facta:</strong></span> <span class='ocrx_word' id='word_1_345' title='bbox 1328 2824 1489 2873; x_wconf 89' lang='lat' dir='ltr'><strong>sunt,</strong></span> <span class='ocrx_word' id='word_1_346' title='bbox 1532 2823 1591 2866; x_wconf 95' lang='lat' dir='ltr'><strong>ut</strong></span> <span class='ocrx_word' id='word_1_347' title='bbox 1627 2814 1851 2868; x_wconf 84' lang='lat' dir='ltr'><strong>videant</strong></span> <span class='ocrx_word' id='word_1_348' title='bbox 1882 2815 2072 2871; x_wconf 89' lang='lat' dir='ltr'><strong>Deum.</strong></span> 
     </span>
    </p>
   </div>
   <div class='ocr_carea' id='block_1_45' title="bbox 495 2904 2083 2975">
    <p class='ocr_par' dir='ltr' id='par_1_45' title="bbox 495 2904 2083 2975">
     <span class='ocr_line' id='line_1_45' title="bbox 495 2904 2083 2975; baseline 0 -13"><span class='ocrx_word' id='word_1_349' title='bbox 495 2908 761 2975; x_wconf 85' lang='lat' dir='ltr'><strong>Prospieit</strong></span> <span class='ocrx_word' id='word_1_350' title='bbox 797 2918 974 2960; x_wconf 89' lang='lat' dir='ltr'><strong>tamen</strong></span> <span class='ocrx_word' id='word_1_351' title='bbox 1008 2905 1296 2959; x_wconf 89' lang='lat' dir='ltr'><strong>imminere</strong></span> <span class='ocrx_word' id='word_1_352' title='bbox 1326 2904 1428 2957; x_wconf 85' lang='lat' dir='ltr'><strong>sibi</strong></span> <span class='ocrx_word' id='word_1_353' title='bbox 1465 2904 1683 2969; x_wconf 88' lang='lat' dir='ltr'><strong>bellum,</strong></span> <span class='ocrx_word' id='word_1_354' title='bbox 1719 2917 1773 2961; x_wconf 92' lang='lat' dir='ltr'><strong>et</strong></span> <span class='ocrx_word' id='word_1_355' title='bbox 1800 2919 2083 2963; x_wconf 72' lang='lat' dir='ltr'><strong>maturum‘</strong></span> 
     </span>
    </p>
   </div>
   <div class='ocr_carea' id='block_1_46' title="bbox 496 2997 2073 3071">
    <p class='ocr_par' dir='ltr' id='par_1_46' title="bbox 496 2997 2073 3071">
     <span class='ocr_line' id='line_1_46' title="bbox 496 2997 2073 3071; baseline 0.003 -20"><span class='ocrx_word' id='word_1_356' title='bbox 496 3004 643 3069; x_wconf 70' lang='lat' dir='ltr'><strong>genti</strong></span> <span class='ocrx_word' id='word_1_357' title='bbox 671 3016 784 3054; x_wconf 82' lang='lat' dir='ltr'><strong>sate</strong></span> <span class='ocrx_word' id='word_1_358' title='bbox 813 2998 1126 3052; x_wconf 82' lang='lat' dir='ltr'><strong>adfuturum</strong></span> <span class='ocrx_word' id='word_1_359' title='bbox 1152 2999 1319 3050; x_wconf 88' lang='lat' dir='ltr'><strong>sentit</strong></span> <span class='ocrx_word' id='word_1_360' title='bbox 1351 2997 1604 3052; x_wconf 81' lang='lat' dir='ltr'><strong>exitium.</strong></span> <span class='ocrx_word' id='word_1_361' title='bbox 1631 3000 1753 3053; x_wconf 92' lang='lat' dir='ltr'><strong>Ideo</strong></span> <span class='ocrx_word' id='word_1_362' title='bbox 1792 3002 1924 3055; x_wconf 90' lang='lat' dir='ltr'><strong>dicit</strong></span> <span class='ocrx_word' id='word_1_363' title='bbox 1950 3004 2073 3071; x_wconf 90' lang='lat' dir='ltr'><strong>quia</strong></span> 
     </span>
    </p>
   </div>
   <div class='ocr_carea' id='block_1_47' title="bbox 2180 1897 3755 1971">
    <p class='ocr_par' dir='ltr' id='par_1_47' title="bbox 2180 1897 3755 1971">
     <span class='ocr_line' id='line_1_47' title="bbox 2180 1897 3755 1971; baseline 0.005 -23"><span class='ocrx_word' id='word_1_364' title='bbox 2180 1897 2380 1966; x_wconf 82' lang='lat' dir='ltr'><strong>gistros</strong></span> <span class='ocrx_word' id='word_1_365' title='bbox 2412 1914 2662 1968; x_wconf 89' lang='lat' dir='ltr'><strong>operum,</strong></span> <span class='ocrx_word' id='word_1_366' title='bbox 2688 1902 2776 1970; x_wconf 90' lang='lat' dir='ltr'><strong>qui</strong></span> <span class='ocrx_word' id='word_1_367' title='bbox 2804 1917 2904 1955; x_wconf 90' lang='lat' dir='ltr'><strong>nos</strong></span> <span class='ocrx_word' id='word_1_368' title='bbox 2937 1916 3067 1955; x_wconf 85' lang='lat' dir='ltr'><strong>suas</strong></span> <span class='ocrx_word' id='word_1_369' title='bbox 3091 1910 3240 1955; x_wconf 89' lang='lat' dir='ltr'><strong>artes</strong></span> <span class='ocrx_word' id='word_1_370' title='bbox 3266 1902 3516 1965; x_wconf 87' lang='lat' dir='ltr'><strong>doceant,</strong></span> <span class='ocrx_word' id='word_1_371' title='bbox 3548 1903 3638 1971; x_wconf 89' lang='lat' dir='ltr'><strong>qui</strong></span> <span class='ocrx_word' id='word_1_372' title='bbox 3665 1916 3755 1956; x_wconf 84' lang='lat' dir='ltr'><strong>nos</strong></span> 
     </span>
    </p>
   </div>
   <div class='ocr_carea' id='block_1_48' title="bbox 2181 1988 3758 2061">
    <p class='ocr_par' dir='ltr' id='par_1_48' title="bbox 2181 1988 3758 2061">
     <span class='ocr_line' id='line_1_48' title="bbox 2181 1988 3758 2061; baseline 0.003 -21"><span class='ocrx_word' id='word_1_373' title='bbox 2181 1988 2421 2043; x_wconf 82' lang='lat' dir='ltr'><strong>artifices</strong></span> <span class='ocrx_word' id='word_1_374' title='bbox 2476 1991 2696 2045; x_wconf 78' lang='lat' dir='ltr'><strong>malitia:</strong></span> <span class='ocrx_word' id='word_1_375' title='bbox 2758 1991 2984 2055; x_wconf 82' lang='lat' dir='ltr'><strong>faciant,</strong></span> <span class='ocrx_word' id='word_1_376' title='bbox 3040 1994 3130 2059; x_wconf 87' lang='lat' dir='ltr'><strong>qui</strong></span> <span class='ocrx_word' id='word_1_377' title='bbox 3190 1992 3346 2045; x_wconf 89' lang='lat' dir='ltr'><strong>nobis</strong></span> <span class='ocrx_word' id='word_1_378' title='bbox 3385 1992 3758 2061; x_wconf 76' lang='lat' dir='ltr'><strong>magisterium</strong></span> 
     </span>
    </p>
   </div>
   <div class='ocr_carea' id='block_1_49' title="bbox 2181 2080 3758 2151">
    <p class='ocr_par' dir='ltr' id='par_1_49' title="bbox 2181 2080 3758 2151">
     <span class='ocr_line' id='line_1_49' title="bbox 2181 2080 3758 2151; baseline 0.003 -18"><span class='ocrx_word' id='word_1_379' title='bbox 2181 2080 2445 2134; x_wconf 91' lang='lat' dir='ltr'><strong>malorum</strong></span> <span class='ocrx_word' id='word_1_380' title='bbox 2475 2084 2774 2149; x_wconf 66' lang='lat' dir='ltr'><strong>praebeant.</strong></span> <span class='ocrx_word' id='word_1_381' title='bbox 2808 2083 2870 2135; x_wconf 81' lang='lat' dir='ltr'><strong>Et</strong></span> <span class='ocrx_word' id='word_1_382' title='bbox 2900 2085 3026 2151; x_wconf 87' lang='lat' dir='ltr'><strong>quia</strong></span> <span class='ocrx_word' id='word_1_383' title='bbox 3066 2082 3363 2136; x_wconf 81' lang='lat' dir='ltr'><strong>multisuut</strong></span> <span class='ocrx_word' id='word_1_384' title='bbox 3392 2083 3479 2137; x_wconf 88' lang='lat' dir='ltr'><strong>isti</strong></span> <span class='ocrx_word' id='word_1_385' title='bbox 3517 2084 3758 2151; x_wconf 80' lang='lat' dir='ltr'><strong>magistri</strong></span> 
     </span>
    </p>
   </div>
   <div class='ocr_carea' id='block_1_50' title="bbox 2179 2174 3759 2246">
    <p class='ocr_par' dir='ltr' id='par_1_50' title="bbox 2179 2174 3759 2246">
     <span class='ocr_line' id='line_1_50' title="bbox 2179 2174 3759 2246; baseline 0 -19"><span class='ocrx_word' id='word_1_386' title='bbox 2179 2184 2232 2227; x_wconf 91' lang='lat' dir='ltr'><strong>et</strong></span> <span class='ocrx_word' id='word_1_387' title='bbox 2264 2174 2514 2228; x_wconf 87' lang='lat' dir='ltr'><strong>doctores</strong></span> <span class='ocrx_word' id='word_1_388' title='bbox 2542 2175 2780 2240; x_wconf 74' lang='lat' dir='ltr'><strong>malitire,</strong></span> <span class='ocrx_word' id='word_1_389' title='bbox 2813 2191 2947 2243; x_wconf 88' lang='lat' dir='ltr'><strong>quos</strong></span> <span class='ocrx_word' id='word_1_390' title='bbox 2980 2174 3221 2244; x_wconf 68' lang='lat' dir='ltr'><strong>praefecit</strong></span> <span class='ocrx_word' id='word_1_391' title='bbox 3252 2175 3485 2239; x_wconf 83' lang='lat' dir='ltr'><strong>l’harao,</strong></span> <span class='ocrx_word' id='word_1_392' title='bbox 3526 2185 3579 2228; x_wconf 91' lang='lat' dir='ltr'><strong>et</strong></span> <span class='ocrx_word' id='word_1_393' title='bbox 3602 2174 3759 2246; x_wconf 75' lang='lat'><strong>133</strong></span> 
     </span>
    </p>
   </div>
   <div class='ocr_carea' id='block_1_51' title="bbox 2180 2265 3756 2335">
    <p class='ocr_par' dir='ltr' id='par_1_51' title="bbox 2180 2265 3756 2335">
     <span class='ocr_line' id='line_1_51' title="bbox 2180 2265 3756 2335; baseline 0 -16"><span class='ocrx_word' id='word_1_394' title='bbox 2180 2275 2261 2319; x_wconf 89' lang='lat' dir='ltr'><strong>est</strong></span> <span class='ocrx_word' id='word_1_395' title='bbox 2288 2266 2476 2335; x_wconf 81' lang='lat' dir='ltr'><strong>ingens</strong></span> <span class='ocrx_word' id='word_1_396' title='bbox 2516 2266 2802 2320; x_wconf 88' lang='lat' dir='ltr'><strong>multitudo</strong></span> <span class='ocrx_word' id='word_1_397' title='bbox 2829 2266 3196 2335; x_wconf 83' lang='lat' dir='ltr'><strong>hujuscemodi</strong></span> <span class='ocrx_word' id='word_1_398' title='bbox 3220 2265 3647 2334; x_wconf 65' lang='lat' dir='ltr'><strong>compulsorpm,</strong></span> <span class='ocrx_word' id='word_1_399' title='bbox 3667 2265 3756 2333; x_wconf 88' lang='lat' dir='ltr'><strong>qui</strong></span> 
     </span>
    </p>
   </div>
   <div class='ocr_carea' id='block_1_52' title="bbox 2180 2358 3759 2430">
    <p class='ocr_par' dir='ltr' id='par_1_52' title="bbox 2180 2358 3759 2430">
     <span class='ocr_line' id='line_1_52' title="bbox 2180 2358 3759 2430; baseline 0 -18"><span class='ocrx_word' id='word_1_400' title='bbox 2180 2373 2370 2412; x_wconf 82' lang='lat' dir='ltr'><strong>ontues</strong></span> <span class='ocrx_word' id='word_1_401' title='bbox 2396 2358 2643 2430; x_wconf 86' lang='lat' dir='ltr'><strong>exigunt,</strong></span> <span class='ocrx_word' id='word_1_402' title='bbox 2667 2359 2955 2426; x_wconf 87' lang='lat' dir='ltr'><strong>imperant,</strong></span> <span class='ocrx_word' id='word_1_403' title='bbox 2981 2368 3035 2411; x_wconf 91' lang='lat' dir='ltr'><strong>et</strong></span> <span class='ocrx_word' id='word_1_404' title='bbox 3068 2368 3572 2425; x_wconf 85' lang='lat' dir='ltr'><strong>extorquentopera</strong></span> <span class='ocrx_word' id='word_1_405' title='bbox 3592 2369 3759 2412; x_wconf 74' lang='lat' dir='ltr'><strong>terre~</strong></span> 
     </span>
    </p>
   </div>
   <div class='ocr_carea' id='block_1_53' title="bbox 2182 2449 3756 2519">
    <p class='ocr_par' dir='ltr' id='par_1_53' title="bbox 2182 2449 3756 2519">
     <span class='ocr_line' id='line_1_53' title="bbox 2182 2449 3756 2519; baseline -0.002 -14"><span class='ocrx_word' id='word_1_406' title='bbox 2182 2467 2248 2505; x_wconf 85' lang='lat' dir='ltr'><strong>na</strong></span> <span class='ocrx_word' id='word_1_407' title='bbox 2273 2468 2283 2500; x_wconf 96' lang='lat'>:</span> <span class='ocrx_word' id='word_1_408' title='bbox 2306 2450 2426 2505; x_wconf 88' lang='lat' dir='ltr'><strong>ideo</strong></span> <span class='ocrx_word' id='word_1_409' title='bbox 2447 2450 2669 2505; x_wconf 82' lang='lat' dir='ltr'><strong>veniens</strong></span> <span class='ocrx_word' id='word_1_410' title='bbox 2682 2449 2945 2504; x_wconf 85' lang='lat' dir='ltr'><strong>Dominus</strong></span> <span class='ocrx_word' id='word_1_411' title='bbox 2968 2449 3128 2504; x_wconf 77' lang='lat' dir='ltr'><strong>Jesus</strong></span> <span class='ocrx_word' id='word_1_412' title='bbox 3149 2450 3274 2503; x_wconf 88' lang='lat' dir='ltr'><strong>fecit</strong></span> <span class='ocrx_word' id='word_1_413' title='bbox 3292 2449 3426 2503; x_wconf 86' lang='lat' dir='ltr'><strong>alios</strong></span> <span class='ocrx_word' id='word_1_414' title='bbox 3448 2451 3756 2519; x_wconf 87' lang='lat' dir='ltr'><strong>magistros.</strong></span> 
     </span>
    </p>
   </div>
   <div class='ocr_carea' id='block_1_54' title="bbox 2181 2538 3759 2610">
    <p class='ocr_par' dir='ltr' id='par_1_54' title="bbox 2181 2538 3759 2610">
     <span class='ocr_line' id='line_1_54' title="bbox 2181 2538 3759 2610; baseline -0.003 -15"><span class='ocrx_word' id='word_1_415' title='bbox 2181 2550 2237 2595; x_wconf 85' lang='lat' dir='ltr'><strong>et</strong></span> <span class='ocrx_word' id='word_1_416' title='bbox 2277 2543 2551 2605; x_wconf 85' lang='lat' dir='ltr'><strong>doctores,</strong></span> <span class='ocrx_word' id='word_1_417' title='bbox 2581 2541 2672 2608; x_wconf 90' lang='lat' dir='ltr'><strong>qui</strong></span> <span class='ocrx_word' id='word_1_418' title='bbox 2704 2549 3009 2610; x_wconf 77' lang='lat' dir='ltr'><strong>pugnantes</strong></span> <span class='ocrx_word' id='word_1_419' title='bbox 3041 2540 3332 2592; x_wconf 73' lang='lat' dir='ltr'><strong>adversum</strong></span> <span class='ocrx_word' id='word_1_420' title='bbox 3374 2538 3514 2601; x_wconf 89' lang='lat' dir='ltr'><strong>illos,</strong></span> <span class='ocrx_word' id='word_1_421' title='bbox 3556 2546 3610 2591; x_wconf 86' lang='lat' dir='ltr'><strong>et</strong></span> <span class='ocrx_word' id='word_1_422' title='bbox 3639 2539 3759 2591; x_wconf 85' lang='lat' dir='ltr'><strong>sub-</strong></span> 
     </span>
    </p>
   </div>
   <div class='ocr_carea' id='block_1_55' title="bbox 2174 2629 3755 2701">
    <p class='ocr_par' dir='ltr' id='par_1_55' title="bbox 2174 2629 3755 2701">
     <span class='ocr_line' id='line_1_55' title="bbox 2174 2629 3755 2701; baseline -0.003 -17"><span class='ocrx_word' id='word_1_423' title='bbox 2174 2631 2431 2701; x_wconf 85' lang='lat' dir='ltr'><strong>jicientes</strong></span> <span class='ocrx_word' id='word_1_424' title='bbox 2468 2646 2659 2685; x_wconf 86' lang='lat' dir='ltr'><strong>omnes</strong></span> <span class='ocrx_word' id='word_1_425' title='bbox 2690 2646 2876 2683; x_wconf 91' lang='lat' dir='ltr'><strong>eorum</strong></span> <span class='ocrx_word' id='word_1_426' title='bbox 2908 2629 3267 2698; x_wconf 86' lang='lat' dir='ltr'><strong>principatus,</strong></span> <span class='ocrx_word' id='word_1_427' title='bbox 3326 2638 3379 2682; x_wconf 91' lang='lat' dir='ltr'><strong>et</strong></span> <span class='ocrx_word' id='word_1_428' title='bbox 3430 2636 3755 2695; x_wconf 72' lang='lat' dir='ltr'><strong>potestates.</strong></span> 
     </span>
    </p>
   </div>
   <div class='ocr_carea' id='block_1_56' title="bbox 2180 2721 3761 2790">
    <p class='ocr_par' dir='ltr' id='par_1_56' title="bbox 2180 2721 3761 2790">
     <span class='ocr_line' id='line_1_56' title="bbox 2180 2721 3761 2790; baseline -0.003 -9"><span class='ocrx_word' id='word_1_429' title='bbox 2180 2736 2236 2781; x_wconf 89' lang='lat' dir='ltr'><strong>et</strong></span> <span class='ocrx_word' id='word_1_430' title='bbox 2285 2727 2554 2790; x_wconf 83' lang='lat' dir='ltr'><strong>virtutes,</strong></span> <span class='ocrx_word' id='word_1_431' title='bbox 2611 2725 2904 2779; x_wconf 80' lang='lat' dir='ltr'><strong>defendant</strong></span> <span class='ocrx_word' id='word_1_432' title='bbox 2957 2738 2986 2775; x_wconf 89' lang='lat' dir='ltr'><strong>a</strong></span> <span class='ocrx_word' id='word_1_433' title='bbox 3045 2722 3319 2775; x_wconf 79' lang='lat' dir='ltr'><strong>violentiis</strong></span> <span class='ocrx_word' id='word_1_434' title='bbox 3375 2736 3565 2776; x_wconf 86' lang='lat' dir='ltr'><strong>eorum</strong></span> <span class='ocrx_word' id='word_1_435' title='bbox 3623 2721 3761 2776; x_wconf 80' lang='lat' dir='ltr'><strong>filios</strong></span> 
     </span>
    </p>
   </div>
   <div class='ocr_carea' id='block_1_57' title="bbox 2183 2815 3758 2887">
    <p class='ocr_par' dir='ltr' id='par_1_57' title="bbox 2183 2815 3758 2887">
     <span class='ocr_line' id='line_1_57' title="bbox 2183 2815 3758 2887; baseline -0.005 -13"><span class='ocrx_word' id='word_1_436' title='bbox 2183 2820 2365 2883; x_wconf 87' lang='lat' dir='ltr'><strong>Israel,</strong></span> <span class='ocrx_word' id='word_1_437' title='bbox 2394 2829 2451 2873; x_wconf 91' lang='lat' dir='ltr'><strong>et</strong></span> <span class='ocrx_word' id='word_1_438' title='bbox 2480 2824 2711 2873; x_wconf 87' lang='lat' dir='ltr'><strong>doceant</strong></span> <span class='ocrx_word' id='word_1_439' title='bbox 2746 2834 2843 2871; x_wconf 92' lang='lat' dir='ltr'><strong>nos</strong></span> <span class='ocrx_word' id='word_1_440' title='bbox 2882 2831 3045 2887; x_wconf 84' lang='lat' dir='ltr'><strong>opera</strong></span> <span class='ocrx_word' id='word_1_441' title='bbox 3077 2815 3375 2869; x_wconf 86' lang='lat' dir='ltr'><strong>Israelitica</strong></span> <span class='ocrx_word' id='word_1_442' title='bbox 3406 2830 3421 2867; x_wconf 88' lang='lat'><strong>:</strong></span> <span class='ocrx_word' id='word_1_443' title='bbox 3458 2823 3512 2868; x_wconf 90' lang='lat' dir='ltr'><strong>et</strong></span> <span class='ocrx_word' id='word_1_444' title='bbox 3540 2830 3758 2867; x_wconf 87' lang='lat' dir='ltr'><strong>rursum</strong></span> 
     </span>
    </p>
   </div>
   <div class='ocr_carea' id='block_1_58' title="bbox 2182 2908 3758 2977">
    <p class='ocr_par' dir='ltr' id='par_1_58' title="bbox 2182 2908 3758 2977">
     <span class='ocr_line' id='line_1_58' title="bbox 2182 2908 3758 2977; baseline -0.003 -12"><span class='ocrx_word' id='word_1_445' title='bbox 2182 2915 2415 2967; x_wconf 90' lang='lat' dir='ltr'><strong>doceant</strong></span> <span class='ocrx_word' id='word_1_446' title='bbox 2447 2928 2545 2966; x_wconf 91' lang='lat' dir='ltr'><strong>nos</strong></span> <span class='ocrx_word' id='word_1_447' title='bbox 2575 2922 2755 2966; x_wconf 89' lang='lat' dir='ltr'><strong>mente</strong></span> <span class='ocrx_word' id='word_1_448' title='bbox 2782 2910 2947 2965; x_wconf 92' lang='lat' dir='ltr'><strong>Deum</strong></span> <span class='ocrx_word' id='word_1_449' title='bbox 2985 2908 3197 2970; x_wconf 90' lang='lat' dir='ltr'><strong>videre,</strong></span> <span class='ocrx_word' id='word_1_450' title='bbox 3241 2908 3550 2977; x_wconf 83' lang='lat' dir='ltr'><strong>relinquere</strong></span> <span class='ocrx_word' id='word_1_451' title='bbox 3588 2921 3758 2975; x_wconf 81' lang='lat' dir='ltr'><strong>opera</strong></span> 
     </span>
    </p>
   </div>
   <div class='ocr_carea' id='block_1_59' title="bbox 2181 2995 3762 3072">
    <p class='ocr_par' dir='ltr' id='par_1_59' title="bbox 2181 2995 3762 3072">
     <span class='ocr_line' id='line_1_59' title="bbox 2181 2995 3762 3072; baseline -0.003 -15"><span class='ocrx_word' id='word_1_452' title='bbox 2181 3004 2505 3067; x_wconf 83' lang='lat' dir='ltr'><strong>Pharaonis,</strong></span> <span class='ocrx_word' id='word_1_453' title='bbox 2563 3005 2716 3058; x_wconf 73' lang='lat' dir='ltr'><strong>exire</strong></span> <span class='ocrx_word' id='word_1_454' title='bbox 2754 3004 2818 3056; x_wconf 87' lang='lat' dir='ltr'><strong>de</strong></span> <span class='ocrx_word' id='word_1_455' title='bbox 2848 3014 2989 3055; x_wconf 89' lang='lat' dir='ltr'><strong>terra</strong></span> <span class='ocrx_word' id='word_1_456' title='bbox 3027 3001 3271 3072; x_wconf 63' lang='lat' dir='ltr'><strong>Egypti,</strong></span> <span class='ocrx_word' id='word_1_457' title='bbox 3324 2998 3563 3068; x_wconf 82' lang='lat' dir='ltr'><strong>abjicere</strong></span> <span class='ocrx_word' id='word_1_458' title='bbox 3590 2995 3762 3069; x_wconf 66' lang='lat' dir='ltr'><strong>Egy-</strong></span> 
     </span>
    </p>
   </div>
   <div class='ocr_carea' id='block_1_60' title="bbox 495 3088 3759 3188">
    <p class='ocr_par' dir='ltr' id='par_1_60' title="bbox 495 3088 3759 3188">
     <span class='ocr_line' id='line_1_60' title="bbox 495 3088 3759 3188; baseline -0.001 -43"><span class='ocrx_word' id='word_1_459' title='bbox 495 3110 630 3163; x_wconf 71' lang='lat' dir='ltr'><strong>gcns</strong></span> <span class='ocrx_word' id='word_1_460' title='bbox 658 3093 823 3148; x_wconf 87' lang='lat' dir='ltr'><strong>Israel</strong></span> <span class='ocrx_word' id='word_1_461' title='bbox 855 3091 996 3145; x_wconf 86' lang='lat' dir='ltr'><strong>valet</strong></span> <span class='ocrx_word' id='word_1_462' title='bbox 1024 3104 1187 3159; x_wconf 89' lang='lat' dir='ltr'><strong>super</strong></span> <span class='ocrx_word' id='word_1_463' title='bbox 1226 3104 1345 3173; x_wconf 76' lang='lat' dir='ltr'><strong>nos.</strong></span> <span class='ocrx_word' id='word_1_464' title='bbox 1379 3088 1593 3143; x_wconf 89' lang='lat' dir='ltr'><strong>Utinam</strong></span> <span class='ocrx_word' id='word_1_465' title='bbox 1618 3102 1672 3145; x_wconf 92' lang='lat' dir='ltr'><strong>et</strong></span> <span class='ocrx_word' id='word_1_466' title='bbox 1700 3092 1767 3146; x_wconf 91' lang='lat' dir='ltr'><strong>de</strong></span> <span class='ocrx_word' id='word_1_467' title='bbox 1792 3093 1946 3147; x_wconf 87' lang='lat' dir='ltr'><strong>nobis</strong></span> <span class='ocrx_word' id='word_1_468' title='bbox 1970 3094 2072 3149; x_wconf 90' lang='lat' dir='ltr'><strong>hoc</strong></span> <span class='ocrx_word' id='word_1_469' title='bbox 2102 3130 2145 3188; x_wconf 63' lang='grc' dir='ltr'>ο</span> <span class='ocrx_word' id='word_1_470' title='bbox 2184 3097 2326 3167; x_wconf 91' lang='lat' dir='ltr'><strong>ptios</strong></span> <span class='ocrx_word' id='word_1_471' title='bbox 2355 3107 2412 3151; x_wconf 90' lang='lat' dir='ltr'><strong>et</strong></span> <span class='ocrx_word' id='word_1_472' title='bbox 2468 3096 2737 3151; x_wconf 85' lang='lat' dir='ltr'><strong>barbaros</strong></span> <span class='ocrx_word' id='word_1_473' title='bbox 2768 3111 2976 3160; x_wconf 89' lang='lat' dir='ltr'><strong>mores,</strong></span> <span class='ocrx_word' id='word_1_474' title='bbox 3011 3097 3282 3165; x_wconf 88' lang='lat' dir='ltr'><strong>deponere</strong></span> <span class='ocrx_word' id='word_1_475' title='bbox 3314 3102 3482 3146; x_wconf 89' lang='lat' dir='ltr'><strong>totum</strong></span> <span class='ocrx_word' id='word_1_476' title='bbox 3518 3105 3759 3145; x_wconf 78' lang='lat' dir='ltr'><strong>veterem</strong></span> 
     </span>
    </p>
   </div>
   <div class='ocr_carea' id='block_1_61' title="bbox 494 3182 2078 3252">
    <p class='ocr_par' dir='ltr' id='par_1_61' title="bbox 494 3182 2078 3252">
     <span class='ocr_line' id='line_1_61' title="bbox 494 3182 2078 3252; baseline 0.001 -12"><span class='ocrx_word' id='word_1_477' title='bbox 494 3191 659 3251; x_wconf 80' lang='lat' dir='ltr'><strong>dicat,</strong></span> <span class='ocrx_word' id='word_1_478' title='bbox 691 3187 893 3241; x_wconf 84' lang='lat' dir='ltr'><strong>sentiat</strong></span> <span class='ocrx_word' id='word_1_479' title='bbox 921 3200 1018 3239; x_wconf 88' lang='lat' dir='ltr'><strong>nos</strong></span> <span class='ocrx_word' id='word_1_480' title='bbox 1037 3182 1216 3237; x_wconf 88' lang='lat' dir='ltr'><strong>valere</strong></span> <span class='ocrx_word' id='word_1_481' title='bbox 1246 3196 1415 3252; x_wconf 86' lang='lat' dir='ltr'><strong>super</strong></span> <span class='ocrx_word' id='word_1_482' title='bbox 1434 3185 1529 3239; x_wconf 88' lang='lat' dir='ltr'><strong>se!</strong></span> <span class='ocrx_word' id='word_1_483' title='bbox 1560 3182 1841 3250; x_wconf 85' lang='lat' dir='ltr'><strong>Quomodo</strong></span> <span class='ocrx_word' id='word_1_484' title='bbox 1870 3189 2078 3242; x_wconf 89' lang='lat' dir='ltr'><strong>sentire</strong></span> 
     </span>
    </p>
   </div>
   <div class='ocr_carea' id='block_1_62' title="bbox 496 3272 2076 3349">
    <p class='ocr_par' dir='ltr' id='par_1_62' title="bbox 496 3272 2076 3349">
     <span class='ocr_line' id='line_1_62' title="bbox 496 3272 2076 3349; baseline -0.001 -16"><span class='ocrx_word' id='word_1_485' title='bbox 496 3280 601 3333; x_wconf 89' lang='lat' dir='ltr'><strong>hoc</strong></span> <span class='ocrx_word' id='word_1_486' title='bbox 629 3277 875 3349; x_wconf 83' lang='lat' dir='ltr'><strong>poterit?</strong></span> <span class='ocrx_word' id='word_1_487' title='bbox 906 3276 962 3330; x_wconf 88' lang='lat' dir='ltr'><strong>Si</strong></span> <span class='ocrx_word' id='word_1_488' title='bbox 995 3290 1116 3327; x_wconf 90' lang='lat' dir='ltr'><strong>cum</strong></span> <span class='ocrx_word' id='word_1_489' title='bbox 1153 3272 1284 3326; x_wconf 89' lang='lat' dir='ltr'><strong>mihi</strong></span> <span class='ocrx_word' id='word_1_490' title='bbox 1338 3276 1701 3342; x_wconf 87' lang='lat' dir='ltr'><strong>cogitationes</strong></span> <span class='ocrx_word' id='word_1_491' title='bbox 1755 3277 1931 3346; x_wconf 86' lang='lat' dir='ltr'><strong>injicit</strong></span> <span class='ocrx_word' id='word_1_492' title='bbox 1965 3294 2076 3331; x_wconf 87' lang='lat' dir='ltr'><strong>ma-</strong></span> 
     </span>
    </p>
   </div>
   <div class='ocr_carea' id='block_1_63' title="bbox 496 3365 2069 3439">
    <p class='ocr_par' dir='ltr' id='par_1_63' title="bbox 496 3365 2069 3439">
     <span class='ocr_line' id='line_1_63' title="bbox 496 3365 2069 3439; baseline -0.001 -15"><span class='ocrx_word' id='word_1_493' title='bbox 496 3374 598 3437; x_wconf 75' lang='lat' dir='ltr'><strong>las,</strong></span> <span class='ocrx_word' id='word_1_494' title='bbox 634 3380 689 3425; x_wconf 88' lang='lat' dir='ltr'><strong>et</strong></span> <span class='ocrx_word' id='word_1_495' title='bbox 720 3367 1194 3439; x_wconf 89' lang='lat' dir='ltr'><strong>concupiscentias</strong></span> <span class='ocrx_word' id='word_1_496' title='bbox 1231 3365 1497 3433; x_wconf 86' lang='lat' dir='ltr'><strong>pessimas</strong></span> <span class='ocrx_word' id='word_1_497' title='bbox 1521 3407 1537 3430; x_wconf 84' lang='lat'><strong>,</strong></span> <span class='ocrx_word' id='word_1_498' title='bbox 1590 3382 1690 3439; x_wconf 80' lang='lat' dir='ltr'><strong>ego</strong></span> <span class='ocrx_word' id='word_1_499' title='bbox 1740 3384 1847 3422; x_wconf 92' lang='lat' dir='ltr'><strong>non</strong></span> <span class='ocrx_word' id='word_1_500' title='bbox 1899 3370 2069 3423; x_wconf 83' lang='lat' dir='ltr'><strong>susei-</strong></span> 
     </span>
    </p>
   </div>
   <div class='ocr_carea' id='block_1_64' title="bbox 480 3460 2074 3534">
    <p class='ocr_par' dir='ltr' id='par_1_64' title="bbox 480 3460 2074 3534">
     <span class='ocr_line' id='line_1_64' title="bbox 480 3460 2074 3534; baseline 0 -19"><span class='ocrx_word' id='word_1_501' title='bbox 480 3468 664 3534; x_wconf 64' lang='lat' dir='ltr'><strong>qdam,</strong></span> <span class='ocrx_word' id='word_1_502' title='bbox 688 3464 790 3517; x_wconf 83' lang='lat' dir='ltr'><strong>sed</strong></span> <span class='ocrx_word' id='word_1_503' title='bbox 813 3463 991 3531; x_wconf 86' lang='lat' dir='ltr'><strong>jacula</strong></span> <span class='ocrx_word' id='word_1_504' title='bbox 1018 3463 1138 3533; x_wconf 77' lang='lat' dir='ltr'><strong>ejus</strong></span> <span class='ocrx_word' id='word_1_505' title='bbox 1161 3462 1331 3534; x_wconf 85' lang='lat' dir='ltr'><strong>ignita</strong></span> <span class='ocrx_word' id='word_1_506' title='bbox 1358 3472 1513 3515; x_wconf 90' lang='lat' dir='ltr'><strong>scuto</strong></span> <span class='ocrx_word' id='word_1_507' title='bbox 1545 3460 1666 3514; x_wconf 83' lang='lat' dir='ltr'><strong>fidei</strong></span> <span class='ocrx_word' id='word_1_508' title='bbox 1708 3460 1987 3528; x_wconf 86' lang='lat' dir='ltr'><strong>repellam,</strong></span> <span class='ocrx_word' id='word_1_509' title='bbox 2029 3462 2074 3515; x_wconf 82' lang='lat' dir='ltr'><strong>si</strong></span> 
     </span>
    </p>
   </div>
   <div class='ocr_carea' id='block_1_65' title="bbox 480 3553 2078 3625">
    <p class='ocr_par' dir='ltr' id='par_1_65' title="bbox 480 3553 2078 3625">
     <span class='ocr_line' id='line_1_65' title="bbox 480 3553 2078 3625; baseline -0.003 -14"><span class='ocrx_word' id='word_1_510' title='bbox 480 3560 551 3611; x_wconf 58' lang='lat' dir='ltr'><strong>vin</strong></span> <span class='ocrx_word' id='word_1_511' title='bbox 584 3558 837 3609; x_wconf 75' lang='lat' dir='ltr'><strong>oumibus</strong></span> <span class='ocrx_word' id='word_1_512' title='bbox 869 3570 1214 3625; x_wconf 68' lang='lat' dir='ltr'><strong>quaecunque</strong></span> <span class='ocrx_word' id='word_1_513' title='bbox 1273 3553 1516 3625; x_wconf 85' lang='lat' dir='ltr'><strong>suggerit</strong></span> <span class='ocrx_word' id='word_1_514' title='bbox 1564 3554 1730 3605; x_wconf 91' lang='lat' dir='ltr'><strong>tuenti</strong></span> <span class='ocrx_word' id='word_1_515' title='bbox 1769 3566 1935 3614; x_wconf 65' lang='lat' dir='ltr'><strong>meas,</strong></span> <span class='ocrx_word' id='word_1_516' title='bbox 1973 3570 2078 3622; x_wconf 82' lang='lat' dir='ltr'><strong>ego</strong></span> 
     </span>
    </p>
   </div>
   <div class='ocr_carea' id='block_1_66' title="bbox 496 3645 2076 3711">
    <p class='ocr_par' dir='ltr' id='par_1_66' title="bbox 496 3645 2076 3711">
     <span class='ocr_line' id='line_1_66' title="bbox 496 3645 2076 3711; baseline -0.002 -9"><span class='ocrx_word' id='word_1_517' title='bbox 496 3649 933 3703; x_wconf 76' lang='lat' dir='ltr'><strong>memor-Christi</strong></span> <span class='ocrx_word' id='word_1_518' title='bbox 964 3650 1067 3701; x_wconf 90' lang='lat' dir='ltr'><strong>mei</strong></span> <span class='ocrx_word' id='word_1_519' title='bbox 1107 3647 1320 3701; x_wconf 73' lang='lat' dir='ltr'><strong>Demini</strong></span> <span class='ocrx_word' id='word_1_520' title='bbox 1346 3688 1360 3711; x_wconf 90' lang='lat'><strong>,</strong></span> <span class='ocrx_word' id='word_1_521' title='bbox 1392 3648 1569 3701; x_wconf 86' lang='lat' dir='ltr'><strong>dicam</strong></span> <span class='ocrx_word' id='word_1_522' title='bbox 1605 3645 1651 3676; x_wconf 67' lang='grc'><strong>⁷⁸</strong></span> <span class='ocrx_word' id='word_1_523' title='bbox 1684 3661 1697 3698; x_wconf 91' lang='lat'><strong>:</strong></span> <span class='ocrx_word' id='word_1_524' title='bbox 1742 3664 1760 3696; x_wconf 79' lang='grc' dir='ltr'><strong>ι</strong></span> <span class='ocrx_word' id='word_1_525' title='bbox 1814 3645 1963 3699; x_wconf 85' lang='lat' dir='ltr'><strong>Vade</strong></span> <span class='ocrx_word' id='word_1_526' title='bbox 1990 3662 2076 3700; x_wconf 87' lang='lat' dir='ltr'><strong>re-</strong></span> 
     </span>
    </p>
   </div>
   <div class='ocr_carea' id='block_1_67' title="bbox 498 3738 2075 3810">
    <p class='ocr_par' dir='ltr' id='par_1_67' title="bbox 498 3738 2075 3810">
     <span class='ocr_line' id='line_1_67' title="bbox 498 3738 2075 3810; baseline -0.001 -16"><span class='ocrx_word' id='word_1_527' title='bbox 498 3754 606 3804; x_wconf 81' lang='lat' dir='ltr'><strong>rro,</strong></span> <span class='ocrx_word' id='word_1_528' title='bbox 633 3742 863 3796; x_wconf 82' lang='lat' dir='ltr'><strong>Sataua.</strong></span> <span class='ocrx_word' id='word_1_529' title='bbox 901 3742 1180 3810; x_wconf 82' lang='lat' dir='ltr'><strong>Scriptum</strong></span> <span class='ocrx_word' id='word_1_530' title='bbox 1232 3753 1318 3796; x_wconf 92' lang='lat' dir='ltr'><strong>est</strong></span> <span class='ocrx_word' id='word_1_531' title='bbox 1359 3740 1546 3795; x_wconf 89' lang='lat' dir='ltr'><strong>enim:</strong></span> <span class='ocrx_word' id='word_1_532' title='bbox 1584 3738 1873 3792; x_wconf 90' lang='lat' dir='ltr'><strong>Dominum</strong></span> <span class='ocrx_word' id='word_1_533' title='bbox 1909 3740 2075 3793; x_wconf 87' lang='lat' dir='ltr'><strong>Deum</strong></span> 
     </span>
    </p>
   </div>
   <div class='ocr_carea' id='block_1_68' title="bbox 498 3832 2077 3904">
    <p class='ocr_par' dir='ltr' id='par_1_68' title="bbox 498 3832 2077 3904">
     <span class='ocr_line' id='line_1_68' title="bbox 498 3832 2077 3904; baseline 0.001 -16"><span class='ocrx_word' id='word_1_534' title='bbox 498 3848 646 3889; x_wconf 88' lang='lat' dir='ltr'><strong>tuum</strong></span> <span class='ocrx_word' id='word_1_535' title='bbox 685 3837 964 3899; x_wconf 87' lang='lat' dir='ltr'><strong>adorabis,</strong></span> <span class='ocrx_word' id='word_1_536' title='bbox 1017 3846 1071 3888; x_wconf 90' lang='lat' dir='ltr'><strong>et</strong></span> <span class='ocrx_word' id='word_1_537' title='bbox 1102 3836 1200 3904; x_wconf 88' lang='lat' dir='ltr'><strong>ipsi</strong></span> <span class='ocrx_word' id='word_1_538' title='bbox 1226 3836 1324 3890; x_wconf 84' lang='lat' dir='ltr'><strong>soli</strong></span> <span class='ocrx_word' id='word_1_539' title='bbox 1363 3835 1589 3891; x_wconf 84' lang='lat' dir='ltr'><strong>servies.</strong></span> <span class='ocrx_word' id='word_1_540' title='bbox 1627 3854 1646 3886; x_wconf 81' lang='grc' dir='ltr'><strong>ι</strong></span> <span class='ocrx_word' id='word_1_541' title='bbox 1690 3832 1746 3887; x_wconf 89' lang='lat' dir='ltr'><strong>Si</strong></span> <span class='ocrx_word' id='word_1_542' title='bbox 1778 3848 1914 3902; x_wconf 88' lang='lat' dir='ltr'><strong>ergo</strong></span> <span class='ocrx_word' id='word_1_543' title='bbox 1960 3836 2077 3889; x_wconf 73' lang='lat' dir='ltr'><strong>lucc</strong></span> 
     </span>
    </p>
   </div>
   <div class='ocr_carea' id='block_1_69' title="bbox 495 3928 2078 3997">
    <p class='ocr_par' dir='ltr' id='par_1_69' title="bbox 495 3928 2078 3997">
     <span class='ocr_line' id='line_1_69' title="bbox 495 3928 2078 3997; baseline -0.001 -17"><span class='ocrx_word' id='word_1_544' title='bbox 495 3931 641 3982; x_wconf 89' lang='lat' dir='ltr'><strong>oumi</strong></span> <span class='ocrx_word' id='word_1_545' title='bbox 679 3931 807 3993; x_wconf 86' lang='lat' dir='ltr'><strong>fide,</strong></span> <span class='ocrx_word' id='word_1_546' title='bbox 862 3929 1008 3981; x_wconf 82' lang='lat' dir='ltr'><strong>enini</strong></span> <span class='ocrx_word' id='word_1_547' title='bbox 1054 3928 1378 3981; x_wconf 77' lang='lat' dir='ltr'><strong>constantia</strong></span> <span class='ocrx_word' id='word_1_548' title='bbox 1425 3942 1674 3997; x_wconf 83' lang='lat' dir='ltr'><strong>agamus,</strong></span> <span class='ocrx_word' id='word_1_549' title='bbox 1723 3928 1855 3979; x_wconf 83' lang='lat' dir='ltr'><strong>dicit</strong></span> <span class='ocrx_word' id='word_1_550' title='bbox 1907 3937 1959 3979; x_wconf 91' lang='lat' dir='ltr'><strong>et</strong></span> <span class='ocrx_word' id='word_1_551' title='bbox 2009 3928 2078 3979; x_wconf 89' lang='lat' dir='ltr'><strong>de</strong></span> 
     </span>
    </p>
   </div>
   <div class='ocr_carea' id='block_1_70' title="bbox 490 4019 2075 4093">
    <p class='ocr_par' dir='ltr' id='par_1_70' title="bbox 490 4019 2075 4093">
     <span class='ocr_line' id='line_1_70' title="bbox 490 4019 2075 4093; baseline -0.002 -16"><span class='ocrx_word' id='word_1_552' title='bbox 490 4026 672 4088; x_wconf 85' lang='lat' dir='ltr'><strong>nobis,</strong></span> <span class='ocrx_word' id='word_1_553' title='bbox 705 4026 827 4092; x_wconf 85' lang='lat' dir='ltr'><strong>quia</strong></span> <span class='ocrx_word' id='word_1_554' title='bbox 849 4022 1158 4093; x_wconf 89' lang='lat' dir='ltr'><strong>genslsrael</strong></span> <span class='ocrx_word' id='word_1_555' title='bbox 1183 4036 1371 4085; x_wconf 81' lang='lat' dir='ltr'><strong>magna</strong></span> <span class='ocrx_word' id='word_1_556' title='bbox 1393 4030 1496 4085; x_wconf 90' lang='lat' dir='ltr'><strong>est,</strong></span> <span class='ocrx_word' id='word_1_557' title='bbox 1522 4030 1579 4074; x_wconf 83' lang='lat' dir='ltr'><strong>et</strong></span> <span class='ocrx_word' id='word_1_558' title='bbox 1607 4019 1745 4073; x_wconf 85' lang='lat' dir='ltr'><strong>valet</strong></span> <span class='ocrx_word' id='word_1_559' title='bbox 1775 4034 2075 4088; x_wconf 85' lang='lat' dir='ltr'><strong>supernos.</strong></span> 
     </span>
    </p>
   </div>
   <div class='ocr_carea' id='block_1_71' title="bbox 500 4112 2076 4183">
    <p class='ocr_par' dir='ltr' id='par_1_71' title="bbox 500 4112 2076 4183">
     <span class='ocr_line' id='line_1_71' title="bbox 500 4112 2076 4183; baseline -0.003 -12"><span class='ocrx_word' id='word_1_560' title='bbox 500 4118 605 4171; x_wconf 77' lang='lat' dir='ltr'><strong>Sed</strong></span> <span class='ocrx_word' id='word_1_561' title='bbox 646 4129 694 4171; x_wconf 87' lang='lat' dir='ltr'><strong>et</strong></span> <span class='ocrx_word' id='word_1_562' title='bbox 723 4120 827 4169; x_wconf 85' lang='lat' dir='ltr'><strong>hoc</strong></span> <span class='ocrx_word' id='word_1_563' title='bbox 851 4115 992 4183; x_wconf 91' lang='lat' dir='ltr'><strong>quod</strong></span> <span class='ocrx_word' id='word_1_564' title='bbox 1036 4114 1170 4166; x_wconf 83' lang='lat' dir='ltr'><strong>dicit</strong></span> <span class='ocrx_word' id='word_1_565' title='bbox 1199 4115 1283 4167; x_wconf 85' lang='lat'><strong>&quot;:</strong></span> <span class='ocrx_word' id='word_1_566' title='bbox 1328 4132 1346 4164; x_wconf 80' lang='grc' dir='ltr'><strong>ι</strong></span> <span class='ocrx_word' id='word_1_567' title='bbox 1396 4112 1474 4167; x_wconf 79' lang='lat' dir='ltr'><strong>Ne</strong></span> <span class='ocrx_word' id='word_1_568' title='bbox 1509 4112 1649 4167; x_wconf 87' lang='lat' dir='ltr'><strong>forte</strong></span> <span class='ocrx_word' id='word_1_569' title='bbox 1679 4113 1889 4166; x_wconf 87' lang='lat' dir='ltr'><strong>accidat</strong></span> <span class='ocrx_word' id='word_1_570' title='bbox 1921 4114 2076 4167; x_wconf 85' lang='lat' dir='ltr'><strong>nobis</strong></span> 
     </span>
    </p>
   </div>
   <div class='ocr_carea' id='block_1_72' title="bbox 496 4205 2076 4272">
    <p class='ocr_par' dir='ltr' id='par_1_72' title="bbox 496 4205 2076 4272">
     <span class='ocr_line' id='line_1_72' title="bbox 496 4205 2076 4272; baseline -0.002 -10"><span class='ocrx_word' id='word_1_571' title='bbox 496 4210 715 4272; x_wconf 86' lang='lat' dir='ltr'><strong>bellum,</strong></span> <span class='ocrx_word' id='word_1_572' title='bbox 766 4218 821 4264; x_wconf 90' lang='lat' dir='ltr'><strong>et</strong></span> <span class='ocrx_word' id='word_1_573' title='bbox 870 4205 1211 4262; x_wconf 79' lang='lat' dir='ltr'><strong>consentiant</strong></span> <span class='ocrx_word' id='word_1_574' title='bbox 1258 4214 1311 4260; x_wconf 92' lang='lat' dir='ltr'><strong>et</strong></span> <span class='ocrx_word' id='word_1_575' title='bbox 1350 4205 1402 4260; x_wconf 94' lang='lat' dir='ltr'><strong>hi</strong></span> <span class='ocrx_word' id='word_1_576' title='bbox 1440 4220 1563 4259; x_wconf 89' lang='lat' dir='ltr'><strong>cum</strong></span> <span class='ocrx_word' id='word_1_577' title='bbox 1615 4206 1942 4259; x_wconf 80' lang='lat' dir='ltr'><strong>adversariis</strong></span> <span class='ocrx_word' id='word_1_578' title='bbox 1978 4221 2076 4259; x_wconf 89' lang='lat' dir='ltr'><strong>no-</strong></span> 
     </span>
    </p>
   </div>
   <div class='ocr_carea' id='block_1_73' title="bbox 497 4297 2074 4370">
    <p class='ocr_par' dir='ltr' id='par_1_73' title="bbox 497 4297 2074 4370">
     <span class='ocr_line' id='line_1_73' title="bbox 497 4297 2074 4370; baseline -0.003 -15"><span class='ocrx_word' id='word_1_579' title='bbox 497 4302 667 4367; x_wconf 79' lang='lat' dir='ltr'><strong>stris;</strong></span> <span class='ocrx_word' id='word_1_580' title='bbox 711 4321 727 4352; x_wconf 84' lang='grc' dir='ltr'><strong>ι</strong></span> <span class='ocrx_word' id='word_1_581' title='bbox 768 4316 836 4356; x_wconf 86' lang='lat' dir='ltr'><strong>ex</strong></span> <span class='ocrx_word' id='word_1_582' title='bbox 866 4299 1202 4370; x_wconf 86' lang='lat' dir='ltr'><strong>propheticis</strong></span> <span class='ocrx_word' id='word_1_583' title='bbox 1244 4299 1471 4352; x_wconf 88' lang='lat' dir='ltr'><strong>vocibus</strong></span> <span class='ocrx_word' id='word_1_584' title='bbox 1504 4297 1757 4367; x_wconf 71' lang='lat' dir='ltr'><strong>prmvidit</strong></span> <span class='ocrx_word' id='word_1_585' title='bbox 1787 4308 2074 4351; x_wconf 88' lang='lat' dir='ltr'><strong>venturum</strong></span> 
     </span>
    </p>
   </div>
   <div class='ocr_carea' id='block_1_74' title="bbox 498 4390 2075 4463">
    <p class='ocr_par' dir='ltr' id='par_1_74' title="bbox 498 4390 2075 4463">
     <span class='ocr_line' id='line_1_74' title="bbox 498 4390 2075 4463; baseline 0 -18"><span class='ocrx_word' id='word_1_586' title='bbox 498 4394 598 4447; x_wconf 78' lang='lat' dir='ltr'><strong>sibi</strong></span> <span class='ocrx_word' id='word_1_587' title='bbox 638 4394 834 4447; x_wconf 91' lang='lat' dir='ltr'><strong>bellum</strong></span> <span class='ocrx_word' id='word_1_588' title='bbox 863 4404 917 4448; x_wconf 86' lang='lat' dir='ltr'><strong>et</strong></span> <span class='ocrx_word' id='word_1_589' title='bbox 948 4394 1431 4463; x_wconf 83' lang='lat' dir='ltr'><strong>derelinqueadum</strong></span> <span class='ocrx_word' id='word_1_590' title='bbox 1474 4405 1534 4445; x_wconf 90' lang='lat' dir='ltr'><strong>se</strong></span> <span class='ocrx_word' id='word_1_591' title='bbox 1562 4406 1591 4444; x_wconf 91' lang='lat' dir='ltr'><strong>a</strong></span> <span class='ocrx_word' id='word_1_592' title='bbox 1642 4390 1765 4445; x_wconf 86' lang='lat' dir='ltr'><strong>filiis</strong></span> <span class='ocrx_word' id='word_1_593' title='bbox 1802 4390 1991 4454; x_wconf 72' lang='lat' dir='ltr'><strong>Israel,</strong></span> <span class='ocrx_word' id='word_1_594' title='bbox 2022 4401 2075 4445; x_wconf 92' lang='lat' dir='ltr'><strong>et</strong></span> 
     </span>
    </p>
   </div>
   <div class='ocr_carea' id='block_1_75' title="bbox 2182 3185 3750 3254">
    <p class='ocr_par' dir='ltr' id='par_1_75' title="bbox 2182 3185 3750 3254">
     <span class='ocr_line' id='line_1_75' title="bbox 2182 3185 3750 3254; baseline -0.006 -7"><span class='ocrx_word' id='word_1_595' title='bbox 2182 3194 2453 3247; x_wconf 89' lang='lat' dir='ltr'><strong>hominem</strong></span> <span class='ocrx_word' id='word_1_596' title='bbox 2490 3208 2611 3247; x_wconf 89' lang='lat' dir='ltr'><strong>cum</strong></span> <span class='ocrx_word' id='word_1_597' title='bbox 2644 3191 2857 3245; x_wconf 84' lang='lat' dir='ltr'><strong>actibus</strong></span> <span class='ocrx_word' id='word_1_598' title='bbox 2883 3192 3019 3254; x_wconf 87' lang='lat' dir='ltr'><strong>suis,</strong></span> <span class='ocrx_word' id='word_1_599' title='bbox 3045 3199 3099 3243; x_wconf 90' lang='lat' dir='ltr'><strong>et</strong></span> <span class='ocrx_word' id='word_1_600' title='bbox 3132 3189 3359 3241; x_wconf 83' lang='lat' dir='ltr'><strong>induere</strong></span> <span class='ocrx_word' id='word_1_601' title='bbox 3390 3200 3614 3250; x_wconf 88' lang='lat' dir='ltr'><strong>novum,</strong></span> <span class='ocrx_word' id='word_1_602' title='bbox 3658 3185 3750 3254; x_wconf 88' lang='lat' dir='ltr'><strong>qui</strong></span> 
     </span>
    </p>
   </div>
   <div class='ocr_carea' id='block_1_76' title="bbox 2180 3276 3752 3345">
    <p class='ocr_par' dir='ltr' id='par_1_76' title="bbox 2180 3276 3752 3345">
     <span class='ocr_line' id='line_1_76' title="bbox 2180 3276 3752 3345; baseline -0.006 -9"><span class='ocrx_word' id='word_1_603' title='bbox 2180 3282 2481 3336; x_wconf 89' lang='lat' dir='ltr'><strong>secundum</strong></span> <span class='ocrx_word' id='word_1_604' title='bbox 2535 3282 2701 3334; x_wconf 88' lang='lat' dir='ltr'><strong>Deum</strong></span> <span class='ocrx_word' id='word_1_605' title='bbox 2753 3289 2973 3334; x_wconf 89' lang='lat' dir='ltr'><strong>creatus</strong></span> <span class='ocrx_word' id='word_1_606' title='bbox 3021 3288 3107 3333; x_wconf 90' lang='lat' dir='ltr'><strong>est</strong></span> <span class='ocrx_word' id='word_1_607' title='bbox 3158 3277 3407 3331; x_wconf 74' lang='lat' dir='ltr'><strong>renovari</strong></span> <span class='ocrx_word' id='word_1_608' title='bbox 3443 3291 3664 3345; x_wconf 87' lang='lat' dir='ltr'><strong>semper</strong></span> <span class='ocrx_word' id='word_1_609' title='bbox 3691 3276 3752 3327; x_wconf 89' lang='lat' dir='ltr'><strong>de</strong></span> 
     </span>
    </p>
   </div>
   <div class='ocr_carea' id='block_1_77' title="bbox 2178 3366 3759 3440">
    <p class='ocr_par' dir='ltr' id='par_1_77' title="bbox 2178 3366 3759 3440">
     <span class='ocr_line' id='line_1_77' title="bbox 2178 3366 3759 3440; baseline -0.004 -13"><span class='ocrx_word' id='word_1_610' title='bbox 2178 3376 2266 3429; x_wconf 85' lang='lat' dir='ltr'><strong>die</strong></span> <span class='ocrx_word' id='word_1_611' title='bbox 2304 3375 2353 3427; x_wconf 93' lang='lat' dir='ltr'><strong>in</strong></span> <span class='ocrx_word' id='word_1_612' title='bbox 2382 3374 2523 3427; x_wconf 89' lang='lat' dir='ltr'><strong>diem</strong></span> <span class='ocrx_word' id='word_1_613' title='bbox 2580 3375 2644 3425; x_wconf 89' lang='lat' dir='ltr'><strong>ad</strong></span> <span class='ocrx_word' id='word_1_614' title='bbox 2703 3373 2990 3439; x_wconf 87' lang='lat' dir='ltr'><strong>imaginem</strong></span> <span class='ocrx_word' id='word_1_615' title='bbox 3042 3371 3161 3439; x_wconf 88' lang='lat' dir='ltr'><strong>ejus</strong></span> <span class='ocrx_word' id='word_1_616' title='bbox 3200 3370 3289 3440; x_wconf 89' lang='lat' dir='ltr'><strong>qui</strong></span> <span class='ocrx_word' id='word_1_617' title='bbox 3342 3369 3471 3423; x_wconf 89' lang='lat' dir='ltr'><strong>fecit</strong></span> <span class='ocrx_word' id='word_1_618' title='bbox 3507 3384 3608 3422; x_wconf 89' lang='lat' dir='ltr'><strong>nos</strong></span> <span class='ocrx_word' id='word_1_619' title='bbox 3646 3366 3759 3437; x_wconf 66' lang='grc' dir='ltr'><strong>(κθ)</strong></span> 
     </span>
    </p>
   </div>
   <div class='ocr_carea' id='block_1_78' title="bbox 2179 3460 3763 3531">
    <p class='ocr_par' dir='ltr' id='par_1_78' title="bbox 2179 3460 3763 3531">
     <span class='ocr_line' id='line_1_78' title="bbox 2179 3460 3763 3531; baseline -0.004 -9"><span class='ocrx_word' id='word_1_620' title='bbox 2179 3467 2383 3522; x_wconf 82' lang='lat' dir='ltr'><strong>Christi</strong></span> <span class='ocrx_word' id='word_1_621' title='bbox 2418 3466 2543 3521; x_wconf 83' lang='lat' dir='ltr'><strong>Jesn</strong></span> <span class='ocrx_word' id='word_1_622' title='bbox 2588 3465 2800 3519; x_wconf 89' lang='lat' dir='ltr'><strong>Domini</strong></span> <span class='ocrx_word' id='word_1_623' title='bbox 2844 3468 3010 3520; x_wconf 89' lang='lat' dir='ltr'><strong>nostri</strong></span> <span class='ocrx_word' id='word_1_624' title='bbox 3052 3463 3138 3519; x_wconf 90' lang='lat' dir='ltr'><strong>cui</strong></span> <span class='ocrx_word' id='word_1_625' title='bbox 3177 3471 3262 3517; x_wconf 89' lang='lat' dir='ltr'><strong>est</strong></span> <span class='ocrx_word' id='word_1_626' title='bbox 3298 3460 3469 3531; x_wconf 87' lang='lat' dir='ltr'><strong>gloria</strong></span> <span class='ocrx_word' id='word_1_627' title='bbox 3508 3470 3565 3514; x_wconf 90' lang='lat' dir='ltr'><strong>et</strong></span> <span class='ocrx_word' id='word_1_628' title='bbox 3594 3461 3763 3529; x_wconf 83' lang='lat' dir='ltr'><strong>impe-</strong></span> 
     </span>
    </p>
   </div>
   <div class='ocr_carea' id='block_1_79' title="bbox 2182 3557 3231 3614">
    <p class='ocr_par' dir='ltr' id='par_1_79' title="bbox 2182 3557 3231 3614">
     <span class='ocr_line' id='line_1_79' title="bbox 2182 3557 3231 3614; baseline -0.005 0"><span class='ocrx_word' id='word_1_629' title='bbox 2182 3562 2321 3614; x_wconf 88' lang='lat' dir='ltr'><strong>rium</strong></span> <span class='ocrx_word' id='word_1_630' title='bbox 2355 3561 2406 3613; x_wconf 89' lang='lat' dir='ltr'><strong>in</strong></span> <span class='ocrx_word' id='word_1_631' title='bbox 2436 3558 2629 3614; x_wconf 66' lang='lat' dir='ltr'><strong>Saxula</strong></span> <span class='ocrx_word' id='word_1_632' title='bbox 2660 3558 2999 3613; x_wconf 66' lang='lat' dir='ltr'><strong>sascnlorum.</strong></span> <span class='ocrx_word' id='word_1_633' title='bbox 3034 3557 3231 3610; x_wconf 82' lang='lat' dir='ltr'><strong>Amen.</strong></span> 
     </span>
    </p>
   </div>
   <div class='ocr_carea' id='block_1_80' title="bbox 2777 3646 3179 3702">
    <p class='ocr_par' dir='ltr' id='par_1_80' title="bbox 2777 3646 3179 3702">
     <span class='ocr_line' id='line_1_80' title="bbox 2777 3646 3179 3702; baseline 0 -1"><span class='ocrx_word' id='word_1_634' title='bbox 2777 3646 3053 3702; x_wconf 81' lang='lat' dir='ltr'><strong>llOMlLlA</strong></span> <span class='ocrx_word' id='word_1_635' title='bbox 3116 3646 3179 3701; x_wconf 91' lang='lat' dir='ltr'><strong>Il.</strong></span> 
     </span>
    </p>
   </div>
   <div class='ocr_carea' id='block_1_81' title="bbox 2709 3741 3190 3795">
    <p class='ocr_par' dir='ltr' id='par_1_81' title="bbox 2709 3741 3190 3795">
     <span class='ocr_line' id='line_1_81' title="bbox 2709 3741 3190 3795; baseline 0 0"><span class='ocrx_word' id='word_1_636' title='bbox 2709 3741 2785 3795; x_wconf 73' lang='lat' dir='ltr'><strong>Do</strong></span> <span class='ocrx_word' id='word_1_637' title='bbox 2809 3741 3190 3795; x_wconf 65' lang='lat' dir='ltr'><strong>obstetricibus.</strong></span> 
     </span>
    </p>
   </div>
   <div class='ocr_carea' id='block_1_82' title="bbox 2253 3835 3766 3908">
    <p class='ocr_par' dir='ltr' id='par_1_82' title="bbox 2253 3835 3766 3908">
     <span class='ocr_line' id='line_1_82' title="bbox 2253 3835 3766 3908; baseline -0.003 -14"><span class='ocrx_word' id='word_1_638' title='bbox 2253 3840 2301 3894; x_wconf 83' lang='grc'><strong>1.</strong></span> <span class='ocrx_word' id='word_1_639' title='bbox 2348 3837 2509 3891; x_wconf 87' lang='lat' dir='ltr'><strong>Multa</strong></span> <span class='ocrx_word' id='word_1_640' title='bbox 2552 3838 2768 3908; x_wconf 91' lang='lat' dir='ltr'><strong>quidem</strong></span> <span class='ocrx_word' id='word_1_641' title='bbox 2812 3839 3099 3891; x_wconf 85' lang='lat' dir='ltr'><strong>adversum</strong></span> <span class='ocrx_word' id='word_1_642' title='bbox 3146 3846 3359 3905; x_wconf 83' lang='lat' dir='ltr'><strong>gentem</strong></span> <span class='ocrx_word' id='word_1_643' title='bbox 3404 3836 3495 3891; x_wconf 88' lang='lat' dir='ltr'><strong>Dei</strong></span> <span class='ocrx_word' id='word_1_644' title='bbox 3537 3835 3766 3889; x_wconf 82' lang='lat' dir='ltr'><strong>molitur</strong></span> 
     </span>
    </p>
   </div>
   <div class='ocr_carea' id='block_1_83' title="bbox 2182 3929 3762 3999">
    <p class='ocr_par' dir='ltr' id='par_1_83' title="bbox 2182 3929 3762 3999">
     <span class='ocr_line' id='line_1_83' title="bbox 2182 3929 3762 3999; baseline 0 -14"><span class='ocrx_word' id='word_1_645' title='bbox 2182 3947 2273 3985; x_wconf 84' lang='lat' dir='ltr'><strong>rex</strong></span> <span class='ocrx_word' id='word_1_646' title='bbox 2309 3933 2412 3984; x_wconf 89' lang='lat' dir='ltr'><strong>iste</strong></span> <span class='ocrx_word' id='word_1_647' title='bbox 2438 3970 2452 3993; x_wconf 96' lang='lat'><strong>,</strong></span> <span class='ocrx_word' id='word_1_648' title='bbox 2486 3930 2577 3998; x_wconf 92' lang='lat' dir='ltr'><strong>qui</strong></span> <span class='ocrx_word' id='word_1_649' title='bbox 2628 3944 2735 3982; x_wconf 93' lang='lat' dir='ltr'><strong>non</strong></span> <span class='ocrx_word' id='word_1_650' title='bbox 2783 3930 2932 3983; x_wconf 87' lang='lat' dir='ltr'><strong>novit</strong></span> <span class='ocrx_word' id='word_1_651' title='bbox 2959 3929 3159 3999; x_wconf 83' lang='lat' dir='ltr'><strong>Joseph</strong></span> <span class='ocrx_word' id='word_1_652' title='bbox 3191 3971 3205 3995; x_wconf 91' lang='lat'><strong>,</strong></span> <span class='ocrx_word' id='word_1_653' title='bbox 3242 3938 3297 3985; x_wconf 91' lang='lat' dir='ltr'><strong>et</strong></span> <span class='ocrx_word' id='word_1_654' title='bbox 3346 3940 3492 3984; x_wconf 82' lang='lat' dir='ltr'><strong>artes</strong></span> <span class='ocrx_word' id='word_1_655' title='bbox 3530 3929 3762 3985; x_wconf 77' lang='lat' dir='ltr'><strong>nocendi</strong></span> 
     </span>
    </p>
   </div>
   <div class='ocr_carea' id='block_1_84' title="bbox 2183 4018 3763 4089">
    <p class='ocr_par' dir='ltr' id='par_1_84' title="bbox 2183 4018 3763 4089">
     <span class='ocr_line' id='line_1_84' title="bbox 2183 4018 3763 4089; baseline 0 -14"><span class='ocrx_word' id='word_1_656' title='bbox 2183 4036 2351 4076; x_wconf 84' lang='lat' dir='ltr'><strong>novas</strong></span> <span class='ocrx_word' id='word_1_657' title='bbox 2395 4035 2613 4087; x_wconf 85' lang='lat' dir='ltr'><strong>semper</strong></span> <span class='ocrx_word' id='word_1_658' title='bbox 2644 4020 2888 4088; x_wconf 88' lang='lat' dir='ltr'><strong>inquirit.</strong></span> <span class='ocrx_word' id='word_1_659' title='bbox 2926 4018 3123 4074; x_wconf 84' lang='lat' dir='ltr'><strong>Verum</strong></span> <span class='ocrx_word' id='word_1_660' title='bbox 3159 4036 3302 4075; x_wconf 91' lang='lat' dir='ltr'><strong>nunc</strong></span> <span class='ocrx_word' id='word_1_661' title='bbox 3334 4020 3606 4076; x_wconf 84' lang='lat' dir='ltr'><strong>calliditas</strong></span> <span class='ocrx_word' id='word_1_662' title='bbox 3644 4020 3763 4089; x_wconf 85' lang='lat' dir='ltr'><strong>ejus</strong></span> 
     </span>
    </p>
   </div>
   <div class='ocr_carea' id='block_1_85' title="bbox 2181 4112 3763 4183">
    <p class='ocr_par' dir='ltr' id='par_1_85' title="bbox 2181 4112 3763 4183">
     <span class='ocr_line' id='line_1_85' title="bbox 2181 4112 3763 4183; baseline -0.001 -15"><span class='ocrx_word' id='word_1_663' title='bbox 2181 4115 2551 4183; x_wconf 87' lang='lat' dir='ltr'><strong>supereminet</strong></span> <span class='ocrx_word' id='word_1_664' title='bbox 2595 4117 2810 4165; x_wconf 90' lang='lat' dir='ltr'><strong>modum</strong></span> <span class='ocrx_word' id='word_1_665' title='bbox 2844 4151 2858 4175; x_wconf 95' lang='lat'><strong>,</strong></span> <span class='ocrx_word' id='word_1_666' title='bbox 2892 4127 3016 4165; x_wconf 92' lang='lat' dir='ltr'><strong>cum</strong></span> <span class='ocrx_word' id='word_1_667' title='bbox 3065 4114 3424 4168; x_wconf 89' lang='lat' dir='ltr'><strong>obstetricum</strong></span> <span class='ocrx_word' id='word_1_668' title='bbox 3460 4112 3763 4167; x_wconf 89' lang='lat' dir='ltr'><strong>ministerio</strong></span> 
     </span>
    </p>
   </div>
   <div class='ocr_carea' id='block_1_86' title="bbox 2183 4206 3765 4276">
    <p class='ocr_par' dir='ltr' id='par_1_86' title="bbox 2183 4206 3765 4276">
     <span class='ocr_line' id='line_1_86' title="bbox 2183 4206 3765 4276; baseline 0.001 -17"><span class='ocrx_word' id='word_1_669' title='bbox 2183 4208 2370 4261; x_wconf 68' lang='lat' dir='ltr'><strong>siibole</strong></span> <span class='ocrx_word' id='word_1_670' title='bbox 2398 4226 2424 4257; x_wconf 89' lang='grc' dir='ltr'><strong>ιι</strong></span> <span class='ocrx_word' id='word_1_671' title='bbox 2474 4208 2654 4275; x_wconf 78' lang='lat' dir='ltr'><strong>gentis</strong></span> <span class='ocrx_word' id='word_1_672' title='bbox 2684 4214 2918 4259; x_wconf 84' lang='lat' dir='ltr'><strong>conatur</strong></span> <span class='ocrx_word' id='word_1_673' title='bbox 2951 4206 3301 4276; x_wconf 80' lang='lat' dir='ltr'><strong>exstinguere</strong></span> <span class='ocrx_word' id='word_1_674' title='bbox 3326 4244 3342 4271; x_wconf 87' lang='lat'><strong>,</strong></span> <span class='ocrx_word' id='word_1_675' title='bbox 3377 4222 3607 4275; x_wconf 89' lang='lat' dir='ltr'><strong>quarmn</strong></span> <span class='ocrx_word' id='word_1_676' title='bbox 3647 4217 3765 4260; x_wconf 86' lang='lat' dir='ltr'><strong>arte</strong></span> 
     </span>
    </p>
   </div>
   <div class='ocr_carea' id='block_1_87' title="bbox 2182 4298 3762 4365">
    <p class='ocr_par' dir='ltr' id='par_1_87' title="bbox 2182 4298 3762 4365">
     <span class='ocr_line' id='line_1_87' title="bbox 2182 4298 3762 4365; baseline -0.001 -12"><span class='ocrx_word' id='word_1_677' title='bbox 2182 4300 2320 4353; x_wconf 85' lang='lat' dir='ltr'><strong>solet</strong></span> <span class='ocrx_word' id='word_1_678' title='bbox 2351 4300 2455 4352; x_wconf 82' lang='lat' dir='ltr'><strong>vita</strong></span> <span class='ocrx_word' id='word_1_679' title='bbox 2486 4299 2719 4353; x_wconf 88' lang='lat' dir='ltr'><strong>servari.</strong></span> <span class='ocrx_word' id='word_1_680' title='bbox 2756 4300 2895 4365; x_wconf 85' lang='lat' dir='ltr'><strong>Quid</strong></span> <span class='ocrx_word' id='word_1_681' title='bbox 2934 4301 3082 4353; x_wconf 89' lang='lat' dir='ltr'><strong>enim</strong></span> <span class='ocrx_word' id='word_1_682' title='bbox 3118 4299 3294 4353; x_wconf 87' lang='lat' dir='ltr'><strong>dicit?</strong></span> <span class='ocrx_word' id='word_1_683' title='bbox 3333 4318 3350 4351; x_wconf 80' lang='grc' dir='ltr'><strong>ι</strong></span> <span class='ocrx_word' id='word_1_684' title='bbox 3376 4298 3444 4353; x_wconf 85' lang='lat' dir='ltr'><strong>Et</strong></span> <span class='ocrx_word' id='word_1_685' title='bbox 3480 4298 3640 4362; x_wconf 83' lang='lat' dir='ltr'><strong>dixit,</strong></span> <span class='ocrx_word' id='word_1_686' title='bbox 3675 4299 3762 4351; x_wconf 86' lang='lat' dir='ltr'><strong>iti-</strong></span> 
     </span>
    </p>
   </div>
   <div class='ocr_carea' id='block_1_88' title="bbox 2183 4390 3760 4464">
    <p class='ocr_par' dir='ltr' id='par_1_88' title="bbox 2183 4390 3760 4464">
     <span class='ocr_line' id='line_1_88' title="bbox 2183 4390 3760 4464; baseline 0 -21"><span class='ocrx_word' id='word_1_687' title='bbox 2183 4391 2297 4460; x_wconf 92' lang='lat' dir='ltr'><strong>quit</strong></span> <span class='ocrx_word' id='word_1_688' title='bbox 2328 4391 2508 4453; x_wconf 73' lang='lat' dir='ltr'><strong>&quot;,rex</strong></span> <span class='ocrx_word' id='word_1_689' title='bbox 2540 4390 2916 4464; x_wconf 58' lang='lat' dir='ltr'><strong>Egyptiornm</strong></span> <span class='ocrx_word' id='word_1_690' title='bbox 2954 4391 3337 4445; x_wconf 88' lang='lat' dir='ltr'><strong>obstetricibus</strong></span> <span class='ocrx_word' id='word_1_691' title='bbox 3368 4390 3720 4446; x_wconf 66' lang='lat' dir='ltr'><strong>Hebraeorum</strong></span> <span class='ocrx_word' id='word_1_692' title='bbox 3742 4430 3760 4458; x_wconf 87' lang='lat'><strong>,</strong></span> 
     </span>
    </p>
   </div>
   <div class='ocr_carea' id='block_1_89' title="bbox 497 4472 3767 4551">
    <p class='ocr_par' dir='ltr' id='par_1_89' title="bbox 497 4472 3767 4551">
     <span class='ocr_line' id='line_1_89' title="bbox 497 4472 3767 4551; baseline 0.001 -19"><span class='ocrx_word' id='word_1_693' title='bbox 497 4482 622 4550; x_wconf 88' lang='lat' dir='ltr'><strong>quia</strong></span> <span class='ocrx_word' id='word_1_694' title='bbox 655 4481 1005 4536; x_wconf 74' lang='lat' dir='ltr'><strong>consentient</strong></span> <span class='ocrx_word' id='word_1_695' title='bbox 1037 4485 1353 4537; x_wconf 83' lang='lat' dir='ltr'><strong>adversario</strong></span> <span class='ocrx_word' id='word_1_696' title='bbox 1386 4481 1527 4547; x_wconf 87' lang='lat' dir='ltr'><strong>ejus,</strong></span> <span class='ocrx_word' id='word_1_697' title='bbox 1559 4490 1614 4535; x_wconf 91' lang='lat' dir='ltr'><strong>et</strong></span> <span class='ocrx_word' id='word_1_698' title='bbox 1649 4481 1975 4549; x_wconf 90' lang='lat' dir='ltr'><strong>adjicientur</strong></span> <span class='ocrx_word' id='word_1_699' title='bbox 2006 4484 2072 4535; x_wconf 90' lang='lat' dir='ltr'><strong>ad</strong></span> <span class='ocrx_word' id='word_1_700' title='bbox 2109 4472 2152 4528; x_wconf 73' lang='grc' dir='ltr'><strong>Β</strong></span> <span class='ocrx_word' id='word_1_701' title='bbox 2183 4498 2413 4550; x_wconf 88' lang='lat' dir='ltr'><strong>quarum</strong></span> <span class='ocrx_word' id='word_1_702' title='bbox 2447 4485 2536 4537; x_wconf 90' lang='lat' dir='ltr'><strong>uni</strong></span> <span class='ocrx_word' id='word_1_703' title='bbox 2594 4499 2783 4536; x_wconf 89' lang='lat' dir='ltr'><strong>nomen</strong></span> <span class='ocrx_word' id='word_1_704' title='bbox 2828 4491 2946 4535; x_wconf 88' lang='lat' dir='ltr'><strong>erat</strong></span> <span class='ocrx_word' id='word_1_705' title='bbox 2975 4482 3220 4551; x_wconf 90' lang='lat' dir='ltr'><strong>Sephora</strong></span> <span class='ocrx_word' id='word_1_706' title='bbox 3250 4522 3265 4543; x_wconf 92' lang='lat'><strong>,</strong></span> <span class='ocrx_word' id='word_1_707' title='bbox 3306 4492 3360 4534; x_wconf 90' lang='lat' dir='ltr'><strong>et</strong></span> <span class='ocrx_word' id='word_1_708' title='bbox 3398 4497 3600 4537; x_wconf 88' lang='lat' dir='ltr'><strong>nomen</strong></span> <span class='ocrx_word' id='word_1_709' title='bbox 3632 4481 3767 4536; x_wconf 79' lang='lat' dir='ltr'><strong>alte-</strong></span> 
     </span>
    </p>
   </div>
   <div class='ocr_carea' id='block_1_90' title="bbox 499 4572 2075 4643">
    <p class='ocr_par' dir='ltr' id='par_1_90' title="bbox 499 4572 2075 4643">
     <span class='ocr_line' id='line_1_90' title="bbox 499 4572 2075 4643; baseline 0 -16"><span class='ocrx_word' id='word_1_710' title='bbox 499 4575 806 4628; x_wconf 86' lang='lat' dir='ltr'><strong>Dominum.</strong></span> <span class='ocrx_word' id='word_1_711' title='bbox 847 4572 958 4628; x_wconf 82' lang='lat' dir='ltr'><strong>Hoc</strong></span> <span class='ocrx_word' id='word_1_712' title='bbox 983 4587 1064 4627; x_wconf 86' lang='lat' dir='ltr'><strong>est</strong></span> <span class='ocrx_word' id='word_1_713' title='bbox 1098 4577 1239 4628; x_wconf 91' lang='lat' dir='ltr'><strong>enim</strong></span> <span class='ocrx_word' id='word_1_714' title='bbox 1266 4575 1407 4642; x_wconf 90' lang='lat' dir='ltr'><strong>quod</strong></span> <span class='ocrx_word' id='word_1_715' title='bbox 1437 4575 1503 4627; x_wconf 89' lang='lat' dir='ltr'><strong>de</strong></span> <span class='ocrx_word' id='word_1_716' title='bbox 1551 4588 1617 4627; x_wconf 90' lang='lat' dir='ltr'><strong>eo</strong></span> <span class='ocrx_word' id='word_1_717' title='bbox 1642 4572 1907 4627; x_wconf 80' lang='lat' dir='ltr'><strong>Jeremias</strong></span> <span class='ocrx_word' id='word_1_718' title='bbox 1949 4590 2075 4643; x_wconf 58' lang='lat' dir='ltr'><strong>pro.</strong></span> 
     </span>
    </p>
   </div>
   <div class='ocr_carea' id='block_1_91' title="bbox 501 4666 2074 4737">
    <p class='ocr_par' dir='ltr' id='par_1_91' title="bbox 501 4666 2074 4737">
     <span class='ocr_line' id='line_1_91' title="bbox 501 4666 2074 4737; baseline -0.001 -16"><span class='ocrx_word' id='word_1_719' title='bbox 501 4670 659 4737; x_wconf 85' lang='lat' dir='ltr'><strong>pheta</strong></span> <span class='ocrx_word' id='word_1_720' title='bbox 686 4667 1079 4737; x_wconf 72' lang='lat' dir='ltr'><strong>przedixerat&quot;</strong></span> <span class='ocrx_word' id='word_1_721' title='bbox 1113 4685 1125 4720; x_wconf 91' lang='lat'><strong>:</strong></span> <span class='ocrx_word' id='word_1_722' title='bbox 1158 4684 1175 4717; x_wconf 75' lang='grc' dir='ltr'><strong>ι</strong></span> <span class='ocrx_word' id='word_1_723' title='bbox 1213 4666 1480 4720; x_wconf 82' lang='lat' dir='ltr'><strong>Clamavit</strong></span> <span class='ocrx_word' id='word_1_724' title='bbox 1512 4666 1698 4733; x_wconf 88' lang='lat' dir='ltr'><strong>perdix</strong></span> <span class='ocrx_word' id='word_1_725' title='bbox 1723 4706 1738 4730; x_wconf 92' lang='lat'><strong>,</strong></span> <span class='ocrx_word' id='word_1_726' title='bbox 1774 4682 2074 4736; x_wconf 78' lang='lat' dir='ltr'><strong>congrega-</strong></span> 
     </span>
    </p>
   </div>
   <div class='ocr_carea' id='block_1_92' title="bbox 499 4758 2077 4832">
    <p class='ocr_par' dir='ltr' id='par_1_92' title="bbox 499 4758 2077 4832">
     <span class='ocr_line' id='line_1_92' title="bbox 499 4758 2077 4832; baseline 0 -19"><span class='ocrx_word' id='word_1_727' title='bbox 499 4768 573 4816; x_wconf 75' lang='lat' dir='ltr'><strong>vit</strong></span> <span class='ocrx_word' id='word_1_728' title='bbox 605 4778 723 4832; x_wconf 64' lang='lat' dir='ltr'><strong>quae</strong></span> <span class='ocrx_word' id='word_1_729' title='bbox 776 4777 883 4815; x_wconf 86' lang='lat' dir='ltr'><strong>non</strong></span> <span class='ocrx_word' id='word_1_730' title='bbox 929 4760 1160 4829; x_wconf 83' lang='lat' dir='ltr'><strong>peperit,</strong></span> <span class='ocrx_word' id='word_1_731' title='bbox 1214 4760 1343 4813; x_wconf 89' lang='lat' dir='ltr'><strong>fecit</strong></span> <span class='ocrx_word' id='word_1_732' title='bbox 1372 4758 1592 4813; x_wconf 84' lang='lat' dir='ltr'><strong>divitias</strong></span> <span class='ocrx_word' id='word_1_733' title='bbox 1639 4774 1764 4813; x_wconf 88' lang='lat' dir='ltr'><strong>suas</strong></span> <span class='ocrx_word' id='word_1_734' title='bbox 1796 4776 1900 4814; x_wconf 90' lang='lat' dir='ltr'><strong>non</strong></span> <span class='ocrx_word' id='word_1_735' title='bbox 1954 4777 2077 4814; x_wconf 89' lang='lat' dir='ltr'><strong>cum</strong></span> 
     </span>
    </p>
   </div>
   <div class='ocr_carea' id='block_1_93' title="bbox 493 4849 2078 4926">
    <p class='ocr_par' dir='ltr' id='par_1_93' title="bbox 493 4849 2078 4926">
     <span class='ocr_line' id='line_1_93' title="bbox 493 4849 2078 4926; baseline -0.003 -18"><span class='ocrx_word' id='word_1_736' title='bbox 493 4854 719 4926; x_wconf 83' lang='lat' dir='ltr'><strong>judicio,</strong></span> <span class='ocrx_word' id='word_1_737' title='bbox 753 4854 804 4907; x_wconf 91' lang='lat' dir='ltr'><strong>in</strong></span> <span class='ocrx_word' id='word_1_738' title='bbox 838 4852 1061 4906; x_wconf 82' lang='lat' dir='ltr'><strong>dimidio</strong></span> <span class='ocrx_word' id='word_1_739' title='bbox 1102 4852 1311 4910; x_wconf 82' lang='lat' dir='ltr'><strong>dierum</strong></span> <span class='ocrx_word' id='word_1_740' title='bbox 1362 4849 1478 4918; x_wconf 82' lang='lat' dir='ltr'><strong>ejus</strong></span> <span class='ocrx_word' id='word_1_741' title='bbox 1512 4851 1893 4919; x_wconf 85' lang='lat' dir='ltr'><strong>derelinquent</strong></span> <span class='ocrx_word' id='word_1_742' title='bbox 1929 4869 2078 4917; x_wconf 88' lang='lat' dir='ltr'><strong>eum,</strong></span> 
     </span>
    </p>
   </div>
   <div class='ocr_carea' id='block_1_94' title="bbox 498 4941 2079 5017">
    <p class='ocr_par' dir='ltr' id='par_1_94' title="bbox 498 4941 2079 5017">
     <span class='ocr_line' id='line_1_94' title="bbox 498 4941 2079 5017; baseline -0.001 -14"><span class='ocrx_word' id='word_1_743' title='bbox 498 4960 553 5008; x_wconf 82' lang='lat' dir='ltr'><strong>et</strong></span> <span class='ocrx_word' id='word_1_744' title='bbox 587 4950 637 5002; x_wconf 91' lang='lat' dir='ltr'><strong>in</strong></span> <span class='ocrx_word' id='word_1_745' title='bbox 668 4946 979 5003; x_wconf 81' lang='lat' dir='ltr'><strong>novissimis</strong></span> <span class='ocrx_word' id='word_1_746' title='bbox 1026 4947 1142 4999; x_wconf 88' lang='lat' dir='ltr'><strong>suis</strong></span> <span class='ocrx_word' id='word_1_747' title='bbox 1173 4946 1277 4999; x_wconf 88' lang='lat' dir='ltr'><strong>erit</strong></span> <span class='ocrx_word' id='word_1_748' title='bbox 1324 4944 1543 4999; x_wconf 85' lang='lat' dir='ltr'><strong>stultus.</strong></span> <span class='ocrx_word' id='word_1_749' title='bbox 1588 4963 1607 4996; x_wconf 80' lang='grc' dir='ltr'><strong>ι</strong></span> <span class='ocrx_word' id='word_1_750' title='bbox 1643 4941 1896 5015; x_wconf 86' lang='lat' dir='ltr'><strong>lntelligit</strong></span> <span class='ocrx_word' id='word_1_751' title='bbox 1944 4963 2079 5017; x_wconf 86' lang='lat' dir='ltr'><strong>ergo</strong></span> 
     </span>
    </p>
   </div>
   <div class='ocr_carea' id='block_1_95' title="bbox 578 5166 951 5222">
    <p class='ocr_par' dir='ltr' id='par_1_95' title="bbox 578 5166 951 5222">
     <span class='ocr_line' id='line_1_95' title="bbox 578 5166 951 5222; baseline -0.008 0"><span class='ocrx_word' id='word_1_752' title='bbox 578 5171 620 5205; x_wconf 78' lang='lat'><strong>&quot;</strong></span> <span class='ocrx_word' id='word_1_753' title='bbox 656 5168 770 5222; x_wconf 88' lang='lat' dir='ltr'><strong>Col.</strong></span> <span class='ocrx_word' id='word_1_754' title='bbox 796 5183 837 5222; x_wconf 85' lang='grc'><strong>1.</strong></span> <span class='ocrx_word' id='word_1_755' title='bbox 884 5166 951 5219; x_wconf 77' lang='grc'><strong>15</strong></span> 
     </span>
    </p>
   </div>
   <div class='ocr_carea' id='block_1_96' title="bbox 498 5238 924 5302">
    <p class='ocr_par' dir='ltr' id='par_1_96' title="bbox 498 5238 924 5302">
     <span class='ocr_line' id='line_1_96' title="bbox 498 5238 924 5302; baseline -0.009 -11"><span class='ocrx_word' id='word_1_756' title='bbox 498 5240 544 5273; x_wconf 73' lang='grc' dir='ltr'><strong>τ’</strong></span> <span class='ocrx_word' id='word_1_757' title='bbox 573 5241 737 5293; x_wconf 64' lang='lat' dir='ltr'><strong>lixod.</strong></span> <span class='ocrx_word' id='word_1_758' title='bbox 771 5254 809 5302; x_wconf 85' lang='grc' dir='ltr'>ι,</span> <span class='ocrx_word' id='word_1_759' title='bbox 844 5238 924 5289; x_wconf 80' lang='grc'><strong>10.</strong></span> 
     </span>
    </p>
   </div>
   <div class='ocr_carea' id='block_1_97' title="bbox 1032 5162 1515 5227">
    <p class='ocr_par' dir='ltr' id='par_1_97' title="bbox 1032 5162 1515 5227">
     <span class='ocr_line' id='line_1_97' title="bbox 1032 5162 1515 5227; baseline 0 -10"><span class='ocrx_word' id='word_1_760' title='bbox 1032 5166 1077 5195; x_wconf 81' lang='grc'><strong>⁷¹</strong></span> <span class='ocrx_word' id='word_1_761' title='bbox 1110 5164 1248 5217; x_wconf 86' lang='lat' dir='ltr'><strong>Psal.</strong></span> <span class='ocrx_word' id='word_1_762' title='bbox 1290 5178 1400 5227; x_wconf 86' lang='lat' dir='ltr'><strong>cvt,</strong></span> <span class='ocrx_word' id='word_1_763' title='bbox 1422 5162 1515 5217; x_wconf 75' lang='lat'><strong>5‘5.</strong></span> 
     </span>
    </p>
   </div>
   <div class='ocr_carea' id='block_1_98' title="bbox 1018 5231 2002 5300">
    <p class='ocr_par' dir='ltr' id='par_1_98' title="bbox 1018 5231 2002 5300">
     <span class='ocr_line' id='line_1_98' title="bbox 1018 5231 2002 5300; baseline -0.001 -11"><span class='ocrx_word' id='word_1_764' title='bbox 1018 5236 1062 5267; x_wconf 82' lang='grc'><strong>⁷⁸</strong></span> <span class='ocrx_word' id='word_1_765' title='bbox 1096 5237 1263 5290; x_wconf 82' lang='lat' dir='ltr'><strong>Exod.</strong></span> <span class='ocrx_word' id='word_1_766' title='bbox 1312 5252 1349 5300; x_wconf 86' lang='grc' dir='ltr'>ι,</span> <span class='ocrx_word' id='word_1_767' title='bbox 1384 5234 1472 5298; x_wconf 79' lang='grc'><strong>15,</strong></span> <span class='ocrx_word' id='word_1_768' title='bbox 1505 5231 1588 5286; x_wconf 77' lang='grc'><strong>16.</strong></span> <span class='ocrx_word' id='word_1_769' title='bbox 1671 5233 1714 5263; x_wconf 80' lang='grc'><strong>⁷⁸</strong></span> <span class='ocrx_word' id='word_1_770' title='bbox 1746 5234 1873 5287; x_wconf 89' lang='lat' dir='ltr'><strong>ibid.</strong></span> <span class='ocrx_word' id='word_1_771' title='bbox 1914 5234 2002 5288; x_wconf 77' lang='grc' dir='ltr'><strong>Π.</strong></span> 
     </span>
    </p>
   </div>
   <div class='ocr_carea' id='block_1_99' title="bbox 578 5400 2081 5471">
    <p class='ocr_par' dir='ltr' id='par_1_99' title="bbox 578 5400 2081 5471">
     <span class='ocr_line' id='line_1_99' title="bbox 578 5400 2081 5471; baseline -0.004 -13"><span class='ocrx_word' id='word_1_772' title='bbox 578 5404 685 5471; x_wconf 76' lang='lat'><strong>(85)</strong></span> <span class='ocrx_word' id='word_1_773' title='bbox 723 5402 956 5461; x_wconf 81' lang='lat' dir='ltr'><strong>Philam,</strong></span> <span class='ocrx_word' id='word_1_774' title='bbox 997 5402 1259 5456; x_wconf 87' lang='lat' dir='ltr'><strong>llebraice</strong></span> <span class='ocrx_word' id='word_1_775' title='bbox 1284 5410 1409 5461; x_wconf 65' lang='lat' dir='ltr'><strong>an!)</strong></span> <span class='ocrx_word' id='word_1_776' title='bbox 1446 5400 1501 5453; x_wconf 86' lang='lat' dir='ltr'><strong>Si</strong></span> <span class='ocrx_word' id='word_1_777' title='bbox 1540 5400 1770 5452; x_wconf 88' lang='lat' dir='ltr'><strong>ducatur</strong></span> <span class='ocrx_word' id='word_1_778' title='bbox 1807 5414 1873 5453; x_wconf 82' lang='lat' dir='ltr'><strong>ex</strong></span> <span class='ocrx_word' id='word_1_779' title='bbox 1905 5408 1976 5459; x_wconf 63' lang='grc' dir='ltr'><strong>τε)</strong></span> <span class='ocrx_word' id='word_1_780' title='bbox 2001 5418 2081 5463; x_wconf 85' lang='lat' dir='ltr'><strong>os,</strong></span> 
     </span>
    </p>
   </div>
   <div class='ocr_carea' id='block_1_100' title="bbox 504 5474 2082 5539">
    <p class='ocr_par' dir='ltr' id='par_1_100' title="bbox 504 5474 2082 5539">
     <span class='ocr_line' id='line_1_100' title="bbox 504 5474 2082 5539; baseline -0.003 -12"><span class='ocrx_word' id='word_1_781' title='bbox 504 5478 610 5527; x_wconf 67' lang='lat' dir='ltr'><strong>oris</strong></span> <span class='ocrx_word' id='word_1_782' title='bbox 636 5491 687 5533; x_wconf 70' lang='grc' dir='ltr'><strong>ιιι</strong></span> <span class='ocrx_word' id='word_1_783' title='bbox 719 5485 855 5533; x_wconf 60' lang='lat' dir='ltr'><strong>man</strong></span> <span class='ocrx_word' id='word_1_784' title='bbox 886 5475 1106 5528; x_wconf 80' lang='lat' dir='ltr'><strong>absolvi.</strong></span> <span class='ocrx_word' id='word_1_785' title='bbox 1138 5476 1363 5539; x_wconf 76' lang='lat' dir='ltr'><strong>absumi,</strong></span> <span class='ocrx_word' id='word_1_786' title='bbox 1391 5474 1631 5536; x_wconf 62' lang='lat' dir='ltr'><strong>deﬁcere,</strong></span> <span class='ocrx_word' id='word_1_787' title='bbox 1674 5481 1947 5537; x_wconf 84' lang='lat' dir='ltr'><strong>utcunque</strong></span> <span class='ocrx_word' id='word_1_788' title='bbox 2001 5474 2082 5522; x_wconf 79' lang='lat' dir='ltr'><strong>in-</strong></span> 
     </span>
    </p>
   </div>
   <div class='ocr_carea' id='block_1_101' title="bbox 506 5542 2081 5611">
    <p class='ocr_par' dir='ltr' id='par_1_101' title="bbox 506 5542 2081 5611">
     <span class='ocr_line' id='line_1_101' title="bbox 506 5542 2081 5611; baseline -0.003 -15"><span class='ocrx_word' id='word_1_789' title='bbox 506 5552 890 5611; x_wconf 68' lang='lat' dir='ltr'><strong>terpri-tahttur</strong></span> <span class='ocrx_word' id='word_1_790' title='bbox 921 5561 976 5595; x_wconf 76' lang='lat' dir='ltr'><strong>os</strong></span> <span class='ocrx_word' id='word_1_791' title='bbox 1009 5544 1338 5610; x_wconf 62' lang='lat' dir='ltr'><strong>defectionis,</strong></span> <span class='ocrx_word' id='word_1_792' title='bbox 1376 5560 1498 5593; x_wconf 85' lang='lat' dir='ltr'><strong>nam</strong></span> <span class='ocrx_word' id='word_1_793' title='bbox 1528 5542 1719 5590; x_wconf 67' lang='lat' dir='ltr'><strong>melius</strong></span> <span class='ocrx_word' id='word_1_794' title='bbox 1761 5542 2081 5592; x_wconf 78' lang='lat' dir='ltr'><strong>reddctctur</strong></span> 
     </span>
    </p>
   </div>
   <div class='ocr_carea' id='block_1_102' title="bbox 504 5612 2077 5681">
    <p class='ocr_par' dir='ltr' id='par_1_102' title="bbox 504 5612 2077 5681">
     <span class='ocr_line' id='line_1_102' title="bbox 504 5612 2077 5681; baseline -0.005 -14"><span class='ocrx_word' id='word_1_795' title='bbox 504 5632 560 5667; x_wconf 81' lang='lat' dir='ltr'><strong>os</strong></span> <span class='ocrx_word' id='word_1_796' title='bbox 585 5616 940 5681; x_wconf 70' lang='lat' dir='ltr'><strong>perfectionis,</strong></span> <span class='ocrx_word' id='word_1_797' title='bbox 971 5616 1012 5665; x_wconf 82' lang='lat' dir='ltr'><strong>si</strong></span> <span class='ocrx_word' id='word_1_798' title='bbox 1052 5628 1177 5665; x_wconf 70' lang='lat' dir='ltr'><strong>vero</strong></span> <span class='ocrx_word' id='word_1_799' title='bbox 1208 5622 1331 5671; x_wconf 62' lang='grc' dir='ltr'><strong>ΟΠΞ</strong></span> <span class='ocrx_word' id='word_1_800' title='bbox 1359 5629 1420 5663; x_wconf 74' lang='lat' dir='ltr'><strong>ex</strong></span> <span class='ocrx_word' id='word_1_801' title='bbox 1447 5620 1522 5669; x_wconf 74' lang='grc' dir='ltr'><strong>ΠΣ)</strong></span> <span class='ocrx_word' id='word_1_802' title='bbox 1564 5621 1609 5660; x_wconf 76' lang='lat' dir='ltr'><strong>et</strong></span> <span class='ocrx_word' id='word_1_803' title='bbox 1647 5620 1795 5667; x_wconf 58' lang='lat' dir='ltr'><strong>man</strong></span> <span class='ocrx_word' id='word_1_804' title='bbox 1823 5612 2042 5681; x_wconf 57' lang='lat' dir='ltr'><strong>aliquas</strong></span> <span class='ocrx_word' id='word_1_805' title='bbox 2064 5651 2077 5671; x_wconf 88' lang='lat'><strong>,</strong></span> 
     </span>
    </p>
   </div>
   <div class='ocr_carea' id='block_1_103' title="bbox 504 5680 2079 5755">
    <p class='ocr_par' dir='ltr' id='par_1_103' title="bbox 504 5680 2079 5755">
     <span class='ocr_line' id='line_1_103' title="bbox 504 5680 2079 5755; baseline -0.003 -19"><span class='ocrx_word' id='word_1_806' title='bbox 504 5687 1064 5755; x_wconf 52' lang='lat' dir='ltr'><strong>abysstplerivaretur,</strong></span> <span class='ocrx_word' id='word_1_807' title='bbox 1084 5696 1217 5731; x_wconf 70' lang='lat' dir='ltr'><strong>verti</strong></span> <span class='ocrx_word' id='word_1_808' title='bbox 1244 5692 1423 5746; x_wconf 74' lang='lat' dir='ltr'><strong>posset</strong></span> <span class='ocrx_word' id='word_1_809' title='bbox 1442 5701 1495 5733; x_wconf 80' lang='lat' dir='ltr'><strong>os</strong></span> <span class='ocrx_word' id='word_1_810' title='bbox 1518 5682 1711 5748; x_wconf 71' lang='lat' dir='ltr'><strong>abyssi,</strong></span> <span class='ocrx_word' id='word_1_811' title='bbox 1741 5693 1791 5732; x_wconf 89' lang='lat' dir='ltr'><strong>ut</strong></span> <span class='ocrx_word' id='word_1_812' title='bbox 1815 5680 2079 5733; x_wconf 76' lang='lat' dir='ltr'><strong>llcbrait&#39;e</strong></span> 
     </span>
    </p>
   </div>
   <div class='ocr_carea' id='block_1_104' title="bbox 505 5757 1296 5819">
    <p class='ocr_par' dir='ltr' id='par_1_104' title="bbox 505 5757 1296 5819">
     <span class='ocr_line' id='line_1_104' title="bbox 505 5757 1296 5819; baseline -0.009 -8"><span class='ocrx_word' id='word_1_813' title='bbox 505 5757 763 5811; x_wconf 62' lang='lat' dir='ltr'><strong>scribitur</strong></span> <span class='ocrx_word' id='word_1_814' title='bbox 784 5762 929 5819; x_wconf 63' lang='lat' dir='ltr'><strong>una,</strong></span> <span class='ocrx_word' id='word_1_815' title='bbox 966 5769 1069 5805; x_wconf 90' lang='lat' dir='ltr'><strong>non</strong></span> <span class='ocrx_word' id='word_1_816' title='bbox 1090 5761 1296 5817; x_wconf 64' lang='grc' dir='ltr'><strong>οπως,</strong></span> 
     </span>
    </p>
   </div>
   <div class='ocr_carea' id='block_1_105' title="bbox 2188 4571 3767 4640">
    <p class='ocr_par' dir='ltr' id='par_1_105' title="bbox 2188 4571 3767 4640">
     <span class='ocr_line' id='line_1_105' title="bbox 2188 4571 3767 4640; baseline -0.003 -10"><span class='ocrx_word' id='word_1_817' title='bbox 2188 4576 2304 4630; x_wconf 90' lang='lat' dir='ltr'><strong>rius</strong></span> <span class='ocrx_word' id='word_1_818' title='bbox 2328 4574 2480 4628; x_wconf 74' lang='lat' dir='ltr'><strong>Plura</strong></span> <span class='ocrx_word' id='word_1_819' title='bbox 2512 4616 2525 4640; x_wconf 94' lang='lat'><strong>,</strong></span> <span class='ocrx_word' id='word_1_820' title='bbox 2558 4584 2612 4629; x_wconf 90' lang='lat' dir='ltr'><strong>et</strong></span> <span class='ocrx_word' id='word_1_821' title='bbox 2640 4575 2749 4627; x_wconf 87' lang='lat' dir='ltr'><strong>ait:</strong></span> <span class='ocrx_word' id='word_1_822' title='bbox 2780 4574 2912 4626; x_wconf 74' lang='lat' dir='ltr'><strong>Cum</strong></span> <span class='ocrx_word' id='word_1_823' title='bbox 2940 4572 3366 4627; x_wconf 80' lang='lat' dir='ltr'><strong>obstetricabitis</strong></span> <span class='ocrx_word' id='word_1_824' title='bbox 3401 4571 3679 4635; x_wconf 65' lang='lat' dir='ltr'><strong>Hebraeus,</strong></span> <span class='ocrx_word' id='word_1_825' title='bbox 3711 4581 3767 4626; x_wconf 88' lang='lat' dir='ltr'><strong>et</strong></span> 
     </span>
    </p>
   </div>
   <div class='ocr_carea' id='block_1_106' title="bbox 2185 4663 3767 4738">
    <p class='ocr_par' dir='ltr' id='par_1_106' title="bbox 2185 4663 3767 4738">
     <span class='ocr_line' id='line_1_106' title="bbox 2185 4663 3767 4738; baseline -0.004 -17"><span class='ocrx_word' id='word_1_826' title='bbox 2185 4684 2352 4738; x_wconf 88' lang='lat' dir='ltr'><strong>prope</strong></span> <span class='ocrx_word' id='word_1_827' title='bbox 2380 4678 2593 4737; x_wconf 88' lang='lat' dir='ltr'><strong>partum</strong></span> <span class='ocrx_word' id='word_1_828' title='bbox 2624 4674 2809 4728; x_wconf 90' lang='lat' dir='ltr'><strong>erunt,</strong></span> <span class='ocrx_word' id='word_1_829' title='bbox 2845 4666 2889 4719; x_wconf 88' lang='lat' dir='ltr'><strong>si</strong></span> <span class='ocrx_word' id='word_1_830' title='bbox 2922 4664 3194 4719; x_wconf 84' lang='lat' dir='ltr'><strong>masculus</strong></span> <span class='ocrx_word' id='word_1_831' title='bbox 3223 4663 3407 4727; x_wconf 86' lang='lat' dir='ltr'><strong>fuerit,</strong></span> <span class='ocrx_word' id='word_1_832' title='bbox 3435 4664 3667 4719; x_wconf 88' lang='lat' dir='ltr'><strong>occidite</strong></span> <span class='ocrx_word' id='word_1_833' title='bbox 3698 4664 3767 4718; x_wconf 89' lang='lat' dir='ltr'><strong>il-</strong></span> 
     </span>
    </p>
   </div>
   <div class='ocr_carea' id='block_1_107' title="bbox 2188 4754 3766 4826">
    <p class='ocr_par' dir='ltr' id='par_1_107' title="bbox 2188 4754 3766 4826">
     <span class='ocr_line' id='line_1_107' title="bbox 2188 4754 3766 4826; baseline -0.002 -13"><span class='ocrx_word' id='word_1_834' title='bbox 2188 4762 2296 4816; x_wconf 82' lang='lat' dir='ltr'><strong>ium</strong></span> <span class='ocrx_word' id='word_1_835' title='bbox 2325 4801 2340 4825; x_wconf 89' lang='lat'><strong>,</strong></span> <span class='ocrx_word' id='word_1_836' title='bbox 2374 4760 2419 4815; x_wconf 82' lang='lat' dir='ltr'><strong>si</strong></span> <span class='ocrx_word' id='word_1_837' title='bbox 2454 4760 2655 4813; x_wconf 77' lang='lat' dir='ltr'><strong>femina</strong></span> <span class='ocrx_word' id='word_1_838' title='bbox 2682 4798 2696 4821; x_wconf 88' lang='lat'><strong>,</strong></span> <span class='ocrx_word' id='word_1_839' title='bbox 2729 4758 3021 4812; x_wconf 82' lang='lat' dir='ltr'><strong>viviﬂcatc.</strong></span> <span class='ocrx_word' id='word_1_840' title='bbox 3052 4776 3070 4808; x_wconf 77' lang='grc' dir='ltr'><strong>ι</strong></span> <span class='ocrx_word' id='word_1_841' title='bbox 3114 4754 3218 4810; x_wconf 90' lang='lat' dir='ltr'><strong>Sed</strong></span> <span class='ocrx_word' id='word_1_842' title='bbox 3248 4756 3333 4811; x_wconf 85' lang='lat' dir='ltr'><strong>bis</strong></span> <span class='ocrx_word' id='word_1_843' title='bbox 3363 4755 3673 4826; x_wconf 87' lang='lat' dir='ltr'><strong>adjungitur</strong></span> <span class='ocrx_word' id='word_1_844' title='bbox 3711 4755 3766 4810; x_wconf 76' lang='lat' dir='ltr'><strong>in</strong></span> 
     </span>
    </p>
   </div>
   <div class='ocr_carea' id='block_1_108' title="bbox 2187 4848 3771 4923">
    <p class='ocr_par' dir='ltr' id='par_1_108' title="bbox 2187 4848 3771 4923">
     <span class='ocr_line' id='line_1_108' title="bbox 2187 4848 3771 4923; baseline -0.004 -13"><span class='ocrx_word' id='word_1_845' title='bbox 2187 4854 2651 4923; x_wconf 83' lang='lat' dir='ltr'><strong>consequentibus</strong></span> <span class='ocrx_word' id='word_1_846' title='bbox 2687 4854 2764 4905; x_wconf 78' lang='lat'><strong>7’:</strong></span> <span class='ocrx_word' id='word_1_847' title='bbox 2806 4870 2825 4903; x_wconf 77' lang='grc' dir='ltr'><strong>ι</strong></span> <span class='ocrx_word' id='word_1_848' title='bbox 2860 4850 3185 4905; x_wconf 81' lang='lat' dir='ltr'><strong>Timuerunt</strong></span> <span class='ocrx_word' id='word_1_849' title='bbox 3234 4862 3415 4904; x_wconf 92' lang='lat' dir='ltr'><strong>autem</strong></span> <span class='ocrx_word' id='word_1_850' title='bbox 3447 4848 3771 4905; x_wconf 83' lang='lat' dir='ltr'><strong>obstetrices</strong></span> 
     </span>
    </p>
   </div>
   <div class='ocr_carea' id='block_1_109' title="bbox 2193 4944 3770 5015">
    <p class='ocr_par' dir='ltr' id='par_1_109' title="bbox 2193 4944 3770 5015">
     <span class='ocr_line' id='line_1_109' title="bbox 2193 4944 3770 5015; baseline -0.005 -11"><span class='ocrx_word' id='word_1_851' title='bbox 2193 4950 2361 5004; x_wconf 89' lang='lat' dir='ltr'><strong>Deum</strong></span> <span class='ocrx_word' id='word_1_852' title='bbox 2390 4992 2405 5015; x_wconf 90' lang='lat'><strong>,</strong></span> <span class='ocrx_word' id='word_1_853' title='bbox 2457 4958 2509 5004; x_wconf 92' lang='lat' dir='ltr'><strong>et</strong></span> <span class='ocrx_word' id='word_1_854' title='bbox 2557 4965 2662 5002; x_wconf 82' lang='lat' dir='ltr'><strong>non</strong></span> <span class='ocrx_word' id='word_1_855' title='bbox 2699 4947 2946 5001; x_wconf 86' lang='lat' dir='ltr'><strong>fecerunt</strong></span> <span class='ocrx_word' id='word_1_856' title='bbox 2991 4946 3133 5000; x_wconf 87' lang='lat' dir='ltr'><strong>sicut</strong></span> <span class='ocrx_word' id='word_1_857' title='bbox 3174 4955 3507 5014; x_wconf 73' lang='lat' dir='ltr'><strong>prteceperat</strong></span> <span class='ocrx_word' id='word_1_858' title='bbox 3537 4944 3639 4998; x_wconf 72' lang='lat' dir='ltr'><strong>iiiis</strong></span> <span class='ocrx_word' id='word_1_859' title='bbox 3671 4957 3770 4997; x_wconf 75' lang='lat' dir='ltr'><strong>rex</strong></span> 
     </span>
    </p>
   </div>
   <div class='ocr_carea' id='block_1_110' title="bbox 1619 5140 2076 5227">
    <p class='ocr_par' dir='ltr' id='par_1_110' title="bbox 1619 5140 2076 5226">
     <span class='ocr_line' id='line_1_110' title="bbox 1619 5140 2076 5226; baseline 0.009 -13"><span class='ocrx_word' id='word_1_860' title='bbox 1619 5160 1665 5191; x_wconf 80' lang='lat'><strong>&quot;&#39;</strong></span> <span class='ocrx_word' id='word_1_861' title='bbox 1689 5159 1848 5216; x_wconf 83' lang='lat' dir='ltr'><strong>Joan.</strong></span> <span class='ocrx_word' id='word_1_862' title='bbox 1880 5140 2001 5226; x_wconf 74' lang='lat' dir='ltr'><strong>vni,</strong></span> <span class='ocrx_word' id='word_1_863' title='bbox 2029 5166 2076 5220; x_wconf 59' lang='lat'><strong>44</strong></span> 
     </span>
    </p>
   </div>
   <div class='ocr_carea' id='block_1_111' title="bbox 2182 5140 3769 5227">
    <p class='ocr_par' dir='ltr' id='par_1_111' title="bbox 2196 5147 3769 5227">
     <span class='ocr_line' id='line_1_111' title="bbox 2196 5147 3769 5227; baseline -0.013 -5"><span class='ocrx_word' id='word_1_864' title='bbox 2196 5168 2243 5197; x_wconf 75' lang='lat'><strong>&quot;</strong></span> <span class='ocrx_word' id='word_1_865' title='bbox 2270 5168 2456 5221; x_wconf 76' lang='lat' dir='ltr'><strong>Matth.</strong></span> <span class='ocrx_word' id='word_1_866' title='bbox 2496 5181 2567 5227; x_wconf 83' lang='lat' dir='ltr'><strong>tv,</strong></span> <span class='ocrx_word' id='word_1_867' title='bbox 2605 5164 2687 5215; x_wconf 80' lang='lat' dir='ltr'><strong>tt).</strong></span> <span class='ocrx_word' id='word_1_868' title='bbox 2765 5159 2985 5213; x_wconf 71' lang='lat' dir='ltr'><strong>&quot;Exod.</strong></span> <span class='ocrx_word' id='word_1_869' title='bbox 3015 5174 3054 5223; x_wconf 83' lang='grc' dir='ltr'>ι,</span> <span class='ocrx_word' id='word_1_870' title='bbox 3106 5159 3191 5212; x_wconf 79' lang='grc'><strong>10.</strong></span> <span class='ocrx_word' id='word_1_871' title='bbox 3266 5156 3313 5187; x_wconf 74' lang='grc'><strong>⁷⁸</strong></span> <span class='ocrx_word' id='word_1_872' title='bbox 3349 5154 3459 5209; x_wconf 81' lang='lat' dir='ltr'><strong>Jer.</strong></span> <span class='ocrx_word' id='word_1_873' title='bbox 3489 5167 3623 5212; x_wconf 83' lang='lat' dir='ltr'><strong>xm.</strong></span> <span class='ocrx_word' id='word_1_874' title='bbox 3678 5147 3769 5204; x_wconf 79' lang='grc' dir='ltr'><strong>Η.</strong></span> 
     </span>
    </p>
   </div>
   <div class='ocr_carea' id='block_1_112' title="bbox 2255 5384 3769 5467">
    <p class='ocr_par' dir='ltr' id='par_1_112' title="bbox 2255 5384 3769 5467">
     <span class='ocr_line' id='line_1_112' title="bbox 2255 5384 3769 5467; baseline -0.012 -17"><span class='ocrx_word' id='word_1_875' title='bbox 2255 5396 2369 5467; x_wconf 77' lang='grc'><strong>(84)</strong></span> <span class='ocrx_word' id='word_1_876' title='bbox 2398 5394 2691 5467; x_wconf 82' lang='lat' dir='ltr'><strong>Rantesses,</strong></span> <span class='ocrx_word' id='word_1_877' title='bbox 2733 5390 2999 5447; x_wconf 87' lang='lat' dir='ltr'><strong>llebraice</strong></span> <span class='ocrx_word' id='word_1_878' title='bbox 3023 5399 3227 5467; x_wconf 57' lang='lat' dir='ltr'><strong>Dom</strong></span> <span class='ocrx_word' id='word_1_879' title='bbox 3252 5403 3281 5440; x_wconf 82' lang='grc' dir='ltr'><strong>ιι</strong></span> <span class='ocrx_word' id='word_1_880' title='bbox 3317 5384 3487 5467; x_wconf 76' lang='lat' dir='ltr'><strong>verbo</strong></span> <span class='ocrx_word' id='word_1_881' title='bbox 3509 5388 3633 5447; x_wconf 69' lang='lat' dir='ltr'><strong>ari</strong></span> <span class='ocrx_word' id='word_1_882' title='bbox 3660 5390 3769 5467; x_wconf 29' lang='lat' dir='ltr'><strong>toi-</strong></span> 
     </span>
    </p>
   </div>
   <div class='ocr_carea' id='block_1_113' title="bbox 2184 5459 3768 5530">
    <p class='ocr_par' dir='ltr' id='par_1_113' title="bbox 2184 5459 3768 5530">
     <span class='ocr_line' id='line_1_113' title="bbox 2184 5459 3768 5530; baseline -0.009 -10"><span class='ocrx_word' id='word_1_883' title='bbox 2184 5459 2717 5530; x_wconf 49' lang='lat' dir='ltr'><strong>nare,&#39;commoeeri,</strong></span> <span class='ocrx_word' id='word_1_884' title='bbox 2758 5473 2813 5517; x_wconf 84' lang='lat' dir='ltr'><strong>et</strong></span> <span class='ocrx_word' id='word_1_885' title='bbox 2860 5475 2985 5517; x_wconf 75' lang='lat' dir='ltr'><strong>vocs</strong></span> <span class='ocrx_word' id='word_1_886' title='bbox 3029 5474 3112 5526; x_wconf 76' lang='lat' dir='ltr'><strong>pp</strong></span> <span class='ocrx_word' id='word_1_887' title='bbox 3146 5464 3313 5523; x_wconf 80' lang='lat' dir='ltr'><strong>tinea,</strong></span> <span class='ocrx_word' id='word_1_888' title='bbox 3361 5459 3563 5519; x_wconf 82' lang='lat' dir='ltr'><strong>blatta;</strong></span> <span class='ocrx_word' id='word_1_889' title='bbox 3618 5462 3768 5507; x_wconf 84' lang='lat' dir='ltr'><strong>recte</strong></span> 
     </span>
    </p>
   </div>
   <div class='ocr_carea' id='block_1_114' title="bbox 2184 5535 3087 5601">
    <p class='ocr_par' dir='ltr' id='par_1_114' title="bbox 2184 5535 3087 5601">
     <span class='ocr_line' id='line_1_114' title="bbox 2184 5535 3087 5601; baseline -0.009 -9"><span class='ocrx_word' id='word_1_890' title='bbox 2184 5540 2574 5601; x_wconf 81' lang='lat' dir='ltr'><strong>interpretatur</strong></span> <span class='ocrx_word' id='word_1_891' title='bbox 2608 5535 2885 5586; x_wconf 85' lang='lat' dir='ltr'><strong>commotio</strong></span> <span class='ocrx_word' id='word_1_892' title='bbox 2915 5536 3087 5585; x_wconf 69' lang='lat' dir='ltr'><strong>tineae.</strong></span> 
     </span>
    </p>
   </div>
   <div class='ocr_carea' id='block_1_115' title="bbox 2254 5601 3472 5678">
    <p class='ocr_par' dir='ltr' id='par_1_115' title="bbox 2254 5601 3472 5678">
     <span class='ocr_line' id='line_1_115' title="bbox 2254 5601 3472 5678; baseline -0.011 -15"><span class='ocrx_word' id='word_1_893' title='bbox 2254 5608 2367 5678; x_wconf 61' lang='lat'><strong>(85)</strong></span> <span class='ocrx_word' id='word_1_894' title='bbox 2403 5609 2491 5659; x_wconf 81' lang='lat' dir='ltr'><strong>Sic</strong></span> <span class='ocrx_word' id='word_1_895' title='bbox 2522 5621 2652 5658; x_wconf 82' lang='lat' dir='ltr'><strong>mss.</strong></span> <span class='ocrx_word' id='word_1_896' title='bbox 2682 5606 2854 5678; x_wconf 53' lang='lat' dir='ltr'><strong>alias,</strong></span> <span class='ocrx_word' id='word_1_897' title='bbox 2892 5624 2909 5678; x_wconf 71' lang='grc' dir='ltr'><strong>ι</strong></span> <span class='ocrx_word' id='word_1_898' title='bbox 2950 5604 3038 5671; x_wconf 90' lang='lat' dir='ltr'><strong>qui</strong></span> <span class='ocrx_word' id='word_1_899' title='bbox 3074 5618 3171 5678; x_wconf 79' lang='lat' dir='ltr'><strong>nos</strong></span> <span class='ocrx_word' id='word_1_900' title='bbox 3203 5601 3409 5678; x_wconf 64' lang='lat' dir='ltr'><strong>gentili.</strong></span> <span class='ocrx_word' id='word_1_901' title='bbox 3454 5617 3472 5649; x_wconf 82' lang='grc' dir='ltr'><strong>ι</strong></span> 
     </span>
    </p>
   </div>
   <div class='ocr_carea' id='block_1_116' title="bbox 2254 5665 3764 5751">
    <p class='ocr_par' dir='ltr' id='par_1_116' title="bbox 2254 5665 3764 5751">
     <span class='ocr_line' id='line_1_116' title="bbox 2254 5665 3764 5751; baseline -0.009 -19"><span class='ocrx_word' id='word_1_902' title='bbox 2254 5665 2367 5751; x_wconf 60' lang='grc'><strong>(86)</strong></span> <span class='ocrx_word' id='word_1_903' title='bbox 2400 5679 2549 5751; x_wconf 10' lang='lat' dir='ltr'><strong>Alias?</strong></span> <span class='ocrx_word' id='word_1_904' title='bbox 2571 5716 2585 5739; x_wconf 91' lang='lat'><strong>,</strong></span> <span class='ocrx_word' id='word_1_905' title='bbox 2630 5676 2766 5741; x_wconf 76' lang='lat' dir='ltr'><strong>thli</strong></span> <span class='ocrx_word' id='word_1_906' title='bbox 2814 5665 2937 5751; x_wconf 73' lang='lat' dir='ltr'><strong>fecit</strong></span> <span class='ocrx_word' id='word_1_907' title='bbox 2969 5665 3070 5724; x_wconf 75' lang='lat' dir='ltr'><strong>nos</strong></span> <span class='ocrx_word' id='word_1_908' title='bbox 3113 5675 3164 5725; x_wconf 88' lang='lat' dir='ltr'><strong>in</strong></span> <span class='ocrx_word' id='word_1_909' title='bbox 3201 5665 3429 5735; x_wconf 59' lang='lat' dir='ltr'><strong>gloriam</strong></span> <span class='ocrx_word' id='word_1_910' title='bbox 3460 5678 3513 5723; x_wconf 79' lang='lat' dir='ltr'><strong>et</strong></span> <span class='ocrx_word' id='word_1_911' title='bbox 3547 5665 3764 5723; x_wconf 76' lang='lat' dir='ltr'><strong>laudern</strong></span> 
     </span>
    </p>
   </div>
   <div class='ocr_carea' id='block_1_117' title="bbox 2179 5748 3309 5805">
    <p class='ocr_par' dir='ltr' id='par_1_117' title="bbox 2179 5748 3309 5805">
     <span class='ocr_line' id='line_1_117' title="bbox 2179 5748 3309 5805; baseline -0.008 0"><span class='ocrx_word' id='word_1_912' title='bbox 2179 5748 2354 5805; x_wconf 78' lang='lat' dir='ltr'><strong>suam.</strong></span> <span class='ocrx_word' id='word_1_913' title='bbox 2382 5768 2399 5801; x_wconf 76' lang='grc' dir='ltr'><strong>ι</strong></span> <span class='ocrx_word' id='word_1_914' title='bbox 2446 5748 2552 5803; x_wconf 80' lang='lat' dir='ltr'><strong>Sed</strong></span> <span class='ocrx_word' id='word_1_915' title='bbox 2584 5764 2713 5800; x_wconf 77' lang='lat' dir='ltr'><strong>mss.</strong></span> <span class='ocrx_word' id='word_1_916' title='bbox 2747 5755 2801 5799; x_wconf 94' lang='lat' dir='ltr'><strong>ut</strong></span> <span class='ocrx_word' id='word_1_917' title='bbox 2830 5749 2885 5799; x_wconf 86' lang='lat' dir='ltr'><strong>in</strong></span> <span class='ocrx_word' id='word_1_918' title='bbox 2913 5756 3103 5799; x_wconf 57' lang='lat' dir='ltr'><strong>nostro</strong></span> <span class='ocrx_word' id='word_1_919' title='bbox 3140 5754 3309 5796; x_wconf 81' lang='lat' dir='ltr'><strong>textu.</strong></span> 
     </span>
    </p>
   </div>
  </div>
