4122 6248
443 333 563 390 309m

1653 324 1720 381 IN
1756 323 2043 384 EXODUM
2084 325 2365 384 HOMILIA
2398 326 2487 380 lll‘

3599 324 3717 376 330'

446 452 679 520 impium
705 454 763 502 et
808 445 1050 516 iniquum
1085 447 1291 503 habeat
1334 458 1566 516 patrem,
1600 458 1780 505 tamen
1830 450 2029 505 dicitur
2056 455 2105 512 Α
2134 451 2441 520 egregium,
2495 457 2664 503 totum
2711 448 2950 516 elegans.
3004 446 3199 501 Totum
3258 444 3402 502 enim
3442 460 3702 514 magnum

445 543 514 596 ad
556 557 678 596 eam
734 555 832 609 per
867 540 1195 610 Prophetam
1229 542 1272 574 ⁹¹
1307 560 1321 597 :
1360 559 1378 594 ι
1411 541 1575 606 Audi,
1624 542 1753 607 ﬁlia,
1790 552 1846 598 et
1877 543 2021 605 vide,

448 642 517 688 et.
548 631 749 686 inclina
800 646 987 687 aurem
1039 642 1228 697 tuam,
1279 642 1335 688 et
1392 632 1726 688 obliviscere
1768 633 2024 703 populum

451 737 627 786 tuum.
647 737 699 780 et
726 729 940 782 domum
972 728 1143 795 patris
1179 728 1276 793 tui,
1301 729 1428 797 quia
1449 730 1762 796 concupivit
1790 744 1885 784 rex
1909 742 2026 797 spec

447 818 585 870 ciem
620 824 786 872 tuam.
816 835 834 869 ι
875 815 997 870 ηερε
1029 833 1158 888 ergo
1189 830 1273 874 est
1309 833 1433 887 qua
1465 818 1599 875 exiit
1625 820 1692 881 de
1724 820 1886 875 domo
1922 834 2021 889 pa-

450 906 549 960 tris
580 915 631 960 et
665 907 811 962 venit
834 907 901 961 ad
926 922 1095 978 aquas
1118 950 1135 976 ,
1165 919 1223 965 ut
1257 910 1530 967 lavaretur
1558 928 1586 966 a
1612 908 1848 980 peccatis
1900 928 2024 983 qua:

446 1006 802 1052 contraxerat
856 998 908 1052 in
972 1001 1135 1056 domo
1178 1004 1351 1072 patris
1392 1003 1500 1061 sui.
1543 1004 1787 1075 Denique
1826 1006 2017 1061 statim

448 1086 659 1143 viscera
712 1089 1101 1149 misericordiae
1137 1089 1383 1164 Suscipit,
1421 1104 1475 1151 et
1518 1096 1815 1153 miseratur
1842 1097 2019 1152 infan-

467 1193 574 1232 em.
601 1178 726 1235 Haec
757 1193 889 1250 ergo
910 1180 1153 1241 Ecclesia
1190 1199 1253 1239 ex
1289 1186 1546 1255 gentibus
1560 1186 1810 1249 veniens,
1837 1186 1889 1240 in
1927 1201 2022 1255 pa-

445 1267 568 1323 lude
606 1269 811 1326 invenit
854 1271 1126 1341 iacentem
1169 1273 1388 1345 Moysen
1415 1317 1429 1340 ,
1466 1276 1736 1346 abiectum
1766 1292 1795 1333 a
1829 1279 1943 1333 suis
1965 1286 2021 1335 et

440 1361 772 1431 expositum,
803 1363 895 1418 dat
923 1379 1047 1419 eum
1086 1367 1305 1430 nutrici,
1345 1380 1400 1424 et
1431 1369 1672 1423 nutritur
1695 1370 2016 1438 apudsuos,

442 1449 515 1505 ibi
546 1453 655 1524 agit
694 1454 1001 1510 infantiam.
1050 1455 1186 1513 Cum
1232 1467 1413 1512 autem
1457 1458 1652 1514 fortior
1696 1458 1871 1514 factus
1913 1471 2018 1526 est,

444 1548 571 1596 tunc
630 1544 905 1599 inducitur
946 1548 1014 1599 ad
1070 1560 1218 1609 eam,
1275 1555 1333 1598 et
1384 1546 1674 1613 adoptatur
1718 1547 1771 1600 in
1823 1546 2017 1605 ﬁlium.

442 1632 655 1704 Moyses
683 1645 867 1691 autem
908 1637 1035 1704 quia
1072 1635 1159 1690 lex
1199 1635 1524 1704 appellatur,
1559 1634 1615 1692 in
1658 1636 1846 1690 multis
1881 1636 2018 1693 locis

2131 548 2233 604 est,
2264 540 2529 609 quidquid
2584 538 2853 605 spiritale,
2887 538 3151 607 quidquid
3202 537 3452 592 sublimis
3497 536 3702 591 intelli-

2128 632 2325 699 gentia:
2373 641 2479 685 est.
2513 630 2578 684 Et
2613 645 2835 685 oremus
2874 630 3161 683 Domintun
3194 626 3379 682 Jesum
3417 631 3700 685 Christum

2131 729 2190 775 ut
2217 720 2333 787 ipse
2357 719 2516 773 nobis
2546 719 2746 775 revelet
2777 729 2831 773 et
2884 720 3139 774 ostendat
3173 722 3445 786 quomodo
3472 735 3706 791 magnus

2128 820 2212 867 est
2243 810 2479 884 Moyses,
2507 820 2562 866 et
2595 811 2866 880 quomodo
2887 810 3142 865 sublimis
3164 820 3270 864 est.
3305 811 3421 879 Ipse
3447 813 3587 865 enim
3618 828 3706 869 re-

2127 899 2291 965 velat,
2353 900 2553 971 quibus
2627 900 2762 965 vult,
2802 915 2898 969 per
2955 900 3223 967 Spiritum
3276 910 3546 955 sanctum.
3597 903 3699 970 Ipsi

2128 992 2298 1062 gloria
2348 1004 2403 1048 et
2461 992 2747 1063 imperium
2798 993 2853 1046 in
2889 992 3087 1048 saecula
3129 995 3702 1049 smculorum.Ameu.

2700 1097 2979 1155 IIOMILIA
3033 1096 3121 1152 lli.

2128 1187 2205 1243 De
2246 1204 2306 1243 eo
2330 1189 2471 1259 quod
2495 1190 2750 1255 scriptum
2775 1200 2847 1243 est
2886 1203 2904 1241 :
2937 1206 2955 1239 ι
3005 1184 3118 1257 Ego
3144 1197 3317 1241 autent
3351 1188 3541 1257 gracili
3584 1204 3704 1242 voce

2544 1275 2685 1323 sum,
2717 1269 2763 1312 et
2796 1261 2979 1313 tardus
3017 1259 3222 1327 lingua.
3252 1277 3270 1311 ι

2197 1349 2247 1406 1.
2277 1349 2453 1405 Donec
2499 1361 2644 1404 esset
2676 1348 2893 1420 Moyses
2930 1350 2983 1404 in
3017 1349 3248 1420 Egypto
3304 1358 3358 1403 et
3391 1350 3704 1404 erudiretur

2126 1444 2275 1497 omni
2317 1444 2583 1513 sapientia
2616 1440 3019 1512 zEgyptiorum,
3062 1457 3165 1495 non
3206 1450 3328 1494 erat
3354 1442 3539 1511 gracili
3574 1456 3704 1494 voce

2124 1548 2226 1589 nec
2277 1540 2465 1590 tardus
2536 1535 2738 1604 lingua,
2782 1535 2942 1606 136
2978 1550 3075 1588 nec
3103 1533 3462 1603 proﬁtebatur
3496 1534 3608 1605 (99)
3642 1552 3703 1590 se

2120 1642 2240 1682 esse
2293 1627 2713 1698 ineloquentem.
2766 1629 2892 1682 Erat
2949 1628 3096 1680 enim
3138 1636 3405 1695 quantum
3435 1628 3503 1680 ad
3535 1625 3703 1698 Egy-

436 1724 546 1795 iam
583 1741 725 1794 saepe
750 1728 1042 1782 dissertum
1079 1736 1183 1782 est.
1232 1727 1466 1781 Veniens
1504 1741 1636 1796 ergo
1671 1726 1914 1782 Ecclesia
1947 1730 2015 1782 ad

2119 1717 2284 1788 ptios,
2307 1728 2589 1773 etsonorat
2620 1718 2786 1781 vocis,
2808 1729 2860 1772 et
2884 1717 3209 1786 eloquentize
3239 1717 3700 1787 incornparabilis.

444 1789 616 1885 aquas
653 1789 909 1886 baptismi
966 1820 1213 1890 suscepit
1253 1819 1416 1873 etiam
1451 1789 1642 1888 legeiu,
1675 1834 1797 1889 quae
1828 1829 2014 1876 tamen
2047 1789 2091 1847 Β
2125 1807 2222 1863 Ubi
2255 1820 2438 1864 autem
2488 1810 2656 1879 coepit
2690 1811 2880 1865 audire
2937 1825 3124 1864 vocem
3163 1810 3255 1863 Dei
3296 1820 3349 1863 et
3376 1808 3590 1878 eloquia
3622 1810 3702 1864 di—

447 1903 533 1958 iex
572 1916 693 1959 erat
738 1905 877 1962 intra
948 1907 1081 1962 tibin
1147 1907 1433 1972 conclusa,
1485 1907 1605 1975 pice
1646 1916 1702 1963 et
1750 1908 2014 1965 bitumine

446 1992 633 2049 oblita.
670 1994 819 2049 Tibis
847 2010 1018 2064 genus
1046 2004 1130 2049 est
1178 1996 1452 2065 tegminis,
1482 2011 1550 2051 ex
1606 1997 1775 2068 virgis
1813 2008 1906 2054 aut
1943 2014 2011 2054 ex

442 2099 646 2155 papyro
704 2096 1039 2152 contextum,
1079 2086 1161 2142 vel
1214 2086 1380 2141 etiam
1419 2102 1484 2142 ex
1512 2086 1774 2143 arborqu
1812 2092 2016 2147 cortice

443 2176 756 2241 l'ormatum,
809 2177 947 2233 intra
1008 2178 1153 2248 quod
1216 2178 1447 2250 injectus
1497 2180 1677 2235 infans
1729 2182 2018 2237 videbatur

436 2268 739 2339 espositus.
768 2266 991 2325 .lacebat
1032 2286 1161 2342 ergo
1220 2271 1304 2327 lex
1342 2270 1598 2326 conclusa
1638 2273 1781 2327 intra
1818 2271 2014 2341 hujus-

439 2358 581 2411 modi
613 2361 867 2431 tegmina,
919 2371 976 2417 et
1011 2364 1128 2432 pice
1158 2378 1222 2418 ac
1278 2363 1546 2418 bitumine
1586 2364 1777 2428 oblita,
1818 2365 2016 2421 vilibus

436 2459 495 2502 et
556 2450 747 2505 terreis
793 2449 1106 2506 Judzeorum
1157 2452 1407 2508 sensibus
1453 2452 1569 2524 (98)
1618 2454 1873 2509 sordebat
1918 2458 2017 2510 ob-

436 2552 614 2609 septa,
679 2557 960 2612 usquequo
1015 2545 1257 2599 Ecclesia
1312 2544 1525 2600 veniret
1567 2560 1632 2600 ex
1674 2547 1931 2617 gentibus
1962 2555 2017 2603 et

438 2643 746 2688 assumeret
778 2650 896 2688 eam
931 2635 997 2690 de
1031 2635 1191 2691 luteis
1210 2646 1264 2691 et
1291 2638 1629 2707 palustribus
1661 2639 1817 2705 locis,
1852 2648 2015 2710 atque

440 2727 584 2780 intra
612 2727 891 2795 sapientiae
930 2727 1089 2783 aulas
1142 2739 1198 2784 et
1235 2732 1430 2799 regalia
1458 2741 1597 2788 tecta
1626 2733 2011 2791 conscisceret.

441 2818 567 2875 llrec
596 2830 774 2874 tamen
799 2820 885 2874 lex
919 2820 1201 2877 inlantiam
1234 2839 1386 2879 suam
1408 2828 1548 2896 apud
1582 2841 1711 2881 suos
1742 2827 2013 2895 transigit.

441 2912 595 2981 Apud
627 2911 749 2966 illos
769 2911 914 2967 enim
948 2914 1038 2983 qui
1073 2914 1397 2984 spiritaliter
1424 2931 1542 2971 eam
1591 2917 1891 2987 intelligere
1917 2935 2014 2974 ne-

441 3005 642 3069 sciunt,
680 3004 901 3073 parvula
933 3015 1096 3061 estet
1123 3006 1326 3072 infans,
1362 3016 1417 3063 et
1463 3008 1775 3063 lactentium
1812 3009 2017 3065 habens

443 3099 616 3151 r-bos.
645 3095 778 3150 Cum
814 3110 941 3151 vero
974 3096 1040 3151 ad
1072 3098 1375 3154 Ecclesium
1412 3101 1584 3166 venit,
1612 3117 1735 3155 cum
1763 3101 2014 3156 Ecclesiae
2043 3127 2084 3185 ο

444 3186 745 3257 ingreditur
771 3189 1013 3256 domum,
1048 3189 1248 3246 fortior
1297 3202 1383 3247 est
1422 3202 1478 3248 et
1522 3193 1751 3249 validior
1780 3194 2014 3266 Moyses.

442 3277 635 3333 Amoto
665 3280 812 3334 enim
848 3274 1120 3338 velamine
1170 3281 1386 3350 litterae,
1407 3285 1679 3355 perfectus
1703 3289 1753 3342 in
1785 3287 2018 3343 lcetiouc

440 3371 559 3441 ejus
608 3374 760 3428 cibus
796 3386 851 3430 et
907 3376 1113 3431 solidus
1141 3377 1438 3435 invenitur.
1500 3380 1641 3446 Quid
1709 3391 1887 3436 tamen
1936 3391 2019 3437 est

439 3464 586 3533 quod
611 3474 664 3519 et
693 3468 998 3525 mercedem
1056 3470 1515 3526 nutrimentorum
1563 3487 1593 3526 a
1641 3473 1746 3529 ﬁlia
1786 3475 2019 3545 percipit

441 3553 768 3621 Pharaonis,
807 3558 896 3613 illa
934 3561 1074 3627 apud
1131 3577 1292 3631 quam
1336 3563 1422 3619 lex
1456 3573 1512 3619 et
1541 3577 1665 3621 nata
1697 3578 1802 3635 est,
1836 3579 1889 3624 et
1919 3586 2018 3627 uu-

443 3646 617 3701 trita?
646 3646 785 3713 Quid
807 3656 892 3702 est
917 3651 1059 3718 quod
1084 3650 1370 3723 Synagoga
1398 3654 1599 3723 accipit
1630 3657 1696 3710 de
1736 3658 2018 3716 Ecclesia?

440 3738 582 3795 Puto
618 3740 751 3794 illud
808 3741 1038 3812 intelligi
1081 3759 1267 3813 posse,
1292 3747 1439 3815 quod
1464 3747 1606 3801 idem
1652 3748 1862 3821 Moyses
1888 3752 2018 3811 scri-

438 3832 542 3900 bit,
595 3833 786 3890 dicens
806 3835 896 3889 "z
938 3854 955 3887 ι
992 3835 1103 3905 Ego
1132 3838 1184 3891 in
1241 3853 1347 3893 non
1377 3848 1592 3907 gentem
1625 3840 1678 3895 in
1712 3842 2015 3897 :emalatio—

437 3938 561 3979 uem
610 3940 708 3980 vos
741 3924 1022 3989 inducam,
1055 3927 1106 3980 in
1139 3935 1357 3995 gentem
1391 3928 1744 3998 insipientem
1782 3932 1835 3986 in
1878 3936 2014 3989 iram

439 4028 535 4067 vos
566 4015 872 4070 concitabo.
926 4015 1303 4088 retSynagoga
1327 4033 1463 4089 ergo
1499 4019 1565 4075 de
1596 4020 1838 4078 Ecclesia
1870 4025 2013 4082 istud

439 4108 705 4163 mercedis
730 4107 953 4176 accipit,
1008 4119 1066 4161 ut
1105 4108 1245 4163 ultra
1300 4109 1439 4165 idola
1468 4126 1573 4166 non
1612 4112 1775 4168 colat.
1815 4113 2013 4175 Videris

435 4199 580 4252 enim
604 4214 701 4254 eos
726 4199 817 4268 qui
845 4214 916 4254 ex
964 4200 1219 4269 gentibus
1250 4212 1401 4266 sunt,
1444 4205 1514 4258 ita
1556 4206 1623 4258 ad
1654 4207 1850 4263 -Deum
1876 4226 2011 4265 con-

439 4302 626 4343 versos
657 4303 802 4352 esse,
836 4298 896 4343 ut
930 4291 1067 4343 ultra
1099 4290 1242 4346 idola
1296 4292 1565 4359 nesciant,
1620 4295 1787 4351 Deum
1817 4311 2013 4368 printer

434 4390 604 4432 unum
649 4379 919 4434 nemiuem
983 4390 1346 4448 venerentur,
1394 4383 1506 4454 ipsa
1544 4386 1820 4444 erubescit
1867 4391 2009 4446 idola

2118 1900 2246 1955 viua
2279 1901 2577 1970 suscipere,
2625 1911 2750 1956 tunc
2778 1902 2951 1957 sensit
2982 1902 3182 1956 exilem
3219 1911 3275 1956 et
3317 1902 3575 1969 gracilem
3603 1917 3701 1956 vo-

2119 2007 2237 2049 cem
2267 2009 2443 2057 suam,
2470 1996 2791 2065 tardamque
2824 2006 2879 2049 et
2908 1995 3228 2062 impeditam
3266 2009 3389 2049 esse
3416 2009 3575 2047 suam
3621 1994 3703 2047 iu-

2122 2085 2312 2156 telligit
2345 2086 2620 2158 linguam;
2662 2096 2787 2141 tunc
2807 2102 2865 2142 se
2906 2088 3221 2155 pronuntiat
3247 2096 3455 2139 mutum
3481 2085 3548 2151 ",
3569 2100 3695 2147 cum

2120 2178 2289 2248 erepit
2342 2192 2646 2249 agnoscere
2688 2193 2876 2232 verum
2928 2179 3055 2232 illud
3088 2176 3352 2241 Verbum,
3392 2176 3535 2245 quod
3579 2185 3699 2230 erat

2120 2273 2171 2325 in
2199 2270 2471 2343 principio
2514 2270 2655 2342 apud
2704 2269 2872 2324 Deum
2912 2270 2979 2328 νδ.
3018 2269 3123 2324 Sed
3166 2285 3274 2339 quo
3311 2268 3527 2325 facilius
3559 2270 3703 2338 quod

2118 2363 2355 2417 dicimus
2385 2362 2561 2432 possit
2587 2361 2818 2426 adverti,
2846 2372 3061 2417 utamur
3090 2362 3401 2429 hujusmodi
3438 2362 3698 2417 similituo

2118 2454 2263 2509 dine.
2298 2452 2459 2507 Mulis
2524 2452 2858 2507 animalibus
2914 2453 3164 2523 quamvis
3192 2452 3263 2506 sit
3312 2452 3597 2521 imperitus
3644 2462 3699 2507 et

2121 2544 2392 2611 indoctus,
2425 2543 2767 2599 rationabilis
2798 2545 2961 2597 homo
2995 2544 3040 2598 si
3074 2552 3448 2614 comparetur,
3483 2544 3695 2600 videbi-

2122 2646 2209 2694 tur
2255 2638 2518 2710 eloquens
2580 2637 2649 2692 ad
2696 2638 3167 2706 comparationem
3222 2651 3413 2690 eorum
3454 2652 3576 2705 qua:
3639 2645 3693 2693 et

2120 2729 2353 2786 rationis
2381 2738 2437 2785 et
2459 2728 2612 2785 vocis
2639 2729 2881 2799 expertia
2916 2739 3079 2794 sunt;
3110 2730 3155 2784 si
3193 2744 3323 2784 vero
3366 2728 3598 2782 eruditis
3642 2740 3698 2783 et

2122 2821 2504 2894 eloquentibus
2546 2821 2702 2888 viris,
2733 2827 2893 2890 atque
2921 2820 2972 2873 in
3007 2820 3155 2875 omni
3193 2819 3465 2891 sapientia
3498 2820 3697 2888 proba-

2122 2913 2348 2969 tissimis
2375 2915 2719 2981 conferatur,
2756 2924 2809 2968 et
2839 2913 3163 2982 ineloqueus
3192 2923 3247 2968 et
3278 2923 3458 2969 mutus
3487 2912 3697 2967 videbi-

2121 3017 2231 3062 tur.
2281 3008 2354 3063 At
2399 3009 2442 3063 si
2471 3009 2647 3078 ipsum
2677 3008 2801 3080 quis
2843 3008 3245 3076 contempletur
3284 3006 3530 3062 divinum
3565 3004 3698 3060 Ver-

2120 3101 2268 3165 bum,
2294 3101 2572 3171 ipsamque
2594 3102 2832 3156 diviuam
2862 3100 3123 3171 reSpiciat
3154 3100 3693 3170 sapicntiam,quan-

2123 3193 2276 3247 laevis
2324 3192 2397 3246 sit
2432 3192 2780 3256 eruditionis,
2824 3202 2880 3246 et
2907 3202 3347 3262 qtrantatcunque
3389 3190 3694 3260 sapientiae,
3790 3192 3799 3199 “

2122 3281 2292 3338 multo
2313 3282 2548 3350 amplius
2599 3298 2761 3351 quam
2795 3282 2935 3352 apud
2979 3297 3077 3336 nos
3123 3290 3249 3335 sunt
3282 3281 3541 3349 pecudes.
3580 3280 3695 3346 ipsi:

2121 3373 2261 3445 apud
2293 3373 2460 3427 Deum
2492 3383 2697 3428 mutmu
2725 3390 2786 3428 se
2823 3373 3023 3427 animal
3051 3374 3419 3441 prolitebitur.
3448 3372 3564 3425 lloc
3599 3372 3685 3423 ni-

2120 3466 2316 3520 mirum
2338 3476 2456 3520 erat
2487 3464 2721 3536 Moyses.
2745 3466 2897 3532 Quod
2929 3475 2982 3518 ct
3012 3466 3211 3519 beatus
3245 3464 3415 3517 David
3449 3464 3692 3526 intuens,

2118 3564 2171 3610 et
2203 3557 2295 3610 tali
2320 3556 2508 3612 ordine
2556 3556 2909 3626 semetipsum
2964 3556 3030 3610 ad
3091 3556 3329 3609 divinam
3366 3554 3689 3623 sapientiam

2120 3647 2347 3712 librans.
2398 3650 2614 3704 diccbat
2660 3649 2758 3704 9':
2803 3668 2820 3699 ι
2872 3646 2941 3703 Ut
2985 3648 3294 3718 jumentum
3344 3646 3521 3701 factus
3570 3663 3690 3699 sum

2119 3743 2259 3815 apud
2317 3751 2392 3797 te.
2448 3761 2467 3794 ι
2505 3741 2818 3797 Secundum
2869 3743 2973 3797 hoc
3017 3754 3153 3808 ergo
3176 3749 3228 3792 et
3292 3739 3692 3809 prophetarqu

2116 3835 2390 3891 maximus
2417 3834 2629 3905 Moyses
2654 3835 2707 3889 iu
2735 3836 2988 3905 praesenti
3014 3832 3249 3889 lectione
3281 3832 3414 3887 dicit
3436 3832 3503 3886 ad
3543 3846 3691 3895 eum,

2116 3927 2467 3998 quodgracili
2504 3928 2743 3995 vocesit,
2779 3935 2832 3983 et
2862 3928 3045 3981 tardus
3073 3927 3274 3997 lingua,
3314 3925 3456 3995 quod
3491 3933 3544 3979 et
3583 3939 3691 3977 non

2113 4019 2185 4075 sit
2242 4018 2521 4088 eloquens.
2559 4019 2760 4075 Omnes
2812 4020 2959 4075 enim
3010 4021 3257 4073 homines
3307 4018 3373 4071 ad
3409 4031 3694 4086 compara-

2116 4110 2316 4166 tionem
2356 4108 2515 4165 Verbi
2556 4110 2750 4176 divini,
2796 4127 2902 4165 uon
2947 4110 3122 4165 solum
3165 4110 3567 4180 incloqucntes,
3594 4110 3692 4166 sed

2111 4212 2165 4257 et
2194 4202 2324 4256 muti
2351 4204 2567 4272 putandi
2609 4213 2756 4259 sunt.

2183 4291 2235 4347 2.
2289 4293 2426 4359 Quia
2471 4293 2635 4367 igitur
2694 4294 2744 4347 iu
2800 4293 2850 4347 id
2910 4292 3287 4364 intelligentiae
3342 4292 3571 4364 profecit
3633 4303 3692 4348 ut

2118 4395 2434 4457 agnosceret
2461 4386 2892 4457 semctipsum,in
2931 4401 3039 4455 quo
3072 4395 3155 4441 cst
3177 4401 3304 4456 pars
3340 4387 3576 4439 maxima
3599 4400 3713 4461 sa-r

435 4470 582 4523 ultra
629 4469 742 4538 jam
790 4470 990 4528 colere.
1049 4470 1198 4527 Istud
1241 4488 1370 4545 ergo
1424 4477 1619 4547 recipit
1656 4479 1909 4537 beneﬁcii
1942 4485 2009 4539 de
2044 4471 2370 4547 Dpieutitn,
2431 4487 2743 4533 remunerat
2799 4491 2922 4534 eum
2988 4479 3170 4535 divina
3230 4478 3496 4550 dignatio.
3550 4481 3689 4535 Audi

437 4559 679 4615 Ecclesia
702 4561 1009 4632 Synagoga,
1046 4565 1190 4631 quod
1216 4564 1263 4617 ei
1300 4566 1582 4635 parvulam
1627 4571 1867 4626 nutrisse
1892 4573 2007 4628 visa

434 4656 522 4703 est
561 4649 757 4719 legem.
804 4651 911 4705 Sed
965 4662 1019 4707 et
1044 4667 1141 4706 uos
1163 4655 1327 4707 etiam
1359 4657 1404 4712 si
1430 4654 1775 4713 Pharaonem
1812 4663 2007 4718 habui-

436 4754 558 4793 mus
588 4752 822 4809 patrem,
850 4744 1015 4797 etiam
1047 4745 1093 4801 si
1119 4762 1217 4803 nos
1245 4747 1300 4801 itt
1332 4749 1591 4817 operibus
1630 4752 1788 4808 ntalis
1824 4759 2010 4823 genuit

442 4831 696 4903 princeps
733 4834 890 4902 hujus
942 4838 1154 4906 mundi,
1210 4854 1335 4894 cum
1382 4841 1633 4898 venimus
1688 4847 1754 4897 ad
1814 4861 2008 4915 aquas,

446 4938 807 4986 assumamus.
834 4928 899 4983 ad
956 4944 1061 4984 nos.
1088 4930 1263 5000 legem
1307 4930 1425 4995 Dei,
1475 4947 1574 4988 nec
1608 4935 1764 4990 nobis
1793 4939 2011 4992 sordeat

445 5014 640 5070 littera:
661 5015 779 5084 ejus
796 5017 1197 5089 viletegumen
1250 5030 1305 5075 et
1329 5020 1645 5091 obscurum,
1686 5042 1805 5094 quae
1841 5045 2008 5098 parva

437 5106 555 5174 ejus
584 5117 711 5161 sunt
755 5117 810 5161 et
852 5109 1132 5165 lactentia-
1165 5114 1573 5179 concedamus,_
1600 5132 1721 5188 qua:
1770 5119 2017 5188 perfecta

434 5209 493 5251 et
522 5198 697 5253 valida
747 5207 917 5265 sunt,
963 5216 1266 5269 sumamus,
1303 5206 1625 5277 atquerhaec
1656 5209 1795 5267 intra
1832 5215 2037 5270 cordis-

434 5288 609 5343 nostri
645 5299 783 5345 tecta
842 5292 1044 5361 regalia
1083 5293 1440 5351 collocemus.
1475 5296 1751 5353 Grandem
1785 5310 1839 5354 et
1865 5304 2005 5360 vatis

434 5379 562 5433 dum
608 5381 910 5437 habeamus
943 5384 1186 5453 Moysen,
1216 5387 1349 5441 nihil
1383 5390 1449 5443 de
1483 5404 1548 5444 eo
1576 5405 1834 5459 parvum,
1867 5393 2002 5448 nihil

435 5472 640 5531 humile
691 5476 1032 5542 sentiamus;
1083 5477 1175 5532 sed
1227 5480 1577 5549 magniﬁcum
1613 5490 2001 5548 totum,totum

504 5566 547 5597 ⁶¹
577 5565 717 5621 Psal.
751 5582 898 5631 xuv,
936 5567 1023 5622 Η.
1071 5571 1117 5602 ’³
1182 5570 1398 5625 Deuler.
1424 5587 1595 5636 xxxtr,
1627 5573 1720 5629 2|.

434 5650 507 5699 Iv,
536 5636 620 5689 l2.
697 5639 740 5669 ’⁷
772 5639 915 5691 l’sal.
944 5641 1224 5701 LxxerO.
1301 5640 1347 5671 ³⁸
1379 5640 1580 5711 Ephcs.
1614 5658 1691 5709 vr,
1730 5643 1817 5699 19.

509 5731 621 5796 (98)
656 5729 803 5797 Μβε..
840 5751 857 5784 ι
899 5736 1050 5790 tetris
1082 5732 1679 5794 Judmurumscnsibus.
1710 5757 1744 5795 ι,

1796 5575 1842 5610 ⁸³
1880 5578 2048 5637 Exod.
2076 5596 2149 5669 tv,
2184 5582 2270 5639 l0.
2346 5584 2391 5617 ”
2416 5586 2573 5639 Joan.
2607 5600 2646 5650 ι,
2678 5584 2729 5643 1.

2116 4583 2279 4638 quam
2309 4567 2531 4639 optimis
2582 4570 2987 4640 magniﬁcisque
3031 4571 3365 4627 muneribus.
3398 4590 3418 4624 ι
3449 4572 3580 4643 Ego,
3610 4571 3693 4624 in-

2115 4662 2235 4731 quit
2262 4660 2332 4727 ⁹⁶,
2366 4661 2692 4731 aperiamus
2724 4672 2896 4731 tuum,
2925 4674 2979 4719 et
3004 4663 3273 4719 iustruam
3305 4673 3355 4719 te
3387 4679 3506 4732 qua:
3528 4680 3693 4734 Opor-

2118 4762 2227 4807 teat
2259 4763 2310 4807 te
2337 4753 2504 4823 loqui.
2543 4771 2565 4806 ι
2596 4754 2747 4810 Beati
2800 4765 2948 4821 sunt,
2983 4771 3217 4829 quorum
3254 4756 3395 4811 Deus
3427 4770 3488 4809 os
3513 4755 3689 4824 aperit

2116 4856 2175 4899 ιιι
2232 4845 2542 4916 loquantur.
2596 4845 2883 4918 PrOphetis
2943 4850 3085 4903 Deus
3127 4848 3404 4919 aperitos,
3437 4858 3492 4902 et
3521 4847 3692 4916 replet

2113 4938 2242 4993 illud
2294 4939 2511 5009 eloquio
2542 4953 2668 5006 suo,
2702 4940 2844 4996 sicut
2899 4942 2952 4996 in
3003 4942 3257 5015 praesenti
3280 4941 3433 4997 dicit
3466 4958 3480 4997 :
3516 4958 3535 4992 ι
3574 4940 3689 5010 Ego

2113 5032 2352 5101 aperiam
2385 5048 2459 5089 ost
2495 5045 2667 5098 tuum,
2709 5044 2764 5089 et
2819 5033 3080 5088 instruam
3129 5043 3181 5087 te
3215 5048 3335 5104 qua:
3359 5041 3608 5102 oporteat
3638 5042 3690 5093 te

2112 5122 2284 5195 loqui.
2320 5125 2486 5181 LSed
2515 5135 2571 5180 et
2594 5140 2689 5198 per
2712 5125 2879 5180 David
2920 5127 3052 5181 dicit
3085 5126 3225 5182 Deus
3250 5126 3296 5157 ἰ
3325 5143 3337 5182 :
3366 5143 3383 5176 ι
3428 5123 3597 5178 Dilata
3624 5138 3690 5177 os

2118 5226 2388 5284 tuum,iet
2442 5218 2673 5287 replebo.
2718 5217 2869 5272 illud.
2913 5233 2935 5271 ι
2970 5215 3235 5271 Similiter
3269 5226 3324 5273 et
3370 5215 3568 5271 Paulus
3596 5216 3689 5269 di—

2114 5310 2193 5365 cit
2236 5310 2283 5343 ⁹⁸
2318 5326 2331 5361 :
2363 5327 2382 5362 ι
2420 5310 2487 5366 Ut
2529 5312 2688 5365 detur
2728 5310 2858 5365 mihi
2886 5324 3067 5366 sermo
3103 5309 3156 5363 in
3184 5310 3538 5380 adapertione
3567 5309 3686 5364 oris

2112 5400 2241 5455 mei.
2285 5401 2537 5457 rEorum
2572 5392 2725 5471 ergo
2750 5404 2843 5471 qui
2898 5401 3061 5457 verba
3116 5400 3209 5456 Dei
3253 5402 3568 5470 loquuntur,
3616 5414 3682 5454 os

2115 5491 2260 5547 Deus
2286 5493 2482 5562 aperit.
2539 5493 2745 5548 Vereor
2779 5506 2957 5548 autem
2988 5509 3057 5550 ne
3083 5494 3196 5549 sint
3221 5493 3412 5562 aliqui,
3449 5505 3693 5561 quorum

2808 5585 2852 5617 "
2883 5584 3027 5642 Psal.
3065 5601 3230 5655 Lxxu,
3262 5586 3353 5642 23.
3429 5582 3475 5617 "
3505 5583 3687 5640 Exod.

2192 5740 2303 5812 (99)
2334 5740 2504 5809 Alias,
2544 5760 2560 5793 ι
2606 5743 2906 5813 proﬁtetur.
2939 5764 2979 5799 ιν
