4122 6248
501 318 599 370 3H

1986 321 2145 378 OHIG
2157 320 2309 378 ENlS

3658 310 3760 367 3n

497 436 816 487 cennlt'ariu
851 450 911 488 os
946 435 1195 487 diabolus
1238 437 1470 504 aperiat.
1532 438 1663 493 Nam
1714 442 1804 509 qui
1842 442 2084 510 loquitur
2120 452 2158 504 Α
2190 445 2248 498 Si
2288 444 2507 513 quando
2558 458 2685 512 ergo
2743 455 2881 495 vana
2930 439 3207 503 dicuntur,
3227 437 3272 492 si
3311 435 3531 500 quando
3558 435 3762 498 inania,

506 528 875 589 mendacium,
917 540 1121 580 eertum
1172 526 1249 580 est
1295 530 1420 595 quia
1476 531 1726 587 diabolus
1760 537 1971 602 aperuit
2023 551 2084 590 os

502 618 623 683 ejus
656 628 713 671 ιιι
771 619 1111 672 mendacium
1174 620 1514 688 loqueretur.
1552 624 1651 689 Qui
1704 625 1897 679 falsum
1934 628 2085 681 testi-

506 710 749 761 monium
806 707 957 769 dicit,
988 710 1081 777 qui
1124 711 1493 767 scurrilitates
1530 728 1593 768 ac
1642 716 2005 783 turpitudines
2029 727 2083 771 et

506 809 702 853 ca'tera
742 801 1048 871 hujusmodi
1082 803 1149 855 de
1214 818 1310 856 ore
1345 818 1443 857 suo
1489 805 1793 873 proferunt,
1832 809 2080 865 diabolus

504 898 718 960 aperuit
741 909 801 947 os
830 910 1042 949 eorum.
1078 896 1281 950 Vereor
1315 910 1380 950 ne
1420 906 1475 950 et
1514 914 1872 952 susurronum
1906 912 1958 954 et
1988 903 2083 956 de-

504 993 801 1037 tractormn
857 1001 919 1039 os
956 988 1206 1043 diabolus
1259 990 1494 1058 aperiat,
1532 992 1626 1044 sed
1676 1003 1732 1045 et
1770 1007 1958 1046 eorum
1987 996 2079 1063 qui

501 1076 679 1129 otiosa
714 1078 875 1130 verba
909 1082 1209 1144 proferunt,
1243 1096 1341 1148 pro
1374 1082 1569 1150 quibus
1612 1084 1882 1139 reddenda
1914 1086 1965 1138 in
1993 1087 2079 1140 dic

494 1165 689 1227 jndicii
737 1171 874 1222 ratio
916 1179 1019 1224 est.
1071 1169 1190 1224 Jam
1229 1188 1359 1227 vero
1397 1175 1487 1242 qui
1518 1174 1864 1246 iniquitatem
1904 1180 1955 1232 in
1985 1196 2080 1234 ex-

501 1260 707 1311 celsum
736 1260 1046 1328 loquuntur,
1076 1264 1164 1330 qui
1201 1276 1401 1336 negant
1446 1265 1730 1320 Dominum
1783 1283 1959 1322 meum
1990 1267 2080 1322 Je-

502 1367 620 1403 sum
673 1351 944 1405 Christum
1002 1353 1054 1406 in
1086 1370 1251 1409 carne
1295 1358 1536 1431 venisse,
1573 1358 1653 1411 vel
1684 1360 1773 1426 qui
1813 1359 2077 1426 Spiritum

502 1452 751 1495 sanctum
804 1444 1215 1514 bIaSphi-mant,
1263 1450 1460 1521 quibus
1503 1464 1680 1520 neque
1728 1451 1779 1506 in
1828 1451 2081 1520 pra-senti

503 1548 679 1613 neque
727 1536 778 1588 in
818 1537 996 1590 futuro
1054 1542 1258 1593 smnlo
1307 1542 1656 1608 remittetur,
1704 1546 1826 1613 quis
1866 1545 2079 1599 dubitet

500 1626 645 1692 quod
684 1641 746 1681 os
772 1642 959 1697 eorum
998 1630 1245 1685 diabolus
1272 1632 1525 1701 aperiat?
1558 1632 1649 1688 Vis
1681 1635 1774 1688 tibi
1801 1645 1853 1689 et
1888 1637 1988 1690 hoc
2013 1639 2077 1691 de

478 1718 811 1786 Scripturis
871 1722 1195 1785 ostendam,
1229 1723 1503 1790 quomodo
1553 1724 1856 1793 hujusmodi
1903 1726 2079 1781 homi-

2195 538 2404 606 iuepta,
2462 538 2662 604 turpia,
2695 536 2945 602 profana,
2986 534 3224 587 scelesta
3258 528 3635 599 proferuntur,
3665 528 3759 597 qui

2190 630 2339 685 novit
2374 628 2584 683 Domini
2614 627 3002 692 eruditionem,
3030 624 3239 679 claudit
3262 636 3442 682 aures,
3467 630 3520 672 et
3558 619 3761 673 avertit

2158 742 2163 747 ί
2190 722 2461 784 auditum,
2492 730 2547 775 et
2579 718 2712 774 dicit
2743 718 2787 757 ιο
2818 735 2831 772 :
2870 735 2888 768 ι
2921 716 3033 787 Ego
3056 726 3235 769 autem
3262 714 3403 768 sicut
3431 712 3628 765 surdus
3653 726 3759 764 non

2186 814 2494 878 audiebam,
2543 821 2597 866 et
2646 812 2788 866 sicut
2835 819 3049 873 mutus,
3112 808 3203 877 qui
3263 822 3371 859 non
3424 804 3638 872 aperuit
3700 817 3762 857 os

2186 920 2364 958 suum.
2405 922 2423 955 ι
2448 903 2503 957 Si
2529 917 2659 957 vero
2686 902 2751 955 ad
2791 901 3081 955 utilitatem
3114 900 3311 952 aniime
3335 898 3613 967 pertinent
3640 909 3763 964 qua:

2185 994 2443 1049 dicuntur
2492 995 2537 1049 si
2565 996 2631 1048 de
2666 994 2773 1047 Deo
2797 1007 2981 1047 sermo
3003 1002 3109 1057 est,
3144 992 3190 1045 si
3226 1003 3406 1043 niorcs
3438 989 3619 1047 docet,
3652 985 3759 1037 vir-

2187 1097 2332 1142 tutes
2386 1086 2600 1149 invitat,
2668 1086 2795 1139 vitia
2847 1094 3083 1147 resecat,
3125 1092 3308 1151 patere
3358 1081 3556 1133 debent
3602 1091 3761 1130 aures

2184 1177 2559 1248 hujuscemodi
2611 1177 2874 1247 eloquiis;
2928 1187 2983 1231 et
3033 1192 3137 1229 non
3209 1174 3380 1227 solum
3418 1187 3617 1235 aures,
3664 1170 3757 1223 sed

2182 1278 2238 1321 et
2286 1282 2402 1332 cor,
2451 1276 2505 1321 et
2561 1282 2737 1332 mens,
2791 1275 2846 1321 et
2894 1274 3002 1320 tota
3061 1267 3128 1319 ad
3180 1263 3548 1334 hujuscemodi
3604 1260 3757 1313 audi-

2186 1368 2297 1412 tum
2333 1358 2527 1412 anima:
2577 1359 2744 1427 jauua
2802 1358 3084 1427 pandenda
3140 1365 3243 1410 est.
3303 1355 3523 1407 Summa
3577 1362 3754 1403 tamen

2188 1451 2343 1521 137
2378 1452 2744 1504 moderatione
2772 1451 3022 1519 praecepti
3058 1465 3152 1503 usa
3191 1457 3275 1502 est
3301 1447 3382 1501 lex
3414 1463 3426 1497 :
3461 1456 3516 1497 ut
3543 1460 3645 1501 non
3682 1442 3758 1495 di-

2180 1551 2367 1597 ceret:
2398 1540 2515 1596 Non
2552 1542 2740 1598 audies
2773 1542 3017 1596 auditmn
3052 1556 3275 1603 vanutn,
3313 1539 3405 1592 sed
3450 1552 3553 1590 non
3616 1535 3754 1586 reci-

2183 1634 2317 1702 pies.
2351 1633 2483 1687 Nam
2515 1649 2650 1686 vana
2682 1632 2992 1702 frequenter
3038 1634 3311 1687 audimus.
3369 1628 3609 1682 Marcion
3638 1642 3755 1695 qua:

2185 1726 2442 1795 loquitur,
2505 1741 2641 1778 vana
2673 1734 2817 1779 sunt.
2849 1724 3172 1779 Valentinus
3206 1738 3326 1793 qua:
3368 1720 3626 1789 loquitur,
3663 1731 3753 1769 va-

502 1809 685 1878 nibus,
713 1813 803 1879 qui
851 1813 1139 1866 adversum
1171 1813 1449 1877 Christum
1496 1816 1815 1884 loquuntur,
1854 1833 1913 1871 os
1957 1818 2075 1889 di‘a-
2109 1805 2149 1858 B
2184 1834 2252 1885 na
2283 1828 2444 1873 sunt:
2478 1828 2531 1872 et
2562 1833 2752 1872 omnes
2779 1816 2871 1886 qui
2908 1829 3099 1870 contra
3129 1826 3430 1869 creatorem
3469 1811 3638 1865 Deum
3672 1809 3744 1861 lo-

502 1901 656 1955 bolus
709 1892 919 1971 aperit!
972 1903 1101 1957 Vide
1152 1905 1282 1973 quid
1344 1909 1606 1976 scriptum
1640 1919 1723 1961 est
1750 1910 1795 1940 ⁸⁸
1826 1907 2071 1974 deJuda,

500 1994 777 2073 quontodo
816 1994 1052 2049 refertur
1109 1999 1233 2063 quia
1277 1997 1521 2052 introivit
1546 1998 1598 2051 in
1634 1998 1780 2052 illutn
1820 1999 2071 2065 Satanas,

497 2095 553 2137 et
586 2085 710 2154 quia
766 2088 916 2140 misit
957 2088 1008 2141 in
1046 2104 1143 2142 cor
1170 2090 1287 2156 ejus
1324 2090 1596 2155 diabolus,
1626 2102 1683 2145 ut
1707 2093 1948 2146 traderet
1975 2093 2075 2147 Do-

500 2178 729 2231 minum.
774 2177 894 2251 Ipse
936 2195 1067 2251 ergo
1117 2181 1335 2248 aperuit
1386 2196 1447 2237 os
1478 2183 1628 2251 ejus,
1659 2194 1715 2237 ut
1761 2184 2073 2252 loqueretur

498 2285 621 2321 cum
657 2270 993 2339 principibus
1013 2283 1064 2326 et
1097 2273 1408 2339 l’ltarisaeis,
1435 2276 1710 2345 quomodo
1736 2292 1858 2330 eum
1889 2278 2071 2331 trade—

498 2370 601 2426 ret,
625 2371 846 2430 acccpta
908 2364 1133 2430 pecunia
1161 2364 1198 2417 ¹.
1240 2362 1389 2417 Unde
1422 2364 1549 2417 mihi
1585 2366 1798 2419 videtur
1824 2380 1929 2420 non
1953 2380 2073 2421 esse

494 2468 673 2519 parvis
697 2446 885 2522 gratia:
908 2442 1209 2525 intelligere
1223 2472 1283 2510 os
1300 2457 1442 2526 quod
1461 2457 1637 2527 aperit
1661 2459 1826 2523 Deus,
1849 2468 1902 2511 et
1920 2459 2075 2511 intel-

497 2546 665 2612 ligere
694 2532 757 2600 os
794 2551 939 2615 quod
968 2552 1142 2618 aperit
1183 2538 1451 2603 diabOlus.
1481 2533 1596 2603 Non
1630 2561 1715 2605 est
1741 2550 1862 2605 sine
1892 2552 2069 2605 sancti

496 2638 734 2704 Spiritus
766 2641 936 2708 gratia
999 2632 1305 2711 hnjusmodi
1352 2661 1413 2699 os
1445 2656 1499 2700 et
1527 2644 1692 2701 verba
1725 2644 2066 2707 discernere.

494 2729 561 2783 Et
596 2730 715 2784 ideo
757 2731 809 2803 in
843 2732 1209 2789 divisionibus
1236 2737 1560 2806 spiritalium
1589 2738 1887 2806 gratiarum
1916 2734 2071 2789 addi-

495 2834 583 2879 tur
612 2825 774 2881 etiam
824 2825 956 2889 hoc,
1010 2829 1154 2895 quod
1211 2818 1373 2883 datur
1418 2822 1743 2899 quihustlam
1799 2830 2061 2883 discretio

492 2917 784 2985 spirituum
826 2918 868 2968 ³.
922 2916 1066 2987 Ergo
1108 2920 1367 2988 spiritalis
1419 2930 1499 2973 cst
1547 2920 1719 2989 gratia
1770 2935 1865 2987 per
1908 2934 2067 2987 quatit

492 3008 716 3076 spiritus
742 2994 1088 3079 discernit-ur,
1121 3012 1337 3064 sicutet
1367 3010 1492 3065 alibi
1519 3012 1649 3066 dicit
1680 3010 1979 3080 Apostolus
2011 3011 2064 3066 ³ε

497 3118 515 3149 ι
560 3098 793 3154 Probate
828 3100 1051 3169 spiritus
1082 3103 1126 3155 si
1169 3119 1234 3157 ex
1290 3102 1400 3158 Deo
1431 3114 1557 3157 sunt
1593 3103 1691 3175 (l).
1718 3119 1737 3152 ι
1781 3103 1885 3157 Sed
1927 3102 2067 3158 sicut

496 3190 641 3245 Deus
693 3192 868 3261 aperit
897 3208 959 3246 os
1009 3204 1349 3259 sanctorum,
1396 3197 1469 3250 ita
1500 3207 1629 3266 puto
1650 3197 1795 3266 quod
1827 3206 1879 3250 et
1906 3210 2068 3250 aures

493 3272 807 3347 sanctorum
852 3285 991 3338 Deus
1016 3286 1223 3353 aperiat
1260 3288 1325 3340 ad
1366 3288 1633 3347 audienda
1666 3276 1826 3341 verba
1859 3285 2064 3341 divina.

491 3374 582 3425 Sic
616 3375 758 3427 enim
786 3374 916 3427 dicit
942 3372 1108 3428 Isaias
1139 3377 1402 3446 propheta
1426 3376 1447 3407 ⁸
1478 3399 1488 3432 :
1519 3395 1536 3427 ι
1574 3376 1832 3431 Dominus
1856 3377 2069 3445 aperuit

492 3466 623 3519 mihi
685 3482 896 3531 aurem,
946 3477 1002 3522 ut
1047 3450 1213 3526 sciam
1260 3467 1473 3536 quando
1500 3477 1752 3536 oporteat
1797 3468 1900 3521 dici
1941 3484 2066 3521 vcr-

490 3560 641 3611 hunt.
683 3578 700 3609 ›
739 3559 830 3623 Sic
874 3570 927 3621 et
988 3560 1175 3613 oculos
1226 3561 1403 3628 aperit
1435 3560 1713 3622 Dominus,
1756 3560 1894 3613 sicut
1937 3575 2061 3629 ape-

492 3651 601 3705 ruit
626 3653 815 3707 oculos
837 3650 1023 3719 Agar:
1058 3668 1076 3700 ι
1121 3650 1186 3704 Ει
1220 3650 1351 3704 vidit
1386 3662 1609 3719 puteum
1634 3665 1786 3719 aqua:
1816 3651 1949 3705 viva:
1983 3652 2059 3706 ⁸.»

488 3746 593 3798 Sed
624 3757 675 3801 et
698 3747 923 3815 Eliswus
975 3746 1235 3813 propheta
1285 3748 1419 3802 dicit
1444 3747 1507 3803 ἰ
1541 3764 1559 3797 ι
1596 3747 1780 3815 Aperi,
1814 3746 2061 3810 Domine,

483 3840 669 3893 oculos
701 3842 873 3921 pueri,
906 3848 963 3891 ιιι
996 3840 1177 3892 videat
1240 3839 1366 3905 quia
1405 3840 1587 3907 plures
1625 3839 1903 3893 nobiscum
1938 3849 2065 3892 sunt

484 3946 647 3998 quam
711 3946 833 3985 cum
898 3931 1246 3988 adversariis.
1287 3930 1355 3982 Et
1388 3931 1621 3997 aperuit,
1654 3931 1847 3997 inquit,
1883 3931 2063 3999 Domi-

483 4039 586 4075 nus
616 4026 804 4077 oculos
849 4023 1028 4091 pueri,
1082 4031 1285 4095 etecce
1320 4030 1464 4075 totus
1509 4037 1666 4075 mons
1720 4022 1912 4089 plenus
1943 4032 2064 4075 erat

485 4114 784 4180 equitibus,
816 4125 871 4167 ct
899 4113 1171 4176 curribus,
1205 4111 1535 4179 auxiliisque
1576 4111 1909 4166 cwlestibus.
1943 4112 2058 4166 Cir-

481 4206 702 4258 cumdat
735 4203 880 4259 enim
909 4204 1136 4274 angelus
1162 4204 1375 4259 Domini
1402 4204 1453 4258 in
1485 4204 1721 4259 circuitu
1753 4204 2060 4261 timentium

479 4312 628 4361 eum,
665 4308 723 4351 ut
772 4299 969 4367 eripiat
1014 4313 1109 4352 eos
1143 4298 1185 4351 ⁷.
1231 4317 1249 4349 ι
1290 4296 1480 4369 Aperit
1518 4311 1670 4365 ergo,
1708 4307 1764 4349 ut
1798 4296 2056 4363 diximus,

479 4388 645 4453 Deus,
672 4400 725 4444 et
752 4406 834 4454 os,
865 4379 923 4445 let
985 4406 1168 4455 aures,
1205 4400 1258 4443 ct
1293 4372 1500 4452 oculos,
1530 4398 1586 4441 ut
1624 4388 1705 4443 vel
1741 4389 2052 4458 loquamur,

2178 1918 2441 1979 qttuntur,
2468 1924 2604 1962 vana
2635 1918 2762 1963 sunt
2796 1925 2918 1978 quze
2944 1909 3256 1978 loquuntur.
3308 1906 3416 1961 Sed
3447 1913 3627 1957 tamen
3656 1904 3748 1956 trc-

2176 2011 2406 2071 quenter
2436 2016 2535 2055 nos
2576 2002 2831 2056 audimus
2878 2017 2965 2066 ea,
3017 2013 3075 2055 ut
3108 2002 3397 2053 adversum
3442 2011 3501 2050 ea
3536 2010 3754 2062 respon-

2180 2079 2308 2145 dere
2335 2092 2609 2161 possimus
2642 2110 2655 2145 :
2707 2108 2774 2145 ne
2805 2090 2939 2147 forte
2966 2091 3272 2161 subripiant
3322 2086 3754 2157 simplicioribus

2176 2184 2479 2253 quibusque
2510 2182 2737 2237 fratrum
2778 2193 3085 2237 nostrorum
3127 2198 3222 2251 per
3280 2180 3549 2235 sermonis
3585 2192 3752 2232 orna-

2178 2282 2315 2328 tum.
2346 2275 2608 2330 Audimus
2628 2289 2757 2343 ergo
2789 2275 2929 2340 hrec;
2975 2274 3069 2328 sed
3097 2289 3203 2327 non
3242 2272 3548 2340 recipimus.
3601 2270 3749 2323 Dicta

2176 2375 2302 2421 sunt
2336 2367 2480 2425 enim
2537 2366 2604 2420 de
2626 2382 2725 2421 ore
2769 2366 2860 2420 illo
2910 2370 3053 2435 quod
3112 2364 3365 2419 diabolus
3415 2363 3646 2431 aperuit.
3686 2360 3748 2415 Et

2175 2460 2297 2515 ideo
2320 2459 2584 2514 orandum
2628 2458 2785 2514 nobis
2813 2468 2918 2522 est,
2951 2467 3009 2511 ut
3056 2459 3308 2527 dignetur
3331 2457 3594 2511 Dominus
3622 2469 3747 2523 ape-

2176 2552 2287 2605 rire
2310 2567 2371 2606 os
2403 2562 2681 2617 nostrum;
2716 2562 2774 2607 ut
2804 2552 3075 2622 possimus
3105 2560 3157 2604 et
3195 2550 3631 2604 contradicentes
3659 2562 3748 2600 re-

2176 2645 2415 2710 vincere,
2448 2653 2501 2699 et
2530 2644 2790 2697 obturare
2816 2659 2877 2699 os
2914 2645 3057 2712 quod
3090 2642 3335 2697 diabolus
3367 2645 3598 2710 aperuit.
3627 2639 3749 2695 Hzec

2173 2738 2241 2793 de
2269 2754 2335 2792 eo
2356 2739 2497 2807 quod
2531 2738 2792 2807 scriptum
2822 2748 2905 2793 est
2930 2740 2966 2769 ¹¹
3003 2756 3013 2789 :
3051 2758 3067 2789 ι
3099 2739 3209 2807 Ego
3232 2738 3470 2807 aperiam
3493 2752 3553 2789 os
3576 2745 3746 2795 ιιιιιιιι,

2175 2840 2229 2882 et
2259 2830 2523 2883 instruam
2558 2838 2631 2893 te,
2656 2844 2775 2898 qua:
2800 2838 3048 2898 oporteat
3082 2839 3132 2884 te
3158 2830 3323 2897 loqui.
3361 2847 3379 2878 ι
3430 2826 3543 2879 Non
3576 2827 3748 2879 solum

2174 2932 2356 2976 autem
2391 2921 2563 2991 Moysi
2592 2922 2929 2990 promittitur
2962 2937 3023 2976 os
3065 2921 3261 2990 aperiri
3315 2938 3342 2972 a
3378 2920 3625 2981 Domino,
3655 2918 3749 2973 sed

2172 3024 2227 3068 et
2260 3021 2463 3069 Aaron.
2511 3013 2717 3067 Dicitur
2745 3013 2890 3067 enim
2923 3024 2977 3067 et
3008 3014 3074 3067 de
3123 3013 3243 3084 ipso
3276 3013 3316 3043 ι’
3361 3029 3374 3064 :
3418 3030 3434 3062 ι
3465 3011 3575 3078 Ego
3623 3024 3749 3076 ape-

2177 3106 2309 3159 riam
2344 3120 2405 3159 os
2437 3115 2606 3169 unum,
2638 3113 2692 3157 et
2727 3120 2789 3159 os
2824 3103 2989 3168 illius,
3023 3113 3077 3158 et
3111 3105 3373 3157 instruant
3406 3116 3499 3156 vos
3525 3116 3645 3169 qua:
3669 3100 3748 3151 la-

2173 3198 2352 3251 ciatis.
2399 3215 2416 3248 ι
2446 3198 2701 3252 Occurrit
2730 3201 2873 3252 enim
2906 3206 2958 3250 et
2982 3198 3159 3250 Aaron
3185 3195 3353 3265 Moysi
3380 3233 3394 3256 ,
3438 3204 3491 3247 et
3521 3194 3654 3244 exiit
3682 3192 3749 3244 de

2169 3282 2425 3359 Egypto.
2450 3290 2701 3344 Occurrit
2727 3297 2908 3344 autem
2934 3292 3003 3343 ei.
3038 3288 3178 3344 Ubi?
3208 3289 3259 3341 iu
3300 3286 3445 3355 quali
3480 3284 3635 3338 loco?
3667 3283 3749 3335 in-

2172 3388 2338 3433 terest
2366 3380 2507 3433 enim
2540 3380 2629 3433 ubi
2656 3389 2911 3433 occurrat
2944 3377 3110 3449 Moysi
3137 3378 3202 3444 is,
3232 3378 3386 3445 cujus
3415 3392 3478 3429 os
3502 3376 3749 3444 aperien-

2168 3472 2295 3525 dum
2324 3482 2405 3525 est
2434 3487 2463 3524 a
2502 3472 2631 3525 Deo.
2665 3471 2921 3525 Occurrit
2962 3471 3129 3532 enim,
3166 3470 3363 3539 inquit,
3406 3469 3458 3521 in
3506 3475 3747 3521 montem

2172 3564 2283 3618 Dei.
2321 3564 2480 3617 Vides
2503 3564 2627 3634 quia
2662 3564 2856 3617 merito
2882 3564 3128 3631 aper-itur
3158 3578 3221 3615 os
3268 3563 3408 3632 ejus,
3449 3562 3540 3631 qui
3574 3570 3746 3630 potest

2168 3669 2459 3708 accurrere
2503 3636 2554 3706 in
2600 3664 2837 3707 montem
2884 3653 2996 3709 Dei.
3042 3652 3257 3719 Petrus,
3304 3664 3359 3706 et
3394 3651 3653 3715 Iacobus,
3694 3657 3749 3703 et

2166 3746 2422 3809 Joannes,
2452 3750 2503 3800 in
2539 3760 2779 3803 montem
2818 3747 2907 3800 Dei
2960 3746 3343 3809 ascenderunt,
3393 3754 3453 3798 ιιι
3486 3744 3749 3797 transfor-

2168 3848 2373 3891 matum
2400 3836 2582 3892 Jesum
2617 3839 2801 3892 videre
2850 3847 3209 3898 mererentur,
3262 3846 3317 3891 et
3366 3836 3588 3907 Moysen
3622 3850 3744 3889 cum

2168 3926 2286 3994 ipso
2318 3939 2480 3995 atque
2508 3928 2680 3982 Eliam
2708 3929 2955 3981 viderent
2991 3929 3040 3980 in
3073 3926 3265 3994 gloria.
3301 3926 3366 3980 Et
3391 3937 3448 3979 tu
3481 3941 3611 3993 ergo
3643 3925 3745 3979 nisi

2168 4017 2478 4070 ascenderis
2501 4017 2565 4069 ad
2594 4028 2833 4072 montem
2869 4016 2988 4078 Dei,
3017 4030 3072 4069 et
3097 4018 3165 4069 ibi
3199 4018 3512 4070 occurreris
3555 4014 3743 4083 Moysi,

2167 4110 2218 4163 id
2249 4120 2333 4163 est
2388 4110 2486 4162 nisi
2523 4110 2797 4163 exce!sum
2826 4111 2962 4180 legis
3002 4110 3316 4165 ascenderis
3361 4125 3605 4174 s't'tts‘utu,
3645 4108 3743 4160 nisi

2166 4202 2233 4255 ad
2265 4201 2521 4269 spiritalis
2544 4201 2912 4271 intelligentiae
2937 4217 3195 4255 cacumen
3224 4201 3489 4263 evaseris,
3526 4218 3629 4253 non
3663 4210 3746 4253 est

2164 4307 2228 4347 os
2260 4301 2408 4346 tuum
2448 4302 2692 4361 apertum
2727 4309 2756 4346 a
2783 4292 3027 4347 Domino.
3061 4294 3116 4345 Si
3149 4293 3199 4345 in
3234 4292 3420 4344 humili
3453 4292 3568 4345 loco
3597 4292 3738 4345 litte-

2168 4400 2240 4441 rae
2272 4385 2567 4450 steteris,et
2598 4385 2835 4439 historia:
2873 4395 3080 4439 textum
3115 4385 3356 4440 .ludaicis
3408 4383 3739 4438 narrationi-

474 4481 560 4533 vel
593 4498 903 4546 cernamus,
937 4482 1016 4536 vel
1045 4484 1331 4537 audiamus
1392 4497 1512 4550 qua:
1539 4481 1628 4535 Dei
1679 4490 1825 4535 sunt.
1868 4478 1973 4534 Sed
2000 4488 2054 4534 et
2089 4488 2132 4544 ι)
2164 4478 2264 4531 bus
2299 4478 2567 4543 innectes,
2606 4492 2714 4532 non
2742 4477 3032 4531 occurristi
3065 4477 3235 4550 Μογά
3264 4479 3315 4531 in
3353 4488 3591 4532 moutem
3622 4477 3739 4537 Dei,

476 4573 611 4627 illud
640 4590 743 4627 non
776 4577 948 4629 otiose
977 4574 1184 4643 aecipio
1206 4574 1351 4645 quod
1383 4574 1515 4628 dicit
1540 4574 1797 4647 propheta
1831 4590 1844 4625 :
1874 4591 1891 4623 I
1922 4573 2058 4626 Eru-

475 4664 629 4727 ditio,
671 4664 847 4734 inquit
878 4664 920 4727 ',
955 4663 1167 4717 Domini
1228 4664 1440 4733 aperuit
1487 4663 1618 4717 mihi
1657 4679 1865 4718 aurem.
1898 4682 1917 4714 ›
1945 4662 2057 4718 iloc

474 4756 606 4810 mihi
643 4757 855 4810 videtur
880 4757 947 4810 ad
974 4771 1091 4820 nos,
1130 4756 1182 4809 id
1220 4764 1304 4809 est
1343 4755 1714 4829 communiter
1744 4756 1811 4810 ad
1837 4772 2053 4810 onmem

472 4848 566 4901 Dei
605 4848 903 4902 Ecclesiam
939 4848 1235 4918 pertinere.
1273 4846 1329 4900 Si
1364 4846 1510 4900 enim
1548 4848 1601 4901 in
1659 4847 1873 4901 Domini
1922 4864 2052 4905 cru-

473 4942 681 4995 ditione
729 4956 1038 5004 versemur,
1096 4939 1273 5010 aperit
1303 4946 1359 4993 et
1412 4939 1569 4994 nobis
1610 4954 1799 4993 aurem
1835 4938 2046 4991 Domini

470 5035 730 5088 eruditio.
790 5036 955 5089 Auris
1005 5050 1132 5088 vero
1159 5048 1280 5102 quae
1314 5048 1408 5101 per
1448 5033 1808 5087 eruditionem
1836 5031 2048 5085 Domini

469 5132 738 5195 aperitur,
798 5145 902 5182 non
964 5110 1192 5197 semper
1220 5110 1406 5199 aperta
1453 5138 1558 5188 est,
1617 5127 1712 5181 sed
1751 5127 2050 5195 aliquando

465 5228 676 5283 aperta,
714 5218 1006 5287 aliquando
1057 5219 1241 5273 clausa
1306 5226 1413 5271 est.
1466 5216 1606 5269 Audi
1684 5216 2050 5287 legislaturem

467 5312 499 5359 tl
532 5322 749 5364 tentem
778 5312 799 5342 ’
830 5329 843 5364 :
877 5328 895 5361 ι
929 5310 1007 5365 Ne
1053 5312 1332 5382 receperis
1366 5310 1443 5377 (Ξ)
1484 5298 1977 5362 auditmuvanmn.
2028 5326 2045 5357 ι

1096 5500 1108 5528 ¹
1146 5497 1334 5551 Matth.
1378 5510 1527 5556 xxvi,
1559 5495 1640 5549 15.

1056 5571 1072 5598 ⁷
1097 5570 1245 5623 Psal.
1266 5584 1457 5633 sunt,
1486 5568 1538 5620 7.

520 5498 563 5531 ”
590 5497 750 5550 .loan.
788 5497 1012 5557 .viu,9.7.

466 5568 487 5605 ⁸
521 5566 581 5618 ιν
615 5567 750 5631 Reg.
782 5584 852 5629 vt,
890 5570 975 5623 17.

466 5636 508 5670 ⁸³
538 5640 670 5691 ibid.
704 5636 790 5690 15.

536 5750 614 5822 (1)
644 5750 815 5819 Alias,
855 5771 870 5805 t
898 5754 988 5823 qui
1012 5770 1076 5807 ex
1107 5753 1213 5806 Deo
1247 5761 1393 5805 sunt.
1432 5770 1451 5804 ι

1720 5498 1739 5526 ⁸
1769 5496 1927 5548 lCor.
1967 5511 2059 5553 vn.
2104 5495 2187 5547 10.

1614 5568 1635 5603 ⁸
1671 5567 1772 5621 lsa.
1813 5582 1864 5631 L,
1902 5566 1955 5621 5.
2032 5569 2050 5598 ³
2084 5566 2253 5619 l'lxod.
2290 5580 2503 5631 xun,t.

2161 4585 2261 4623 nec
2293 4583 2355 4622 os
2394 4580 2542 4622 tuum
2584 4572 2795 4638 aperuit
2833 4570 2995 4635 Dens,
3032 4585 3207 4640 neque
3252 4570 3509 4624 instruxit
3544 4578 3596 4621 te
3623 4583 3741 4635 qua:

2157 4672 2405 4730 oporteat
2438 4670 2485 4714 te
2513 4663 2679 4731 loqui.
2722 4662 2832 4718 Sis:
2862 4680 2994 4734 ergo
3022 4664 3206 4717 Aaron
3238 4662 3570 4717 occurrisset
3597 4660 3742 4728 Moy-

2155 4753 2197 4806 si
2235 4754 2286 4805 in
2319 4762 2524 4817 monte,
2561 4753 2660 4807 nisi
2697 4753 2814 4822 ejus
2840 4771 3062 4811 seusqu
3105 4754 3393 4808 sublimem
3437 4753 3659 4805 vidisset
3688 4760 3742 4802 et

2154 4846 2406 4913 arduum,
2455 4847 2559 4900 nisi
2604 4849 2877 4902 excelsam
2909 4848 3027 4918 ejus
3074 4846 3485 4915 intelligentiam
3521 4859 3741 4911 perspe-

2156 4939 2353 5002 xisset;
2407 4957 2681 5011 nunquam
2726 4942 2774 4995 ei
2814 4942 3025 4997 locutus
3056 4942 3244 4994 luisset
3296 4939 3456 4993 verba
3490 4938 3607 4999 Dei,
3644 4951 3735 4988 ne-

2152 5046 2258 5099 que
2288 5031 2541 5085 virtutem
2574 5034 2855 5100 signorum
2887 5033 3373 5102 prodigiorumqne
3403 5028 3736 5087 tradidisset,

2153 5139 2329 5192 neque
2378 5126 2692 5195 participem
2738 5141 2861 5178 eum
2911 5128 3046 5179 tanti
3075 5124 3322 5197 mysterii
3358 5120 3736 5176 conscivissct.

2222 5216 2276 5269 5.
2328 5216 2525 5269 Verum
2571 5218 2827 5286 quoniam
2880 5218 3098 5286 longum
3141 5229 3226 5271 est
3268 5216 3338 5271 de
3374 5212 3610 5281 singulis
3646 5224 3741 5278 per

2150 5308 2399 5362 ordinem
2442 5310 2644 5377 dicere,
2695 5311 2977 5366 videamus
3021 5310 3251 5381 ingrcssi
3294 5310 3358 5361 al
3396 5307 3737 5360 Pharaonem

3211 5496 3231 5525 '
3262 5490 3460 5545 Genes.
3500 5502 3616 5547 nt,
3651 5482 3733 5538 19.

2266 5494 2286 5523 ³
2318 5493 2330 5545 l
2364 5492 2613 5553 .loan.|v,
2644 5495 2691 5546 1.
2791 5493 2931 5547 ‘lsa.
2956 5510 3004 5557 ι..
3038 5494 3091 5548 5.
3211 5496 3231 5525 ⁵
3262 5492 3460 5545 Genes.
3500 5502 3616 5547 nt.
3651 5492 3714 5538 W

2290 5580 2503 5617 nunt.
2585 5566 2627 5595 ¹⁰
2664 5564 2807 5617 l’sal.
2858 5582 3065 5617 xxxvii.
3096 5565 3175 5617 l3.
3260 5563 3301 5595 “
3340 5561 3511 5617 Exod.
3546 5572 3617 5617 ιν.
3652 5553 3715 5609 Ιῖ

3388 5572 3511 5616 xou.
3546 5572 3617 5623 tv,
3652 5572 3735 5609 η.

2585 5566 2627 5595 ¹⁰
2664 5564 2807 5618 l’sal.
2858 5582 3066 5631 χχχιιι,
3096 5565 3175 5619 15.

2234 5751 2309 5820 (2)
2342 5752 2514 5809 Alias.
2557 5770 2573 5803 ι
2608 5753 2939 5823 respexeris.
2974 5772 2991 5805 ι
