4122 6248
435 338 540 391 315

1646 336 1713 390 ΙΝ
1756 334 2039 390 ΕΧΟΒΕΜ
2084 334 2368 390 llOMlUA
2412 333 2492 387 lli.

3600 327 3702 383 ΞΗ

441 452 652 522 Moyses
680 461 731 505 et
770 451 952 505 Aaron
980 453 1106 520 quid
1137 453 1318 508 dicunt
1350 455 1392 491 ⁸⁸
1419 471 1430 506 :
1470 472 1488 504 ι
1536 452 1659 507 llaec
1685 452 1816 506 dicit
1846 450 2025 504 Domi-
2056 451 2097 505 Α
2129 451 2180 502 iu
2210 450 2336 503 aliis
2368 460 2541 502 totum
2582 448 2819 501 triduum
2856 446 2970 514 ipse
3004 446 3264 514 possidet.
3299 443 3404 498 Sed
3443 444 3519 497 illi
3559 445 3701 497 beati

442 560 593 599 nus:
632 544 846 598 Dimitte
878 544 1127 613 populum
1178 560 1381 610 meum,
1422 554 1479 596 ιιι
1508 546 1756 598 serviant
1803 542 1933 594 mihi
1968 542 2019 593 in

446 650 655 690 eremo.
703 656 721 688 ι
770 635 884 689 Non
925 637 1033 689 vult
1059 636 1270 707 Moyses
1313 648 1373 688 ut
1410 635 1641 704 populus
1692 636 1744 688 in
1789 633 2024 704 A‘Igypto

452 730 662 796 positus
689 731 888 782 serviat
941 730 1187 791 Domino,
1224 730 1318 783 sed
1348 739 1403 783 ut
1431 740 1591 783 exeat
1623 729 1675 783 in
1719 730 2021 790 desertum,

449 832 503 873 et
534 820 603 875 ibi
658 824 860 877 serviat
911 823 1149 876 Doittiuo.
1213 823 1325 877 lloc
1375 834 1460 877 est
1511 826 1630 878 sine
1672 822 1836 879 dubio
1878 822 2021 890 quod

450 911 706 974 ostendit,
739 913 864 980 quia
904 912 1075 965 donec
1107 915 1228 981 quis
1289 913 1340 965 in
1398 915 1638 967 tenebris
1674 912 2026 967 saecularibus

451 1013 653 1067 manet,
679 1014 733 1057 et
766 1007 817 1058 in
861 1008 1198 1070 negotiorum
1238 1009 1569 1063 obscuritate
1595 1017 1873 1070 versatur,
1918 1023 2023 1059 non

443 1099 626 1147 zaotest
664 1093 871 1145 servire
914 1093 1163 1150 Domico.
1222 1096 1341 1152 Non
1395 1097 1538 1151 enim
1598 1106 1773 1166 potest
1813 1096 2025 1151 duobus

440 1182 683 1239 dominis
735 1188 942 1240 servire
999 1206 1015 1244 :
1058 1207 1162 1244 non
1217 1202 1391 1260 potest
1436 1191 1663 1247 Domino
1703 1192 1911 1243 servire
1972 1200 2022 1243 et

440 1292 772 1333 mammona:
802 1281 863 1332 "'.
904 1280 1218 1336 Exeundum
1256 1284 1422 1352 igitur
1460 1284 1613 1337 nobis
1642 1294 1723 1338 est
1762 1284 1827 1336 ti:
1853 1282 2026 1351 Egy-

438 1377 570 1435 pto;
605 1371 995 1439 relinquendus
1035 1385 1119 1430 est
1160 1376 1411 1440 mundus,
1454 1377 1496 1429 si
1527 1376 1775 1430 volnnms
1803 1376 2028 1429 Domino

449 1468 671 1521 servire.
729 1467 1135 1536 lielinqnendus
1174 1481 1377 1531 autem,
1420 1472 1563 1535 dico,
1609 1488 1711 1524 non
1757 1471 1894 1534 loco,
1938 1472 2031 1525 sed

450 1561 663 1627 animo;
708 1579 814 1616 non
858 1563 1055 1616 itinere
1096 1562 1526 1630 proﬁciscendo,
1576 1564 1668 1617 scd
1725 1563 1827 1616 tiile
1866 1564 2030 1630 proti-

450 1655 661 1707 eiendo.
716 1653 853 1706 Audi
901 1655 1016 1708 lucc
1065 1654 1255 1707 eadem
1314 1652 1574 1708 Joannem
1616 1656 1881 1708 diccnlcnt
1925 1657 1966 1685 ¹⁵
2010 1670 2027 1708 ι

457 1763 476 1794 ι
526 1744 725 1809 Filioli,
770 1747 941 1800 nolite
973 1747 1203 1816 diligere
1246 1748 1537 1811 mundum,
1582 1763 1760 1815 nrqne
1800 1764 1860 1800 ea
1905 1764 2027 1816 qum

452 1837 506 1890 in
566 1839 771 1889 mundo
810 1848 966 1901 sunt,
1020 1840 1279 1908 quoniam
1328 1856 1489 1894 emno
1528 1841 1670 1907 quod
1728 1840 1778 1892 in
1823 1843 2022 1892 mundo

453 1942 567 1996 est,
608 1931 930 1986 desiderium
980 1936 1161 1986 carnis
1199 1942 1310 1997 est,
1363 1944 1418 1985 et
1456 1933 1787 1987 desiderium
1831 1934 2023 1986 oculi-

458 2038 598 2078 rum.
635 2041 656 2077 ι
702 2024 768 2077 Et
806 2025 933 2092 quid
963 2035 1139 2078 tamen
1183 2024 1349 2079 dicit?
1383 2024 1687 2090 Quomodo,
1723 2026 1801 2077 vel
1834 2036 2023 2089 quate-

455 2132 555 2169 nus
588 2117 854 2185 proficisci
889 2118 1041 2187 jubet
1068 2133 1133 2172 ex
1164 2118 1421 2191 Egypto,
1452 2120 1730 2173 videmnus
1760 2137 1772 2171 :
1813 2140 1830 2170 ι
1850 2118 2024 2181 Viam,

452 2209 625 2276 inquit
659 2210 719 2270 η,
782 2211 940 2263 tritru
992 2211 1202 2265 dierum
1259 2213 1455 2267 ibimus
1505 2215 1557 2267 in
1598 2228 1815 2277 eremo,
1859 2223 1914 2267 et
1954 2212 2024 2267 ibi

452 2298 848 2355 immolabinms
902 2301 1131 2355 Domino
1174 2304 1281 2357 Deo
1320 2314 1525 2359 nostro.
1586 2325 1603 2356 ι
1658 2306 1787 2371 Qua:
1818 2316 1900 2359 est
1942 2308 2025 2359 via

450 2391 611 2444 trium
647 2392 877 2458 dierum,
920 2408 1041 2463 qua:
1082 2394 1238 2449 nobis
1269 2396 1567 2452 incedenda
1608 2408 1708 2464 est,
1736 2408 1795 2452 ut
1824 2415 2028 2454 exeun-

450 2494 532 2540 tes
570 2488 635 2540 dc
674 2484 916 2557 Egypto
955 2488 1241 2555 pervenire
1288 2490 1559 2558 possimus
1615 2492 1681 2544 ad
1735 2492 1910 2545 locum
1974 2492 2025 2545 in

448 2594 555 2645 quo
597 2579 881 2633 immolare
920 2578 1253 2637 debeamus?-
1293 2581 1402 2652 Ego
1435 2584 1574 2635 viam
1601 2583 1749 2637 illum
1792 2585 2029 2654 intelligo

449 2675 540 2737 qui
584 2673 716 2725 dixit
759 2671 844 2726 ‘7:
886 2691 904 2722 ι
954 2672 1063 2741 Ego
1102 2687 1219 2726 sum
1262 2675 1367 2736 via,
1408 2684 1462 2728 et
1492 2677 1713 2741 veritas,
1740 2687 1795 2731 et
1834 2678 1960 2731 vita.
2004 2698 2021 2729 ι

451 2763 575 2817 ll.ee
606 2766 688 2817 via
731 2766 914 2819 triduo
956 2766 1428 2820 nobisincedenda
1452 2778 1555 2822 est.
1598 2770 1698 2836 Qui
1739 2772 2030 2825 enimcon-

450 2854 629 2909 fessus
665 2856 825 2909 fuerit
868 2857 919 2909 in
962 2871 1057 2909 ore
1098 2871 1196 2909 suo
1233 2857 1516 2910 Dominum
1552 2857 1763 2920 Jesnm,
1817 2872 1871 2915 et
1909 2877 2031 2916 ere-

453 2949 653 3003 diderit
694 2950 744 3002 in
782 2951 946 3003 corde
986 2962 1105 3012 suo,
1149 2950 1289 3017 quod
1333 2950 1471 3006 Deus
1500 2952 1647 3005 illum
1681 2955 1963 3008 suscitavit
1999 2972 2027 3007 a

455 3038 683 3092 mortuis
721 3039 879 3092 ter-tia
937 3039 1047 3101 die,
1090 3038 1273 3092 salvus
1325 3043 1427 3095 erit
1486 3043 1550 3095 ¹⁸.
1607 3042 1731 3098 "me
1778 3061 1908 3113 ergo
1947 3056 2029 3099 est

2126 544 2217 611 qui
2251 543 2518 609 integrum
2552 541 2619 593 ab
2651 554 2717 591 eo
2745 538 2981 591 triduum
3011 535 3289 596 secedunt,
3316 546 3370 589 et
3412 534 3615 588 nullam
3647 536 3700 588 in

2126 636 2208 688 eis
2230 651 2380 688 suam
2407 632 2645 702 possidet
2678 630 2843 685 diem.
2875 627 2989 680 Non
3014 642 3143 694 ergo
3175 631 3394 694 pote-tis,
3419 628 3545 694 quia
3574 636 3703 682 tunc

2130 727 2502 781 tantummodo
2523 727 2712 780 eduxit
2748 722 2957 792 Moyses
2986 719 3237 788 populum
3267 719 3333 777 de
3366 718 3618 790 Egypto.
3638 718 3706 774 Et

2128 835 2272 874 nunc
2316 819 2546 890 Moyses,
2598 834 2757 886 quem
2803 818 3065 870 habemus
3112 814 3393 868 nobiscum
3422 814 3705 871 (habemus

2127 914 2270 968 enim
2307 912 2551 982 Moysen,
2579 923 2633 967 et
2658 911 2997 981 prophetas),
3028 912 3078 964 id
3106 920 3191 965 est
3243 910 3327 969 lex
3388 906 3482 960 Dei
3518 908 3627 961 vult
3655 919 3706 959 te

2128 1008 2360 1062 educere
2400 1008 2464 1060 de
2496 1005 2766 1074 ngypto;
2802 1005 2847 1058 si
2875 1004 3065 1058 audias
3094 1018 3236 1062 eam,
3286 1000 3404 1053 vult
3446 1010 3500 1052 te
3552 998 3707 1067 longe

2132 1102 2310 1155 facere
2336 1116 2366 1155 a
2399 1100 2704 1155 Pharaone.
2740 1099 2941 1152 Eruerc
2970 1107 3021 1150 te
3047 1096 3197 1165 cupit
3233 1097 3299 1148 de
3326 1109 3497 1162 opere
3530 1092 3625 1145 luti
3674 1107 3721 1147 ei

2133 1194 2446 1265 palearum;
2476 1193 2520 1244 si
2547 1204 2725 1245 tamen
2763 1190 2953 1243 audias
2978 1190 3155 1257 legem
3184 1187 3301 1250 Dei,
3334 1197 3388 1241 et
3418 1184 3581 1255 138
3603 1200 3665 1253 sp
3691 1186 3702 1236 i

2136 1289 2373 1343 ritaliter
2412 1286 2700 1353 intelligas.
2736 1283 2851 1336 Non
2885 1282 2999 1334 vult
3027 1290 3077 1334 te
3110 1282 3162 1335 itt
3212 1280 3397 1335 carnis
3453 1288 3507 1332 et
3562 1288 3649 1330 ten
3675 1292 3704 1326 ιι

2134 1382 2355 1433 brarum
2394 1377 2604 1430 actibus
2652 1387 2994 1442 permanere,
3027 1371 3119 1425 sed
3166 1372 3317 1425 exire
3349 1370 3415 1423 ad
3442 1384 3687 1423 eremtun
3718 1409 3727 1417 .

2135 1472 2321 1525 venire
2348 1470 2413 1522 ad
2441 1470 2619 1523 locmn
2649 1466 3150 1533 perturbationibus
3174 1472 3227 1518 et
3248 1463 3501 1518 ﬂuctibus
3526 1461 3709 1517 smculi

2140 1580 2392 1623 vacuum,
2419 1563 2607 1617 venire
2629 1562 2695 1614 ad
2727 1560 2965 1629 quietem
3004 1557 3226 1611 silentii.
3262 1556 3435 1610 Verba
3459 1554 3601 1606 enim
3632 1568 3716 1611 sa-

2134 1660 2351 1730 pientia:
2381 1658 2432 1710 in
2494 1656 2713 1711 silentio
2766 1664 2820 1707 et
2864 1652 3049 1720 quiete
3090 1652 3396 1713 discuntur.
3449 1647 3529 1701 Ad
3569 1647 3713 1699 hunc

2131 1768 2264 1821 ergo
2298 1750 2474 1804 locum
2511 1747 2711 1816 quietis
2742 1762 2866 1801 cum
2902 1746 3135 1809 veneris,
3162 1744 3234 1797 ibi
3271 1740 3479 1812 poteris
3511 1738 3707 1791 inuno:

2130 1842 2245 1895 lare
2276 1841 2519 1901 Domino,
2554 1839 2626 1893 ibi
2663 1839 2837 1907 legem
2878 1840 2968 1893 Dei
2996 1850 3050 1892 et
3098 1838 3352 1889 virtutem
3392 1832 3591 1884 divina:
3622 1843 3715 1879 vo-

2128 1938 2208 1989 cis
2233 1947 2546 2004 agnoscere.
2570 1932 2859 2004 Pr0pterea
2874 1946 3005 1997 ergo
3028 1929 3172 1998 cupit
3200 1943 3251 1982 te
3278 1926 3487 1995 Moyses
3514 1926 3714 1993 ejicere

2130 2032 2197 2081 de
2247 2028 2425 2082 medio
2467 2026 2853 2080 ﬂuctuantium
2908 2025 3268 2093 negotiorum,
3314 2035 3369 2075 et
3414 2025 3481 2075 de
3537 2023 3715 2077 medio

2133 2118 2590 2189 perstrepentium
2616 2116 2961 2186 populorum.
2992 2115 3291 2184 Propterea
3313 2115 3459 2182 cupit
3490 2124 3541 2166 te
3565 2114 3717 2168 exine

2131 2212 2200 2265 de
2235 2212 2490 2281 Egypto,
2525 2210 2576 2263 id
2600 2216 2685 2264 est
2707 2209 2775 2263 de
2806 2207 3046 2262 tenebris
3070 2208 3422 2278 ignorantiae;
3464 2214 3521 2258 ut
3547 2206 3715 2273 legent

2134 2309 2226 2363 Dei
2264 2309 2472 2373 audias,
2517 2320 2573 2363 et
2608 2311 2783 2363 lucem
2828 2306 3069 2361 scientia:
3114 2304 3324 2371 capias.
3363 2302 3470 2356 Sed
3500 2302 3719 2355 obsistit

2133 2399 2375 2466 Pharao;
2432 2399 2683 2455 relaxare
2739 2410 2792 2454 te
2838 2416 2941 2454 non
2992 2399 3104 2450 vult
3137 2406 3321 2451 rector
3369 2397 3714 2449 tenebrarum

2133 2497 2358 2561 harum;
2391 2511 2495 2549 non
2523 2495 2632 2547 vult
2661 2504 2711 2549 te
2738 2493 2982 2546 abstrahi
3017 2494 3083 2545 de
3129 2491 3369 2545 tenebris
3401 2489 3535 2553 suis,
3563 2499 3615 2540 et
3644 2488 3712 2540 ad

2131 2589 2371 2643 scientim
2403 2588 2583 2642 lumen
2621 2588 2815 2642 adduci
2851 2605 2864 2640 :
2896 2596 2951 2640 et
2981 2585 3103 2639 andi
3138 2585 3266 2653 quid
3294 2582 3425 2635 dicit
3471 2599 3483 2634 ε
3534 2600 3552 2631 ι
3583 2581 3717 2646 Quis

2130 2691 2235 2744 est,
2270 2681 2443 2748 inquit
2467 2681 2533 2741 ",
2591 2678 2744 2747 cujus
2780 2678 2996 2731 audiam
3027 2678 3254 2731 vocem?
3304 2674 3498 2728 Nescio
3528 2672 3713 2726 Domi-

2134 2789 2282 2835 num,
2317 2784 2365 2825 et
2406 2772 2571 2826 Israel
2615 2788 2719 2825 non
2752 2771 3047 2825 dimittam.
3096 2790 3112 2819 ι
3164 2768 3301 2821 Audi
3326 2768 3454 2835 quid
3490 2780 3713 2833 respon-

2134 2865 2210 2917 dit
2260 2864 2514 2932 princeps
2560 2861 2718 2931 hujus
2753 2862 2963 2925 mundi,
3016 2858 3228 2913 nesrire
3259 2871 3316 2911 se
3366 2857 3532 2910 [tenui
3559 2853 3710 2905 dicit.

2135 2958 2300 3013 Vides
2328 2959 2457 3028 quid
2487 2958 2597 3027 agit
2628 2955 2794 3009 cruda
2832 2954 3105 3023 superbia.
3149 2953 3325 3005 Donec
3358 2951 3409 3003 in
3438 2947 3716 3001 laboribus

2138 3054 2414 3106 hominum
2445 3070 2549 3106 non
2596 3061 2699 3113 est,
2740 3062 2791 3105 et
2819 3066 2940 3105 cum
2984 3046 3295 3100 hominibus
3325 3059 3428 3097 non
3474 3039 3707 3111 ﬂagella-

454 3130 614 3183 tridni
651 3128 767 3191 via,
817 3142 913 3197 per
950 3143 1111 3196 quam
1152 3131 1470 3197 pervcnitur
1510 3132 1562 3186 in
1605 3132 1780 3188 locum
1824 3136 1877 3188 in
1922 3153 2029 3203 quo

2140 3155 2230 3198 tur
2255 3146 2333 3209 ²²;
2373 3155 2656 3213 propterea
2686 3143 2857 3197 tenuit
2884 3155 3006 3193 enin
3040 3138 3321 3207 superbia.
3357 3136 3602 3204 Denique
3629 3132 3713 3187 vi-

468 3222 693 3275 Doniiuo
730 3220 1037 3274 immoletur
1075 3230 1128 3274 et
1171 3222 1427 3276 reddatur
1464 3225 1788 3279 sacriﬁcium
1833 3226 2031 3284 laudis.

464 3314 609 3377 lliec,
651 3326 908 3382 quantum
951 3314 1017 3366 ad
1068 3314 1354 3383 mysticum
1391 3317 1624 3384 pertinet
1679 3318 2031 3373 i’ntellectmn.

454 3409 511 3462 Si
555 3423 681 3461 vero
719 3408 884 3461 etiam
945 3406 1228 3470 moralem,
1284 3407 1375 3475 qui
1428 3408 1583 3462 nobis
1632 3411 1880 3478 perutilis
1928 3421 2031 3477 est,

453 3499 784 3568 requirimus
841 3499 1042 3559 locum,
1086 3497 1188 3550 iter
1229 3498 1391 3550 tridui
1434 3500 1500 3554 de
1540 3500 1773 3571 IEgypto
1812 3503 2034 3571 proiici-

454 3590 682 3651 scimur,
711 3591 753 3642 si
789 3590 862 3643 ita
906 3603 1005 3642 nos
1037 3587 1105 3641 ah
1141 3589 1288 3642 omni
1322 3590 1734 3657 inquinamento
1757 3595 1954 3646 animae
1981 3604 2036 3647 et

457 3682 705 3751 corporis
729 3696 793 3734 ac
833 3682 1059 3749 spiritus
1100 3697 1507 3744 conservemus,
1552 3694 1628 3741 ut,
1679 3688 2038 3753 quemadmo—

456 3774 583 3828 dum
623 3773 759 3826 dixi:
800 3773 1091 3839 Apostolus
1119 3774 1180 3839 η,
1212 3791 1231 3823 ι
1280 3771 1493 3841 integer
1516 3775 1741 3843 spiritus
1783 3786 1961 3830 vester
1983 3787 2037 3830 et

456 3867 659 3928 anima,
717 3875 770 3919 et
810 3881 1010 3935 corpus
1052 3867 1104 3920 in
1147 3865 1235 3920 die
1271 3863 1399 3918 Jesu
1443 3863 1644 3919 Christi
1691 3878 1962 3921 servetur.
2013 3890 2031 3921 ι

456 3955 642 4009 Tridui
700 3957 804 4009 iter
844 3955 1244 4025 proficiscimur
1282 3955 1348 4009 de
1387 3953 1665 4025 lEgypto,
1709 3957 1753 4011 si
1798 3959 2037 4012 rationa-

460 4050 584 4113 lem,
646 4050 984 4113 naturalem,
1049 4048 1307 4101 moralem
1360 4049 1683 4115 sapientiam
1745 4051 1810 4103 de
1873 4053 2036 4107 rebus

457 4141 825 4196 mundialibus
864 4141 1176 4194 auferentes
1216 4141 1282 4195 ad
1325 4151 1529 4194 statuta
1574 4141 1755 4194 divina
1808 4157 2037 4197 conver-

459 4237 651 4295 timus;
696 4234 856 4287 tridui
889 4234 990 4286 iter
1015 4233 1082 4288 tle
1121 4233 1357 4305 Egypto
1384 4234 1802 4304 proficiscimur,
1845 4237 1887 4290 si
1932 4252 2032 4304 pu-

461 4328 737 4381 rilicanles
778 4325 830 4378 in
862 4324 1017 4379 nobis
1056 4326 1198 4379 dicta
1225 4368 1238 4389 ,
1282 4326 1425 4381 facta
1451 4366 1465 4389 ,
1504 4326 1585 4379 vel
1626 4327 1861 4396 cogitata
1905 4329 2033 4395 (tria

459 4428 587 4473 sunt
616 4418 759 4473 enim
791 4417 925 4483 hzcc,
960 4432 1054 4486 per
1080 4434 1199 4486 qua:
1232 4434 1457 4487 peccare
1487 4420 1734 4473 homines
1760 4422 2030 4491 possunt),

459 4515 758 4569 eﬂiciamur
797 4512 981 4565 mundi
1026 4514 1205 4573 corde,
1235 4521 1292 4563 ut
1334 4512 1600 4577 possimus
1633 4512 1800 4566 Deum
1830 4513 2032 4568 videre.

461 4606 551 4659 Vis
592 4618 773 4660 autem
825 4605 1010 4658 videre
1062 4619 1184 4672 quae
1244 4602 1553 4669 lmjusntodi
1614 4617 1768 4668 sunt,
1817 4622 1935 4673 qua:
1977 4608 2029 4660 in

461 4699 757 4764 Scripturis
796 4697 999 4750 indicat
1048 4696 1286 4765 Spiritus
1333 4697 1596 4750 sanctus?
1648 4697 1862 4751 Pharao
1925 4700 2032 4763 hic,

462 4788 657 4856 quiest
698 4790 946 4856 princeps
974 4788 1216 4857 JEgypti,
1261 4792 1348 4840 ubi
1391 4805 1448 4842 sc
1481 4790 1625 4843 videt
1657 4791 2035 4847 vehementius

459 4879 759 4947 perurgeri,
801 4887 858 4932 ut
896 4878 1133 4933 dimittat
1167 4879 1427 4947 pooulnm
1472 4879 1587 4943 Dei,
1632 4880 1873 4936 secundo
1916 4882 2039 4945 loco

463 4973 564 5027 hoc
597 4970 744 5040 cupit
784 4971 1079 5039 impetrare
1124 4981 1189 5019 ne
1227 4968 1434 5036 longius
1475 4972 1697 5033 abeant,
1744 4987 1810 5025 ne
1860 4982 2033 5025 totum

462 5066 701 5119 triduum
745 5062 1176 5135 proﬁciscantur,
1223 5070 1278 5115 et
1316 5061 1448 5115 dicit
1488 5062 1534 5092 ”
1585 5080 1598 5114 :
1642 5080 1660 5112 ι
1718 5063 1833 5117 Non
1878 5063 2037 5131 longe

461 5158 688 5213 abeatis.
722 5176 740 5209 ι
790 5156 900 5211 Non
943 5156 1056 5209 vult
1096 5156 1252 5225 longe
1292 5172 1320 5207 a
1353 5171 1413 5211 se
1454 5156 1568 5209 fieri
1605 5155 1857 5223 populum
1901 5157 2033 5223 Dei;

461 5250 574 5303 vult
612 5265 733 5303 eum
774 5250 816 5303 si
858 5263 964 5302 non
993 5249 1042 5301 in
1072 5249 1237 5311 facto,
1280 5246 1361 5300 νισι
1391 5247 1442 5300 in
1473 5262 1723 5301 sermone
1762 5263 1988 5317 peccare
2018 5267 2030 5303 :

460 5342 502 5394 si
549 5357 652 5394 non
681 5342 731 5394 in
772 5357 1050 5405 sermone,
1100 5340 1182 5393 vel
1226 5340 1277 5393 in
1320 5337 1651 5408 cogitatiOne
1693 5338 2031 5408 delinquere.

462 5433 576 5487 Non
610 5434 718 5486 vult
754 5444 811 5487 ιιι
846 5444 1013 5488 totum
1044 5451 1070 5486 a
1099 5450 1159 5487 se
1188 5435 1422 5488 triduum
1450 5432 1885 5501 proﬁciscantur.
1915 5434 2036 5487 Vult

460 5526 513 5580 in
547 5524 700 5580 nobis
727 5524 807 5578 vel
833 5541 997 5579 unum
1030 5526 1172 5580 diem
1205 5541 1359 5579 suum
1385 5527 1622 5588 habere;
1656 5523 1705 5575 in
1730 5524 1849 5579 aliis
1871 5525 2028 5594 duos;

526 5689 569 5721 ¹⁸
598 5691 837 5751 Exod.v,
880 5691 921 5743 Ι.
1003 5692 1197 5743 “Luc.
1233 5708 1339 5751 xvi.
1376 5692 1458 5745 l5.

468 5759 507 5789 “
540 5762 553 5812 I
612 5760 803 5812 Thess.
838 5778 889 5817 v.
924 5762 1009 5813 “23.
1092 5764 1134 5792 "‘
1164 5764 1331 5813 Exod.
1366 5778 1479 5826 vnt,
1509 5763 1599 5814 '23.

464 5844 577 5892 Vni.
611 5832 715 5893 ἓως
751 5831 912 5891 Marc.
947 5850 982 5895 ι,
1014 5833 1103 5887 Eli.
1189 5834 1231 5864 "
1257 5833 1297 5887 ll
1331 5834 1452 5888 Cor.
1494 5849 1565 5897 ιι,
1618 5833 1805 5896 13.1.3.

1541 5693 1580 5725 ⁸³
1622 5691 1636 5743 Ι
1666 5691 1820 5746 Joan.
1856 5710 1912 5756 tt,
1944 5695 2031 5756 13,
2060 5697 2138 5749 Ιϐ.

1678 5766 1715 5793 ²¹
1751 5765 1915 5816 Ελιὶιί.
1969 5781 2019 5823 ι’,
2049 5770 2102 5817 τὶ.

2138 3240 2293 3293 dehis
2332 3254 2454 3292 eum
2490 3236 2648 3306 paulo
2678 3245 2797 3305 post
2828 3245 3088 3303 quantum
3115 3232 3329 3301 prolicit
3367 3232 3417 3282 in
3452 3226 3712 3297 ﬂagellis;

2137 3338 2340 3398 quanto
2383 3327 2571 3380 melior
2618 3328 2934 3380 vcrberatus
2972 3324 3223 3376 ellicitur.
3272 3323 3375 3375 Iste
3419 3323 3511 3389 qui
3556 3321 3717 3373 modo

2138 3421 2311 3476 dicit:
2346 3439 2364 3470 ι
2405 3417 2601 3471 Nescio
2626 3417 2929 3481 Dominum,
2968 3437 2985 3468 ι
3025 3426 3207 3484 postea
3245 3428 3367 3467 cum
3399 3412 3505 3463 vim
3531 3424 3717 3463 sense-

2140 3514 2209 3566 rit
2250 3511 2562 3571 verbcrum,
2594 3509 2839 3563 dicturus
2868 3517 2953 3561 est
2980 3507 3026 3537 ³³
3058 3521 3073 3557 :
3112 3524 3130 3557 ι
3162 3504 3328 3560 Orate
3362 3518 3459 3573 pro
3493 3516 3579 3556 me
3610 3502 3713 3555 Do-

2139 3605 2365 3667 minum,
2403 3622 2422 3655 ι
2456 3613 2510 3656 et
2543 3618 2648 3655 non
2679 3601 2853 3655 solum
2880 3599 3003 3661 hoc,
3055 3597 3148 3652 sed
3172 3597 3334 3650 etiam
3362 3593 3717 3650 contestanti-

2141 3698 2241 3750 bus
2274 3699 2447 3763 magis
2477 3696 2739 3749 fatebitur
2783 3696 2907 3763 quia
2938 3692 3139 3761 digitus
3172 3691 3264 3744 Dei
3301 3702 3385 3743 est
3428 3689 3478 3742 in
3512 3689 3715 3741 virtute

2141 3791 2441 3858 signorum.
2476 3788 2644 3842 Nemo
2679 3804 2807 3856 ergo
2839 3789 2909 3840 ita
2949 3783 3265 3843 ineruditus.
3299 3782 3498 3835 divina:
3532 3782 3601 3833 sit
3629 3780 3714 3831 di-

2141 3883 2406 3950 sciplime,
2441 3892 2495 3933 ut
2519 3880 2723 3949 llagclla
2755 3880 2935 3933 divina
2971 3877 3268 3948 perniciem
3306 3883 3477 3943 putet,
3517 3881 3574 3926 ut
3603 3888 3719 3924 ver-

2144 3973 2272 4027 bera
2305 3973 2512 4026 Domini
2554 3970 2819 4039 pwnaleu.
2846 3969 3034 4022 credat
3067 3968 3368 4021 interitum.
3407 3964 3543 4017 Ecce
3575 3962 3718 4015 Pha-

2144 4080 2238 4117 rao
2283 4063 2641 4117 durissimus:
2700 4068 2877 4113 tamen
2928 4059 3141 4127 prolicit
3184 4057 3520 4111 verberatus.
3578 4054 3717 4106 Ante

2140 4157 2363 4211 vi-rbcra
2397 4155 2681 4210 Dominum
2708 4155 2877 4208 nescit
2898 4170 2912 4217 ;
2932 4155 3262 4205 verberatus
3292 4149 3582 4219 supplicari
3619 4162 3717 4215 pro

2139 4263 2197 4301 se
2240 4247 2523 4300 Dominum
2564 4255 2735 4314 rogat.
2793 4242 2891 4297 Est
2943 4243 3218 4311 prolectus
3262 4242 3313 4293 in
3366 4239 3565 4308 pinnis,
3613 4239 3714 4294 hoc

2139 4339 2315 4405 ipsum
2363 4349 2660 4406 agnoscere
2697 4333 2840 4400 quod
2874 4330 3140 4385 merueris
3181 4341 3419 4396 poenam.
3460 4344 3480 4378 ι
3523 4326 3717 4379 t\escio

2141 4439 2287 4493 ergo,
2325 4423 2423 4486 ait,
2480 4421 2787 4485 Dominum,
2827 4430 2881 4471 et
2916 4419 3078 4473 Israel
3134 4434 3239 4471 non
3274 4417 3509 4471 dimitto.
3554 4434 3572 4466 ι
3609 4416 3714 4468 Sed

2139 4519 2261 4572 vide
2316 4516 2368 4569 in
2402 4512 2731 4580 Evangeliis,
2777 4509 3048 4578 quomodo
3102 4510 3417 4563 verberatus
3461 4505 3717 4561 emendet

2135 4614 2275 4666 hanc
2303 4620 2511 4660 vocent.
2552 4603 2825 4671 Scriptum
2856 4612 2939 4654 est
2989 4602 3133 4653 enim
3164 4602 3289 4671 quia
3345 4600 3719 4653 clamaverunt

2134 4706 2414 4757 daemones
2444 4698 2509 4752 ad
2545 4698 2830 4751 Dominum
2854 4737 2869 4762 ,
2904 4706 2958 4752 et
2989 4697 3244 4749 dixerunt
3275 4696 3323 4728 “
3355 4711 3368 4746 :
3402 4713 3420 4744 ι
3455 4692 3592 4758 Quid
3628 4706 3714 4742 ve-

2138 4796 2260 4850 nisti
2291 4804 2414 4846 aute
2440 4802 2653 4861 tempus
2684 4801 2940 4858 torquere
2973 4789 3112 4841 nos?
3137 4788 3356 4840 Scimus
3394 4797 3446 4836 te
3472 4783 3561 4850 qni
3599 4781 3675 4834 sis
3698 4796 3711 4809 ·

2135 4889 2219 4943 Tu
2261 4902 2319 4941 es
2368 4885 2538 4939 Filius
2585 4883 2675 4938 Dei
2723 4883 2853 4937 vivi.
2894 4901 2912 4932 ι
2950 4880 3047 4935 Ubi
3090 4886 3355 4933 tormenta
3403 4885 3719 4931 senserunt.

2143 4983 2320 5042 sciunt
2348 4978 2661 5032 Dominum.
2707 4976 2848 5029 Ante
2881 4973 3089 5041 ﬂagella
3133 4971 3265 5026 dicit
3293 4988 3305 5021 '.
3337 4987 3356 5021 ι
3396 4968 3589 5022 Nescio
3618 4967 3715 5018 Do~

2147 5074 2373 5135 mittunt,
2408 5078 2461 5125 et
2514 5067 2676 5121 Israel
2722 5082 2827 5119 non
2862 5064 3096 5127 dimitto,
3136 5082 3155 5114 ι
3206 5063 3300 5114 sed
3337 5069 3523 5128 postea
3557 5057 3719 5111 Israel

2144 5166 2392 5227 dimittit,
2428 5172 2481 5216 et
2514 5179 2617 5215 non
2648 5160 2820 5215 solum
2868 5158 3119 5221 dimittit,
3155 5156 3246 5210 sed
3295 5164 3348 5207 et
3385 5155 3497 5223 ipse
3531 5169 3721 5222 perur-

2145 5256 2289 5324 gebit
2319 5270 2442 5308 eum
2474 5253 2644 5305 exire.
2678 5249 2830 5304 Nulla
2864 5250 3010 5301 enim
3052 5249 3287 5302 societas
3320 5248 3452 5300 lucis
3474 5248 3538 5299 ad
3567 5256 3719 5300 ιιιιιε-

2146 5348 2303 5410 bras;
2361 5346 2504 5399 nulla
2566 5358 2691 5411 pars
2728 5341 2870 5393 lideli
2903 5356 3027 5393 cum
3088 5339 3378 5393 intideli“.
3436 5339 3539 5391 Sed
3589 5339 3718 5405 quid

2145 5440 2325 5490 adhuc
2354 5437 2503 5490 addit
2540 5435 2592 5488 in
2636 5433 2917 5501 responsis
2951 5432 3099 5488 suis?
3136 5451 3155 5484 ι
3192 5432 3405 5499 Quare,
3450 5432 3624 5499 inquit
3650 5431 3719 5492 ³⁸,

2145 5530 2354 5599 Moyses
2379 5537 2433 5581 et
2459 5530 2663 5593 Aaron,
2695 5530 3003 5601 pervertitis
3045 5530 3301 5597 pepuluin
3336 5528 3402 5581 ab
3430 5525 3720 5595 operibus?

2222 5695 2263 5726 ιδ
2297 5694 2463 5747 l‘lvod.
2500 5711 2576 5757 In,
2624 5694 2701 5748 l8.

2184 5767 2226 5795 “
2260 5765 2573 5831 I’salmun,
2613 5766 2661 5817 ιι.

3322 5693 3363 5723 ¹⁸
3392 5689 3547 5745 Rom.
3574 5706 3626 5749 Χ.
3661 5696 3711 5751 Ω,

3434 5761 3479 5794 ιδ
3524 5760 3723 5820 Matth.

2788 5696 2824 5726 ¹⁷
2856 5694 3010 5748 .loan.
3042 5709 3152 5755 xw,
3187 5694 3237 5746 6.

2779 5765 2823 5798 ³³
2884 5767 3053 5821 Ειιυιι.
3113 5781 3235 5829 γιιι·ι
3267 5766 3322 5818 8.

1886 5836 1926 5863 9"
1966 5835 2131 5891 Ewd.
2169 5852 2217 5894 γ,
2256 5847 2295 5889 t.
