4122 6248
468 320 575 376 515

1950 320 2270 379 OlilGENlS

3626 323 3729 377 3l6

472 439 749 501 Discedite
793 447 1163 513 unusquisque
1216 443 1281 496 ad
1324 458 1461 513 opus
1496 454 1757 499 vestrum.
1804 463 1821 495 ι
1868 444 2047 496 Donec
2079 444 2124 503 Α
2155 456 2316 509 quam
2358 438 2675 507 prmdicatio
2707 438 2887 493 divina
2938 447 3212 504 nascatur,
3251 454 3357 493 non
3388 448 3468 493 est
3503 441 3726 493 tribula-

469 546 654 587 secum
693 544 775 586 est
807 536 1058 603 populus.
1090 546 1141 587 et
1169 536 1337 587 lutum
1378 545 1637 603 nperatur
1674 550 1737 588 ac
1789 536 2040 595 laterem,

470 624 645 677 donec
684 623 734 676 in
769 625 937 693 paleis
961 636 1260 693 occupatus
1284 635 1389 690 est,
1443 643 1547 679 non
1588 635 1742 692 putat
1772 639 1895 677 curn
1922 639 2043 678 esse

468 727 805 785 perversum,
830 717 924 769 sed
957 728 1103 772 iectn
1127 718 1320 772 itinere
1344 719 1611 771 incedere.
1641 718 1696 771 Si
1722 733 1847 769 vero
1871 717 2040 780 dicat,

467 808 599 861 Volo
621 810 699 863 ire
723 809 867 863 viam
891 810 1058 868 trium
1097 809 1305 863 dierum
1330 820 1381 863 et
1411 810 1622 864 servire
1656 810 1903 872 Domino,
1924 823 2042 877 per-

469 896 606 949 verti
642 901 891 963 populum
925 900 1055 951 dicit
1087 915 1181 967 per
1206 899 1427 967 Moysen
1457 909 1512 955 et
1543 900 1746 953 Aaron.
1776 899 1888 953 Hoc
1919 899 2041 967 qui-

469 989 588 1039 dem
630 987 917 1044 dicebatur
968 991 1225 1061 antiquis.
1286 991 1391 1046 Sed
1431 1004 1486 1046 et
1536 993 1698 1047 hodie
1743 993 1786 1046 si
1830 992 2040 1063 Moyses

466 1089 521 1131 et
556 1079 758 1141 Aaron,
790 1080 841 1134 id
872 1090 956 1134 est
993 1083 1345 1151 propheticus
1383 1095 1437 1137 et
1468 1084 1828 1139 sacerdotalis
1857 1098 2040 1139 sermo

466 1171 705 1224 animam
735 1173 990 1227 sollicitet
1018 1176 1082 1227 ad
1112 1176 1394 1229 servitium
1439 1175 1552 1237 Dei,
1595 1176 1892 1245 invitetqne
1921 1194 2041 1232 eam

467 1264 621 1317 exire
652 1265 719 1319 de
747 1266 965 1328 saeculo,
1002 1268 1320 1321 renuntiare
1349 1270 1601 1322 onmibus
1634 1286 1753 1337 qnze
1780 1272 2041 1338 possidet,

465 1370 687 1422 operam
714 1357 842 1410 dare
868 1359 1063 1411 divinie
1098 1357 1196 1424 legi
1225 1368 1279 1411 et
1315 1360 1466 1428 sequi
1500 1363 1723 1414 verbum
1759 1361 1874 1426 Ilei,
1922 1377 2044 1416 con-

468 1450 623 1503 tinuo
647 1451 834 1505 audies
865 1452 969 1505 dici
1011 1452 1078 1505 ab
1109 1453 1193 1507 his
1227 1454 1318 1521 qui
1353 1452 1621 1507 Pharaoni
1668 1457 1949 1509 unanimes
1986 1464 2045 1511 et

470 1543 629 1599 amici
664 1555 787 1596 sunt
824 1562 836 1598 :
871 1544 1058 1599 Videte
1087 1546 1358 1614 quomodo
1406 1548 1742 1600 seducuutur
1798 1549 2044 1604 homines

468 1643 523 1690 et
549 1645 950 1700 pervertuntur,
995 1636 1183 1705 quales
1227 1638 1599 1692 adolesventes
1653 1654 1720 1691 ne
1772 1639 2043 1709 laborent,

470 1741 539 1780 ne
579 1728 832 1787 militent,
860 1744 928 1782 ne
967 1740 1127 1797 agant
1168 1730 1369 1797 aliquid
1408 1732 1551 1797 quod
1582 1732 1661 1785 eis
1692 1733 1884 1799 prosit,
1916 1735 2045 1790 reli-

469 1818 571 1873 ctis
611 1821 772 1873 rebus
796 1822 1120 1875 necessariis
1152 1831 1204 1875 et
1246 1824 1468 1877 utilibus
1499 1825 1729 1890 ineptias
1760 1837 2040 1880 sectantur

468 1922 525 1966 et
560 1912 753 1964 otium.
790 1912 927 1976 Quid
969 1924 1051 1967 est
1082 1916 1290 1968 servire
1333 1915 1596 1969 Domino?
1637 1915 1917 1972 Laborare
1948 1934 2045 1973 no-

470 2001 607 2064 lunt,
638 2012 692 2055 et
722 2002 915 2057 inertis
936 2005 1031 2057 otii
1055 2004 1378 2059 occasiones
1409 2006 1714 2073 requirnnt.
1742 2006 1865 2063 llazc
1889 2018 2045 2064 erant

471 2104 597 2148 tunc
625 2095 787 2147 verba
830 2095 1151 2157 Pharaonis.
1215 2099 1329 2152 lucc
1370 2109 1422 2151 et
1446 2114 1589 2155 nunc
1630 2101 1790 2156 amici
1839 2101 1956 2165 ejus
1991 2109 2047 2156 et

469 2184 766 2240 familiares
797 2187 1107 2256 loquuntur.
1152 2188 1264 2243 Non
1299 2192 1471 2245 solum
1511 2192 1688 2248 verbis
1717 2208 1804 2246 res
1842 2194 2042 2262 agitur,

468 2285 773 2344 sequuntur
821 2289 875 2331 et
903 2280 1126 2333 verbera
1158 2296 1174 2344 ;
1229 2282 1488 2351 flagellari
1512 2282 1663 2350 jubet
1703 2286 1916 2339 scribas
1946 2286 2046 2340 lle-

468 2365 757 2431 brarorum,
800 2369 978 2436 paleas
1006 2387 1108 2423 non
1140 2372 1280 2440 dari,
1310 2388 1447 2441 opus
1480 2374 1620 2441 exigi
1652 2391 1665 2437 ;
1705 2376 1819 2429 haec
1860 2384 2046 2443 pertu-

469 2458 653 2511 lerunt
683 2470 886 2527 patres,
933 2462 1000 2514 ad
1046 2478 1277 2529 quorum
1311 2464 1540 2533 figuram
1572 2480 1714 2533 saepe
1752 2468 1916 2519 etiam
1946 2482 2045 2535 po-

470 2549 627 2617 pulus
669 2549 759 2603 Dei
797 2552 997 2618 quiest
1034 2554 1085 2607 in
1115 2555 1351 2610 Ecclesia
1381 2556 2047 2625 patiturJnvenieseuim,

468 2642 513 2694 si
550 2642 866 2697 consideres
892 2659 987 2697 eos
1016 2647 1103 2713 qtti
1136 2662 1194 2700 se
1230 2664 1295 2702 ex
1348 2649 1560 2717 integro
1606 2651 1839 2721 principi
1883 2650 2043 2716 hujus

467 2733 653 2787 mundi
714 2734 1085 2798 tradiderunt,
1136 2740 1412 2806 prosperis
1460 2742 1803 2795 successibus
1853 2757 2041 2810 agere,

470 2825 651 2877 omnia
681 2826 783 2889 eis,
817 2834 874 2879 ιιι
911 2827 1010 2894 ipsi
1052 2838 1263 2895 putant,
1298 2832 1534 2887 lelicitcr
1572 2833 1826 2897 evenire;
1872 2835 2044 2889 servis

467 2922 647 2969 autom
691 2916 782 2970 Dei
832 2933 975 2986 saepe
1024 2934 1091 2974 ne
1173 2921 1287 2976 haec
1324 2924 1540 2991 quidem
1595 2924 1816 2978 humani
1870 2925 2044 2978 victus

468 3005 690 3067 humilia
743 3019 798 3061 et
832 3025 994 3078 parva
1024 3014 1337 3068 succedere.
1370 3014 1506 3069 Istas
1530 3014 1673 3067 enim
1707 3025 1834 3084 puto
1870 3014 2038 3069 videri

2148 535 2241 594 tio,
2274 546 2378 585 non
2411 541 2493 586 est
2517 532 2745 587 tentatio
2778 550 2791 586 :
2823 532 2949 601 quia
2994 531 3098 585 nisi
3143 532 3389 585 buccinct
3419 532 3566 590 tuba,
3619 546 3722 585 non

2146 624 2504 677 committitur
2556 624 2787 688 bellum;
2844 624 2931 677 ubi
2997 638 3124 678 vero
3180 623 3394 692 sigmnn
3444 622 3567 676 belli
3599 625 3724 675 tuba

2144 716 2548 785 praedicationis
2629 716 2951 779 osmnderit,
3029 715 3130 778 ibi,
3209 714 3408 782 inquit,
3479 714 3727 781 sequitur

2145 806 2405 872 alllictio,
2472 806 2545 859 ibi
2610 805 2789 860 omnis
2861 804 3271 859 tribulationum
3337 819 3513 872 pugna
3585 820 3723 859 con-

2144 896 2340 964 Surgit.
2417 897 2492 952 Ex
2569 911 2677 966 quo
2741 912 2873 965 ergo
2950 895 3091 963 loqui
3161 895 3326 963 erepit
3412 894 3619 963 Moyses
3671 902 3727 949 et

2149 991 2311 1063 139
2346 991 2526 1045 Aaron
2559 994 2627 1045 ad
2685 991 3045 1056 Pharaonem,
3072 988 3324 1059 aﬂligitnr
3355 990 3580 1059 populus
3608 991 3721 1044 Dei.

2145 1083 2221 1136 Ex
2253 1099 2360 1153 quo
2400 1085 2452 1137 in
2490 1084 2725 1137 animam
2785 1094 2928 1137 tuam
2962 1099 3144 1136 sermo
3196 1085 3286 1136 Dei
3332 1083 3572 1150 perlatus
3616 1090 3723 1149 est,

2146 1181 2458 1233 necessario
2503 1189 2780 1234 certamen
2819 1180 2961 1233 intra
3012 1190 3063 1232 te
3100 1180 3395 1232 virtutibus
3433 1179 3724 1233 adversum

2147 1272 2276 1323 vitia
2328 1272 2667 1335 suscitatur;
2724 1270 2874 1338 prius
2910 1284 3042 1322 vero
3080 1286 3241 1339 quam
3288 1270 3497 1324 veniret
3544 1285 3726 1323 sermo

2144 1362 2234 1429 qui
2263 1371 2537 1431 argueret,
2569 1363 2697 1415 vitia
2743 1363 2881 1414 intra
2923 1369 2974 1415 te
3019 1362 3069 1415 in
3119 1376 3249 1430 pace
3287 1362 3561 1414 durabant
3590 1379 3602 1414 :
3629 1362 3725 1415 sed

2146 1454 2237 1507 ubi
2270 1469 2450 1508 sermo
2493 1454 2583 1508 Dei
2639 1454 2817 1509 facere
2843 1454 3010 1520 cmpit
3066 1454 3500 1521 uniuscujusque
3531 1454 3729 1506 discri-

2148 1561 2310 1609 men,
2360 1555 2490 1599 tunc
2538 1547 2877 1614 perturbatio
2918 1562 3113 1614 magna
3163 1546 3469 1613 consurgit,
3506 1556 3560 1598 et
3604 1548 3728 1600 sine

2147 1637 2351 1691 findere
2376 1639 2616 1692 nascitur
2641 1638 2860 1693 belhun.
2892 1639 3026 1691 Cum
3060 1639 3320 1708 iniustitia
3342 1639 3482 1691 enim
3509 1639 3729 1706 quando

2148 1740 2325 1798 potest
2362 1730 2652 1784 convenire
2691 1729 2903 1798 justitta
2926 1769 2940 1794 ,
2979 1729 3313 1799 impudicitia
3348 1746 3471 1785 cum
3516 1730 3733 1783 sobrie-

2151 1835 2279 1889 tate,
2311 1840 2435 1879 cum
2469 1825 2699 1879 veritate
2732 1823 3201 1879 mendacium?Et
3228 1825 3347 1877 ideo
3374 1840 3476 1876 non
3511 1839 3717 1892 maguo-
3794 1862 3797 1865 ι

2147 1929 2274 1984 pere
2304 1915 2706 1985 perturbemut‘,
2742 1913 2786 1967 si
2831 1914 3045 1967 videtur
3080 1914 3215 1967 odor
3249 1923 3436 1967 noster
3469 1928 3723 1965 exsecra-

2148 2007 2271 2063 bilis
2301 2022 2422 2061 esse
2462 2006 2750 2061 Pharaoni.
2808 2006 3174 2061 Exsecratioui
3217 2020 3452 2074 namque
3493 2016 3547 2059 et
3584 2004 3726 2058 vitiis

2148 2096 2365 2151 ducitur
2422 2096 2621 2152 virtus.
2668 2097 2810 2162 Quin
2869 2096 3050 2165 potius
3102 2105 3159 2149 ut
3218 2096 3267 2148 in
3332 2094 3727 2164 poeterioribus

2145 2187 2299 2254 dicit,
2332 2189 2458 2257 quia
2483 2190 2631 2243 stetit
2678 2187 2884 2258 Moyses
2923 2199 3049 2243 ante
3098 2187 3477 2250 Pharaonem,
3524 2196 3728 2240 stemus

2144 2281 2310 2333 etiam
2338 2296 2434 2337 nos
2470 2289 2664 2335 contra
2701 2279 3036 2334 Pharaonem
3070 2289 3125 2334 et
3152 2296 3255 2333 non
3290 2279 3589 2341 ﬂectantur,
3632 2278 3727 2333 sed

2149 2384 2357 2428 stemus
2411 2389 2430 2422 ι
2462 2364 2726 2426 succincti
2776 2372 2989 2426 lumbos
3029 2382 3245 2426 nostros
3276 2370 3328 2424 in
3375 2370 3623 2433 veritate,
3672 2379 3727 2425 et

2145 2464 2371 2519 calceati
2409 2466 2571 2533 pedes
2600 2464 2652 2519 iu
2684 2466 3084 2533 praeparatione
3120 2465 3403 2534 Evangelii
3429 2465 3578 2532 pacis
3609 2465 3673 2517 ".
3698 2483 3719 2516 I

2147 2554 2240 2611 Sic
2263 2557 2408 2611 enim
2440 2572 2538 2611 nos
2571 2558 2824 2611 hortatur
2852 2557 3144 2622 Apostolus
3169 2558 3356 2613 dicens
3390 2558 3434 2589 ³³
3471 2579 3482 2613 :
3522 2576 3539 2610 ι
3572 2555 3726 2611 State

2145 2664 2277 2718 ergo
2314 2659 2369 2704 et
2423 2649 2588 2703 nolite
2640 2651 2835 2705 iterum
2882 2649 3012 2719 jugo
3059 2649 3339 2703 servitutis
3376 2649 3663 2705 inhaarere.
3694 2666 3720 2701 ε

2144 2738 2343 2799 lterum
2374 2740 2502 2794 dicit
2541 2740 2585 2773 “
2621 2755 2636 2795 :
2674 2759 2691 2791 t
2724 2739 2779 2795 In
2812 2755 2920 2809 quo
2950 2748 3193 2808 stamus,
3235 2750 3290 2795 et
3343 2740 3639 2809 gloriamur
3670 2741 3724 2794 in

2147 2848 2243 2901 spe
2297 2833 2483 2901 gloria:
2536 2832 2649 2887 Dei.
2684 2851 2704 2883 ι
2757 2832 2981 2888 Stamus
3026 2843 3207 2887 autem
3260 2832 3628 2896 conﬁdenter,
3676 2832 3723 2887 si

2148 2924 2433 2978 Dominum
2495 2925 2876 2993 deprecemur,
2932 2934 2989 2978 ut
3046 2933 3248 2980 statuat
3294 2925 3459 2990 pedes
3509 2934 3726 2978 nostros

2147 3032 2309 3085 super
2348 3026 2583 3085 petram,
2627 3032 2694 3071 ne
2738 3017 2893 3072 nobis
2942 3017 3068 3072 illud
3122 3017 3357 3082 eveniat,
3404 3017 3545 3086 quod
3580 3016 3737 3070 idem.

469 3097 676 3165 paleas,
731 3115 851 3167 quin
899 3116 929 3154 a
985 3100 1272 3158 Pharaone
1310 3105 1712 3160 niinistrantur.
1768 3103 1856 3158 Fit
1910 3120 2041 3174 ergo
2071 3119 2112 3176 ο
2147 3104 2416 3176 Propheta
2472 3106 2605 3162 dicit
2642 3105 2733 3161 δι
2777 3124 2796 3157 ι
2835 3105 2935 3160 Mei
2978 3114 3159 3160 autem
3199 3104 3543 3174 paulominus
3592 3105 3720 3157 moti

468 3203 630 3258 saepe,
687 3201 744 3245 ut
794 3193 957 3247 Deum
1006 3195 1263 3249 timentes
1304 3196 1391 3250 vili
1438 3198 1539 3251 hoc
1561 3197 1726 3251 etiam
1767 3207 1821 3250 et
1870 3197 2040 3266 paleis

467 3280 632 3336 simili
684 3284 965 3353 indigeant
1008 3287 1174 3342 victu.
1220 3286 1375 3357 Saepe
1421 3289 1588 3343 etiam
1636 3291 2044 3361 persecutiones

466 3373 738 3429 sustinent
766 3384 1149 3444 tyrannorum,
1179 3379 1461 3447 perferunt
1501 3383 1775 3435 cruciatus
1806 3391 1860 3435 et
1899 3396 2040 3436 saeva

470 3473 761 3529 tormenta,
792 3465 861 3518 ita
894 3477 953 3519 ιιι
980 3468 1183 3537 fatigati
1206 3471 1448 3526 nonnulli
1489 3472 1676 3527 dicant
1702 3473 1768 3525 ad
1801 3473 2041 3527 Pharao-

470 3570 633 3608 ucm:
676 3556 875 3627 thuid
909 3570 963 3613 tu
999 3559 1193 3630 allligis
1253 3564 1508 3631 populum
1553 3565 1741 3618 tuum?
1791 3564 2041 3634 Superati

466 3663 700 3718 namque
734 3652 1051 3708 verberibus
1081 3655 1322 3709 nomnilli
1351 3672 1380 3709 a
1415 3656 1517 3715 fide
1545 3658 1804 3712 decidunt
1828 3670 1881 3713 et
1909 3674 2044 3713 con-

466 3738 688 3797 litcntur
724 3758 785 3797 se
831 3759 952 3815 esse
1012 3746 1266 3815 populum
1324 3746 1641 3813 Pharaonis.
1691 3767 1711 3801 ι
1739 3749 1855 3804 Νοιι
1896 3752 2040 3806 enim

463 3847 654 3887 omnes
700 3834 789 3902 qui
831 3850 898 3888 ex
941 3835 1126 3899 Israel,
1172 3838 1224 3890 lii
1273 3850 1401 3899 sunt
1448 3840 1730 3904 Israelita,
1777 3858 1877 3895 nec
1916 3843 2041 3910 quia

467 3934 598 3979 sunt
650 3940 857 3988 semen,
908 3937 1034 3979 sunt
1078 3943 1268 3982 omnes
1306 3938 1360 3983 et
1408 3932 1501 3983 lilii
1551 3935 1616 3984 ".
1651 3933 1741 3987 Isti
1782 3950 1912 4003 ergo
1948 3937 2040 4004 qui

467 4016 614 4071 dubii
644 4028 792 4080 sunt,
833 4028 885 4070 et
927 4020 978 4070 in
1012 4018 1451 4075 tribulationibus
1502 4022 1825 4094 fatigantur,
1876 4034 2039 4081 etiam

464 4118 655 4161 iontra
704 4107 926 4177 Moysen
960 4119 1011 4163 et
1057 4110 1238 4165 Aaron
1291 4111 1601 4179 loquuntur,
1656 4123 1711 4167 ct
1739 4116 1927 4170 dicunt
1952 4118 2039 4173 ἐς

469 4218 486 4248 ι
519 4198 593 4252 Es
635 4214 739 4268 qua
776 4200 864 4253 die
906 4201 1147 4257 intrastis
1168 4211 1222 4256 ct
1245 4204 1437 4258 existis
1458 4220 1553 4259 vos
1583 4205 1649 4259 ad
1674 4204 2038 4274 Pharaonem,

462 4294 852 4348 essecrabilem
885 4294 1090 4350 fecistis
1120 4297 1343 4351 odorem
1386 4308 1631 4357 nostrum
1670 4315 1855 4354 coram
1887 4316 1972 4359 eo.
2012 4320 2047 4356 ι-

465 4382 662 4439 Verum
691 4390 877 4443 dicunt
907 4390 1016 4455 isti,
1048 4392 1175 4449 licet
1219 4394 1470 4461 ignorent
1513 4396 1745 4452 fortasse
1777 4398 1923 4465 quod
1955 4398 2038 4452 di-

2147 3207 2271 3254 suut
2300 3200 2482 3267 pedes,
2509 3208 2564 3252 et
2594 3198 2940 3267 paulomiuus
2962 3197 3118 3253 επιιεί
3153 3208 3279 3251 ειιιιι
3308 3212 3526 3265 gressus
3558 3196 3717 3252 mei...

2145 3292 2365 3347 Stemus
2418 3305 2549 3360 ergo
2585 3300 2710 3345 ante
2752 3290 3116 3354 Pharaonem,
3152 3290 3203 3345 id
3248 3301 3331 3345 est
3395 3290 3720 3347 obsistamus

2144 3385 2194 3439 ei
2226 3386 2280 3438 in
2321 3384 2639 3447 certamine,
2677 3387 2817 3440 sicut
2850 3394 2905 3439 et
2932 3384 3123 3439 Petrus
3164 3382 3442 3453 apostolus
3466 3382 3598 3439 dicit
3629 3381 3676 3413 "
3704 3398 3720 3435 :

2152 3493 2171 3528 ι
2199 3476 2298 3531 Cui
2339 3475 2574 3531 resistite
2608 3475 2776 3532 fortes
2808 3476 2859 3531 iu
2887 3477 3011 3534 lide.
3053 3492 3074 3528 ι
3123 3474 3228 3529 Sed
3260 3484 3312 3529 et
3346 3472 3551 3529 Paulus
3578 3474 3721 3527 nihl-

2147 3565 2383 3620 lominus
2414 3567 2549 3622 dicit
2578 3568 2620 3599 "
2660 3583 2673 3621 :
2710 3584 2732 3620 ι
2767 3563 2920 3622 State
2960 3566 3011 3623 in
3044 3566 3146 3620 llde
3169 3574 3225 3621 et
3254 3564 3487 3618 viriliter
3517 3565 3717 3633 agite.)

2145 3658 2202 3713 Si
2231 3659 2375 3713 enim
2403 3657 2615 3714 fortiter
2640 3660 2971 3723 steterimus,
3010 3668 3381 3726 consequetur
3413 3657 3539 3711 illud
3574 3657 3719 3723 quod

2145 3748 2337 3805 orabat
2378 3749 2573 3805 Paulus
2616 3765 2715 3820 pro
2763 3749 3047 3818 discipulis
3093 3750 3303 3813 dicens,
3349 3750 3475 3815 quia
3525 3765 3543 3797 ι
3581 3744 3722 3799 Deus

2144 3848 2393 3894 conteret
2446 3837 2610 3892 Satan
2646 3839 2746 3892 sub
2786 3838 3014 3906 pedibus
3060 3835 3259 3891 vestris
3305 3834 3563 3888 velociter
3591 3833 3652 3886 ³⁸.
3694 3849 3718 3881 ι

2144 3930 2362 3997 Quanto
2384 3927 2528 3981 enim
2561 3942 2662 3980 nos
2698 3927 3041 3982 constantius
3082 3933 3137 3985 et
3163 3925 3367 3979 fortius.
3383 3925 3719 3985 steterimus,

2145 4027 2297 4074 tanto
2336 4018 2601 4072 infirmior
2640 4026 2694 4073 et
2727 4018 3013 4072 invalidior
3039 4017 3145 4071 erit
3171 4016 3403 4071 Pharao.
3442 4016 3498 4069 Si
3538 4026 3720 4069 autem

2146 4125 2245 4163 nos
2270 4108 2353 4161 vcl
2385 4106 2583 4161 infirmi
2614 4107 2944 4176 coeperimus
2983 4121 3122 4171 esse,
3173 4105 3253 4159 vel
3295 4104 3472 4170 dubii,
3509 4103 3594 4156 ille
3625 4101 3717 4154 ad-

2145 4216 2361 4259 versum
2406 4216 2505 4255 nos
2552 4199 2780 4254 validior
2819 4208 2874 4253 et
2920 4198 3258 4254 constantior
3310 4197 3422 4253 lict.
3484 4195 3549 4250 Et
3594 4209 3719 4247 vere

2147 4294 2278 4346 illud
2337 4292 2651 4361 iinplcbitur
2706 4293 2758 4346 in
2809 4291 3005 4357 nobis,
3053 4292 3102 4343 in
3161 4306 3267 4360 quo
3303 4288 3515 4358 Moyses
3574 4285 3718 4340 dedit

2147 4388 2371 4456 liguram
2405 4385 2469 4439 ³³.
2499 4386 2635 4441 Cum
2666 4384 2811 4440 enim
2856 4384 2969 4455 ipse
2995 4383 3234 4440 elevaret
3275 4398 3489 4445 manus,
3530 4380 3717 4434 vince-

460 4482 612 4537 cunt,
670 4477 811 4529 sicut
857 4490 910 4532 et
940 4480 1177 4547 Caiphas
1231 4481 1319 4535 ille
1375 4497 1558 4538 verum
1604 4484 1855 4548 dicebat,
1907 4486 2036 4554 quia
2069 4465 2115 4522 ι)
2146 4477 2308 4532 batur
2358 4477 2639 4532 Amalech.
2689 4476 2747 4531 Si
2790 4491 2919 4531 vero
2964 4474 3109 4529 velut
3143 4476 3315 4530 lassas
3336 4474 3620 4545 dejiceret,
3663 4478 3718 4526 et

468 4583 487 4617 ι
524 4568 741 4631 expedit
790 4568 938 4621 vobis
981 4580 1038 4621 ut
1068 4570 1331 4627 moriatur
1374 4588 1514 4627 unus
1546 4590 1645 4641 pro
1684 4575 1880 4643 populo
1909 4577 1977 4643 ιθ,
2013 4596 2032 4629 ι

461 4656 556 4715 sed
592 4659 719 4724 quid
752 4658 956 4715 diceret
987 4661 1289 4716 nesciebat.
1332 4662 1490 4729 Nam,
1533 4675 1592 4719 ut
1633 4666 1925 4735 Apostolus
1953 4670 2037 4724 di-

460 4750 535 4811 cit
560 4750 627 4813 ³ο,
659 4769 676 4801 ι
708 4752 907 4807 Christi
960 4755 1133 4808 bonus
1162 4754 1299 4809 odor
1329 4771 1547 4821 sumus;
1614 4760 1706 4813 sed
1765 4760 1908 4825 aliis,
1953 4763 2035 4816 in.-

460 4844 599 4910 quit,
648 4845 781 4897 odor
827 4846 893 4898 de
952 4846 1059 4897 vita
1111 4845 1162 4898 in
1220 4845 1404 4909 vitam,
1433 4847 1556 4902 aliis
1595 4858 1775 4901 autem
1803 4852 1936 4904 odor
1971 4854 2037 4909 de

462 4945 637 4997 morte
662 4935 714 4987 in
754 4947 1004 4991 mortem.
1044 4956 1064 4989 ι
1101 4938 1181 4991 lta
1228 4948 1280 4992 et
1314 4938 1661 5007 propheticus
1701 4956 1883 4995 sermo
1908 4959 2036 4998 sua—

461 5029 541 5082 vis
568 5030 702 5082 odor
740 5040 823 5083 est
855 5029 1241 5095 credentibus;
1272 5030 1452 5085 dubiis
1474 5045 1607 5085 vero
1629 5041 1685 5084 et
1714 5032 2031 5099 incredulis,

457 5128 512 5177 ct
536 5120 620 5173 his
648 5120 739 5188 qui
778 5135 836 5174 sc
862 5121 1116 5190 populum
1166 5122 1491 5175 confitentur
1547 5136 1675 5176 esse
1710 5121 2033 5190 Pharaonis,

457 5211 593 5267 odor
620 5214 971 5269 exsecrabilis
1000 5214 1251 5270 edicitur.
1290 5214 1396 5269 Sed
1427 5224 1484 5270 et
1514 5215 1628 5283 ipse
1655 5215 1867 5287 Moyses
1898 5218 2034 5273 dicit

459 5300 526 5365 ad
561 5301 866 5365 Dominum,
898 5307 1024 5373 quia
1065 5325 1082 5358 ι
1117 5323 1181 5362 ex
1201 5323 1311 5378 quo
1339 5307 1549 5361 locutus
1572 5322 1690 5361 sum
1734 5324 1853 5362 cum
1884 5308 2031 5364 Plia-

463 5409 649 5458 saone,
704 5396 895 5452 alllixit
956 5399 1208 5466 populum
1269 5409 1417 5453 tuum
1464 5399 1529 5451 ³¹.
1588 5418 1606 5452 ι
1663 5400 1882 5453 Certum
1945 5413 2029 5457 est

459 5486 602 5545 enim
659 5489 786 5555 quia
838 5500 1127 5556 antequam
1167 5506 1346 5545 sermo
1386 5490 1477 5544 Dei
1538 5490 1813 5555 audiatur,
1880 5502 2032 5545 ante-

536 5578 577 5606 '7
615 5577 769 5631 lion».
806 5596 881 5637 ix.
909 5582 961 5639 li,
993 5581 1046 5633 7;
1123 5581 1169 5612 ’⁸
1204 5582 1370 5634 Exod.
1408 5598 1458 5643 ν,
1492 5582 1581 5634 “ll.

461 5662 535 5705 \‘t.
574 5647 658 5707 Η.
690 5650 770 5701 lii.
850 5651 893 5681 ³³
925 5652 1100 5703 Galat.
1134 5668 1187 5707 ν,
1231 5654 1272 5703 l.
1351 5653 1395 5682 ³³
1424 5653 1636 5715 lluni.v,
1666 5652 1720 5703 ἓ.

464 5733 573 5784 χιι,
626 5720 711 5772 20.
797 5720 837 5752 τ’
904 5722 1049 5779 lixod
1129 5737 1252 5783 xvii,
1327 5722 1406 5773 ll.
1488 5721 1876 5787 ¹⁵¹’.1ωυ1ι.ιι·⁹
1921 5725 1970 5776 7.

1660 5583 1703 5613 ²⁹
1728 5580 1883 5634 Joan.
1925 5600 1999 5643 λι,
2030 5584 2117 5637 50.

1800 5652 1997 5705 “Psal.
2028 5655 2288 5719 ιιχιιιηῐ.

2144 4571 2362 4625 brachia
2418 4570 2631 4623 infirma
2674 4569 3007 4639 deponeret,
3039 4566 3400 4625 invalescebat
3430 4562 3715 4619 Amalech.

2140 4662 2217 4725 lia
2257 4678 2387 4731 ergo
2426 4662 2589 4715 etiam
2642 4675 2744 4716 nos
2795 4661 2847 4715 in
2881 4664 3082 4715 virtute
3137 4660 3318 4715 crucis
3370 4657 3573 4712 Christi
3613 4667 3714 4707 ex-

2142 4756 2392 4810 tollamus
2424 4754 2684 4818 brachia,
2730 4762 2793 4809 et
2816 4754 3089 4807 elevemus
3141 4752 3191 4805 in
3230 4751 3475 4806 oratione
3524 4754 3713 4801 sancta

2143 4847 2422 4900 manusin
2467 4845 2623 4899 omni
2671 4844 2789 4898 loco
2833 4843 2950 4897 sine
3000 4844 3078 4896 ira
3111 4853 3164 4897 et
3198 4840 3611 4909 disceptatione,
3656 4844 3715 4888 ut

2142 4938 2354 4992 Domini
2388 4951 2695 4991 mereamur
2722 4934 3005 4987 auxilium.
3056 4932 3166 4988 lloc
3206 4932 3345 4987 idem
3384 4943 3615 4997 namque
3659 4934 3716 4979 ct

2138 5029 2373 5084 Jacobus
2398 5024 2676 5094 apostolus
2704 5026 3046 5086 cohortatur,
3100 5022 3288 5075 dicens
3308 5021 3384 5075 “z
3412 5037 3430 5070 ι
3459 5016 3715 5071 llesistite

2139 5130 2318 5175 autem
2374 5116 2615 5180 diabolo,
2675 5123 2729 5168 ct
2777 5113 2945 5183 fugiet
2987 5128 3017 5166 a
3066 5110 3532 5181 vobis.rAgainus
3581 5121 3714 5175 ergo

2141 5212 2287 5269 Omni
2327 5209 2451 5274 fide,
2476 5218 2534 5261 ut
2557 5223 2660 5261 non
2685 5207 2855 5261 solum
2897 5207 3067 5275 fugiat
3107 5222 3135 5259 a
3176 5206 3349 5270 nobis,
3377 5203 3469 5256 sed
3496 5212 3549 5254 et
3581 5216 3713 5253 con-

2146 5314 2351 5361 teratur
2379 5301 2611 5356 Satanas
2638 5300 2740 5354 sub
2768 5299 2997 5367 pedibus
3028 5298 3230 5355 nostris
3250 5338 3264 5360 ,
3297 5297 3435 5349 sicut
3477 5305 3531 5346 et
3565 5290 3710 5344 Pha-

2138 5413 2233 5452 rao
2271 5398 2550 5449 demersus
2590 5401 2674 5447 est
2713 5393 2764 5447 in
2799 5408 2947 5448 mare
2971 5432 2988 5457 ,
3035 5402 3089 5445 et
3122 5391 3172 5444 in
3221 5387 3489 5458 profmnlo
3527 5381 3713 5454 abyssi

2137 5488 2459 5543 exstinctus.
2508 5482 2617 5540 Nos
2670 5495 2851 5539 autem
2907 5487 2950 5539 si
2985 5486 3302 5539 recedamus
3354 5481 3420 5535 de
3473 5477 3710 5547 Egypto

2196 5584 2241 5613 3°
2275 5580 2313 5633 Il
2343 5579 2466 5631 Cor.
2495 5592 2552 5637 ιι,
2590 5575 2677 5638 l5,
2712 5577 2798 5634 lli.
2877 5576 2917 5607 ³¹
2954 5576 3120 5630 Exod.
3161 5590 3212 5635 v,
3240 5574 3330 5626 ‘25.
3420 5572 3463 5604 ³³
3509 5569 3707 5633 ΙείιιΙιυε.

2368 5647 2619 5703 “ll'etr.
2650 5652 2769 5712 v.9.
2850 5649 2891 5679 ³⁷
2915 5645 2957 5702 ιι
2999 5648 3124 5703 Cor.
3157 5661 3270 5711 ut,
3316 5646 3402 5699 l3.
3483 5640 3706 5697 “llum.
