4122 6248
430 354 533 409 517

1666 336 1735 389 ΙΝ
1772 323 2061 385 LXODUM
2097 323 2384 379 llOillLlA
2421 318 2508 378 η’.

3585 308 3691 364 MS

428 468 691 522 vitiorum
724 504 740 528 ,
796 460 984 516 ﬂuctus
1038 458 1218 514 smeuli
1287 467 1544 522 tanquam
1610 450 1713 503 iter
1775 446 2009 502 solidum
2041 438 2089 499 Α
2119 455 2280 492 manu
2329 437 2482 507 ejus,
2532 434 2798 488 additur:
2839 449 2854 480 ι
2884 429 3111 495 Facies,
3168 427 3341 495 inquit
3383 426 3450 488 “,
3512 438 3574 476 ca
3635 424 3689 477 in

429 558 750 618 evadcttttis,
781 568 876 622 per
900 552 1084 608 Jesutn
1112 550 1386 606 Christum
1418 546 1703 599 Domimun
1736 549 2008 599 nostrmu,

432 650 521 711 cui
567 659 651 705 est
679 647 842 717 gloria
871 654 926 705 et
964 643 1247 715 imperium
1306 642 1360 696 in
1427 636 1625 693 saecula
1658 631 2005 689 saeculorum.

433 742 629 797 Amen.

1014 830 1285 889 llOMILlA
1329 828 1417 885 IV.
1906 885 1910 888 .

450 933 525 985 de
576 929 751 982 decem
799 925 1007 996 plagis,
1052 926 1241 995 quibus
1291 936 1538 992 percussa
1587 927 1664 972 est
1719 914 2005 984 Afgyplrs.

507 1016 558 1073 1.
616 1015 855 1070 llistoria
895 1014 1112 1084 quidem
1166 1010 1528 1068 famosissima
1573 1002 1753 1063 nobis
1782 1004 2005 1058 recitata

431 1120 539 1174 est,
571 1117 624 1161 ct
647 1121 766 1174 ιιιιιι1
795 1120 891 1174 pro
919 1106 999 1159 sui
1028 1102 1399 1171 magnitudine
1423 1101 1676 1155 universo
1705 1097 1907 1151 mumlo
1936 1093 2009 1147 sit

432 1201 675 1267 cogiiita,
740 1214 836 1266 per
887 1213 1048 1266 quam
1103 1196 1443 1266 designatur,
1500 1192 1646 1263 quod
1702 1190 2009 1259 ingentibus

431 1293 707 1362 signorum
738 1305 800 1343 ac
828 1288 1193 1357 prodigiorum
1221 1285 1542 1340 verberibus
1581 1282 1852 1353 [Egyptus
1880 1296 2004 1335 cum

434 1382 713 1436 Pharaone
749 1396 875 1449 rege
904 1380 1167 1449 castigata
1202 1380 1302 1445 sit,
1354 1388 1411 1431 ut
1442 1376 1793 1431 Hebrzeorum
1832 1389 2004 1443 popu-

434 1474 567 1539 lum,
617 1488 775 1543 quem
815 1489 876 1528 cx
912 1472 1096 1526 liberis
1136 1471 1380 1541 patrihus
1423 1477 1607 1522 natum
1640 1467 1911 1521 violenter
1952 1466 2007 1519 in

433 1564 753 1618 servitutem
791 1563 1099 1631 redegerat,
1148 1558 1403 1628 ingenita:
1450 1559 1701 1613 redderet
1742 1557 2005 1612 libertati.

434 1653 634 1711 Verum
694 1654 768 1707 ita
803 1662 1081 1721 gestorum
1128 1658 1383 1704 contexta
1441 1649 1681 1702 narratio
1721 1657 1823 1709 est.
1872 1658 1929 1701 ut
1958 1647 2005 1701 si

434 1743 643 1816 singula
668 1743 959 1811 diligenter
995 1742 1272 1813 inspicias,
1304 1744 1459 1812 plura
1492 1740 1543 1792 in
1572 1738 1769 1808 quibus
1804 1740 2001 1793 haereat
2031 1778 2077 1841 Β

437 1834 744 1891 intellectus
766 1848 927 1901 quant
963 1834 1014 1887 in
1049 1834 1248 1902 quibus
1279 1832 1533 1900 expedire
1568 1847 1627 1888 se
1658 1833 1828 1901 possit
1860 1834 2003 1890 inve-

440 1928 578 1982 nias.
641 1926 707 1984 Et
765 1926 892 1995 quia
950 1926 1166 1994 longum
1229 1934 1311 1980 est
1354 1913 1565 1994 singula
1618 1940 1715 1994 per
1762 1927 2006 1982 ordinem

438 2016 737 2086 Scriptura:
786 2016 931 2071 dicta
982 2030 1327 2085 proponere,
1394 2018 1788 2072 continentiam
1845 2021 2009 2074 totius

434 2109 677 2164 historiae
708 2109 1149 2176 compendiosius
1185 2110 1611 2163 recensebimus.
1637 2109 1806 2178 igitur
1833 2112 2009 2179 primo

431 2200 587 2269 signo
624 2199 849 2268 projecit
894 2199 1103 2267 virgam
1158 2213 1313 2253 suam
1359 2199 1572 2265 Aaron,
1623 2210 1677 2254 et
1724 2200 1868 2256 facta
1925 2213 2009 2256 est

430 2290 618 2354 draco,
657 2304 712 2349 et
743 2290 1023 2345 convocati
1055 2291 1428 2345 incautatores
1469 2301 1522 2346 et
1559 2292 1789 2347 maleﬁci
1836 2293 2007 2365 Egy-

437 2383 670 2450 ptiorum
708 2383 958 2437 fecerunt
989 2382 1244 2437 similiter
1272 2398 1337 2438 ex
1375 2384 1540 2455 virgis
1569 2386 1679 2440 suis
1718 2386 2003 2442 dracones.

431 2471 539 2527 Sed
596 2475 787 2539 draco,
837 2475 929 2545 qui
976 2490 1039 2527 ex
1085 2474 1234 2543 virga
1283 2476 1462 2530 Aaron
1512 2478 1693 2532 fuerat
1755 2470 1999 2543 ell‘ectus,

430 2567 713 2623 absorbuit
737 2570 1003 2623 dracones
1033 2568 1434 2642 Aigyptiorum.
1466 2570 1617 2638 Quod
1645 2588 1766 2627 cum
1794 2577 2002 2643 stnpori

428 2675 549 2714 esse
596 2659 847 2715 debuerit
895 2659 1188 2725 Pharaoni,
1226 2672 1281 2717 et
1321 2664 1387 2716 ad
1431 2663 1807 2719 credulitatem
1840 2668 2005 2734 proli-

429 2767 580 2815 cere,
612 2754 665 2805 in
692 2753 1029 2806 contrarium
1093 2769 1308 2808 versum
1346 2764 1448 2811 est.
1497 2756 1637 2812 Dicit
1673 2759 1814 2811 enim
1850 2759 2004 2813 Scri-

429 2851 613 2909 ptura,
640 2843 805 2910 quiar
834 2842 1141 2897 induratum
1191 2854 1272 2898 est
1309 2860 1404 2898 cor
1437 2844 1760 2912 Pharaonis,
1816 2857 1868 2901 et
1899 2864 2002 2902 non

432 2931 712 2987 exaudivit
743 2948 837 2989 eos
871 2934 938 2991 ".
973 2955 992 2986 ι
1059 2937 1122 2991 Et
1153 2937 1239 2991 hic
1271 2938 1487 3006 quidem
1511 2940 1663 3003 dicit,
1692 2942 1815 3010 quia
1847 2941 2005 2994 indu-

432 3033 605 3077 ratum
630 3035 716 3079 est
752 3041 852 3081 cor
873 3025 1174 3085 Pharaonis
1198 3069 1214 3095 ,
1246 3030 1338 3085 sed
1366 3041 1420 3086 et
1444 3032 1496 3085 in
1521 3032 1692 3100 prima
1730 3033 2005 3087 nihilomi-

2112 539 2405 597 conspectu
2449 526 2771 581 Pharaonis.
2809 523 2920 592 ligo
2963 529 3143 573 autem
3190 518 3385 571 induro
3419 530 3513 570 cor
3542 511 3679 566 Pha-

2116 624 2323 688 ra0uis,
2354 633 2405 677 et
2425 638 2532 682 non
2563 620 2800 673 dimittet
2829 616 3087 687 populum
3120 628 3347 667 meunm
3387 610 3483 664 llic
3512 610 3689 677 primo

2110 718 2314 772 dictum
2343 721 2429 768 est
2461 728 2489 765 a
2525 710 2752 764 Domino
2776 727 2789 762 :
2821 707 2965 777 «Ego
2991 706 3186 759 iuduro
3217 719 3309 756 eor
3333 700 3646 753 Pharaonis.
3666 714 3684 749 ι

2112 810 2217 865 Sed
2252 819 2305 862 et
2326 806 2566 863 secundo
2592 803 2680 857 ubi
2712 800 3015 857 ennmerati
3040 807 3161 852 sunt
3197 795 3472 865 principes
3504 792 3690 859 Israel,

2108 914 2227 975 post
2270 918 2439 971 pauca
2478 900 2631 954 addit
2669 913 2733 951 ex
2780 910 3012 965 persona
3052 892 3265 946 Domini
3299 908 3313 944 :
3355 908 3373 941 ι
3416 888 3559 958 Ego,
3605 888 3691 940 in-

2108 1001 2231 1070 quit
2260 999 2327 1065 ⁸⁵,
2373 999 2567 1053 induro
2590 1009 2686 1049 cor
2716 988 3049 1054 Pharaonis,
3100 996 3155 1041 et
3190 982 3495 1053 multiplico
3539 981 3692 1048 signa

2110 1107 2244 1149 mea.
2284 1106 2306 1145 1

2178 1187 2235 1241 2.
2277 1184 2429 1251 Quod
2457 1182 2500 1236 si
2531 1178 2805 1235 credimus
2836 1175 3051 1231 divinas
3094 1187 3218 1229 esse
3264 1172 3361 1227 has
3388 1170 3604 1224 litteras
3644 1176 3699 1222 ct

2112 1292 2208 1347 per
2246 1274 2510 1346 Spiritum
2535 1281 2782 1325 sanctqu
2810 1269 3077 1337 scriptas,
3117 1282 3223 1319 non
3257 1274 3386 1335 puto
3416 1263 3559 1331 quod
3589 1270 3696 1315 tam

2112 1370 2330 1438 indigne
2358 1367 2425 1421 de
2463 1365 2647 1419 divino
2686 1362 2891 1430 Spiritu
2918 1362 3242 1423 sentiamus,
3276 1368 3333 1412 ut
3377 1356 3600 1410 fortuitu
3645 1354 3696 1409 in

2114 1473 2267 1516 tanto
2311 1462 2414 1514 hoc
2461 1473 2628 1528 opere
2681 1456 2825 1509 facta
2869 1456 2939 1509 sit
2988 1455 3088 1509 ista
3129 1451 3401 1511 varietas,
3446 1458 3503 1500 nt
3553 1462 3697 1499 nunc

2109 1556 2324 1624 quidem
2363 1552 2622 1606 Dominus
2659 1549 2874 1602 dicatur
2916 1547 3202 1601 iudurasse
3227 1558 3321 1597 cor
3352 1541 3690 1602 Pharaonis,

2107 1662 2251 1701 ttunc
2280 1657 2462 1699 autem
2490 1659 2595 1697 non
2628 1658 2656 1695 a
2690 1640 2942 1703 Domino,
2988 1640 3081 1694 sed
3135 1636 3289 1707 quasi
3323 1643 3516 1703 sponte
3541 1632 3695 1685 indu-

2109 1751 2284 1792 ratum
2318 1738 2553 1791 dicatur.
2600 1734 2865 1804 Equidem
2902 1732 3169 1786 conﬁlcor
3218 1744 3305 1782 me
3351 1727 3531 1781 minus
3576 1724 3694 1778 ido-

2111 1847 2294 1897 neum,
2326 1838 2381 1885 et
2418 1830 2598 1884 minus
2624 1843 2925 1897 capacem,
2975 1825 3066 1893 qui
3101 1824 3308 1877 valeam
3343 1821 3396 1874 in
3444 1820 3692 1885 hujusce»

2110 1928 2257 1983 modi
2291 1922 2649 1980 varietatibus
2685 1923 2881 1977 divinae
2910 1918 3192 1986 sapientia:
3241 1924 3449 1969 secreta
3484 1911 3695 1965 rimari.

2108 2018 2338 2072 Paulum
2372 2027 2552 2070 tamen
2578 2012 2884 2082 apostolum
2922 2008 3113 2069 video,
3156 2005 3247 2073 qui
3284 2011 3509 2071 propter
3539 2000 3693 2055 inha-

2113 2113 2380 2166 bitantem
2416 2108 2467 2161 in
2494 2120 2553 2161 se
2584 2104 2838 2174 spiritqu
2877 2100 2972 2156 Dei
3014 2100 3197 2154 dicere
3221 2095 3565 2150 conﬁdenter
3599 2108 3701 2145 au—.

2110 2206 2268 2260 debat
2302 2204 2347 2234 “’
2382 2219 2396 2255 :
2432 2200 2643 2256 «Nobis
2708 2208 2891 2250 autem
2954 2189 3217 2247 revelavit
3278 2188 3541 2242 Dominus
3600 2201 3694 2254 per

2110 2294 2359 2363 spiritum
2414 2306 2594 2345 suum.
2662 2287 2900 2357 Spiritus
2955 2285 3102 2339 enim
3158 2282 3339 2336 omnia
3396 2288 3694 2336 scrutatur.

2108 2386 2275 2441 etiam
2322 2384 2429 2438 alta
2468 2382 2581 2436 Dei.
2628 2400 2645 2433 ι
2698 2380 2890 2445 llunc,
2948 2380 3187 2445 inquam,
3234 2373 3389 2428 video
3440 2381 3694 2440 tanquam

2110 2478 2495 2546 intelligentem
2530 2474 2661 2543 quid
2693 2470 2908 2527 diﬁ‘erat
2938 2471 3256 2523 induratum
3279 2481 3402 2521 esse
3428 2480 3524 2519 cor
3552 2463 3692 2520 Pha-

2111 2568 2334 2631 raonis,
2398 2576 2453 2620 et
2510 2564 2793 2618 indurasse
2848 2577 2946 2615 cor
3001 2558 3303 2613 Pharaonis
3360 2556 3693 2614 Dominum,

2107 2663 2308 2717 dicere.
2344 2659 2486 2714 Alibi
2529 2658 2752 2728 quidem
2800 2656 2936 2710 dicit
2971 2656 3058 2708 “‘z
3096 2672 3113 2704 ι
3145 2655 3225 2707 An
3268 2652 3492 2705 divitias
3536 2647 3690 2702 boni-

2109 2758 2237 2811 tatis
2267 2754 2404 2822 ejus,
2434 2762 2488 2807 et
2512 2751 2882 2823 patientiaz,et
2907 2747 3337 2820 longanimitatis
3364 2742 3692 2806 contemnis,

2108 2851 2363 2922 ignorans
2388 2846 2515 2918 quia
2546 2844 2804 2914 patientia
2832 2843 2923 2897 Dei
2952 2843 3016 2895 ad
3042 2838 3417 2910 pmnitentiatu
3456 2846 3506 2889 te
3531 2837 3695 2890 addu-

2107 2944 2225 2999 cit?
2256 2942 2563 2999 Secundum
2589 2938 2844 2992 duritiam
2874 2946 3057 2991 autem
3094 2946 3264 2998 tuam,
3300 2944 3351 2987 et
3375 2948 3472 2985 cor
3501 2928 3691 2999 impa-

2108 3037 2286 3090 nitens
2321 3033 2662 3088 thesaurizas
2697 3030 2792 3084 tibi
2831 3030 2967 3083 iram
3009 3028 3062 3081 in
3093 3027 3179 3080 die
3212 3027 3329 3089 ine,
3383 3035 3433 3078 et
3483 3024 3683 3078 revela-

432 3136 532 3174 nus
562 3119 738 3191 plaga,
769 3121 857 3176 ubi
886 3138 1021 3191 aqua
1048 3123 1098 3176 in
1124 3124 1442 3194 sanguinem
1468 3125 1720 3191 vertitur,
1748 3128 1999 3182 similiter
2022 3126 2071 3193 ε
2106 3126 2269 3180 tionis
2303 3125 2435 3195 justi
2466 3123 2658 3192 judicii
2690 3123 2805 3175 Dei.
2831 3140 2851 3174 ι
2886 3120 2989 3175 Per
3018 3120 3162 3189 quod
3196 3134 3317 3172 eum
3351 3117 3471 3171 sine
3503 3116 3692 3180 dubio,

435 3214 758 3281 rescriptum
790 3226 894 3279 est,
927 3225 978 3270 et
1002 3216 1051 3270 in
1084 3220 1321 3271 secunda
1349 3234 1470 3273 cum
1501 3233 1648 3273 ranae
1678 3218 2001 3286 debulliunt,

433 3303 528 3357 sed
558 3312 612 3358 et
648 3305 698 3358 in
731 3306 885 3360 tertia
926 3324 1048 3361 cum
1079 3308 1325 3378 ciuiphes
1365 3312 1665 3382 ingruunt;
1712 3312 1764 3366 iu
1811 3324 2003 3382 quarta

430 3409 649 3463 quoque
691 3413 815 3451 cum
861 3401 1144 3472 cyuomyia
1191 3403 1463 3465 educitur,
1510 3412 1566 3457 et
1596 3403 1650 3456 in
1685 3405 1869 3473 quinta
1914 3406 2003 3461 ubi

432 3500 628 3540 manus
652 3485 863 3542 Domini
893 3493 950 3543 tit
979 3507 1143 3561 super
1176 3510 1369 3563 pecora
1412 3495 1819 3567 Egyptiorum,
1853 3497 2005 3566 paria

431 3590 597 3644 super
629 3578 730 3633 hoc
764 3579 1020 3635 dicuntur
1054 3593 1108 3637 et
1134 3585 1353 3639 similia.
1410 3586 1465 3639 in
1524 3596 1675 3642 sexta
1736 3588 2005 3658 vero,ubi

430 3671 664 3740 sumpsit
701 3672 937 3727 favillam
966 3674 1033 3729 de
1064 3676 1289 3731 fornace
1335 3679 1565 3746 Moyses,
1613 3688 1666 3734 et
1719 3681 2004 3748 respersit,

429 3769 483 3814 et
507 3760 649 3815 facta
680 3772 806 3823 sunt
837 3762 1013 3820 ulcera
1044 3774 1097 3820 et
1128 3768 1319 3821 vesicae
1360 3769 1635 3825 ferventes
1673 3771 1725 3823 in
1770 3772 2006 3825 homini-

428 3853 597 3909 buset
622 3856 675 3909 in
709 3856 1177 3925 quadrupedibus,
1219 3870 1271 3913 et
1293 3858 1406 3927 jam
1433 3877 1538 3914 non
1578 3873 1827 3930 poterant
1862 3874 2008 3920 Stare

412 3946 659 4001 'maletici
699 3949 751 4001 in
788 3960 1080 4017 conspectu
1102 3948 1296 4020 Moysi,
1322 3966 1427 4005 non
1459 3952 1660 4006 dicitur
1693 3954 1815 4021 quia
1853 3955 2008 4008 indu-

428 4048 604 4092 ratum
641 4050 725 4094 est
769 4054 865 4094 cor
913 4040 1231 4103 Pharaonis.
1292 4044 1386 4098 sed
1450 4044 1749 4099 terribilius
1795 4046 2002 4116 aliquid

427 4130 646 4184 dicitur.
700 4131 975 4201 Scriptum
1033 4142 1116 4188 est
1170 4135 1317 4188 enim
1381 4136 1450 4201 δ’,
1506 4136 1631 4202 quia
1673 4155 1690 4188 ι
1732 4137 2008 4193 induravit

427 4220 689 4277 Dominus
718 4238 812 4277 cor
841 4223 1162 4291 Pharaonis,
1184 4235 1238 4279 et
1268 4240 1373 4280 non
1410 4227 1611 4279 audivit
1647 4227 1789 4290 illos,
1816 4243 2007 4298 quem-

427 4316 717 4369 admodum
762 4318 1039 4371 constituit
1074 4316 1382 4370 Domiuus.»
1415 4318 1644 4373 Rursum
1666 4319 1717 4375 in
1749 4320 2001 4387 septima,

425 4425 549 4461 cum
589 4410 799 4477 grando
843 4420 893 4462 et
929 4410 1064 4478 ignis
1103 4408 1398 4480 Aigyptum
1450 4423 1622 4466 vastat
1669 4414 1998 4477 universam,

428 4501 717 4556 iuduratur
737 4501 953 4573 quidem
982 4515 1076 4559 cor
1107 4500 1426 4567 Pharaonis,
1457 4504 1548 4557 sed
1570 4521 1673 4559 nou
1696 4522 1723 4558 a
1752 4505 1996 4561 Domino.

427 4595 484 4649 In
517 4605 729 4659 octava,
763 4594 851 4648 ubi
888 4595 1092 4649 locusta
1123 4596 1458 4664 producitur,
1496 4596 1755 4653 Dominus
1797 4600 1999 4654 dicitur

428 4687 688 4741 indurare
714 4701 807 4741 cor
838 4686 1159 4743 Pharaonis.
1203 4688 1309 4743 Sed
1341 4700 1394 4743 et
1424 4691 1477 4744 in
1524 4707 1663 4744 nona
1689 4707 1809 4745 ctnn
1845 4703 1999 4749 tene-

422 4777 535 4832 bra:
590 4777 887 4847 palpabiles
931 4778 1065 4832 llunt
1106 4792 1203 4848 per
1262 4788 1428 4833 totam
1488 4793 1685 4838 terram
1740 4785 1995 4857 Aigypti,

422 4867 727 4924 Pharaonis
774 4883 869 4924 cor
935 4870 1195 4924 Dominus
1249 4871 1509 4924 scribitur
1563 4874 1841 4931 indurare.
1912 4877 1993 4933 Ad

421 4963 670 5016 ultimum
699 4977 913 5032 quoque
939 4979 1060 5017 cum
1103 4965 1390 5020 exstinctis
1437 4965 1812 5036 primogenitis
1835 4970 1996 5043 Egy-

421 5057 658 5127 ptiornm
697 5055 956 5113 Hebraeus
999 5058 1228 5127 populus
1271 5059 1639 5125 discessisset,
1672 5073 1789 5129 post
1823 5066 1989 5119 uuilta

420 5148 622 5203 dicitur
660 5149 751 5202 ηε
797 5166 814 5199 ι
849 5148 913 5209 Et
955 5150 1230 5203 induravit
1269 5151 1528 5206 Dominus
1557 5170 1655 5207 cor
1692 5155 1991 5213 Pharaonis

417 5244 563 5312 regis
596 5241 850 5311 £33'pti,
887 5249 941 5294 et
983 5256 1263 5301 servorum
1305 5244 1443 5311 ejus,
1493 5253 1547 5298 et
1590 5246 1868 5304 insecutus
1911 5262 1994 5305 est

419 5344 536 5401 post
561 5334 708 5387 'ﬁlios
736 5334 922 5387 Israel.
956 5355 975 5385 ι
1031 5334 1138 5388 Sed
1170 5345 1225 5387 et
1258 5350 1379 5393 cum
1409 5336 1625 5407 Moyses
1662 5337 1709 5369 “
1742 5342 1807 5395 de
1843 5351 1988 5397 terra

422 5425 636 5480 Madian
671 5425 830 5499 140
856 5426 923 5479 ad
952 5426 1244 5497 A‘ngptum
1284 5427 1538 5493 mittitur,
1586 5440 1641 5484 et
1678 5435 1991 5502 praecipitur

419 5519 467 5570 ei
504 5518 685 5571 facere
713 5519 891 5572 ortiuia
933 5518 1178 5588 prodigia
1204 5556 1220 5581 ,
1267 5535 1386 5588 qua:
1437 5520 1582 5574 dedit
1629 5520 1889 5581 Dominus
1934 5528 1984 5581 in

489 5636 530 5668 “
578 5638 746 5692 Exod.
786 5654 883 5702 vn,
918 5641 1000 5693 15.
1081 5640 1124 5672 δ’
1168 5640 1334 5693 Exod.
1374 5641 1535 5703 μευ.

419 5708 461 5737 δ’
502 5709 516 5760 l
554 5711 679 5761 (lor.
710 5724 762 5771 ιι,
803 5711 882 5762 ltt.
958 5710 1001 5747 ⁸⁸
1028 5710 1180 5767 Ιίυιιι.
1222 5726 1278 5777 tl,
1324 5712 1393 5778 Δ,
1440 5714 1492 5767 5.

420 5779 463 5811 θ’
504 5778 649 5833 Ρωιι.
726 5796 889 5846 cuit,
940 5782 982 5843 l.

1610 5642 1685 5715 ⁸ᾼ³Α
1734 5646 1901 5702 Exod.
1946 5666 2055 5715 XIV,
2100 5649 2154 5703 8.

1598 5712 1826 5769 "Itoni.
1892 5734 1965 5783 Ix,
2036 5712 2097 5783 l8
2154 5731 2205 5772 et
2251 5732 2402 5785 seqq.

2108 3219 2199 3290 qui
2227 3227 2418 3289 sponte
2461 3217 2747 3272 induratus
2781 3224 2906 3279 est,
2953 3215 3152 3282 culpat.
3185 3212 3325 3267 Αιιιιί
3375 3227 3502 3265 vero
3548 3210 3693 3261 velut

2108 3312 2459 3383 quaestionem
2486 3325 2650 3378 super
2677 3310 2782 3362 hoc
2807 3308 3096 3377 quamdam
3120 3320 3431 3376 proponens
3455 3303 3585 3357 dicit
3609 3303 3690 3356 ‘9:

2125 3422 2143 3455 ι
2176 3404 2319 3473 Ergo
2365 3404 2450 3456 cui
2492 3400 2606 3455 vult
2648 3401 2959 3461 miseretur,
2996 3411 3049 3453 et
3090 3415 3250 3466 quem
3286 3398 3398 3449 vult
3450 3397 3686 3449 indurat.

2110 3495 2255 3549 Dicis
2297 3494 2477 3562 itaque
2517 3492 2646 3545 mihi
2684 3509 2697 3546 :
2730 3490 2869 3556 Quid
2904 3490 3072 3559 igitur
3101 3488 3279 3541 adhuc
3306 3486 3691 3553 conqueritur?

2110 3587 2389 3642 Voluntati
2433 3586 2576 3641 enim
2617 3585 2736 3655 ejus
2788 3586 2911 3654 quis
2954 3580 3258 3637 resistit?»
3315 3579 3481 3633 Addit
3526 3579 3689 3633 etiam

2110 3680 2196 3733 his
2228 3698 2241 3732 :
2276 3696 2293 3728 ι
2324 3677 2368 3733 Ο
2420 3677 2606 3740 homo,
2642 3685 2698 3729 tu
2728 3675 2849 3744 quis
2888 3688 2950 3728 es
2994 3672 3084 3739 qui
3136 3679 3323 3725 contra
3361 3668 3692 3738 respondeas

2112 3772 2254 3827 Deo?
2274 3770 2418 3826 tPer
2442 3770 2584 3838 quod
2613 3770 2677 3823 de
2709 3784 2774 3823 eo
2796 3769 2887 3836 qui
2911 3784 2938 3819 a
2975 3765 3203 3819 Domino
3234 3764 3431 3818 dicitur
3473 3762 3691 3814 iudura~

2111 3872 2217 3930 tus,
2254 3879 2360 3917 non
2399 3870 2506 3916 tam
2546 3861 2869 3931 qumstionis
2904 3856 3248 3913 absolutione
3271 3871 3431 3925 quam
3476 3862 3692 3921 aposto-

2110 3957 2210 4013 lica
2274 3955 2608 4011 auctoritate
2674 3954 2997 4023 respondit,
3049 3949 3217 4006 credo
3282 3967 3385 4003 non
3438 3947 3691 4017 judicans

2107 4051 2325 4120 dignum
2374 4065 2472 4119 pro
2536 4048 2899 4117 incapacitate
2956 4044 3314 4109 auditorum,
3371 4043 3583 4097 chartis
3635 4052 3691 4097 et

2107 4150 2415 4198 atramento
2455 4139 2826 4209 hujuscemodi
2858 4136 3258 4193 absolutiouum
3300 4143 3510 4190 secreta
3542 4150 3690 4190 com-

2107 4238 2349 4292 mittere.
2387 4234 2541 4289 Sicut
2570 4242 2628 4288 et
2652 4233 2703 4285 in
2745 4231 2852 4286 alio
2889 4234 3007 4285 loco
3032 4230 3079 4261 ⁵ο
3103 4230 3168 4283 de
3199 4228 3529 4301 quibusdam
3564 4242 3690 4280 νυνι

2107 4329 2191 4384 bis
2232 4329 2346 4398 ipse
2390 4326 2561 4391 dicit,
2600 4326 2819 4379 audisse
2857 4340 2917 4379 se
2966 4324 3213 4392 quaedam
3255 4338 3375 4392 qua:
3419 4337 3523 4374 non
3560 4320 3689 4374 licet

2108 4420 2419 4475 hominibus
2451 4419 2621 4488 loqui.
2656 4417 2811 4473 Unde
2842 4426 2899 4471 et
2941 4416 2995 4469 in
3043 4412 3531 4483 conscquentilnrs,
3559 4426 3682 4464 eum

2107 4515 2199 4587 qui
2239 4532 2344 4570 non
2383 4526 2492 4570 tam
2523 4515 2826 4570 studiorum
2868 4509 3063 4565 merito
3095 4524 3258 4577 quam
3302 4506 3505 4560 sciendi
3536 4505 3686 4573 cupi-

2102 4612 2271 4666 ditate
2314 4610 2708 4665 secretioribus
2751 4623 2808 4662 se
2837 4605 3234 4675 quaestionibus
3275 4600 3545 4653 curiosius
3577 4599 3681 4651 imo

2102 4704 2320 4774 mergit,
2354 4702 2627 4771 magniﬁci
2658 4700 2900 4754 doctoris
2928 4699 3227 4751 severitate
3257 4695 3527 4754 deterret,
3558 4707 3679 4743 cum

2103 4799 2237 4853 dicit
2269 4798 2312 4828 δι
2353 4815 2366 4851 :
2399 4814 2416 4845 ι
2441 4794 2485 4849 Ο
2521 4795 2705 4857 homo,
2742 4802 2797 4845 tu
2826 4791 2947 4859 quis
2991 4806 3049 4845 es
3096 4788 3187 4857 qui
3226 4798 3415 4841 contra
3461 4799 3681 4851 respou-

2102 4888 2235 4943 deas
2293 4887 2440 4941 Deo?
2500 4884 2751 4953 Nunquid
2800 4883 2931 4935 dicit
2989 4883 3303 4949 ﬁgmentum
3368 4878 3415 4930 ei
3470 4877 3561 4944 qui
3623 4890 3682 4929 se

2104 4981 2261 5036 ﬁnxit
2291 4978 2462 5045 :Quid
2505 4994 2591 5032 me
2637 4975 2813 5029 fecisti
2853 4974 2973 5027 sic?
3004 4993 3020 5025 ι
3059 4982 3113 5027 et
3154 4981 3371 5024 czctera.
3429 4966 3586 5025 Unde
3628 4977 3682 5020 et

2102 5073 2259 5126 nobis
2306 5072 2421 5125 lucc
2465 5075 2793 5123 observassu
2842 5072 3047 5117 tantum
3097 5069 3151 5114 et
3195 5060 3494 5127 inSpcxisse
3536 5056 3682 5110 suﬁi-

2103 5166 2245 5231 ciat,
2295 5175 2460 5232 atque
2495 5159 2805 5214 ostendisse
2841 5154 3180 5209 auditoribus
3221 5164 3422 5221 quanta
3465 5151 3575 5203 sint
3624 5151 3678 5203 in

2103 5255 2220 5323 lege
2251 5252 2429 5306 divina
2472 5247 2756 5317 profundis
2802 5247 3045 5298 demersa
3092 5242 3383 5311 mysteriis,
3425 5258 3523 5311 pro
3552 5242 3675 5310 qui-

2099 5344 2199 5399 bus
2229 5343 2408 5397 dicere
2431 5342 2484 5395 iu
2511 5340 2755 5393 oratione
2792 5338 3081 5392 debeamus
3106 5338 3150 5369 ⁵³
3179 5354 3194 5392 :
3228 5356 3246 5388 ι
3280 5336 3352 5390 De
3394 5333 3680 5405 profundis

2096 5434 2324 5491 clamavi
2363 5433 2428 5485 ad
2460 5442 2529 5493 te,
2570 5431 2817 5484 Domine.
2849 5448 2866 5479 ι

2168 5527 2221 5580 5.
2265 5525 2370 5579 Sed
2405 5533 2453 5578 et
2482 5523 2567 5576 illa
2625 5538 2729 5575 non
2778 5522 2954 5575 minus
3002 5522 3131 5582 mihi
3165 5522 3423 5583 intuenda
3462 5524 3677 5585 videtur

3196 5645 3241 5676 ³⁵⁸
3282 5644 3447 5698 Exod.
3492 5658 3578 5703 vn,
3614 5640 3672 5695 ὅ.

3168 5718 3209 5749 ⁵¹
3246 5718 3402 5787 lion),
3452 5729 3527 5781 IX.
3580 5712 3673 5766 2³)-

2231 5646 2275 5677 “
2304 5645 2471 5699 Exod.
2510 5660 2586 5695 ιιι.
2667 5646 2711 5675 ⁵⁵
2755 5645 2919 5698 Exod.
2950 5646 3118 5706 tv,?.l.

2513 5715 2558 5745 ⁵⁹
2594 5714 2631 5769 ΙΙ
2671 5717 2794 5770 Cor.
2863 5732 2956 5780 tu,
3010 5719 3057 5770 ιι.
