4122 6248
482 331 584 387 ’519

1964 325 2295 382 ORIGENlS

3638 316 3742 373 320

474 446 828 511 observatio,
886 462 1011 502 cum
1067 447 1301 514 qnzedarr
1367 447 1592 501 verbera
1638 448 1816 500 Aaron
1861 445 2066 500 inferre
2095 453 2138 505 Α
2170 459 2309 496 noua
2367 456 2579 495 rursum
2631 438 2998 497 contemnitur
3046 436 3278 502 Pharao,
3326 445 3382 490 et
3433 435 3743 505 pra‘eipitur

476 537 681 591 dicitur
736 537 1002 591 Pharaoni
1058 537 1138 589 vel
1199 536 1456 606 Egypto,
1513 538 1762 606 quzedam
1819 535 2056 605 Moyses,

475 629 725 694 quaedam
758 642 885 680 vero
924 628 1038 695 ipse
1082 627 1364 682 Dominus.
1408 629 1538 681 Nam
1578 629 1628 682 in
1669 630 1839 696 prima
1883 631 2059 698 plaga,

479 733 602 773 cum
647 733 815 787 aquas
875 720 1039 773 vertit
1095 721 1148 773 in
1207 721 1568 790 sanguinem,
1629 722 1809 775 Aaron
1864 721 2063 776 dicitur

482 806 694 863 levasse
753 809 957 878 virgam
1015 819 1068 862 et
1117 811 1454 879 percussisse
1508 827 1724 881 aquam.
1773 813 1878 868 Sed
1921 823 1972 866 et
2009 814 2060 866 in

481 900 742 967 secunda,
772 917 895 955 cum
927 902 1194 970 percussit
1237 916 1407 969 aquas
1431 941 1446 964 ,
1486 912 1540 956 et
1567 905 1754 958 eduxit
1785 919 1965 967 ranas,
2009 913 2062 959 et

481 990 532 1042 in
559 991 717 1044 tertia
755 1008 874 1045 cum
911 994 1156 1048 extendit
1205 1009 1366 1047 manu
1409 1009 1505 1048 sua
1551 994 1794 1064 virgam,
1839 1005 1893 1050 et
1938 1011 2062 1065 per-

479 1083 650 1135 cussit
683 1083 957 1151 pulverem
1011 1094 1192 1149 terrm,
1241 1095 1296 1138 ct
1344 1085 1472 1140 facti
1523 1097 1649 1139 sunt
1688 1087 1950 1155 ciniphes.
2004 1088 2060 1142 In

482 1175 566 1225 his
618 1175 790 1228 tribus
842 1175 1167 1229 verberibus
1215 1177 1393 1229 Aaron
1441 1177 1806 1232 ministerium
1850 1178 1972 1235 fuit.
2008 1180 2060 1234 In

484 1275 686 1331 quarto
738 1281 868 1320 vero
914 1268 1174 1321 Dominus
1208 1267 1403 1322 fet-isse
1445 1267 1644 1322 dicitur
1687 1281 1745 1324 ut
1789 1272 2065 1326 adveniret

485 1362 800 1430 cynornyia,
835 1373 885 1415 et
934 1361 1166 1428 repleret
1190 1364 1383 1416 domos
1425 1361 1751 1421 Pharaonis.
1782 1365 1887 1419 Sed
1918 1375 1975 1421 et
2009 1366 2061 1420 in

482 1458 674 1514 qtluti
739 1467 860 1503 cum
921 1455 1343 1522 exstinguuntur
1400 1468 1595 1522 pecora
1659 1453 2060 1524 (Egyptiornm,

485 1539 748 1596 Dominus
795 1542 1146 1598 nihilominus
1194 1545 1386 1600 fecisse
1433 1547 1632 1600 dicitur
1673 1549 1893 1602 verbum
1938 1548 2062 1603 hoc.

487 1631 541 1684 lu
576 1641 728 1685 sexto
753 1647 882 1688 vero
913 1634 1127 1704 Moyses
1163 1638 1399 1705 aspergit
1433 1635 1671 1692 favillam
1723 1639 1788 1693 de
1821 1639 2064 1707 fornace,

486 1734 538 1775 et
579 1722 715 1776 fiunt
744 1724 922 1779 ulcera
955 1736 1008 1780 et
1047 1729 1238 1781 vesicte
1269 1744 1390 1782 cum
1422 1729 1638 1785 fervore
1676 1730 1727 1783 in
1757 1732 2067 1788 hominibus
2119 1784 2122 1786 _

2167 535 2233 586 ad
2279 533 2476 588 caelum
2525 548 2714 586 manus
2757 531 3053 585 extendere
3103 529 3347 599 Moyses,
3400 541 3454 581 ut
3513 528 3646 581 fiant
3689 531 3742 587 in

2172 633 2281 679 tota
2314 633 2456 678 terra
2488 623 2707 694 Egypti
2745 622 3044 692 palpabiles
3082 620 3348 684 tenebrae;
3393 630 3446 673 et
3488 634 3593 673 non
3624 620 3739 687 qui-

2168 717 2290 771 dem
2330 731 2426 785 per
2467 731 2526 770 se
2561 717 2745 780 intrat,
2775 716 2868 768 sed
2903 721 3131 766 vocatur
3162 728 3190 766 a
3237 711 3545 765 Pharaone.
3582 710 3744 770 Sinti.-

2172 805 2296 859 liter
2325 815 2379 858 et
2426 805 2477 859 in
2509 805 2718 859 decima
2752 818 2871 857 cum
2929 802 3200 871 primitiva
3255 802 3524 866 delentur,
3557 812 3612 856 et
3643 818 3743 856 co-

2171 896 2316 965 gitur
2358 910 2480 948 cum
2530 893 2879 951 festinatione
2911 893 3063 950 exire
3096 893 3163 946 de
3197 891 3458 969 Egypto.
3511 893 3652 948 Sunt
3690 903 3748 949 et

2169 987 2288 1045 alia:
2341 988 2621 1058 permulta:
2667 987 3120 1050 observationes,
3161 985 3214 1041 in
3263 986 3463 1054 quibus
3517 987 3744 1055 singulis

2170 1080 2368 1135 divinae
2414 1082 2858 1134 demonstrantur
2906 1077 3102 1131 indicia
3151 1079 3451 1145 sapientiae.
3503 1079 3746 1134 Invenias

2165 1170 2315 1230 enim
2356 1171 2496 1238 quod
2532 1171 2708 1239 primo
2738 1185 2842 1223 non
2882 1168 3118 1226 flectitur
3152 1167 3515 1250 Pharao,nec
3547 1172 3747 1228 divinis

2171 1260 2494 1315 verberibus
2541 1261 2711 1327 cedit,
2758 1276 2882 1316 cum
2916 1278 3071 1331 aqua:
3120 1262 3173 1315 in
3213 1264 3530 1330 sanguinem
3578 1279 3747 1320 versa:

2172 1363 2319 1405 sant.
2354 1351 2410 1408 ln
2443 1354 2689 1409 secundo
2721 1367 2850 1406 vero
2878 1369 3066 1422 parum
3113 1353 3240 1420 quid
3271 1354 3466 1408 molliri
3507 1356 3739 1412 videtur.

2179 1463 2198 1496 ε
2231 1444 2458 1504 Vocavit
2484 1446 2629 1498 enim
2665 1444 2886 1514 Moysen
2931 1455 2982 1499 et
3016 1445 3224 1508 Aaron,
3252 1455 3306 1499 et
3333 1447 3471 1500 dixit
3499 1449 3566 1506 ad
3611 1464 3746 1507 eos:

2175 1537 2336 1592 Orate
2371 1552 2470 1606 pro
2512 1552 2597 1592 me
2647 1537 2712 1592 ad
2759 1537 3066 1602 Dominum,
3109 1547 3170 1594 ut.
3197 1537 3348 1594 tollat
3380 1555 3542 1595 ranas
3572 1557 3600 1594 a
3633 1559 3746 1607 me,

2175 1639 2230 1684 et
2258 1645 2286 1681 a
2323 1628 2518 1696 populo
2558 1644 2698 1692 meo,
2728 1639 2783 1681 et
2813 1628 3082 1683 dimittam
3125 1629 3378 1698 populum
3405 1632 3470 1684 ⁸⁷.
3497 1652 3515 1682 ι
3553 1632 3606 1685 lu
3643 1643 3750 1689 tee-

2179 1725 2252 1776 tio
2289 1724 2424 1790 magi
2478 1723 2710 1785 cedunt,
2753 1731 2807 1774 et
2843 1721 3030 1775 dicunt
3065 1722 3130 1775 ad
3176 1719 3516 1776 Pharaonem
3555 1742 3569 1778 :
3603 1743 3623 1776 ε
3657 1724 3750 1779 Dic

485 1823 540 1868 et
594 1819 900 1884 p-corihus.
959 1819 1062 1874 Sed
1111 1831 1166 1874 et
1221 1823 1271 1876 in
1331 1824 1566 1885 septimo
1616 1823 1827 1896 Moyses
1875 1827 2057 1884 elevat

2183 1813 2324 1880 gitus
2357 1813 2446 1867 Dei
2479 1821 2561 1866 est
2591 1812 2694 1865 hoc
2745 1829 2764 1862 ι
2798 1811 2852 1864 In
2883 1822 3078 1879 quarto
3117 1827 3213 1882 per
3238 1815 3583 1884 cynomyiam
3630 1830 3749 1868 ver-

489 1928 516 1952 ι·
544 1924 704 1960 animi
743 1927 894 1962 suam
933 1912 984 1964 iu
1026 1913 1249 1975 malum,
1285 1923 1339 1968 et
1371 1915 1504 1968 liuut
1535 1931 1696 1970 voces
1729 1917 1779 1969 iu
1808 1918 1967 1986 cmlo,
2015 1926 2072 1972 et

485 2000 710 2066 grando,
736 2010 790 2051 et
825 2002 1082 2056 diSCurrrt
1123 2004 1259 2072 ignis
1299 2020 1465 2071 super
1503 2017 1728 2061 terram.
1781 2008 1836 2062 In
1878 2018 2070 2064 octavo

485 2107 701 2160 quoque
755 2094 892 2147 idem
956 2095 1165 2164 Moyses
1221 2098 1460 2150 extendit
1523 2113 1742 2153 manum
1807 2115 1960 2155 suam
2015 2099 2068 2155 in

484 2180 711 2243 caelum,
750 2194 806 2236 et
839 2182 1103 2239 Dominus
1134 2186 1344 2242 inducit
1378 2198 1592 2247 ventum
1624 2199 1732 2244 lota
1762 2191 1848 2246 die
1873 2201 1927 2246 et
1959 2201 2068 2247 tota

485 2283 667 2337 nocte,
713 2283 769 2328 et
809 2276 1028 2332 adducit
1067 2277 1330 2333 locustas.
1381 2277 1485 2332 Sed
1530 2290 1584 2336 et
1634 2281 1691 2335 in
1735 2297 1878 2339 nono
1928 2285 2068 2339 idem

485 2366 837 2420 nihilominus
880 2367 1090 2436 Moyses
1133 2370 1381 2423 extendit
1427 2386 1644 2424 marmm
1674 2387 1828 2426 suam
1865 2373 1916 2426 in
1955 2388 2071 2428 cte-

488 2456 627 2520 lmn,
655 2466 709 2510 et
759 2457 893 2509 ﬁunt
937 2459 1170 2512 tenebrae
1202 2470 1256 2514 et
1284 2461 1460 2530 caligo
1502 2477 1664 2530 super
1688 2477 1905 2516 onmem
1956 2473 2067 2518 ter-

490 2561 607 2600 ram
659 2547 898 2618 Egypti.
958 2549 1012 2603 In
1067 2552 1278 2606 det-imo
1330 2569 1478 2617 vero,
1533 2554 1653 2608 finis
1709 2565 1760 2609 et
1812 2557 2069 2624 perfectio

490 2639 658 2692 totius
725 2642 907 2708 operis
954 2657 983 2694 a
1048 2641 1274 2698 Domino
1332 2647 1692 2701 ministratur.
1771 2648 1842 2701 lta
1921 2651 2065 2704 enim

488 2729 748 2798 scriptum
775 2743 858 2786 est
889 2733 934 2766 ³³
969 2751 982 2787 :
1018 2753 1036 2783 ι
1067 2734 1294 2792 Factum
1327 2748 1408 2792 est
1438 2749 1620 2792 autem
1656 2739 1801 2794 circa
1835 2743 2064 2796 mediam

489 2830 735 2884 noctem,
779 2833 830 2875 et
871 2823 1128 2882 Domimrs
1163 2830 1430 2894 percussit
1459 2844 1618 2882 omne
1647 2830 2065 2900 primogenitum

489 2913 544 2966 in
591 2924 733 2967 terra
779 2914 1050 2988 Egyptii,
1097 2935 1125 2972 a
1173 2921 1534 2991 primogenita
1589 2921 1918 2988 Pharaonis,
1971 2925 2063 2994 qui

489 3003 713 3058 sedebat
741 3023 838 3076 sup
875 3023 903 3063 r
941 3009 1194 3063 :hronnm
1223 3011 1360 3081 ejus,
1399 3027 1570 3079 usque
1621 3014 1688 3066 ad
1737 3015 2067 3085 primogeni—

489 3102 604 3150 tum
637 3099 860 3165 eaqitivze
883 3116 1000 3169 quae
1045 3111 1126 3157 est
1165 3103 1217 3158 in
1260 3105 1400 3169 lacu,
1452 3115 1507 3158 et
1547 3119 1711 3160 ontne
1737 3106 2068 3178 primogeni-

493 3195 604 3240 tum
634 3190 862 3255 pecoris.
900 3209 918 3240 ι

562 3279 620 3334 4.
646 3279 738 3333 Est
767 3281 948 3336 etalia
990 3283 1040 3336 in
1094 3282 1178 3338 his
1225 3283 1566 3351 dilferentia,
1608 3301 1768 3357 quam
1813 3289 2069 3344 observa-

489 3368 695 3436 vimus,
732 3375 874 3444 quod
905 3374 959 3429 in
1013 3375 1186 3445 prima
1217 3377 1432 3446 quidem
1470 3378 1648 3448 plaga,
1689 3395 1810 3434 cum
1837 3397 1976 3450 aqua
2012 3382 2065 3438 in

493 3465 807 3531 sanguinem
839 3466 977 3532 linit,
1026 3469 1266 3522 nomlutu
1295 3468 1496 3523 dicitur
1522 3468 1694 3540 Moysi
1743 3482 1802 3524 ut
1840 3471 2070 3527 intraret

492 3554 558 3613 ad
587 3553 948 3622 Pharaonem,
985 3559 1079 3612 sed
1112 3560 1312 3614 dicitur
1343 3560 1391 3614 ei
1419 3559 1466 3590 "‘
1495 3577 1510 3616 :
1547 3578 1564 3611 ι
1601 3559 1749 3615 Vade
1785 3562 1836 3616 in
1878 3579 2070 3619 occur-

493 3659 610 3697 sum
665 3645 789 3712 ejus.
837 3651 904 3701 ad
955 3649 1129 3714 ripam
1174 3649 1412 3706 ﬂuminis
1442 3689 1459 3716 ,
1527 3666 1652 3706 curn
1706 3654 1953 3722 procedit
2003 3656 2069 3711 ad

494 3753 711 3806 aquam.
741 3759 762 3793 ι
789 3741 844 3796 1η
867 3743 1103 3799 secunda
1131 3759 1258 3799 vr-ro
1298 3745 1473 3814 plaga,
1505 3758 1872 3818 posteaquam
1895 3751 2067 3820 prima

493 3829 562 3882 ab
593 3831 674 3884 eis
700 3842 1022 3888 constanter
1045 3846 1097 3890 et
1121 3836 1353 3890 fideliter
1395 3839 1704 3900 ministrata
1731 3852 1840 3907 εει,
1874 3842 2070 3898 dicitur

493 3921 560 3972 ad
622 3937 743 3974 cum
793 3924 839 3955 ⁸⁵
875 3941 888 3975 :
925 3925 1110 3978 tlntra
1173 3929 1237 3979 ad
1292 3925 1650 3995 Pharaonem,
1691 3942 1746 3985 et
1793 3933 2069 4001 ingressus

491 4009 582 4069 dic
617 4026 634 4066 :
669 4011 791 4070 llaec
817 4014 946 4067 dicit
981 4015 1262 4079 Dominus,
1295 4035 1321 4075 ι,
1351 4030 1404 4072 et
1435 4020 1664 4088 reliqua.
1701 4020 1818 4075 Jam
1853 4037 1980 4076 vero
2015 4024 2066 4076 in

497 4105 676 4165 tertia,
706 4105 792 4158 ubi
817 4105 1062 4174 ciniphes
1092 4107 1416 4173 inferuntur,
1439 4113 1576 4178 magi
1607 4113 1696 4180 qui
1731 4118 1879 4181 prius
1904 4113 2071 4169 obsti-

495 4203 704 4258 terant,
740 4199 938 4250 cedunt
982 4201 1316 4255 conﬁdentes
1361 4203 1486 4272 quia
1547 4205 1793 4274 (digitus
1853 4207 1941 4261 Dei
1985 4218 2069 4262 est

491 4285 594 4338 hoc
621 4286 666 4316 “
700 4307 712 4342 :
750 4307 768 4338 ι
811 4289 862 4343 in
889 4301 1077 4358 quarta
1101 4307 1315 4362 quoque
1343 4294 1814 4367 vigilarejubetur
1853 4298 2065 4371 Moyses

493 4391 674 4442 inane,
741 4389 795 4431 et
846 4390 992 4436 stare
1036 4395 1220 4437 contra
1271 4382 1616 4448 Pharaonem
1677 4392 2062 4456 procedentem

2174 1904 2394 1958 b--ratus
2421 1903 2550 1957 dicit
2573 1904 2657 1959 "z
2689 1924 2706 1955 ε
2731 1901 3221 1960 Euntesiunnolate
3265 1904 3492 1958 Domino
3521 1906 3629 1961 Deo
3669 1923 3764 1962 ve-

2173 2005 2305 2055 stro.
2339 1997 2432 2050 sed
2461 2011 2566 2049 non
2609 1995 2821 2064 longius
2853 1995 3072 2049 teutetis
3105 1995 3232 2052 iter.
3261 1995 3429 2052 Orate
3459 1997 3624 2068 igitur
3655 2016 3756 2069 pro

2174 2105 2260 2142 me
2289 2089 2354 2142 ad
2393 2089 2697 2142 Dominum.
2725 2106 2743 2140 ι
2791 2087 2843 2141 lu
2874 2089 3062 2157 quinto
3104 2104 3236 2144 nece
3282 2091 3548 2159 pecudum
3579 2092 3745 2152 czedir

2176 2188 2286 2244 tur,
2319 2191 2374 2234 et
2409 2197 2514 2233 non
2550 2180 2725 2236 solum
2774 2197 2884 2237 non
2918 2182 3084 2248 cedit,
3114 2183 3206 2237 sed
3237 2192 3288 2237 et
3319 2183 3552 2252 amplius
3584 2184 3742 2237 indu-

2173 2281 2343 2328 ratur.
2377 2271 2638 2326 Similiter
2667 2281 2722 2327 et
2768 2272 2820 2326 in
2869 2283 3023 2328 sexto
3069 2288 3232 2345 super
3269 2273 3460 2344 plagas
3501 2275 3743 2334 ulcerum

2173 2363 2324 2418 facit.
2367 2361 2426 2418 In
2464 2366 2698 2436 septimo
2752 2379 2884 2422 vero
2930 2381 3056 2422 cum
3103 2367 3367 2438 grandine
3413 2378 3655 2422 vastatur
3692 2377 3748 2422 et

2174 2455 2425 2522 ignibus:
2467 2475 2485 2508 ‹
2515 2456 2684 2524 Misit,
2729 2457 2995 2528 inquit",
3022 2457 3335 2523 Plrarao,,et
3363 2461 3574 2515 vocavit
3610 2460 3749 2530 Moy-

2174 2561 2271 2602 sen
2315 2557 2368 2601 et
2393 2549 2599 2620 Aaron,
2631 2557 2686 2603 et
2727 2549 2866 2605 dixit
2898 2550 3043 2604 illis:
3077 2549 3328 2615 Peccavi,
3365 2559 3419 2605 et
3457 2567 3604 2606 nunc
3642 2551 3745 2606 Do-

2175 2636 2352 2690 minus
2371 2637 2551 2704 justus
2579 2646 2687 2704 est,
2713 2653 2813 2707 ego
2837 2648 3018 2694 autem
3049 2649 3103 2692 et
3132 2639 3358 2710 p0pulus
3389 2654 3539 2694 meus
3571 2640 3742 2708 impii.

2173 2727 2336 2784 Orate
2367 2729 2532 2798 igitur
2566 2744 2664 2799 pro
2697 2745 2783 2784 me
2820 2731 2889 2784 ad
2928 2730 3274 2786 Dominum»,
3303 2731 3356 2782 In
3385 2742 3578 2783 oetavo
3620 2747 3742 2793 cum

2171 2821 2396 2876 locustis
2431 2832 2754 2893 urgeretur:
2795 2842 2814 2877 ι
2846 2823 2910 2877 Et
2958 2821 3255 2887 festinavit,
3289 2823 3558 2892 inquit“,
3606 2821 3747 2884 Pha-

2173 2930 2290 2981 rao,
2319 2926 2373 2971 et
2417 2918 2635 2971 vocavit
2685 2917 2900 2990 Moysen
2946 2930 3000 2973 et
3031 2919 3213 2973 Aaron
3251 2920 3478 2974 dicens:
3520 2917 3746 2972 Pecrari

2174 3015 2300 3060 ante
2327 3005 2620 3062 Dominum
2660 3007 2828 3063 Deum
2867 3018 3109 3062 vestrum
3151 3019 3205 3063 et
3237 3008 3290 3062 in
3339 3024 3456 3074 vos,
3488 3007 3749 3076 suscipite

2174 3106 2456 3165 peccatum
2499 3115 2678 3153 meum
2723 3101 2887 3154 etiam
2929 3116 3094 3166 nunc,
3134 3113 3191 3156 et
3225 3111 3376 3156 orate
3410 3116 3506 3171 pro
3558 3116 3642 3160 me
3682 3100 3748 3158 ad

2173 3188 2458 3244 Dominum
2490 3190 2659 3246 Deum
2704 3202 2966 3248 vestrum.
2994 3212 3012 3246 ι
3066 3192 3120 3245 lu
3167 3205 3309 3246 nono
3349 3209 3472 3246 cum
3507 3192 3747 3246 tenebris

2171 3277 2512 3334 offunditur:
2551 3298 2569 3331 ε
2605 3281 2851 3349 Vocavit,
2886 3281 3148 3355 inquit“,
3184 3283 3395 3337 Pharao
3441 3281 3664 3353 Moysen
3697 3290 3747 3334 et

2171 3372 2352 3424 Aaron
2405 3371 2593 3427 dicens
2622 3391 2636 3428 :
2670 3371 2766 3438 lle,
2813 3374 3016 3430 servile
3059 3375 3291 3433 Demino
3339 3375 3446 3428 Deo
3491 3384 3693 3428 vestro.
3726 3392 3744 3423 ι

2171 3459 2290 3516 Jam
2320 3478 2448 3518 vero
2496 3465 2548 3518 in
2589 3465 2801 3520 decimo
2837 3482 2958 3522 curn
3001 3467 3282 3538 primitiva
3331 3467 3611 3522 hominum
3649 3479 3748 3518 ex-

2173 3555 2524 3624 stinguuntur
2559 3564 2615 3609 et
2646 3571 2901 3625 pecorum
2933 3577 2946 3611 :
2982 3577 3000 3609 ι
3032 3559 3275 3622 Vocavit,
3309 3559 3488 3629 inquit
3516 3559 3580 3621 °',
3609 3554 3750 3610 Pha-

2175 3661 2271 3700 rao
2308 3645 2529 3721 Moysen
2573 3658 2631 3704 et
2657 3648 2837 3705 Aaron
2875 3660 3054 3716 nocte,
3085 3663 3138 3706 et
3173 3653 3307 3724 dixit
3352 3652 3500 3707 illis:
3534 3651 3750 3719 Surgite

2171 3746 2227 3792 et
2265 3740 2413 3794 exite
2444 3741 2512 3795 de
2548 3742 2747 3813 populo
2783 3759 2923 3806 meo,
2952 3756 3004 3798 et
3041 3761 3136 3800 vos
3164 3755 3216 3800 et
3266 3745 3359 3799 lilii
3409 3744 3601 3808 Israel,
3653 3745 3747 3809 ite,

2175 3832 2382 3886 servite
2430 3833 2658 3887 Domino
2710 3835 2818 3889 Deo
2866 3845 3072 3902 vestro,
3103 3837 3241 3890 sicut
3271 3836 3480 3900 dicitis;
3525 3851 3654 3890 oves
3697 3845 3750 3893 et

2180 3923 2347 3978 boves
2394 3935 2606 3980 vestros
2646 3938 2996 3982 assumentes
3046 3929 3276 4000 pergite,
3330 3929 3470 3983 sicut
3508 3928 3746 3983 dixistis.

2173 4014 2488 4071 Benedicite
2549 4027 2731 4070 autem
2780 4028 2835 4071 et
2889 4033 2993 4073 me.
3044 4020 3111 4074 Et
3179 4021 3445 4090 cogebant
3506 4018 3748 4091 Aigyptii

2172 4106 2432 4174 populum
2491 4121 2651 4174 quam
2712 4107 3004 4164 celerrime
3056 4112 3208 4166 exire
3247 4115 3312 4167 de
3379 4122 3525 4168 terra
3579 4114 3748 4188 Δίων·

2174 4200 2274 4268 pti.
2315 4199 2575 4255 Dicebant
2622 4202 2807 4269 enim,
2860 4205 3117 4274 quoniam
3166 4221 3356 4264 omnes
3403 4224 3500 4265 nos
3546 4211 3748 4264 morie-

2171 4308 2310 4353 llllll'.
2335 4313 2354 4346 Ι

2241 4385 2294 4439 5.
2340 4385 2472 4452 Quis
2502 4396 2584 4439 est
2629 4385 2734 4449 ilic.
2763 4402 2920 4456 quem
2965 4392 3172 4460 repleat
3219 4392 3308 4446 illo
3344 4393 3538 4463 Spiritu
3588 4396 3745 4458 Deus,

490 4468 556 4523 ad
585 4484 799 4537 aquam.
846 4487 967 4526 cum
1011 4477 1296 4548 cynomyia
1361 4479 1638 4546 replentur
1676 4479 2059 4552 {Egyptiorum

2175 4493 2286 4547 quo
2328 4479 2556 4546 replevit
2589 4480 2806 4550 Moysen
2852 4492 2906 4537 et
2945 4483 3151 4552 Aaron,
3183 4503 3304 4541 cum
3348 4487 3463 4542 haec
3506 4490 3748 4560 prodigia

490 4559 703 4618 domus.
756 4563 808 4616 ln
856 4566 1043 4632 quinta
1097 4569 1464 4634 nihilominus,
1504 4573 1594 4627 ubi
1653 4589 1847 4642 pecora
1889 4576 2062 4648 Αἰκγι-

500 4651 738 4720 priorum
773 4655 1042 4720 delentur,
1086 4657 1290 4712 intrare
1322 4661 1545 4730 jubetur
1602 4667 1669 4717 ad
1721 4663 2063 4722 Pharaonem

489 4746 721 4820 Moyses.
762 4749 818 4805 In
853 4761 1001 4805 sexta
1032 4767 1165 4808 sane
1195 4757 1565 4810 contemnitur
1593 4755 1825 4822 Pharao,
1869 4768 1924 4812 et
1953 4775 2060 4815 non

493 4839 731 4896 refertur
753 4856 823 4910 qu
848 4841 894 4893 ul
926 4842 1207 4896 iutravrrit
1233 4842 1441 4915 Moyses
1487 4846 1570 4900 vel
1609 4848 1789 4900 Aaron
1817 4847 1884 4900 ad
1918 4848 2061 4903 Plia-

493 4943 734 4992 raonem,
771 4930 895 4998 quia
929 4931 1067 4985 facta
1097 4942 1223 4986 sunt
1269 4934 1446 4986 ulcera
1477 4943 1528 4988 et
1553 4935 1745 4994 vesica:
1784 4949 1906 4989 cum
1945 4935 2057 4998 fet:-

492 5035 619 5072 \‘(tre
644 5022 804 5077 etiam
837 5038 999 5090 super
1033 5024 1301 5081 maleﬁcos
1323 5024 1562 5096 Egypti,
1590 5035 1644 5080 et
1675 5041 1777 5080 non
1807 5035 2063 5096 poterant

490 5110 746 5168 resistere
799 5113 988 5184 Moysi.
1039 5116 1092 5169 lu
1124 5118 1354 5184 septima
1392 5119 1612 5188 vigilare
1649 5120 1870 5190 jubetur
1909 5136 2066 5176 mane

493 5202 668 5267 value,
697 5215 750 5258 et
795 5212 940 5261 stare
975 5218 1162 5272 contra
1190 5209 1563 5280 Pharaonem,
1587 5227 1710 5266 cum
1743 5211 2062 5282 grandinem

493 5302 547 5345 ct
601 5293 778 5362 ignem
824 5298 1071 5366 producit
1113 5309 1169 5354 et
1223 5315 1400 5356 voces.
1448 5301 1504 5358 In
1546 5313 1730 5382 octava
1761 5303 2069 5371 praecipitur

500 5385 653 5458 141
685 5389 888 5445 intrare
923 5393 988 5446 ad
1039 5408 1184 5458 eum,
1217 5409 1338 5449 cum
1375 5395 1580 5452 locusta
1632 5396 1963 5466 producitur.
2003 5396 2057 5449 lit

560 5573 607 5604 ⁵³
645 5575 812 5629 Exod.
859 5597 954 5644 xit,
985 5581 1055 5633 ‘29

1150 5583 1195 5612 ”
1236 5583 1401 5635 Exod.
1447 5599 1542 5648 VII,
1584 5583 1667 5637 i5.

496 5642 540 5676 ’ν
583 5647 753 5704 Exod.
797 5666 881 5716 lx,
911 5642 1097 5716 “27,28.

1173 5653 1218 5682 eo
1260 5653 1423 5709 Exul].
1467 5670 1519 5719 χ,
1553 5656 1634 5708 ιϋ,
1712 5654 1752 5686 ⁸1
1799 5654 1928 5712 ibid.
1958 5653 2048 5714 “2.4..

1743 5585 1786 5615 ³³
1831 5584 2000 5637 Exod.
2062 5598 2176 5642 νην.
2230 5584 2280 5638 1.
2389 5585 2436 5616 ⁵⁸

2127 5655 2171 5686 ⁶¹
2215 5655 2382 5710 Exod.
2405 5672 2474 5710 xit
2497 5699 2510 5723 ,
2543 5659 2630 5725 5|,
2663 5657 2749 5724 52,
2777 5658 2864 5713 53.

2171 4584 2222 4624 cr
2271 4573 2421 4638 signa
2473 4574 2824 4640 perficerent,
2858 4587 2915 4629 ιιι
2948 4578 3137 4632 eodem
3184 4579 3374 4647 Spiritu
3418 4580 3751 4635 illuminatus

2173 4665 2344 4731 possit
2386 4679 2506 4733 qua:
2555 4680 2648 4734 per
2681 4667 2801 4722 illos
2847 4681 2971 4725 sunt
3018 4682 3170 4741 gesta
3223 4672 3530 4727 disserere?
3576 4672 3750 4726 Aliter

2169 4754 2311 4810 enim
2348 4772 2451 4809 non
2488 4758 2725 4811 arbitror
2755 4760 2850 4814 has
2886 4762 3190 4832 ingentium
3236 4780 3417 4818 rerum
3451 4767 3748 4818 varietates

2169 4862 2232 4907 ac
2275 4847 2615 4905 dilferentias
2663 4853 2964 4922 eXpIauari,
2999 4858 3101 4910 nisi
3148 4857 3338 4910 eodem
3388 4857 3599 4926 spiritu~
3633 4874 3741 4926 quo

2149 4947 2318 5011 gesta
2367 4949 2530 5006 sunt,
2579 4941 2954 5011 disserautur,
2982 4947 3109 5016 quia
3157 4957 3210 5001 et
3245 4946 3442 5002 Paulus
3473 4950 3748 5018 apostolus

2171 5028 2314 5091 dicit
2331 5028 2398 5093 ⁸³,
2428 5032 2574 5098 quod
2611 5032 2832 5101 spiritus
2867 5038 3256 5105 prephetarum
3307 5040 3586 5108 prophetis
3617 5039 3748 5097 sult-

2160 5117 2340 5188 jectus
2381 5121 2472 5174 sit.
2494 5119 2606 5174 Non
2639 5137 2770 5192 ergo
2802 5125 3215 5196 quibuscuuque
3247 5130 3313 5180 ad
3342 5129 3744 5199 explanandum

2165 5209 2311 5263 dicta
2359 5211 2789 5280 prephetarum,
2837 5217 2931 5270 sed
2973 5219 3258 5287 prophetis
3322 5220 3579 5274 dicuntur
3625 5237 3746 5275 esse

2165 5300 2434 5367 subjecta.
2481 5299 2679 5356 Verum
2721 5307 2980 5373 quoniam
3034 5308 3173 5362 idem
3221 5310 3414 5364 beatus
3456 5309 3748 5380 Apostolus

2169 5393 2325 5464 hujus
2354 5395 2568 5468 gratim,
2599 5397 2649 5452 id
2683 5409 2766 5454 est
2815 5401 3152 5470 prophetalis
3188 5404 3340 5470 doni,
3376 5415 3633 5473 tanquam
3676 5423 3741 5461 ex

2496 5586 2622 5638 ilritl.
2686 5587 2766 5640 I9.
2847 5587 2889 5618 ⁵⁷
2934 5589 3060 5640 ibid.
3103 5589 3158 5643 8.
3247 5589 3291 5620 ⁸⁸
3337 5589 3466 5642 illiti.
3521 5589 3606 5652 ‘25,
3653 5590 3743 5650 28.

2939 5659 2984 5690 ⁸³
3025 5661 3038 5714 1
3068 5661 3193 5714 Cor.
3227 5675 3337 5723 xlv,
3369 5661 3459 5719 52.
