4122 6248
404 300 502 355 ωι

1641 290 1710 354 1N
1749 300 2036 356 exeunti
2077 297 2360 359 nonum
2404 289 2493 357 ιν.

3571 296 3676 357 3‘2!

404 431 563 488 parte
604 419 677 474 sit
718 428 775 474 et
828 421 880 475 in
934 428 1198 490 potestate
1246 431 1432 475 nostra
1452 450 1469 487 η,
1527 413 1834 478 imitatores
1887 438 1989 477 nos
2020 429 2063 486 Α
2097 440 2289 479 eorum
2344 439 2536 493 poenas
2579 431 2631 476 et
2685 430 2895 476 reatum
2957 423 3233 490 sanguinis
3297 421 3544 491 exigunt.
3599 422 3674 476 ita

406 511 526 566 ﬁeri
563 511 755 579 jubet,
804 513 990 567 dicens
1015 514 1102 569 “:
1156 532 1173 563 ι
1205 513 1557 569 Ᾰίιιιιιιςιηιὶιιί
1605 525 1789 569 autem
1843 518 1983 569 dona

409 603 660 666 meliora,
690 602 862 673 magis
889 613 1065 658 autem
1096 614 1153 657 ιιι
1188 605 1549 675 prophetetis:
1579 625 1596 658 ι
1638 616 1910 661 tentemus
1934 617 1990 661 et

410 707 515 747 nos
553 694 944 749 mintilationent
998 696 1274 763 suscipere
1337 699 1625 761 bonormn,
1659 708 1715 752 et
1758 700 1801 753 si
1846 700 1977 768 quid

414 796 498 838 est
531 785 581 837 in
605 785 781 848 nobis,
818 801 847 839 a
885 786 1040 841 nobis
1066 788 1309 857 exigere,
1338 804 1367 841 a
1404 789 1633 844 Domino
1667 804 1793 845 vero
1819 791 1989 859 pleni-

420 879 658 931 tudinem
696 880 934 933 nmneris
962 891 1305 949 exspectare.
1336 881 1440 936 Pro
1480 884 1586 938 hoc
1614 885 1758 939 enim
1784 886 1988 939 dicitur

417 984 444 1020 ιι
472 968 700 1021 Domino
745 984 841 1038 per
877 968 1202 1040 Prophetatn
1228 972 1279 1002 ⁸⁸
1315 987 1328 1024 :
1367 990 1385 1023 ‹
1410 972 1568 1039 Aperi
1610 989 1674 1029 os
1720 985 1893 1039 tuntn,
1937 986 1990 1031 et

415 1061 634 1128 replebo
664 1060 859 1123 illudu
897 1077 996 1131 pro
1064 1062 1156 1118 illo
1175 1062 1420 1119 veroalia
1436 1066 1713 1137 Scriptura
1742 1069 1875 1122 dicit
1900 1069 1945 1099 “
1974 1091 1986 1125 :

418 1168 439 1205 ι
464 1152 646 1222 Pnnge
670 1154 907 1217 oculum,
934 1163 986 1208 et
1014 1156 1258 1223 producit
1284 1155 1588 1224 lacrymam
1612 1176 1625 1224 ;
1663 1175 1840 1229 punge
1870 1176 1986 1225 eor,

410 1255 466 1300 et
513 1246 756 1315 producit
789 1262 1029 1300 sensum.
1057 1267 1075 1299 ι
1112 1245 1190 1301 Νε
1234 1263 1365 1317 ergo
1395 1264 1461 1301 ex
1496 1249 1881 1319 desperatione
1915 1253 1992 1305 si-

412 1338 578 1392 lentio
614 1353 711 1391 nos
740 1340 1037 1404 tradamus,
1068 1344 1213 1410 quod
1246 1343 1435 1410 utique
1476 1357 1582 1396 non
1630 1342 1865 1397 :edilicat
1902 1344 1997 1397 Ec-

412 1433 633 1485 clesiam
683 1433 801 1497 Dei,
848 1434 914 1486 de
942 1434 1138 1501 quibus
1182 1450 1497 1504 possumus,
1528 1445 1584 1491 et
1630 1436 1685 1490 in
1730 1448 1993 1504 quantum

412 1536 698 1591 possumus
732 1524 971 1577 breviter
1005 1534 1343 1590 repetamus.

481 1614 534 1666 6.
580 1614 715 1667 Puto
757 1628 907 1683 ergo,
952 1626 1011 1667 ut
1063 1616 1272 1669 sentire
1319 1630 1560 1684 possum,
1606 1615 1747 1686 quod
1787 1616 1994 1689 Moyses

413 1707 480 1758 ad
510 1704 802 1775 [Egyptum
838 1704 1062 1758 veniens
1107 1714 1160 1757 ει
1191 1704 1443 1762 deferens
1477 1707 1707 1777 virgam.
1755 1725 1857 1778 qua
1898 1724 1990 1761 ca-

2089 519 2235 572 ettitu
2267 527 2323 569 et
2365 517 2481 583 ipse
2532 514 2793 567 Domitius
2840 512 3061 578 dicit",
3096 514 3223 581 quia
3262 532 3280 563 ι
3308 513 3489 568 omnis
3537 531 3669 566 sati-

2088 611 2207 679 gnis
2234 612 2323 679 qui
2357 609 2561 663 eﬂ'usus
2589 618 2672 661 est
2716 622 2883 676 super
2926 615 3153 669 terram,
3188 621 3215 657 a
3249 606 3510 672 sanguine
3542 600 3674 657 Abel

2085 696 2215 766 justi
2261 713 2431 766 usque
2474 699 2538 750 ad
2573 699 2897 766 sanguinem
2939 694 3242 756 Zacharim,
3289 696 3599 762 requiretur
3644 708 3674 746 it

2090 792 2445 862 generatione
2480 791 2603 844 hac.
2630 809 2647 841 ι
2696 789 2799 845 Ρει·
2836 787 3129 843 secumlam
3184 802 3315 839 vero
3347 787 3577 854 plagam,
3624 786 3677 839 in

2090 898 2195 951 qua
2228 897 2375 936 ranae
2407 882 2800 949 pt'mlucuntur,
2831 879 3060 933 indicari
3092 876 3393 947 ﬂgttraliter
3436 876 3669 927 arbitror

2092 974 2338 1029 carmina
2401 982 2717 1042 poetarum,
2768 972 2857 1041 qui
2914 970 3063 1024 inani
3106 971 3340 1039 quadam
3387 978 3443 1023 et
3485 969 3672 1021 inﬂata

2093 1065 2493 1130 modulatione,
2546 1065 2691 1118 velut
2761 1078 3016 1117 ranarum
3079 1064 3232 1117 sonis
3302 1071 3355 1114 et
3429 1061 3678 1112 cantibus

2094 1159 2291 1211 mando
2315 1158 2439 1211 huic
2468 1156 2803 1223 deceptionis
2835 1156 3044 1209 fabulas
3077 1156 3395 1209 intttlernnt.
3425 1155 3505 1207 Ad
3543 1154 3674 1206 nihil

2095 1251 2242 1304 enim
2276 1250 2405 1302 illttd
2437 1249 2638 1305 animal
2671 1251 2803 1302 utile
2840 1260 2945 1314 est,
2977 1250 3080 1305 nisi
3115 1250 3257 1318 quod
3303 1264 3495 1303 sonum
3536 1250 3683 1301 vocis

2098 1341 2365 1408 improbis
2417 1352 2473 1393 et
2536 1340 2867 1408 importunis
2921 1341 3255 1393 clamoribus
3306 1338 3501 1392 reddit.
3550 1336 3681 1391 Post

2098 1432 2205 1486 hoc
2235 1431 2483 1500 ciuiphes
2513 1430 2903 1499 producuntur.
2944 1430 3056 1486 Hoc
3096 1431 3297 1484 animal
3338 1431 3528 1499 pennis
3560 1430 3682 1498 qui-

2098 1524 2219 1577 dem
2264 1524 2613 1593 suspenditur
2651 1540 2746 1593 per
2776 1538 2904 1577 acra
2951 1526 3201 1587 volitans,
3244 1526 3339 1578 sed
3382 1525 3450 1576 ita
3486 1523 3684 1577 subtile

2097 1626 2178 1672 est
2218 1626 2273 1670 et
2309 1618 2611 1679 minutum,
2656 1628 2715 1670 ut
2763 1618 2903 1672 oculi
2942 1618 3149 1681 visum,
3195 1616 3299 1670 nisi
3352 1626 3507 1670 acute
3560 1631 3683 1669 cer-

2098 1713 2299 1771 nentis,
2325 1708 2580 1777 eﬂttgiat;
2614 1725 2815 1776 corpus
2846 1720 3029 1763 tamen
3062 1725 3182 1764 cum
3218 1709 3503 1772 insederit,
3538 1722 3685 1761 acer-

415 1797 580 1865 stigat
604 1807 659 1850 et
700 1796 949 1850 verberat
975 1795 1271 1867 )Egyptum
1317 1799 1501 1851 decem
1544 1798 1741 1868 plagis,
1782 1800 1992 1871 Moyses
2030 1782 2072 1841 Β
2102 1803 2239 1855 rimo
2268 1802 2508 1855 terebrat
2547 1802 2790 1865 stimulo,
2839 1802 2912 1855 ita
2958 1811 3016 1855 ut
3045 1817 3206 1871 quem
3253 1801 3570 1854 volitantem
3604 1798 3685 1852 vi-

418 1888 507 1940 hic
542 1888 623 1938 lex
657 1887 749 1940 Dei
782 1887 887 1949 sit;
921 1903 1043 1955 qum
1077 1888 1202 1939 (lata
1241 1896 1322 1940 est
1356 1888 1482 1942 huic
1519 1888 1744 1953 mundo,
1776 1899 1834 1943 ιιι
1864 1907 1989 1944 cum

420 1978 605 2030 decem
640 1976 835 2046 plagis,
868 1976 918 2030 id
950 1987 1035 2030 est
1061 1976 1244 2030 decem
1278 1977 1543 2032 mandatis
1576 1995 1695 2048 quae
1727 1980 1781 2033 iit
1826 1979 1996 2034 Deca-

420 2069 542 2139 logo
577 2070 945 2131 continentur,
990 2068 1248 2138 corripiat
1277 2077 1330 2123 et
1363 2071 1639 2124 emendet.
1678 2070 1830 2141 Virga
1865 2088 1996 2143 ergo

418 2177 514 2231 per
558 2177 719 2230 quam
770 2171 1034 2230 geruntur
1066 2160 1177 2215 haec
1219 2161 1426 2224 omnia,
1473 2177 1570 2230 per
1619 2178 1780 2232 quam
1827 2162 1998 2236 Egy-

415 2263 539 2321 ptus
566 2253 855 2320 subjicitur
897 2262 951 2306 et
985 2252 1199 2306 Pharao
1243 2263 1561 2323 superatur,
1606 2268 1738 2307 crux
1791 2254 1993 2310 Christi

413 2345 515 2408 sit,
563 2358 659 2412 per
705 2359 870 2413 quam
920 2345 1156 2397 mundus
1197 2344 1289 2398 hic
1345 2344 1606 2408 vincitur,
1651 2357 1704 2399 et
1742 2346 1995 2415 princeps

414 2434 574 2499 lmjus
632 2435 819 2488 mundi
879 2450 1000 2488 cum
1060 2435 1462 2505 principatibus
1516 2445 1570 2490 et
1634 2439 1995 2504 potestatibus

412 2525 809 2594 triumphatur.
842 2526 996 2591 Quod
1026 2534 1207 2580 autem
1238 2527 1391 2594 virga
1430 2525 1673 2595 projecta
1709 2528 1780 2581 sit
1807 2529 1993 2591 draco,

414 2618 499 2671 vel
557 2632 817 2687 serpens,
866 2627 921 2672 et
969 2619 1198 2672 devorat
1262 2618 1643 2691 IEgyptiornm
1712 2636 1993 2689 magorum

415 2720 724 2779 serpentes,
753 2711 843 2779 qui
884 2710 936 2763 id
969 2711 1225 2765 similiter
1251 2709 1526 2778 fecerant;
1561 2722 1867 2781 serpentem
1897 2729 1995 2782 pro

416 2803 678 2871 Sapientia
730 2804 855 2872 poni
899 2802 981 2858 vel
1037 2804 1349 2873 prudentia,
1394 2804 1600 2859 indicat
1647 2807 1996 2876 evangelicus

418 2909 598 2948 sermo
626 2910 748 2949 cum
797 2896 931 2949 dicit
967 2896 1009 2927 ⁸⁷
1039 2913 1053 2951 :
1092 2914 1113 2946 ι
1146 2897 1332 2951 Estote
1387 2898 1682 2966 prudentes
1734 2909 1993 2968 tanquam

421 2997 725 3055 serpentes.
754 3007 771 3037 ι
809 2988 875 3042 Ει
910 2987 1037 3043 alibi
1067 2989 1152 3043 οδε
1187 3008 1206 3041 ι
1244 2988 1483 3058 Serpens
1511 3002 1631 3045 erat
1678 2996 1995 3061 prudentior

420 3081 669 3135 omnibus
715 3082 1086 3137 animantibus
1117 3091 1172 3136 et
1220 3083 1409 3138 bestiis
1451 3100 1570 3155 qua:
1601 3096 1757 3139 erant
1804 3087 1856 3140 in
1900 3102 2066 3186 pa-c

421 3172 619 3224 radiso.
644 3189 661 3222 i
702 3172 849 3226 Crux
889 3187 1018 3240 ergo
1045 3173 1269 3240 Christi,
1310 3174 1465 3243 cujus
1496 3176 1814 3243 praedicatio
1858 3176 1995 3231 stul-

423 3265 541 3317 titia
575 3264 884 3330 videbatur,
929 3281 1091 3333 quam
1124 3264 1357 3336 Moyses,
1387 3266 1438 3319 id
1478 3278 1558 3322 est
1593 3267 1701 3331 lex,
1732 3269 1995 3331 continet,

421 3359 561 3410 sicut
612 3356 875 3411 Dominus
926 3358 1062 3411 dixit
1089 3357 1178 3411 ‘9:
1223 3376 1241 3410 ι
1273 3357 1348 3412 De
1388 3374 1473 3413 tne
1512 3361 1657 3414 enim
1706 3361 1799 3416 ille
1857 3365 1995 3417 scri-

424 3449 560 3517 psit;
588 3466 608 3499 ι
647 3448 785 3512 hate,
816 3449 1063 3517 inquam,
1097 3465 1232 3503 crux
1268 3453 1334 3507 de
1360 3469 1466 3522 qua
1507 3452 1717 3526 Moyses
1754 3461 1995 3529 scripsit,

425 3548 710 3605 postquam
764 3537 817 3590 in
848 3548 990 3591 terra
1026 3540 1263 3607 projecta
1300 3552 1404 3607 est,
1434 3544 1486 3596 id
1516 3553 1599 3598 est
1644 3557 1994 3618 posteaquam

429 3631 500 3683 ad
528 3629 906 3684 credulitatem
938 3639 992 3684 et
1023 3632 1180 3685 [idem
1212 3635 1487 3687 hominum
1524 3639 1690 3700 vertit,
1737 3655 1997 3696 conversa

422 3730 505 3773 est
532 3722 582 3773 in
607 3722 954 3789 sapientiam,
972 3733 1024 3776 et
1049 3731 1249 3776 tantam
1274 3727 1616 3793 sapientiam,
1644 3744 1761 3798 qme
1783 3745 1998 3787 omnem

426 3815 826 3885 Egyptiorntn,
859 3814 910 3868 id
942 3825 1022 3869 est
1058 3816 1218 3883 hujus
1250 3817 1434 3870 mundi
1480 3819 1799 3887 sapientiam
1839 3828 2001 3877 devo-

425 3917 594 3960 raret.
648 3906 863 3960 Intuere
910 3922 1041 3975 ergo
1093 3908 1369 3976 quomodo
1412 3908 1634 3963 stultam
1685 3910 1814 3966 fecit
1858 3912 1999 3969 Dens

425 3999 742 4069 sapientiam
786 3999 945 4068 hujus
993 4000 1203 4063 mundi,
1240 4008 1593 4069 posteaquam
1631 4003 2000 4060 manil‘estavit

424 4093 725 4157 Christum,
773 4094 863 4163 qui
908 4094 1207 4147 cruciﬁxus
1250 4103 1369 4158 est,
1420 4094 1511 4148 Dei
1568 4096 1823 4151 virtutem
1878 4114 1999 4153 esse

424 4193 478 4237 et
518 4184 608 4238 Dei
653 4185 1012 4253 sapientiam;
1042 4194 1096 4240 et
1136 4186 1426 4242 universus
1451 4188 1560 4257 jam
1591 4188 1823 4242 mundus
1849 4204 1999 4244 com-

426 4279 725 4345 prehensus
750 4289 834 4333 est
861 4280 927 4333 ab
965 4294 1031 4333 eo
1064 4279 1154 4349 qui
1188 4281 1320 4335 dicit
1344 4282 1392 4313 "
1420 4299 1433 4335 :
1475 4301 1492 4333 ι
1516 4280 1998 4350 Comprehendens

426 4371 881 4439 comprehendam
912 4372 1187 4440 Sapientes
1232 4374 1282 4427 in
1314 4376 1515 4429 astutia
1553 4388 1800 4429 eorum.»
1846 4374 1997 4441 Quod

2097 1895 2227 1950 dere
2272 1894 2398 1963 quis
2446 1909 2549 1947 non
2601 1894 2810 1960 valeat,
2858 1894 3057 1948 sentiat
3113 1892 3510 1947 stinmlantem.
3572 1889 3683 1946 lloc

2098 2002 2229 2057 ergo
2283 1986 2536 2040 animalis
2582 2002 2755 2051 genus
2803 1984 3119 2054 dignissime
3171 1995 3302 2051 puto
3354 1982 3456 2035 arti
3510 1980 3682 2035 diale-

2099 2080 2253 2133 etirte
2288 2077 2619 2144 comparari,
2660 2090 2778 2144 qua:
2812 2076 3035 2127 minutis
3063 2082 3115 2126 et
3152 2073 3444 2124 subtilibus
3487 2072 3684 2123 verbo-

2102 2180 2220 2218 rum
2258 2164 2490 2218 stimulis
2532 2163 2744 2217 animas
2790 2161 3046 2228 terebrat,
3093 2170 3147 2214 et
3187 2170 3337 2212 tanta
3379 2158 3678 2213 calliditate

2099 2249 2476 2313 circumvenit,
2508 2259 2565 2302 ιιι
2597 2250 2859 2319 deceptus
2903 2264 3001 2303 nec
3046 2248 3227 2301 videat
3261 2263 3362 2301 nec
3404 2247 3683 2317 intelligat

2099 2344 2239 2397 unde
2278 2342 2563 2412 decipitur.
2594 2342 2798 2408 Quarto
2830 2355 3044 2410 quoque
3076 2341 3126 2393 in
3176 2340 3291 2394 loco
3334 2341 3678 2410 cynontyiam

2097 2434 2428 2507 Cynicorum
2477 2444 2644 2489 secta:
2685 2432 3152 2502 comparaverim,
3192 2432 3283 2501 qui
3329 2434 3395 2484 ad
3444 2432 3680 2501 reliquas

2098 2527 2437 2595 deceptionis
2478 2542 2587 2579 suae
2630 2525 3029 2595 improbitates,
3061 2525 3224 2578 etiam
3260 2524 3589 2592 Voluptatem
3626 2528 3683 2575 et.

2099 2618 2371 2672 libidinem
2422 2632 2692 2672 sumntum
2764 2618 3059 2686 prmdicaut
3134 2618 3356 2671 bonttttt.
3408 2616 3679 2683 Quoniam

2100 2708 2262 2777 igitur
2299 2723 2393 2777 per
2424 2709 2538 2762 haec
2569 2706 2779 2776 singula
2819 2706 2968 2774 prius
3000 2707 3262 2774 deceptus
3291 2714 3374 2757 est
3418 2707 3674 2769 mundus,

2098 2800 2397 2867 adveniens
2428 2813 2628 2862 sermo,
2658 2807 2711 2852 et
2748 2796 2829 2851 lex
2867 2795 2961 2850 Dei
2996 2796 3369 2865 hujuscemodi
3400 2810 3522 2849 cum
3558 2810 3677 2849 cor-

2101 2892 2439 2961 reptionibus
2480 2891 2679 2961 arguit,
2712 2899 2768 2943 ut
2799 2906 2863 2943 ex
2899 2889 3159 2959 qualitate
3208 2902 3489 2958 prunarum
3540 2904 3679 2956 qua-

2069 2988 2282 3041 .litatcs
2330 2987 2534 3055 proprii
2574 2996 2840 3056 agnoscat
2882 2984 3106 3039 erroris.
3145 2984 3298 3049 Quod
3331 2996 3459 3037 vero
3491 2982 3682 3051 quinto

2099 3080 2152 3131 in
2190 3079 2308 3132 loco
2338 3076 2653 3131 animaliqu
2686 3092 2817 3131 nece
2848 3076 2927 3131 vel
2958 3076 3223 3145 pecudum
3250 3072 3522 3145 Egyptns
3550 3090 3678 3128 ver-

2104 3174 2347 3232 beratur,
2383 3168 2636 3223 vecordia
2672 3170 2723 3221 in
2752 3168 2856 3222 hoc
2886 3169 3132 3237 arguitur
3165 3167 3503 3237 stultitiaque
3535 3183 3682 3221 mor-

2104 3262 2312 3324 talium,
2358 3261 2448 3330 qui
2485 3272 2739 3330 tanquant
2792 3260 3186 3314 irrationabilia
3236 3275 3434 3329 pecora
3469 3259 3674 3313 cultum

2100 3363 2155 3409 et
2181 3353 2502 3407 vocabulum
2536 3354 2626 3407 Dei
2656 3353 2884 3407 diversis
2913 3353 3290 3421 imposuerunt
3323 3351 3535 3420 ﬁguris,
3568 3367 3677 3404 tton

2100 3447 2273 3502 solum
2300 3446 2603 3509 hominum,
2631 3445 2727 3500 sed
2754 3454 2808 3498 et
2834 3444 3121 3510 pecudum,
3153 3442 3300 3511 ligno
3325 3452 3378 3496 et
3408 3442 3680 3511 lapidibus

2103 3540 2408 3611 impressis.
2436 3537 2789 3593 Hammonem
2821 3535 3006 3590 Jovem
3042 3535 3092 3587 in
3125 3536 3297 3589 ariete
3332 3543 3678 3604 venerantes,

2100 3644 2156 3688 et
2187 3633 2401 3686 Anubin
2445 3632 2497 3685 in
2528 3644 2685 3693 cane,
2711 3630 2850 3699 Apin
2882 3643 3098 3699 quoque
3127 3628 3366 3682 colentes
3398 3628 3449 3681 in
3493 3636 3675 3689 tauro,

2102 3734 2299 3779 cretera
2356 3738 2573 3793 quoque
2630 3738 2750 3791 quae
2802 3721 3074 3792 Egyptus
3138 3722 3364 3774 deorum
3430 3729 3679 3790 portenta

2104 3817 2353 3879 miratur,
2390 3824 2447 3868 nt
2482 3816 2532 3868 in
2573 3816 2772 3883 quibus
2804 3813 3007 3867 cultum
3047 3812 3347 3866 credebant
3391 3813 3572 3865 inesse
3602 3813 3684 3865 di-

2101 3910 2315 3971 vinum,
2344 3909 2395 3963 iti
2434 3909 2517 3962 his
2548 3908 2790 3964 viderent
2822 3906 3124 3961 miseranda
3157 3906 3442 3975 supplicia.
3483 3904 3676 3961 Ulcera

2101 4011 2222 4070 post
2252 4003 2371 4056 inec
2397 4013 2452 4055 et
2489 4002 2679 4056 vesica:
2727 4016 2850 4053 cum
2902 3999 3113 4055 fervore
3165 4009 3320 4053 sexto
3353 3997 3405 4051 in
3445 4000 3678 4055 verbere

2101 4096 2497 4165 producuntur.
2542 4093 2611 4147 Et
2664 4093 2876 4147 videtur
2923 4092 3052 4145 milii
3103 4092 3248 4159 qttod
3302 4092 3353 4144 in
3403 4091 3681 4145 ulceribus

2102 4196 2364 4255 arguatur
2396 4184 2584 4239 dolosa
2611 4193 2666 4237 et
2699 4182 2986 4253 purulenta
3018 4181 3245 4244 malitia,
3277 4180 3328 4234 in
3363 4181 3559 4235 vesicis
3590 4189 3677 4233 tn-

2105 4296 2258 4334 tnetts
2286 4288 2339 4333 et
2378 4276 2559 4331 inﬂata
2598 4274 2950 4343 superbia,in
2994 4272 3204 4327 fervore
3238 4270 3329 4327 ira:
3369 4288 3434 4327 ac
3480 4271 3681 4325 furoris

2104 4371 2340 4428 insania.
2399 4370 2691 4435 llucnsque
2746 4379 2843 4433 per
2904 4378 3152 4419 errorum
3206 4380 3426 4420 suorum
3481 4364 3682 4437 ligni-as

427 4482 557 4521 vero
596 4480 749 4533 aquae
788 4463 1025 4519 ﬂuminis
1068 4477 1349 4521 vertuntur
1391 4468 1443 4521 iti
1490 4468 1833 4538 sanguinem,
1866 4469 2000 4525 satis
2031 4465 2075 4520 D
2109 4463 2308 4518 mutulo
2338 4462 2599 4531 supplicia
2632 4466 3027 4528 temperantur.

428 4558 813 4611 convenienter
865 4566 1104 4623 aptatur.
1139 4554 1320 4610 Primo
1354 4559 1571 4626 quidem
1623 4568 1679 4611 ut
1715 4560 1760 4613 is
1808 4559 2003 4616 ﬂuvius

430 4650 513 4701 cui
552 4646 896 4701 llebrteorum
932 4646 1195 4715 parvulos
1230 4648 1433 4701 crudeli
1465 4662 1597 4703 nece
1640 4650 2000 4717 tradiderant,

430 4740 745 4794 auctoribus
790 4738 1013 4792 sceleris
1061 4737 1315 4807 poculum
1367 4739 1653 4808 sanguinis
1708 4741 2002 4807 redderet,

430 4843 483 4885 et
510 4846 758 4884 cruorem
789 4830 975 4899 polluti
1020 4829 1276 4898 gurgitis,
1306 4844 1468 4898 quem
1500 4831 1812 4898 parricidali
1854 4834 2003 4888 crede

433 4923 859 4987 maculaverant,
898 4922 1136 4991 potando
1186 4924 1473 4975 sentirent.
1526 4921 1662 4975 Tum
1695 4924 1907 4991 deinde,
1945 4934 2002 4979 ut

430 5014 737 5082 allegoricis
782 5013 989 5081 legibus
1033 5011 1166 5065 nihil
1206 5013 1372 5076 desit,
1427 5027 1579 5081 aqua:
1622 5025 1904 5069 vertuntur
1948 5016 1999 5070 itt

432 5104 770 5173 sanguinein,
818 5114 875 5157 et
924 5104 1146 5172 sanguis
1197 5120 1333 5159 suus
1386 5103 1624 5176 Egypto
1659 5107 1997 5175 propitiatur.

432 5201 597 5264 Aqua:
645 5195 897 5266 Egypti,
944 5197 1180 5249 erratica
1227 5207 1283 5249 et
1316 5196 1519 5251 lubrica
1556 5198 1999 5269 philosophorum

433 5300 560 5343 sont
603 5292 888 5359 dogmata,
939 5303 1058 5357 qua:
1110 5288 1361 5356 parvulos
1410 5306 1656 5361 quosque
1699 5307 1900 5359 sensu,
1948 5304 2003 5348 et

433 5396 629 5450 pueros
677 5380 1026 5450 intelligentia
1087 5379 1244 5452 142
1301 5382 1671 5451 decepernnt;
1727 5386 1815 5439 tibi
1868 5400 1999 5439 crux

431 5475 633 5529 Christi
674 5476 873 5527 mundo
908 5475 1033 5528 huic
1070 5476 1319 5527 veritatis
1355 5474 1534 5529 lumen
1564 5478 1824 5543 ostendit,
1851 5480 2000 5533 necis

507 5665 551 5696 "‘
591 5668 604 5716 1
631 5666 754 5720 Cor.
781 5681 850 5718 tu
874 5705 887 5727 ,
917 5666 1009 5725 3|,
1037 5676 1087 5716 et
1115 5665 1129 5717 Ι
1163 5665 1285 5717 Cor.
1320 5682 1425 5731 xrv,
1460 5668 1507 5721 Ι.

436 5750 495 5789 Ill
517 5774 533 5801 ,
569 5738 612 5789 Ι.
690 5740 735 5768 ⁸⁹
775 5737 933 5791 Juatt.
965 5753 1015 5803 tl,
1045 5739 1131 5790 46.
1210 5739 1255 5769 ⁷⁸
1284 5735 1299 5787 Ι
1327 5740 1448 5791 Cor.
1486 5754 1566 5803 ιιι,
1598 5741 1681 5793 l9.

1585 5670 1629 5698 “
1672 5670 1805 5723 l’sal.
1829 5687 1888 5723 cx
1905 5687 2010 5731 ut,
2037 5672 2120 5724 ll).

1759 5744 1797 5772 ⁷⁸
1832 5747 2017 5795 Matth.
2052 5758 2200 5805 sint,
2227 5743 2313 5795 ῗρί).

2174 4555 2228 4608 7.
2273 4554 2402 4609 Post
2445 4555 2557 4607 haec
2594 4567 2721 4606 vero
2776 4552 3003 4605 verbera
3058 4548 3281 4603 veniunt
3316 4550 3381 4604 de
3428 4551 3682 4621 supernis

2102 4661 2285 4713 voces,
2320 4646 2531 4715 inquit,
2583 4645 2842 4705 tonitrui,
2895 4643 3011 4696 sine
3056 4642 3221 4695 dubio
3265 4652 3320 4695 et
3367 4646 3594 4711 grando,
3625 4653 3681 4695 et

2102 4739 2241 4811 ignis
2290 4740 2605 4794 discurrens
2652 4739 2703 4790 in
2754 4738 3036 4805 grandine.
3088 4735 3221 4788 Vide
3274 4744 3678 4803 temperamen-

2105 4844 2216 4889 tum
2261 4834 2459 4887 divina:
2509 4830 2913 4900 correptionis;
2979 4845 3082 4881 non
3134 4842 3255 4882 Cum
3304 4826 3519 4881 silentio
3556 4840 3677 4879 ver-

2103 4928 2280 4988 berat,
2315 4924 2408 4979 sed
2440 4924 2533 4975 dat
2565 4939 2747 4985 voces,
2780 4930 2835 4975 et
2871 4922 3177 4973 doctrinam
3225 4920 3448 4971 rwlilus
3492 4920 3677 4981 mittit,

2104 5034 2199 5087 per
2221 5033 2382 5086 quam
2414 5016 2585 5085 possit
2618 5015 2832 5083 culpam
2865 5030 3015 5066 suam
3048 5012 3346 5079 castigatus
3382 5026 3521 5079 agro
3557 5026 3682 5065 rem

2105 5112 2356 5164 mundus.
2408 5110 2499 5163 Dat
2548 5118 2601 5162 et
2634 5107 2992 5177 grandinem,
3043 5118 3139 5174 per
3185 5118 3346 5173 quam
3394 5113 3447 5157 et
3495 5114 3679 5159 tem-ra

2104 5204 2284 5258 adhuc
2317 5210 2594 5256 vastentur
2627 5199 2903 5254 nascentia
2940 5198 3217 5252 vitiorum.
3267 5196 3361 5249 Dat
3392 5206 3445 5251 et
3478 5198 3682 5267 lgnrm,

2110 5293 2289 5347 Sciens
2320 5308 2440 5346 esse
2472 5292 2661 5359 spiritui
2700 5301 2753 5343 et
2810 5288 3060 5351 tribulos,
3109 5304 3247 5358 quos
3296 5290 3487 5341 debeat
3543 5290 3681 5355 om.

2114 5385 2200 5439 ille
2230 5385 2546 5453 depascere,
2594 5382 2658 5437 tle
2703 5397 2810 5450 quo
2858 5382 2987 5437 dicit
3035 5380 3360 5435 hominm"
3394 5398 3405 5435 ;
3447 5400 3463 5431 t
3498 5380 3679 5451 ignem

2112 5479 2231 5531 veni
2265 5480 2481 5531 mittere
2516 5478 2565 5529 iit
2604 5485 2823 5529 terram.
2850 5494 2867 5527 ο
2915 5474 3011 5531 l'o'r
3058 5478 3199 5533 hunc
3226 5484 3369 5531 enim
3409 5490 3675 5529 totumve

2195 5672 2239 5697 ¹-⁴
2283 5668 2446 5722 Ειοιίιὶ.
2484 5684 2625 5725 nit.
2666 5668 2753 5721 Ἡ,
2833 5670 2872 5695 ι’
2920 5668 3097 5723 ΗΑΗΙΓ
3140 5686 3187 5735 ι,
3226 5670 3307 5725 ιιι,
3406 5660 3649 5721 “lunae

2393 5744 2435 5773 τ’
2473 5740 2599 5795 Ian,
2640 5756 2733 5805 tit,
2764 5741 2847 5797 49,
