4122 6248
513 286 618 339 523

1994 278 2314 338 ORIGENIS

3649 289 3757 347 εει

508 401 800 470 voluptatis
842 410 897 455 et
948 398 1185 453 libidinis
1236 407 1648 454 consumuntur.
1700 397 1852 465 Quod
1903 409 2082 453 autem
2114 405 2157 458 Λ
2187 403 2255 455 ab
2284 417 2345 456 ea
2379 403 2631 457 subducit
2655 400 2931 470 exempla,
2961 401 3158 471 quibus
3183 403 3539 459 mordeantur
3571 415 3625 460 et
3653 408 3749 461 de-

509 489 843 550 locustarum
872 493 925 547 in
964 504 1156 547 octavo
1188 493 1306 547 loco
1337 493 1394 545 lit
1420 494 1644 555 mentio,
1682 502 1809 562 puto
1837 507 1933 563 per
1979 493 2083 548 hoc

506 601 680 656 genus
730 585 920 655 plagas,
972 586 1285 639 dissidentis
1351 599 1566 653 semper
1610 600 1638 637 a
1679 600 1738 639 se
1771 594 1825 639 et
1868 584 2080 639 discor-

506 679 686 732 dantis
740 677 959 733 humani
1029 678 1247 745 generis
1296 676 1718 729 inconstantiam
1786 675 2076 730 confutari.

504 765 738 827 Locusta
770 771 914 824 enim
960 785 1085 824 cum
1122 784 1301 839 regem
1347 784 1452 822 non
1489 768 1718 832 habeat,
1760 768 1899 821 sicut
1931 766 2080 822 Scri-

503 874 659 932 ptura
705 863 834 918 dicit
864 863 955 914 7':
998 881 1016 914 ι
1048 861 1164 917 Una
1207 862 1323 916 acie
1372 860 1682 915 ordinatum
1727 861 1877 915 ducit
1919 875 2076 915 exer-

501 958 753 1019 citumu
814 954 1063 1007 homines
1116 967 1243 1007 vero
1297 966 1418 1005 cum
1492 949 1844 1004 rationabiles
1890 964 1921 1005 a
1967 949 2077 1004 Deo

502 1047 630 1098 facti
666 1044 796 1108 sint,
850 1058 1025 1111 neque
1078 1043 1403 1112 semetipsos
1455 1042 1705 1096 ordinate
1749 1055 1939 1110 regere
1980 1055 2077 1110 po-

502 1146 753 1199 tuerunt,
808 1149 979 1202 neque
1033 1132 1123 1187 Dei
1174 1134 1318 1203 regis
1366 1136 1635 1204 patienter
1704 1132 2073 1187 moderamina

500 1230 791 1299 pertulere.
824 1227 971 1282 Nona
1010 1225 1161 1296 plaga
1196 1227 1432 1282 tenebra'
1465 1226 1757 1291 sunt,'sive
1789 1234 1846 1278 ut
1876 1224 2073 1279 mentis

495 1337 687 1375 eorum
715 1320 932 1374 cmcitas
965 1326 1245 1388 arguatur,
1278 1317 1395 1372 sive
1427 1327 1487 1371 ut
1521 1316 1830 1384 intelligant
1874 1315 2073 1370 divinae

497 1413 924 1481 dispensationis
972 1421 1026 1465 et
1074 1408 1440 1466 Providentia:
1496 1408 1913 1464 obscurissimas
1952 1422 2072 1462 esse

498 1507 758 1558 rationes.
819 1524 836 1555 ι
865 1503 1051 1558 Posuit
1106 1503 1249 1557 enim
1300 1501 1441 1557 Deus
1488 1501 1741 1555 tenebras
1786 1501 2067 1555 latibulum

495 1612 651 1650 sumn
677 1597 743 1657 ⁷⁸,
766 1615 782 1646 ι
828 1611 965 1665 quas
1010 1594 1083 1648 illi
1129 1594 1391 1648 audacter
1417 1602 1469 1646 et
1506 1602 1708 1646 temere
1738 1592 2067 1657 perscrutari

495 1691 793 1759 Cupientes,
838 1700 893 1744 et
940 1689 1041 1743 alia
1097 1700 1167 1740 ex
1204 1686 1325 1740 aliis
1362 1692 1696 1746 asserentes,
1746 1684 1797 1736 in
1852 1697 2069 1737 crassas

2184 506 2481 562 pascantur
2529 511 2718 551 omnes
2766 496 2991 565 inquieti
3046 502 3227 549 motus
3266 497 3385 566 ejus
3418 508 3476 552 et
3523 500 3748 563 turbidi,

2181 602 2287 654 quo
2344 596 2400 641 et
2461 588 2571 657 ipsa
2636 590 2802 651 dicat,
2853 587 2995 655 quod
3041 589 3329 656 Apostolus
3377 591 3535 643 docet
3569 592 3637 655 ⁷⁸,
3690 600 3752 646 ιιι

2185 681 2401 733 somnia
2467 695 2564 732 sna
2625 677 2920 733 secundum
2941 679 3360 735 ordinemllant.
3406 700 3424 732 ι
3483 681 3582 736 Ubi
3618 698 3752 737 vero

2180 768 2509 824 sufﬁcienter
2529 768 2692 824 fuerit
2713 771 2975 839 castigata
3000 786 3097 840 pro
3121 774 3364 826 moribus
3378 784 3432 827 et
3453 788 3548 841 pro
3560 790 3746 828 emcn-

2178 860 2407 913 datioris
2451 862 2574 914 vitm
2609 861 2955 928 correptione
3004 864 3270 927 coercita,
3305 877 3430 917 cum
3466 875 3744 917 auctorem

2179 952 2465 1003 verberum
2496 956 2753 1019 senserit,
2786 964 2841 1008 et
2864 954 3113 1010 confiteri
3131 956 3241 1024 jam
3278 954 3641 1023 ceperitqnia
3672 955 3748 1006 di-

2178 1040 2321 1108 gitus
2372 1041 2459 1095 Dei
2506 1055 2611 1107 est,
2638 1054 2686 1098 et
2736 1060 2925 1114 parum
2958 1047 3084 1115 quid
3120 1046 3409 1115 agnitionis
3448 1046 3743 1112 acceperit,

2179 1140 2307 1184 tunc
2355 1133 2628 1203 pra~cipue
2689 1145 2966 1205 gestorum
3025 1152 3248 1191 suorum
3299 1135 3549 1189 tenebras
3577 1135 3742 1196 videt,

2175 1231 2303 1279 tunc
2327 1240 2576 1280 errorum
2612 1242 2838 1282 suorum
2865 1230 3155 1297 caliginem
3204 1228 3389 1282 sentit.
3412 1227 3659 1295 Cumque
3686 1229 3740 1280 in

2174 1318 2277 1371 hoc
2307 1320 2538 1383 venerit,
2576 1327 2703 1374 tunc
2729 1322 3027 1377 merebitur
3059 1331 3116 1375 ut
3161 1322 3576 1389 exstinguuntur
3601 1320 3653 1372 iu
3677 1336 3741 1374 ea

2170 1413 2526 1483 primogenita
2579 1412 2820 1484 .Egypti.
2846 1412 2902 1467 in
2944 1430 3052 1483 quo
3082 1414 3286 1484 aliquid
3324 1413 3547 1481 intelligi
3583 1429 3742 1482 posse

2170 1504 2429 1561 arbitror.
2453 1504 2644 1561 Omnis
2678 1507 2857 1561 anima
2885 1518 3007 1561 cum
3040 1507 3108 1560 ad
3140 1506 3574 1575 supplementum
3605 1512 3740 1558 aeta-

2171 1597 2242 1652 tis
2265 1598 2571 1658 advenerit.
2603 1606 2658 1651 et
2694 1596 2839 1650 velut
2885 1598 3155 1651 naturalis
3185 1597 3236 1651 in
3272 1611 3333 1650 ea
3371 1596 3617 1664 quzrdam
3652 1598 3734 1651 lex

2170 1689 2394 1756 cmperit
2417 1703 2512 1742 sua
2542 1686 2663 1757 jura
2692 1688 3000 1755 defendere,
3027 1688 3228 1757 primos
3264 1689 3382 1740 sine
3410 1688 3575 1740 dubio
3616 1703 3736 1740 mo-

492 1791 548 1835 et
593 1780 888 1851 palpabiles
932 1795 1178 1833 errorum
1232 1777 1484 1832 tenebras
1521 1772 1756 1829 devoluti
1803 1784 1951 1830 sunt.
1980 1772 2064 1829 Ad
2097 1742 2141 1801 Β
2174 1788 2259 1832 tus
2290 1780 2585 1833 secundum
2630 1781 2959 1834 desiderium
2987 1779 3169 1833 carnis
3198 1777 3467 1846 producit,
3503 1792 3642 1845 quos
3674 1794 3737 1832 ex

493 1873 737 1926 ultimum
788 1871 1191 1941 primitivorum
1243 1869 1477 1923 infertur
1527 1866 1814 1933 interitus,
1860 1867 1913 1921 in
1960 1881 2069 1936 quo

490 1966 560 2020 sit
600 1964 844 2019 fortassis
886 1964 1089 2032 aliquid
1140 1978 1302 2031 supra
1352 1972 1593 2015 nostram
1630 1960 2063 2029 intelligentiam,

488 2057 631 2124 quod
673 2054 1023 2109 commissum
1056 2053 1122 2107 ab
1170 2049 1449 2120 Egyptiis
1485 2051 1733 2105 videatur
1771 2049 1823 2103 in
1872 2045 2065 2103 Eccle-

486 2146 625 2199 siam
654 2144 1078 2215 pritnitivorum,
1105 2156 1227 2211 qnze
1253 2142 1492 2210 ascripta
1517 2152 1600 2195 est
1627 2142 1678 2194 in
1708 2140 1885 2195 cmlis.
1915 2138 2066 2194 Unde

485 2247 541 2291 et
581 2237 976 2291 exterminalot‘
1016 2234 1239 2303 angelus
1281 2234 1348 2287 ad
1393 2232 1766 2301 hujuscemodi
1816 2232 2065 2286 ministe-

485 2328 626 2381 rium
659 2326 979 2389 mittitur",
1007 2325 1098 2393 qui
1135 2333 1329 2392 parcat
1356 2322 1462 2376 illis
1493 2332 1722 2384 tantum,
1757 2322 1849 2391 qui
1882 2332 2063 2377 utros-

484 2432 589 2487 que
636 2427 815 2485 postes
860 2415 980 2485 agni
1017 2414 1287 2483 sanguine
1350 2412 1555 2466 inventi
1610 2410 1814 2466 fuerint
1860 2412 2061 2468 habere

484 2512 745 2580 signatos.
788 2508 1049 2561 Deleutttr
1094 2506 1312 2559 interitu
1368 2504 1730 2573 primogenita
1775 2501 2060 2573 {Egyptio-

486 2618 623 2667 rinn,
652 2603 765 2655 sive
807 2600 905 2651 hos
931 2597 1265 2666 principatus
1298 2606 1354 2649 et
1395 2605 1720 2667 potestates,
1764 2605 1819 2649 et
1868 2595 2055 2651 mundi

484 2692 642 2759 hujus
680 2701 919 2745 rectores
958 2691 1307 2742 tenebrarum
1361 2687 1626 2751 dicamus,
1670 2700 1806 2755 quos
1853 2686 1904 2739 in
1955 2686 2055 2739 ad-

481 2794 643 2837 ventu
694 2798 797 2837 suo
843 2781 1097 2837 Christus
1150 2780 1352 2835 dicitur
1399 2778 1706 2833 traduxisse
1727 2778 1795 2844 ",
1828 2778 1931 2832 hoc
1971 2786 2056 2833 est

478 2873 724 2941 captivos
768 2871 1012 2938 desisse,
1041 2880 1097 2925 et
1140 2870 1513 2939 triumphasse
1561 2868 1614 2922 in
1659 2867 1806 2939 ligno
1837 2868 2050 2934 crucis;

478 2964 593 3018 sive
623 2973 876 3044 auctores
907 2974 962 3018 et
1006 2961 1322 3017 inventores
1371 2961 1629 3016 falsarum
1678 2975 1800 3030 quae
1848 2960 1900 3014 in
1949 2953 2053 3015 hoc

2168 1871 2626 1938 concupiscentia:
2668 1871 2751 1926 vel
2801 1871 2895 1925 ine
2940 1870 3131 1926 fomite
3165 1872 3251 1925 vis
3283 1871 3557 1925 incentiva
3582 1884 3738 1923 com-

2168 1962 2419 2015 tnoverit.
2474 1956 2630 2015 Unde
2677 1961 2831 2031 quasi
2870 1963 3204 2032 prtecipuum
3253 1970 3305 2016 et
3341 1962 3481 2029 quod
3526 1977 3635 2014 non
3667 1961 3738 2015 sit

2164 2067 2452 2107 commune
2480 2068 2601 2106 cum
2633 2054 2846 2107 caeteris
2897 2054 3234 2119 hominibus,
3260 2055 3326 2108 de
3354 2052 3474 2108 solo
3512 2052 3735 2107 Christo

2164 2146 2425 2216 propheta
2464 2147 2595 2202 dicit
2616 2134 2667 2179 ⁸⁸
2699 2166 2710 2201 :
2754 2165 2773 2198 ι
2807 2147 3076 2217 Butyrum
3110 2157 3161 2201 et
3212 2146 3316 2201 mel
3350 2146 3688 2200 manducabit
3713 2184 3735 2212 ,

2165 2237 2475 2305 priusquam
2527 2236 2693 2290 faciat
2741 2245 2835 2289 aut
2882 2235 3119 2306 proferat
3155 2235 3410 2303 maligna,
3449 2234 3735 2303 eligetbo-

2166 2340 2317 2378 num.
2354 2342 2370 2375 ι
2412 2324 2677 2390 Quoniam
2708 2325 3027 2393 priusquam
3075 2324 3211 2378 sciat
3250 2339 3385 2393 puer
3415 2324 3613 2377 bonum
3641 2331 3734 2378 aut

2166 2416 2395 2475 malum,
2427 2417 2631 2470 resistit
2665 2416 2905 2477 malitia),
2944 2425 3001 2469 ut
3038 2414 3202 2485 eligat
3229 2416 3373 2485 quod
3400 2415 3602 2469 bouem
3627 2425 3728 2470 est.

2159 2507 2312 2561 Alius
2328 2517 2509 2561 autem
2530 2508 2790 2577 propheta
2815 2516 3067 2577 tanquam
3086 2508 3152 2561 de
3178 2506 3465 2575 semetipso
3484 2505 3729 2574 loq‘tténs,

2159 2599 2432 2653 dicebat81
2466 2614 2478 2649 :
2518 2617 2536 2649 ι
2574 2598 2773 2653 Delicta
2807 2598 3113 2667 jttvettttttis
3153 2612 3286 2652 meae
3309 2605 3362 2651 et
3408 2596 3731 2665 ignorantia:

2159 2706 2291 2743 mete
2322 2704 2389 2743 ne
2430 2691 2763 2744 memineris.
2798 2708 2817 2742 ι
2845 2691 2979 2758 Quia
3026 2705 3159 2761 ergo
3208 2692 3369 2761 primi
3399 2691 3488 2745 isti
3531 2692 3729 2747 animm

2159 2789 2336 2833 motus
2361 2779 2653 2832 secundum
2685 2795 2906 2835 carnem
2931 2780 3123 2849 prolati
3152 2781 3202 2834 in
3227 2790 3508 2851 peccatum
3537 2792 3727 2846 ruunt,

2157 2870 2353 2924 merito
2382 2870 2433 2923 in
2460 2869 2646 2924 morali
2679 2871 2797 2925 loco
2812 2870 3190 2941 Egyptiorum
3222 2872 3495 2941 primitiira
3518 2887 3730 2941 ponunt-

2158 2973 2266 3025 tur,
2317 2975 2437 3032 quae
2485 2972 2711 3016 eatenus
2745 2964 3203 3033 exstinguuntur,
3250 2965 3296 3020 si
3344 2966 3569 3034 reliquae
3600 2966 3723 3020 vita:

480 3058 679 3109 tuundo
728 3055 944 3109 fuerunt
996 3055 1316 3123 religionum
1356 3055 1632 3116 dicamus,
1676 3067 1814 3123 quas
1844 3052 2048 3106 Christi
2081 3072 2128 3132 ε
2158 3054 2503 3108 conversatio
2531 3053 2955 3107 emendatiorem
2988 3053 3184 3124 dirigat
3209 3069 3460 3109 cursum.
3483 3056 3573 3109 Sic
3594 3066 3725 3124 ergo

477 3150 676 3203 Veritas
723 3164 843 3203 cum
892 3148 1006 3202 suis
1057 3147 1319 3201 exstinxit
1353 3155 1407 3200 et
1461 3145 1661 3199 delevit
1712 3145 2049 3199 auctoribus.

476 3236 601 3296 Haec
632 3248 893 3311 quantum
930 3241 995 3292 ad
1028 3240 1207 3293 locum
1241 3238 1532 3307 mysticum
1561 3243 1792 3307 spectat.

548 3332 602 3388 8.
636 3332 754 3387 Jam
802 3342 932 3386 vero
979 3332 1025 3386 si
1064 3332 1228 3385 etiam
1282 3330 1505 3384 moralis
1534 3328 1691 3383 nobis
1737 3329 1905 3399 figura
1943 3340 2055 3384 tra-

473 3424 669 3478 ctanda
697 3432 801 3487 est,
831 3423 1075 3477 dicemus
1099 3419 1242 3490 quod
1274 3432 1615 3489 unaquteque
1642 3421 1823 3474 anima
1848 3419 1901 3473 in
1946 3420 2052 3475 hoc

475 3518 701 3580 mundo,
734 3518 859 3571 dum
902 3518 954 3570 in
988 3514 1267 3571 erroribus
1314 3514 1447 3568 vivit
1475 3523 1529 3567 et
1566 3514 1869 3582 ignorantia
1908 3513 2053 3568 veri-

474 3613 630 3675 tatis,
662 3612 713 3665 in
756 3609 992 3682 Egypto
1024 3609 1199 3679 posita
1231 3616 1336 3663 est.
1368 3605 1506 3661 Huic
1536 3607 1581 3661 si
1617 3606 2051 3676 appropinquare

471 3705 698 3773 eruperit
740 3704 823 3759 lex
870 3704 995 3767 Dei,
1029 3716 1203 3771 aquas
1238 3700 1287 3756 ei
1331 3699 1496 3753 vertit
1529 3698 1582 3753 in
1628 3700 1966 3767 sanguinem,
1996 3699 2047 3753 id

470 3810 554 3851 est
606 3797 823 3851 ﬂuidam
862 3805 914 3850 et
947 3796 1208 3850 lubricam
1238 3793 1537 3864 iuventutis
1581 3792 1745 3847 vitam
1783 3792 2051 3846 convertit

472 3890 526 3943 itt
598 3889 926 3959 sanguinem
970 3887 1173 3941 veteris
1215 3884 1302 3938 vel
1362 3884 1482 3937 novi
1536 3882 1865 3937 testamenti.
1912 3878 2047 3937 Tum

470 3982 666 4034 deinde
691 3980 871 4033 educit
899 3990 964 4032 cx
990 3993 1052 4031 ea
1079 3990 1271 4028 vanam
1298 3982 1355 4028 et
1386 3975 1602 4028 inanem
1632 3972 2041 4041 loquacitatem,

468 4083 518 4123 et
571 4072 856 4123 achrsum
903 4070 991 4122 Dei
1052 4066 1448 4138 providentiam
1503 4082 1758 4121 ranarum
1812 4067 2045 4122 similem

469 4163 769 4230 querelam.
804 4161 1002 4229 Purgat
1030 4160 1192 4213 etiam
1223 4157 1492 4227 malignas
1521 4159 1877 4229 cogitationes
1900 4159 2042 4229 ejus,

467 4263 517 4307 et
549 4253 823 4321 cinipbum
860 4252 1203 4307 mordacitati
1249 4249 1453 4304 similes
1486 4249 1798 4305 calliditatis
1824 4252 2046 4306 aculeos

469 4348 711 4401 discutit.
752 4345 1063 4400 Libidinem
1105 4357 1320 4414 quoque
1365 4358 1579 4398 morsus
1608 4343 1906 4414 cynomyiaz
1935 4344 2046 4413 spi-

2156 3144 2210 3198 in
2255 3144 2434 3200 anima
2478 3159 2644 3218 quam
2678 3143 2761 3198 lex
2791 3144 2973 3198 divina
3014 3145 3081 3198 ab
3108 3147 3385 3200 erroribus
3412 3156 3721 3217 susceptam

2154 3237 2384 3308 castigat
2412 3249 2468 3291 et
2496 3236 2741 3308 corrigit,
2767 3238 2931 3292 etiam
2958 3238 3317 3309 primogenita
3341 3238 3722 3312 AEgyptiorum

2155 3328 2531 3399 intelliguntur
2578 3345 2699 3384 esse
2727 3329 2933 3398 deleta,
2992 3331 3096 3385 nisi
3143 3341 3266 3401 post
3301 3334 3415 3387 ham
3446 3333 3630 3387 omnia
3669 3335 3724 3389 in

2155 3421 2476 3476 infidelitate
2511 3422 2789 3490 perduret,
2843 3433 2898 3478 et
2942 3424 3084 3477 nolit
3131 3424 3354 3495 adjungi
3410 3424 3725 3485 Israelitica

2152 3513 2317 3582 plebi,
2339 3521 2395 3566 ut
2420 3522 2579 3567 exeat
2600 3515 2666 3569 de
2705 3513 2969 3583 profundo
2990 3524 3046 3569 et
3071 3517 3264 3570 evadat
3292 3516 3602 3580 incolumis,
3628 3518 3722 3573 sed

2155 3606 2206 3660 in
2259 3607 2546 3675 iniquitate
2602 3616 2939 3676 permaneat,
3000 3617 3056 3662 et
3110 3608 3405 3662 descendat
3460 3618 3719 3678 tanquam

2152 3697 2431 3769 plumbum
2474 3698 2525 3750 in
2567 3713 2763 3767 aquam
2811 3682 3237 3753 validissimam.
3278 3700 3547 3770 lniquitas
3572 3702 3722 3756 enim

2150 3796 2446 3847 secundum
2476 3787 2760 3847 Zachariae
2780 3796 3060 3861 prophetat
3074 3791 3119 3825 ⁸²
3151 3793 3321 3848 visum
3350 3806 3515 3864 super
3544 3794 3722 3849 talen-

2151 3895 2261 3937 tum
2290 3885 2492 3952 plumbi
2528 3884 2706 3941 sedet.
2744 3884 2808 3938 Et
2838 3885 2960 3939 ideo
2986 3885 3077 3954 qtti
3104 3896 3393 3954 permanet
3422 3889 3476 3943 in
3516 3888 3720 3955 iniqui-

2150 3984 2281 4036 tate,
2317 3983 2570 4041 tanquam
2596 3974 2874 4042 plumbum
2903 3975 3143 4044 deutet'gi
3178 3975 3381 4031 dicitur
3407 3976 3463 4030 in
3494 3978 3720 4046 profun-

2148 4066 2295 4119 dum.
2324 4066 2465 4120 Sane
2489 4065 2632 4133 quod
2656 4066 2706 4118 in
2726 4066 3097 4134 superioribus
3118 4066 3548 4137 observavimus,
3570 4084 3721 4139 quas.

2144 4156 2267 4208 tlam
2328 4155 2573 4224 prodigia
2632 4170 2727 4223 per
2781 4156 2985 4219 Araon,
3018 4158 3266 4225 quaedam
3324 4174 3425 4228 per
3468 4158 3713 4230 Moysen,

2147 4247 2389 4315 quaedam
2427 4261 2559 4302 vero
2589 4261 2685 4316 per
2728 4249 2903 4317 ipsum
2938 4250 3223 4305 Dominum
3257 4251 3592 4315 ministrata.
3634 4253 3715 4306 in-

2150 4337 2312 4408 telligi
2348 4348 2579 4393 eatenus
2619 4349 2864 4408 possunt,
2898 4352 2957 4396 ιιι
3006 4353 3367 4411 agnoseamus
3402 4344 3454 4397 in
3490 4345 3713 4412 quibus-

467 4440 603 4493 culis
639 4440 845 4493 similes
880 4437 1137 4506 depellit,
1184 4436 1581 4504 stultitiamque
1624 4437 1676 4489 in
1704 4452 1766 4490 ea
1802 4444 1857 4490 et
1885 4436 2041 4490 intel-
2072 4427 2116 4482 ί)
2148 4430 2268 4484 dum
2307 4446 2402 4499 per
2458 4431 2726 4485 sacrificia
2781 4436 3123 4489 sacerdotum
3185 4446 3240 4490 et
3298 4437 3716 4493 obsecrationes

470 4530 666 4583 lectum
702 4528 1000 4598 pecudibus
1028 4527 1259 4581 similem
1287 4527 1462 4592 delet;
1498 4541 1596 4595 per
1622 4541 1780 4594 quem
1811 4544 1829 4576 ι
1856 4527 2038 4592 Ιιοιιιο,

464 4639 588 4675 cum
636 4623 685 4675 in
720 4623 926 4675 honore
970 4628 1136 4683 esset,
1183 4634 1287 4672 non
1344 4618 1637 4683 intellexit,
1682 4619 1772 4673 sed
1814 4634 2039 4689 compa-

469 4726 618 4767 ratus
641 4722 725 4767 est
750 4711 1014 4783 juinentis
1046 4709 1506 4777 insipientibus,et
1527 4709 1723 4763 similis
1757 4708 1932 4764 factus
1957 4718 2041 4765 est

468 4806 571 4860 illis
591 4806 658 4858 ⁷⁷.
684 4824 701 4856 ι
734 4803 927 4873 Arguit
967 4803 1111 4856 enim
1156 4811 1210 4854 et
1254 4801 1437 4855 ulcera
1478 4812 1845 4871 peccatorum,
1874 4811 2036 4871 atque

467 4897 788 4967 arrogantia:
840 4908 1104 4949 tumorem
1167 4892 1542 4962 fervoremque
1604 4893 1656 4946 in
1717 4909 1780 4948 ea
1843 4893 2039 4949 furoris

469 4986 626 5063 143
652 4989 969 5057 exstinguit.
1007 4987 1238 5041 Adhibet
1271 4996 1392 5056 post
1435 4988 1547 5040 lucc
1587 4988 1755 5040 etiam
1786 5002 1947 5042 voces
1982 4988 2041 5041 ft-

469 5085 659 5134 liorum
703 5080 949 5145 tonitrui,
983 5079 1037 5133 id
1076 5086 1165 5133 est
1227 5079 1566 5146 evangelicas
1605 5082 2041 5148 apostolicasque

466 5173 761 5226 doctrinas.
794 5171 901 5226 Sed
938 5180 991 5225 et
1018 5169 1428 5237 castigationem
1453 5170 1731 5236 grandinis
1764 5171 2036 5235 admovet,

466 5273 525 5315 ut
551 5263 820 5316 luxuriam
853 5263 1265 5332 voluptatesque
1292 5272 1564 5317 coerceat.
1597 5262 1831 5317 Adbibet
1872 5263 2034 5316 sinml

465 5368 513 5407 ct
547 5357 720 5423 ignem
743 5354 1095 5424 poenitentiae,
1116 5363 1172 5406 ut
1200 5365 1254 5408 et
1278 5354 1387 5423 ipsa
1407 5354 1552 5408 dicat
1578 5356 1623 5386 ⁷⁸
1649 5372 1662 5406 :
1693 5374 1709 5405 ι
1737 5354 1925 5408 Nonne
1942 5370 2037 5408 cur

467 5460 709 5500 nostrum
739 5448 940 5501 ardens
972 5455 1090 5500 erat
1135 5446 1277 5501 intra
1300 5447 1451 5503 nos?
1488 5465 1505 5498 ι
1541 5445 1650 5501 Nec
1695 5447 2029 5501 locustarum

535 5630 590 5663 2"
628 5624 785 5676 l‘rov.
813 5642 939 5685 xxx.
967 5625 1054 5678 9.7.
1133 5624 1179 5656 ⁷⁸
1219 5625 1358 5679 Psal.
1407 5642 1543 5686 xm,
1579 5626 1663 5678 ιε.

466 5712 611 5757 aut,
644 5697 731 5749 52.
812 5698 894 5749 79l
927 5699 1051 5748 (λιιι.
1087 5711 1197 5758 λιν,
1227 5698 1314 5748 ιιι.
1409 5697 1453 5727 ⁶⁰
1478 5701 1581 5748 isa.
1617 5697 1807 5759 Vtt,l5.

1742 5626 1790 5657 "
1831 5626 1999 5683 Exod.
2030 5642 2127 5680 xtl.

1913 5699 1953 5727 ⁸³
1994 5699 2136 5751 l'a‘nl.
2182 5714 2302 5762 SM‘,
2338 5697 2388 5752 7.

2147 4526 2461 4592 pontiﬁcum
2484 4540 2582 4580 nos
2604 4540 2725 4581 esse
2749 4530 3080 4597 purgandos,
3101 4531 3245 4598 quod
3269 4530 3450 4584 Aaron
3483 4544 3715 4599 persona

2147 4619 2389 4686 designat
2415 4634 2429 4682 ;
2471 4619 2524 4672 in
2556 4619 2883 4688 quibusdam
2914 4636 3045 4676 vero
3076 4634 3174 4689 per
3206 4623 3487 4676 scientiam
3522 4623 3719 4676 divinze

2147 4708 2284 4777 legis
2312 4710 2703 4774 emendandos,
2743 4720 2799 4764 ut
2838 4711 3007 4780 Moysi
3059 4710 3310 4779 designat
3353 4710 3628 4775 ofﬁcium;
3665 4713 3716 4763 in

2146 4805 2267 4859 aliis
2302 4814 2505 4869 autem,
2539 4806 2656 4860 sine
2682 4806 2846 4861 dubio
2879 4821 2999 4875 quae
3025 4804 3332 4859 difﬁciliora
3367 4814 3515 4870 sunt,
3545 4806 3720 4874 ipsius

2128 4918 2131 4919 ν
2145 4897 2353 4952 Domini
2369 4910 2529 4967 egere
2551 4897 2771 4951 virtute.

2219 4993 2273 5048 9.
2306 4993 2413 5047 Sed
2444 5008 2511 5047 ne
2540 4993 2669 5047 illud
2702 4992 2919 5062 quidem
2961 4995 3255 5061 putandum
3298 5003 3381 5048 est
3413 4994 3568 5048 nobis
3596 4994 3713 5049 ina-

2145 5084 2286 5138 uiter
2314 5090 2686 5148 observatum,
2720 5087 2863 5153 quod
2893 5089 3069 5155 primo
3094 5088 3312 5155 quidem
3360 5084 3573 5157 Moyses
3606 5100 3710 5138 non

2143 5174 2313 5230 intrat
2344 5175 2411 5229 ad
2464 5175 2826 5241 Pharaonem,
2876 5180 2973 5233 sed
3023 5179 3266 5233 occurrit
3298 5180 3347 5232 ei
3383 5177 3603 5232 exeunti
3642 5178 3711 5229 ad

2144 5283 2336 5336 aquas,
2370 5269 2709 5337 postmodum
2736 5284 2863 5323 vero
2888 5271 3049 5323 intrat
3073 5271 3138 5324 ad
3156 5286 3300 5337 eum,
3333 5282 3452 5339 post
3478 5270 3581 5325 huc
3605 5285 3708 5322 nou

2144 5360 2334 5423 intrat,
2388 5362 2485 5413 sed
2518 5361 2814 5415 accersitus
2853 5365 3082 5416 act-edit.
3113 5363 3173 5416 Et
3212 5364 3263 5415 in
3301 5363 3403 5417 hoe
3453 5364 3524 5416 ita
3567 5360 3710 5415 arbi-

2147 5459 2261 5503 tror
2289 5449 2516 5520 intelligi
2564 5464 2743 5517 posse,
2789 5452 2930 5521 quod
2955 5454 3070 5504 sive
3102 5453 3337 5506 nobisin
3381 5459 3544 5506 verbo
3588 5451 3706 5509 Dei.

2206 5628 2251 5655 ⁷⁸
2291 5626 2498 5681 Culoss.
2551 5642 2612 5685 ιι.
2658 5626 2740 5679 lii.
2816 5628 2860 5656 ⁷⁷
2901 5626 3041 5679 Psal.
3105 5642 3291 5691 Xvatt,
3333 5628 3414 5681 15.
3496 5625 3541 5657 ⁷⁸
3570 5624 3702 5681 Luc.

2495 5695 2537 5726 "
2567 5695 2730 5750 Zaclt.
2766 5714 2813 5762 ν,
2850 5700 2901 5750 7.
