4122 6248
407 298 524 360 5‘13

1654 293 1718 354 ΙΝ
1761 292 2047 353 EXODUM
2083 294 2365 354 NOMINA
2409 298 2472 353 V.

3572 292 3676 346 3‘“)

410 432 473 476 et
510 418 790 487 religionis
849 418 1173 474 assertionis
1230 426 1506 472 certamen
1564 426 1649 472 est
1704 420 1995 471 adversum
2027 417 2170 477 Λίιά
2224 416 2485 470 Ecclesiae
2531 413 2947 468 instructionem
3006 412 3197 466 met-ito
3254 410 3458 467 datam.
3504 408 3676 463 Judaei

414 512 801 578 Pharaonem;
844 511 960 565 sive
998 511 1160 566 etiam
1207 510 1460 563 obsessas
1499 510 1566 562 ab
1606 523 1673 562 eo
1709 507 1921 561 animas
1962 522 1990 558 a

424 613 695 681 potestate
751 603 866 671 ejus
908 618 1170 656 conamur
1217 603 1453 670 eripere,
1494 610 1546 654 et
1593 610 1677 653 est
1731 600 1884 652 nobis
1938 600 1989 651 in

431 695 798 766 disputatione
834 694 1139 757 luctamen;
1175 707 1278 745 non
1304 691 1485 743 statim
1516 691 1568 743 in
1603 690 1772 758 prima
1818 688 1993 741 fronte

429 786 634 857 ingredi
679 785 935 837 debemus
966 782 1032 835 ad
1066 782 1257 834 ultima
1311 782 1669 849 quzestionum
1726 779 1861 844 loca,
1897 782 1990 833 sed

424 874 812 932 occurrendum
851 873 1004 926 nobis
1038 881 1120 925 est
1138 871 1472 934 adversario,
1507 879 1561 924 et
1590 870 1989 924 occurrendum

420 968 485 1021 ad
518 979 687 1035 aquas
714 978 861 1017 suas.
888 963 1055 1031 Aqua:
1092 961 1238 1017 enim
1282 976 1392 1015 suae
1423 970 1549 1014 sunt
1579 970 1829 1014 auctores
1858 975 1990 1028 geu-

421 1058 596 1114 tilium
623 1051 1177 1126 philosophorumJbi
1195 1069 1327 1124 ergo
1367 1055 1522 1107 nobis
1545 1057 1780 1123 primum
1805 1052 1995 1119 dispu-

416 1159 538 1203 tare
568 1146 900 1211 volentibus,
925 1145 1320 1199 occurrendum
1353 1152 1460 1203 est.
1496 1154 1551 1196 ut
1605 1145 1752 1210 ipsos
1795 1158 1994 1212 argua-

416 1256 541 1295 mus
569 1248 621 1293 et
662 1239 808 1310 ipsos
836 1251 1055 1291 errasse
1100 1237 1411 1293 doceamus.
1452 1235 1579 1288 Post
1614 1235 1718 1288 hoc
1752 1234 1863 1303 jam
1918 1234 1993 1286 in-

416 1332 773 1401 grediendum
832 1332 988 1387 uobis
1038 1342 1119 1387 est
1159 1341 1212 1385 et
1251 1332 1316 1384 ad
1356 1330 1612 1383 interiora
1650 1327 1988 1382 certaminis.

423 1424 561 1476 Dicit
589 1423 734 1476 enim
770 1422 1031 1476 Dominus
1061 1423 1150 1475 ⁸³ε
1190 1440 1208 1472 ι
1245 1420 1352 1475 Nisi
1400 1422 1550 1488 prius
1586 1418 1709 1487 quis
1737 1418 1997 1486 alligave-

422 1515 491 1567 rit
525 1514 748 1577 fortem,
784 1528 889 1566 non
919 1522 1096 1581 potest
1143 1513 1375 1565 introire
1431 1512 1484 1562 in
1518 1511 1735 1561 domum
1781 1507 1898 1576 ejus
1940 1517 1997 1563 et

426 1619 550 1659 Vasa
577 1607 696 1676 ejus
720 1605 980 1673 diripere.
1008 1622 1026 1655 ι
1051 1603 1213 1658 Prius
1239 1617 1370 1670 ergo
1404 1601 1705 1671 alligandos
1733 1599 1993 1654 estfortis

421 1710 471 1751 ιιι
501 1700 859 1766 quaestionum
897 1696 1135 1750 vinculis
1186 1694 1668 1762 constringendos,
1713 1702 1763 1744 et
1796 1693 1867 1744 ita
1905 1692 1990 1744 in-

2097 521 2231 575 ergo
2270 506 2376 561 hoc
2399 506 2571 559 solum
2602 504 2995 573 intelligebant,
3023 504 3145 571 quia
3172 504 3392 570 ptofecti
3425 514 3552 555 sunt
3580 500 3675 556 lilii

2096 598 2265 652 Israel
2299 600 2363 652 de
2392 598 2653 668 Egypto,
2680 606 2737 650 et
2768 597 2940 665 prima
2972 595 3234 663 profectio
3264 611 3448 647 eorum
3477 594 3578 647 fuit
3607 610 3674 648 cx

2096 689 2377 753 Ramesse,
2405 699 2459 743 et
2492 689 2617 742 inde
2645 687 2871 757 profecti
2906 695 3168 742 venerunt
3200 686 3250 737 in
3294 686 3531 737 Sochoth
3555 726 3570 749 ,
3617 692 3675 737 et

2094 787 2161 837 de
2191 781 2433 836 Sochoth
2458 779 2708 850 profecti,
2746 788 3011 833 venerunt
3058 779 3109 832 in
3139 777 3344 838 Otlton,
3385 776 3450 827 ad
3498 776 3673 845 Ειιειιιά

2094 874 2235 929 leum
2264 876 2418 943 juxta
2459 887 2629 927 mare.
2666 871 2802 925 Tum
2844 870 3042 923 deinde
3070 868 3214 937 quod
3265 868 3340 920 ibi
3378 867 3550 920 nubes
3581 884 3676 920 eos

2093 967 2459 1034 praacesserit,
2504 974 2558 1018 et
2593 974 2776 1017 secuta
2827 962 2901 1016 sit
2955 972 3132 1030 petra,
3182 960 3248 1014 de
3280 975 3384 1029 qua
3429 961 3678 1013 biberunt

2094 1073 2311 1126 aquam.
2349 1056 2711 1111 Transierunt
2748 1054 2912 1107 etiam
2962 1068 3056 1121 per
3106 1067 3257 1104 mare
3307 1052 3572 1110 Rubrum,
3620 1060 3678 1103 et

2094 1157 2363 1203 venerunt
2411 1149 2465 1202 iu
2511 1150 2788 1201 desertqu
2822 1146 2976 1198 Sina.
3013 1143 3181 1198 Nobis
3227 1152 3407 1196 autem
3456 1142 3672 1210 (ιιιειῑιιιιι

2096 1239 2376 1291 tradiderit
2410 1240 2476 1292 de
2514 1238 2598 1291 his
2629 1236 2829 1290 Paulus
2857 1235 3133 1302 apostolus
3182 1233 3556 1301 intelligentiae
3589 1248 3677 1282 reo-

2095 1330 2308 1399 gulam,
2362 1331 2665 1383 videamus.
2711 1327 3014 1382 Corinthiis
3055 1327 3305 1380 scribens
3352 1326 3402 1376 in
3437 1324 3675 1391 quodam

2097 1419 2212 1473 loco
2250 1419 2325 1472 ita
2351 1419 2484 1472 dicit
2514 1419 2558 1451 δν
2605 1433 2616 1465 :
2663 1436 2680 1469 ι
2721 1416 2936 1469 Scimus
2962 1415 3105 1469 enim
3137 1416 3259 1485 quia
3282 1426 3461 1483 patres
3501 1415 3674 1468 nostri

2095 1528 2285 1567 omnes
2307 1513 2407 1566 sth
2439 1512 2581 1564 nube
2600 1509 2838 1571 fuerunt,
2855 1518 2908 1562 et
2929 1524 3120 1561 omnes
3146 1522 3297 1561 mare
3321 1506 3672 1568 transierunt,

2094 1612 2146 1657 et
2189 1617 2382 1657 onlnes
2420 1602 2472 1654 in
2513 1601 2696 1670 Moyse
2745 1599 3004 1668 baptizati
3052 1610 3179 1652 sunt
3226 1599 3279 1650 in
3332 1598 3471 1650 nube
3512 1606 3566 1650 et
3618 1598 3674 1650 in

2097 1696 2253 1757 mari,
2277 1706 2331 1748 et
2363 1709 2553 1748 omnes
2591 1692 2836 1746 eamdem
2884 1707 3061 1745 escam
3100 1691 3398 1759 spiritalem
3443 1691 3674 1743 mandu-

423 1791 749 1844 troenndum
794 1791 859 1842 ad
899 1787 1203 1856 diripienda
1250 1800 1373 1838 vasa
1417 1785 1530 1851 ejus
1584 1794 1638 1838 et
1684 1782 1988 1837 liberandas
2020 1760 2063 1817 Β
2097 1795 2381 1849 caverunt.
2419 1795 2474 1840 et
2500 1799 2693 1839 omnes
2722 1783 2975 1838 cnmde.n
3025 1793 3209 1852 potum
3259 1782 3555 1848 spiritalem
3591 1780 3671 1834 bi.

425 1882 660 1943 animus,
696 1896 837 1949 quas
864 1877 1201 1947 deceptionis
1255 1877 1442 1929 fraude
1470 1874 1802 1945 possederat.
1835 1874 1987 1940 Quod

426 1987 546 2024 cum
573 1974 767 2040 saepius
803 1972 1114 2033 fecerimus,
1141 1978 1192 2022 et
1218 1967 1532 2023 steterimus
1557 1977 1746 2022 contra
1776 1968 1947 2034 ipsum
1970 1982 1986 2033 ;

423 2067 733 2119 steterimus
759 2078 937 2119 autem
964 2079 1031 2117 eo
1067 2062 1242 2125 modo,
1269 2076 1378 2132 quo
1412 2060 1707 2130 Apostolus
1755 2060 1987 2114 dicit“:

426 2170 446 2205 r
477 2156 627 2211 State
661 2171 789 2225 ergo
813 2154 1073 2209 succincti
1115 2154 1324 2208 lumbos
1354 2162 1567 2207 vestros
1594 2154 1647 2206 in
1672 2154 1938 2217 veritate;
1965 2169 1984 2204 ι

415 2256 471 2300 et
499 2251 693 2301 iterum
715 2248 759 2279 ⁸⁸
788 2262 802 2299 :
835 2265 850 2295 ι
875 2245 1029 2299 State
1063 2246 1114 2298 in
1142 2245 1387 2311 Domino,
1430 2253 1485 2298 et
1510 2244 1743 2298 viriliter
1770 2244 1938 2314 agite;
1965 2264 1985 2297 ι

414 2348 537 2389 cum
586 2350 715 2406 ergo
759 2336 861 2390 hoc
913 2336 1072 2390 modo
1101 2335 1421 2390 steterimus
1456 2334 1741 2388 adversum
1779 2336 1986 2403 ipsum,

415 2426 504 2480 ille
537 2427 732 2483 artifex
768 2426 1025 2495 antiquus
1059 2436 1114 2480 et
1159 2425 1389 2480 callidus
1430 2426 1590 2480 etiam
1623 2426 1768 2479 vinci
1818 2440 1877 2481 se
1914 2430 1991 2481 si-

417 2520 645 2572 mttlahit
685 2528 741 2574 et
783 2520 1002 2583 cedere,
1046 2520 1089 2572 si
1129 2519 1268 2573 forte
1302 2533 1397 2587 per
1439 2517 1540 2572 hoc
1570 2517 1988 2588 negligentiores

415 2625 514 2663 nos
547 2609 744 2663 eliiciat
776 2608 843 2663 ad
870 2617 1169 2663 certamen.
1196 2607 1302 2662 Sed
1327 2617 1382 2661 et
1414 2606 1786 2677 ptenitcntiam
1819 2611 1989 2663 s‘imu-

416 2698 569 2763 labit,
615 2710 669 2753 et
705 2699 1088 2769 deprecabitur
1130 2715 1233 2755 nos
1275 2701 1557 2754 discedere
1601 2700 1845 2769 quidem,
1889 2702 1986 2755 sed

415 2806 522 2845 non
564 2791 721 2861 longe
751 2791 1049 2846 discedere.
1090 2790 1217 2845 Vult
1261 2806 1361 2845 nos
1393 2806 1515 2845 esse
1554 2791 1656 2846 sibi
1697 2792 1876 2861 aliqua
1916 2808 1983 2846 ex

415 2893 564 2952 parte
598 2883 828 2946 vicinos,
858 2881 972 2934 vult
1008 2896 1106 2936 nos
1134 2897 1159 2933 a
1179 2882 1292 2935 suis
1323 2881 1519 2936 ﬁnibus
1550 2896 1656 2936 non
1688 2881 1846 2952 longe
1874 2882 1987 2937 dis-

422 2975 638 3029 cedere.
673 2973 778 3028 Sed
820 2987 919 3027 nos
986 2972 1087 3028 nisi
1130 2974 1197 3028 ab
1239 2987 1304 3027 eo
1345 2972 1560 3042 longius
1588 2972 1905 3027 recedamus
1928 2981 1986 3027 et

416 3074 757 3120 transeamus
780 3080 953 3131 mare,
986 3072 1041 3119 et
1083 3066 1364 3119 dicamus:
1402 3082 1420 3116 ι
1458 3064 1730 3131 Quantum
1764 3063 1985 3132 interja-

2096 1884 2313 1938 berunt.
2337 1880 2600 1935 Bibebant
2630 1889 2808 1933 autem
2832 1880 2897 1931 de
2916 1878 3147 1944 spiritali
3172 1888 3547 1945 consequente
3576 1890 3674 1931 eos

2094 1982 2266 2043 petra,
2303 1982 2454 2040 petra
2492 1986 2624 2023 vero
2656 1981 2773 2023 erat
2801 1969 3068 2022 Christus.
3103 1989 3121 2021 ι
3163 1968 3368 2022 Videtis
3400 1980 3668 2037 quantum

2095 2063 2311 2119 differat
2360 2062 2428 2116 ab
2471 2061 2737 2115 historica
2782 2061 3014 2114 lectione
3045 2060 3192 2113 Pauli
3238 2060 3479 2117 traditio.
3516 2062 3671 2127 Quod

2091 2157 2263 2213 Judtei
2318 2155 2607 2208 transitum
2660 2153 2824 2207 maris
2869 2152 3305 2221 putant,Paulus
3344 2154 3671 2221 baptismum

2094 2258 2288 2311 vocat;
2326 2263 2487 2317 quam
2536 2245 2611 2300 illi
2644 2245 2961 2298 existimant
3004 2246 3218 2304 nubem.
3266 2243 3465 2297 Paulus
3500 2244 3676 2315 Spiris

2096 2351 2206 2394 tttm
2253 2348 2503 2392 sanctum
2539 2338 2726 2405 ponit:
2770 2348 2823 2391 et
2881 2338 3005 2392 huic
3044 2337 3221 2390 simile
3277 2336 3501 2403 intelligi
3560 2336 3675 2389 vult

2092 2432 2242 2494 illud,
2260 2431 2403 2500 quod
2439 2430 2699 2483 Dominus
2722 2429 2771 2480 iu
2802 2428 3110 2497 Evangeliis
3128 2426 3382 2496 praecepit
3401 2426 3585 2479 dicens
3598 2425 3669 2478 ὐτ

2095 2542 2114 2576 ι
2155 2523 2266 2577 Nisi
2288 2523 2411 2590 quis
2440 2530 2663 2575 renatus
2689 2519 2849 2572 fuerit
2873 2535 2938 2572 ex
2977 2535 3114 2588 aqua
3145 2528 3196 2571 et
3228 2514 3431 2583 Spiritu
3457 2528 3667 2581 sancto,

2090 2636 2198 2675 non
2255 2627 2430 2687 potest
2481 2615 2689 2669 in‘rare
2739 2615 2789 2667 in
2835 2628 3061 2683 regnum
3118 2610 3235 2664 Dei.
3280 2628 3298 2661 ι
3340 2610 3402 2663 Et
3449 2623 3669 2661 rursum

2090 2724 2309 2773 manna,
2354 2706 2499 2777 quod
2549 2704 2718 2760 Jndaai
2767 2704 2951 2758 cibum
3000 2703 3208 2756 ventris
3251 2712 3303 2756 et
3357 2701 3667 2755 satietatem

2088 2801 2403 2856 existimant
2435 2798 2591 2869 gulm,
2624 2812 2803 2851 escam
2853 2793 3155 2865 spiritalem
3189 2794 3430 2847 nominat
3450 2792 3666 2850 Paulus.

2088 2894 2154 2947 Et
2190 2907 2295 2947 non
2322 2891 2496 2946 solum
2532 2890 2750 2956 Paulus,
2794 2890 2890 2942 sed
2921 2898 2976 2941 et
3014 2886 3276 2942 Dominus
3299 2885 3366 2939 de
3388 2885 3577 2939 eodem
3612 2886 3664 2938 in

2088 2984 2383 3053 Evangelia
2414 2983 2652 3037 dicit":
2694 3001 2711 3033 ι
2754 2982 2945 3036 Patres
2986 2977 3150 3032 vestri
3185 2991 3386 3030 manna
3434 2978 3665 3030 mandu-

2088 3085 2354 3130 caverunt
2406 3075 2459 3128 in
2496 3075 2746 3136 deserto,
2785 3082 2842 3126 et
2892 3072 3091 3125 mortui
3132 3079 3279 3123 sunt.
3335 3068 3435 3135 Qui
3483 3076 3664 3122 autem

412 3166 498 3211 "cl
539 3166 695 3212 0”"9
744 3157 812 3212 ab
838 3171 1059 3224 00°35“.
1096 3156 1367 3226 elonsavil
1399 3171 1428 3210 ³
1462 3156 1619 3211 ηοὺίε
1665 3156 1981 3227 iniquitates
2010 3128 2055 3189 ο
2088 3167 2501 3222 tnanducaverit
2526 3166 2593 3221 de
2613 3180 2749 3234 pane
2773 3180 2934 3235 quem
2950 3177 3052 3233 ego
3077 3161 3146 3217 do
3174 3163 3247 3225 ei,
3273 3177 3379 3215 non
3403 3162 3666 3215 morietur

411 3262 630 3304 nostras
652 3249 728 3313 ⁸⁶;
751 3267 771 3301 ι
795 3250 928 3303 salvi
962 3264 1083 3304 esse
1114 3265 1219 3303 non
1253 3263 1561 3317 possumus.
1589 3248 1818 3320 Pr0pter
1838 3252 1982 3319 quod

414 3346 768 3411 deprecemur
796 3342 1231 3397 misericordiam
1281 3342 1513 3407 Domini,
1552 3352 1611 3395 ut
1640 3352 1693 3397 et
1728 3359 1838 3397 nus
1873 3344 1984 3396 eri-

410 3437 526 3503 piat
558 3437 624 3488 de
649 3445 794 3489 terra
823 3432 1072 3505 Egypti,
1124 3434 1192 3487 de
1222 3441 1494 3502 potestate
1532 3436 1897 3499 tenebrarum,
1928 3442 1983 3487 et

415 3528 757 3580 Pharaonem
814 3540 937 3580 cum
969 3524 1210 3579 exercitu
1265 3540 1365 3580 suo
1405 3536 1661 3594 tanquam
1705 3525 1980 3596 plumbum

414 3620 700 3684 demergat
727 3617 778 3669 in
804 3630 998 3683 aquam
1034 3614 1451 3669 validissimam.
1484 3616 1594 3669 Nos
1638 3626 1817 3670 autem
1848 3617 1982 3671 libe-

418 3709 540 3771 rati,
566 3723 689 3762 cum
715 3708 912 3776 gaudio
933 3718 984 3759 et
1003 3704 1367 3760 exsultatione
1384 3708 1638 3777 hymnum
1660 3726 1678 3759 ι
1703 3718 1982 3761 cantemus

414 3801 659 3866 Domino,
695 3801 931 3868 gloriose
986 3798 1131 3852 enim
1171 3798 1571 3852 bonorificatus
1599 3806 1681 3851 est
1706 3796 1769 3862 ⁸⁷,
1796 3815 1815 3848 ι
1850 3800 1979 3867 quia

410 3894 512 3963 ipsi
552 3892 722 3961 gloria
753 3902 810 3947 et
843 3893 1018 3946 honor
1066 3893 1117 3945 in
1158 3890 1356 3945 Saecula
1402 3891 1747 3944 saeculorum.
1782 3892 1977 3946 Amen.

1002 3982 1281 4040 llOlllLIA
1332 3982 1388 4040 V.

483 4078 557 4131 De
594 4075 914 4146 profectione
939 4074 1178 4143 ﬁliorum
1199 4072 1373 4127 Israel
1397 4073 1461 4125 de
1484 4082 1626 4125 terra
1650 4069 1891 4141 Egypli.

480 4171 530 4225 l.
570 4169 766 4223 Doctor
800 4168 1039 4238 gentium
1084 4166 1137 4219 in
1187 4165 1292 4219 fide
1327 4174 1382 4218 et
1422 4163 1657 4218 veritate
1697 4165 1977 4230 apostolus

407 4257 607 4312 Paulus
626 4256 673 4288 ⁸⁸
718 4256 944 4309 tradidit
989 4254 1266 4318 Ecclesiae,
1307 4268 1472 4322 quam
1508 4256 1871 4323 congregavit
1907 4270 1973 4309 ex

407 4348 677 4419 gentibus,
712 4348 984 4416 quomodo
1014 4346 1180 4399 libros
1215 4344 1348 4414 legis
1392 4354 1674 4413 susceptos
1715 4345 1783 4398 ab
1815 4344 1972 4410 aliis,

2087 3260 2137 3312 in
2155 3270 2439 3313 aeternum.
2484 3276 2502 3309 ›
2546 3258 2607 3310 Ει
2646 3266 2764 3325 post
2795 3258 2899 3310 hoc
2950 3255 3087 3309 dicit
3123 3270 3137 3307 ε
3175 3272 3193 3306 ι
3223 3255 3334 3323 Ego
3356 3268 3474 3305 sum
3509 3253 3667 3317 panis

2085 3352 2262 3416 vivus,
2294 3353 2385 3421 qui
2423 3352 2489 3404 de
2526 3350 2664 3404 caelo
2692 3348 2969 3402 descendi.
3013 3364 3032 3397 ι
3074 3345 3207 3399 Tum
3240 3346 3435 3399 deinde
3483 3344 3552 3402 de
3580 3360 3667 3395 se-

2083 3444 2269 3513 quenti
2310 3451 2462 3513 petra
2499 3451 2689 3508 aperte
2713 3439 3026 3508 pronuntiat
3068 3436 3286 3504 Paulus,
3322 3446 3373 3490 et
3411 3436 3544 3490 dicit
3570 3436 3661 3487 "z

2089 3552 2107 3586 ι
2148 3533 2307 3587 Petra
2358 3546 2485 3586 vero
2508 3541 2627 3585 erat
2655 3529 2933 3585 Christus.
2971 3547 2990 3581 ι
3028 3528 3167 3594 Quid
3200 3527 3364 3598 igitur
3394 3528 3662 3596 agendum

2084 3625 2242 3679 nobis
2270 3633 2374 3685 est.
2406 3623 2497 3691 qui
2526 3621 2832 3691 hujusmodi
2862 3636 2891 3673 a
2924 3619 3090 3673 Paulo
3120 3618 3376 3674 Ei-clcsite
3404 3619 3665 3689 magistro

2084 3716 2461 3785 intelligentiae
2490 3715 2737 3767 instituta
2780 3712 3156 3779 suscepimus?
3216 3711 3404 3765 Nonne
3439 3713 3658 3765 videtur

2077 3804 2307 3873 justum,
2331 3813 2391 3858 ut
2418 3805 2670 3857 traditam
2697 3803 2852 3856 nobis
2883 3800 3194 3868 hujnsmodi
3228 3801 3466 3871 regulam
3498 3801 3662 3855 simili

2083 3896 2136 3949 in
2158 3893 2369 3948 caeteris
2389 3907 2672 3947 servemus
2691 3891 2973 3960 exemplo?
2997 3890 3103 3955 An,
3124 3900 3180 3943 ut
3201 3891 3421 3959 quidam
3444 3891 3663 3956 volunt,

2080 3989 2194 4043 ha-c
2230 4002 2351 4058 qua:
2381 3996 2565 4041 tantus
2601 4000 2665 4040 ac
2704 3985 2827 4039 talis
2871 3984 3167 4053 Apostolus
3203 3984 3448 4051 tradidit,
3493 3983 3661 4037 relin-

2077 4091 2327 4147 quentes,
2360 4093 2572 4131 rnrsnm
2606 4077 2670 4130 ad
2698 4076 2958 4130 .ludaicas
2985 4077 3199 4129 fabulas
3232 4075 3662 4130 convertantur?

2078 4171 2206 4227 Mihi
2241 4172 2460 4241 quidem
2503 4171 2580 4240 (5)
2618 4170 2663 4224 si
2697 4170 2813 4224 inec
2846 4171 3005 4223 aliter
3030 4184 3191 4237 quam
3226 4169 3392 4222 Paulo
3421 4169 3657 4232 videtur,

2075 4275 2367 4331 exponam,
2401 4261 2503 4314 hoc
2543 4270 2672 4329 puto
2696 4273 2817 4312 esse
2847 4273 3040 4312 manus
3071 4258 3200 4311 dare
3231 4258 3466 4311 inimicis
3494 4257 3658 4311 Chri‘

2076 4353 2168 4416 διε,
2213 4352 2397 4405 ethoc
2449 4365 2570 4404 esse
2609 4350 2752 4419 quod
2801 4349 3063 4417 propheta
3100 4350 3231 4404 dicit
3261 4349 3341 4393 ⁹³τ
3386 4363 3404 4397 ι
3448 4349 3536 4402 Vw
3563 4349 3657 4417 qui

405 4438 623 4506 sibique
658 4438 868 4505 ignotos
906 4433 1064 4507 ιω
1085 4438 1255 4503 prius,
1280 4443 1335 4488 et
1362 4432 1515 4488 valde
1546 4435 1862 4504 peregrinos
1882 4437 1975 4489 de-
2007 4465 2050 4520 ο
2079 4450 2227 4512 potat
2293 4441 2600 4511 proximum
2662 4455 2819 4493 suum
2874 4440 3232 4494 subversione
3264 4438 3590 4493 turbulenta.
3631 4455 3652 4489 ι

404 4530 564 4583 heret
597 4529 913 4591 advertere,
947 4543 1017 4581 ne
1048 4526 1220 4580 aliena
1265 4527 1510 4581 instituta
1550 4526 1879 4595 suscipiens,
1918 4537 1976 4579 et

406 4620 779 4673 institutorum
798 4618 1037 4688 regulam
1054 4617 1326 4682 nesciens,
1351 4618 1403 4671 in
1425 4618 1710 4687 peregrino
1740 4618 1974 4686 trepida-

404 4719 489 4764 ret
525 4709 914 4764 iustrumento.
947 4710 1244 4780 Propterea
1277 4724 1409 4780 ergo
1445 4710 1559 4778 ipse
1602 4710 1655 4763 in
1700 4710 1973 4765 nonnullis

402 4803 772 4873 intelligentia:
797 4803 959 4857 tradit
977 4803 1252 4871 exempla,
1289 4813 1415 4857 utet
1440 4818 1537 4857 nos
1554 4801 1751 4858 similia
1778 4803 1968 4857 obser-

402 4912 590 4951 vemus
618 4898 668 4950 in
709 4899 945 4963 caeteris,
980 4912 1046 4951 ne
1076 4898 1215 4953 forte
1249 4914 1350 4968 pro
1396 4898 1753 4953 similitudine
1780 4899 1967 4954 lectio-

402 4990 487 5041 nis
521 4999 575 5042 et
604 4988 945 5042 instrumenti
976 4987 1285 5043 Judmorum
1328 5005 1429 5045 nos
1470 4989 1694 5045 effectos
1723 5006 1847 5046 esse
1878 4991 1959 5044 di-

397 5079 633 5149 scipulos
691 5081 1057 5137 crederemus.
1116 5083 1231 5139 lloc
1286 5098 1415 5154 ergo
1462 5082 1683 5138 dilI'erre
1732 5084 1847 5136 vult
1886 5084 1969 5136 di-

398 5172 635 5239 scipulos
664 5172 867 5226 Christi
895 5189 924 5225 a
958 5174 1238 5243 discipulis
1273 5174 1592 5245 Synag‘ogm,
1616 5175 1759 5245 quod
1796 5175 1965 5243 legem

395 5275 560 5331 quam
592 5262 664 5317 illi
698 5264 837 5319 male
889 5266 1261 5337 intelligendo,
1307 5268 1581 5322 Christum
1615 5283 1720 5321 non
1753 5281 1969 5335 recepe.

396 5365 544 5418 runt,
570 5372 670 5410 nos
693 5357 1013 5427 Spiritaliter
1043 5359 1419 5429 intelligendo,
1454 5361 1805 5415 ostendamus
1840 5375 1961 5414 eam

470 5474 517 5506 ⁸³
547 5454 730 5530 Matth.
766 5492 866 5541 xtt,
900 5477 990 5531 29.
1091 5477 1137 5507 ⁸⁸
1168 5477 1301 5545 Eph.
1332 5492 1406 5540 vr,
1443 5477 1526 5531 14.

393 5544 440 5574 ⁸⁸
474 5545 488 5595 l
518 5545 657 5598 Tim.
696 5563 755 5611 Il,
788 5548 838 5601 7.
917 5548 999 5600 ⁸⁹Ι
1029 5547 1155 5601 Cor.
1190 5544 1242 5611 κ,
1272 5548 1321 5608 1,
1347 5548 1400 5609 2,
1433 5549 1489 5607 5.
1513 5549 1565 5600 4.

395 5616 512 5668 hac.
556 5632 614 5677 tt,
646 5618 732 5673 15.
821 5618 865 5649 ’⁸
904 5618 1069 5672 Exod.
1107 5633 1205 5685 xu,
1232 5616 1330 5679 57;
1367 5633 1482 5681 xm,
1513 5618 1601 5670 20.

464 5730 542 5800 (δι
577 5730 704 5785 Vide
736 5732 827 5785 Itb.
861 5748 899 5786 ιι
929 5730 1178 5800 Origen.,
1210 5740 1408 5799 qmest.
1445 5730 1531 5785 13.

1626 5478 1670 5509 ⁸⁸
1698 5476 1888 5546 Philip,
1922 5492 1995 5541 tv,
2034 5479 2055 5531 ‘l
2085 5494 2098 5541 ;
2134 5475 2149 5529 Ι
2191 5475 2438 5529 Cor.xvt.
2476 5474 2561 5528 l5.

1672 5549 1718 5581 ⁹⁰
1742 5547 1895 5602 Joan.
1922 5564 2004 5613 Itt,
2030 5548 2083 5602 5.

2078 4533 2315 4600 Aecepta
2338 4547 2470 4599 ergo
2501 4546 2530 4583 a
2570 4532 2729 4585 beato
2762 4530 2929 4585 Paulo
2956 4531 3206 4601 apus:olo
3246 4532 3454 4585 semina
3486 4531 3653 4600 spiri-

2082 4626 2205 4679 talis
2235 4624 2628 4692 intelligentiae,
2663 4624 2716 4677 in
2750 4635 3011 4692 quantum
3047 4639 3144 4679 nos
3180 4624 3444 4678 Dominus
3479 4626 3655 4695 prccio

2077 4718 2179 4772 bus
2212 4716 2410 4770 vestris
2440 4715 2749 4770 illuminare
2777 4716 3116 4785 dignabitur,
3144 4716 3484 4770 excolatttus.

2147 4807 2203 4861 2.
2232 4825 2251 4859 ι
2282 4807 2348 4861 Ει
2376 4806 2641 4872 levantes,
2672 4807 2930 4877 inquit“,
2963 4808 3055 4861 filii
3088 4808 3251 4860 lsrael
3273 4810 3337 4858 de
3373 4805 3650 4868 llatncsse,

2074 4911 2338 4954 venerunt
2367 4905 2415 4954 in
2452 4899 2712 4959 Sochoth.
2744 4910 2796 4954 et
2827 4901 3052 4970 profecti
3087 4901 3152 4953 de
3183 4900 3445 4961 Socliotlt,
3488 4911 3651 4949 \'t,‘llc'

2075 5000 2199 5044 runt
2222 4991 2272 5044 in
2300 4990 2502 5044 Otium.
2538 5011 2556 5043 ι
2585 4993 2640 5044 Si
2667 4992 2789 5060 quis
2813 5002 2893 5043 est
2925 4992 3016 5059 qui
3037 4990 3304 5058 proficisci
3338 4987 3654 5058 deAigypto

2074 5091 2250 5152 parat,
2282 5084 2324 5136 si
2360 5083 2483 5151 quis
2511 5094 2595 5137 cst
2646 5083 2735 5151 qui
2781 5084 2929 5150 cupit
2978 5084 3237 5135 obscuros
3266 5081 3452 5134 mundi
3491 5081 3652 5149 hujus

2074 5187 2229 5229 actus
2280 5186 2334 5228 et
2378 5190 2627 5228 errorum
2681 5176 2936 5227 tenebras
2994 5172 3409 5241 derelinquere,
3473 5175 3649 5243 primo

2073 5267 2313 5321 onmium
2355 5282 2421 5319 cx
2458 5264 2720 5319 Ramesse
2775 5266 2821 5317 ei
2869 5265 3325 5333 proﬁciscendum
3376 5275 3478 5319 est.
3539 5266 3649 5317 ttae

2074 5375 2251 5414 messe
2290 5374 2417 5411 vero
2445 5359 2833 5425 interpretatur
2858 5357 3133 5410 commotio
3170 5358 3345 5411 linere.
3405 5358 3461 5411 Si
3514 5369 3645 5427 ergo

2640 5473 2685 5505 ⁸⁶
2714 5473 2859 5527 Psal.
2889 5490 2959 5530 cu
2984 5516 2998 5535 .
3028 5475 3112 5529 19..
3184 5475 3227 5505 ⁸⁷
3263 5474 3424 5527 Exod.
3463 5490 3554 5537 xv,
3586 5466 3641 5532 1.

2192 5550 2233 5579 ⁹¹
2266 5546 2421 5601 ,Ιοαιμ
2451 5559 2523 5609 vt,
2556 5545 2645 5611 49,
2671 5545 2759 5609 50,
2794 5546 2880 5601 ΞΗ.
2957 5548 3000 5578 θ’
3033 5548 3049 5599 l
3083 5547 3211 5601 Cor.
3249 5561 3301 5612 λ,
3328 5548 3379 5599 4.
3454 5544 3500 5577 ⁸⁸
3537 5546 3637 5602 iia-
