4122 6248
498 269 603 324 327

1960 265 2280 323 ORIGENIS

3648 263 3752 318 593

501 390 585 444 vis
609 388 799 442 venire
839 389 891 443 in
926 388 1185 453 Sochoth,
1222 399 1275 441 ιιι
1312 388 1570 441 Dominus
1614 388 1709 441 tibi
1740 388 1845 439 dux
1877 387 1981 449 sit,
2018 397 2072 441 et
2104 396 2146 448 Α
2180 385 2232 439 in
2282 384 2523 448 Christo,
2573 386 2626 438 in
2672 394 2843 439 morte
2898 385 3065 453 ipsius
3098 386 3441 456 baptizentur
3473 385 3514 447 ³,
3549 394 3604 437 et
3649 385 3749 451 ipsi

505 482 557 534 in
586 480 835 535 columna
872 482 1029 535 nubis
1054 492 1102 536 te
1135 484 1427 551 pra-cedat,
1458 490 1787 548 etsequatur
1820 491 1869 533 te
1896 490 2067 547 petra,

499 588 620 640 qua.-
658 573 750 624 tibi
812 588 990 626 escam
1013 570 1314 641 spiritalem
1370 582 1421 625 et
1472 582 1655 639 potum
1716 571 2069 624 nihilominus

501 664 734 731 praebeat
770 664 1084 730 spiritalem,
1119 664 1481 730 proﬁciscere,
1510 672 1562 714 ct
1590 662 1676 717 exi
1698 678 1762 716 ex
1790 660 2066 727 Ramesse,

503 769 602 804 nec
638 752 972 804 tltesaurizes
1004 753 1097 816 ibi,
1131 752 1219 803 ubi
1244 752 1385 803 tinea
1413 753 1761 813 exterminat,
1789 753 1876 805 ubi
1925 752 2068 806 iures

503 844 766 897 t'lltltlllllll
820 853 871 896 et
932 844 1181 895 furantur
1215 843 1280 894 ³⁸.
1322 841 1431 895 Iloc
1464 855 1547 897 est
1594 845 1734 911 quod
1784 858 1971 913 aperte
2018 855 2071 899 et

501 935 759 988 Dominus
792 937 842 987 itt
878 936 1183 1003 Evangeliis
1232 935 1361 990 dicit
1386 937 1435 967 ⁹⁶
1469 953 1481 987 :
1523 956 1540 986 ι
1584 937 1640 990 Si
1675 937 1754 990 vis
1795 938 2070 1005 perfectus

497 1042 634 1091 esse,
672 1028 827 1089 vade,
860 1028 1028 1079 vende
1048 1027 1231 1079 omnia
1262 1041 1382 1094 qum
1419 1027 1610 1090 babes,
1644 1036 1698 1080 et
1719 1028 1786 1079 da
1817 1028 2069 1095 pauperi-

499 1118 618 1179 hus,
641 1128 691 1169 et
724 1117 947 1170 habebis
974 1118 1287 1170 thesaurum
1319 1118 1369 1169 in
1396 1117 1558 1178 cmlo,
1581 1130 1635 1170 et
1666 1118 1807 1179 veni,
1842 1133 2069 1188 sequere

499 1222 601 1261 me.
648 1226 665 1257 ι
698 1207 806 1260 lloc
830 1217 911 1259 est
935 1224 1064 1276 ergo
1110 1208 1375 1277 proﬁcisci
1419 1208 1484 1261 de
1517 1208 1778 1264 llatnesse
1810 1220 1860 1263 et
1916 1211 2068 1278 sequi

494 1298 797 1351 Christum.
855 1300 1145 1353 Videamus
1194 1311 1373 1355 autem
1406 1303 1528 1368 quis
1569 1302 1639 1355 sit
1683 1312 1735 1354 et
1766 1313 2068 1356 castrorum

498 1391 647 1443 locus
703 1392 764 1443 ad
810 1408 968 1459 quem
1024 1395 1239 1445 venitur
1285 1410 1347 1447 ex
1396 1394 1675 1448 Ramesse.
1707 1415 1724 1445 ε
1762 1393 2068 1471 Venerunt,

502 1479 700 1547 inquit,
740 1480 791 1531 in
838 1481 1100 1535 Socltoth.
1141 1501 1157 1533 ι
1203 1482 1443 1537 Sochoth
1494 1485 1571 1555 (ri)
1620 1486 1959 1539 tabernacula
1990 1488 2073 1540 in-

498 1572 659 1638 tt-Iligi
695 1572 833 1641 apud
869 1572 1125 1627 llebrzeos
1159 1576 1383 1628 tradunt
1410 1576 1739 1646 interpretes
1764 1578 2067 1632 nominum.

497 1665 629 1716 Cum
668 1680 796 1733 ergo
839 1666 1223 1733 derelinquens
1253 1665 1573 1737 Aigyptttm,
1614 1670 1941 1724 discusseris
1976 1671 2071 1723 abs

2179 475 2635 542 consepeliantur,
2662 485 2717 527 et
2756 488 2877 527 cum
2911 476 3026 543 ipso
3061 474 3149 529 die
3184 476 3342 528 tertia
3382 482 3685 541 remigant
3720 488 3752 526 a

2181 566 2445 625 mortuis;
2476 580 2613 633 quos
2640 577 2692 617 et
2723 566 3019 618 secundum
3051 566 3151 619 hoc
3173 567 3316 634 quod
3351 566 3483 617 dicit
3521 566 3752 632 Aposto-

2182 656 2268 710 lus
2294 657 2313 686 ⁵
2349 695 2363 719 ,
2406 676 2423 707 ι
2476 656 2646 710 Sitnul
2676 669 2860 709 secum
2892 658 3193 721 suscitavit,
3219 656 3486 724 simulque
3512 654 3639 708 fecit
3666 671 3753 709 se-

2180 748 2306 802 dere
2339 750 2387 801 in
2412 749 2745 804 cmlestibus.
2792 768 2810 802 ι
2841 750 2974 804 Cum
3006 764 3134 816 ergo
3168 748 3264 803 tibi
3314 748 3460 801 tertii
3496 748 3600 799 diei
3636 762 3756 818 my-

2178 840 2401 892 sterium
2424 839 2588 894 fuerit
2614 850 2947 909 susceptum,
2975 840 3265 908 incipiette
3288 840 3560 895 deducere
3587 839 3751 908 Deus,

2178 940 2229 984 et
2262 930 2377 998 ipse
2408 932 2503 984 tibi
2537 931 2679 984 viam
2702 932 2889 986 salutis
2924 934 3232 986 ostendere.

2250 1023 2302 1077 ὃ.
2347 1022 2451 1077 Sed
2500 1025 2779 1078 videamus
2810 1025 2937 1094 quid
2986 1034 3105 1093 post
3135 1027 3250 1078 inec
3289 1025 3491 1077 dicitur
3513 1025 3577 1078 ad
3608 1024 3755 1095 Moy-

2179 1133 2299 1177 sen,
2334 1132 2454 1184 qua:
2487 1117 2571 1169 via
2602 1119 2915 1185 prtec'pitur
2951 1117 3223 1186 eligenda.
3265 1136 3283 1168 ι
3320 1116 3393 1170 De
3424 1117 3631 1178 Othon,
3664 1117 3750 1170 in-

2178 1208 2296 1275 quit
2322 1207 2363 1269 ',
2395 1208 2671 1273 conversi,
2716 1208 2817 1260 iter
2860 1208 3022 1263 facile
3075 1208 3215 1263 inter
3253 1208 3550 1276 Epauleum
3580 1219 3633 1262 et
3664 1207 3746 1261 in~

2183 1310 2265 1352 ter
2300 1297 2626 1368 Magdalum,
2667 1301 2807 1366 quod
2849 1309 2931 1352 est
2968 1311 3158 1352 cootra
3206 1298 3596 1367 Deelsephou.s
3628 1297 3754 1353 llaec

2182 1396 2359 1439 autem
2395 1386 2473 1441 sic
2507 1388 2955 1456 interpretantur.
2988 1388 3279 1456 Epaulentn
3312 1389 3527 1455 quidem
3572 1405 3755 1441 ascen—

2178 1478 2257 1529 sio
2288 1488 2560 1540 tortuosa;
2594 1476 2898 1544 Magdalum
2926 1478 3026 1547 (li),
3054 1481 3241 1545 turris;
3275 1478 3629 1545 licelsepltou,
3662 1496 3756 1531 ns-

2179 1572 2354 1621 censio
2386 1568 2633 1635 specula,
2695 1570 2774 1624 vel
2820 1572 3015 1623 habens
3068 1571 3351 1635 speculam.
3390 1570 3467 1624 Tu
3525 1570 3759 1626 fortasse

2183 1658 2470 1721 credebas,
2524 1658 2649 1726 quia
2705 1660 2807 1713 iter
2857 1662 2997 1729 quod
3056 1660 3193 1715 Deus
3247 1661 3501 1717 ostendit.
3540 1661 3757 1729 planum

496 1765 547 1806 te
580 1756 755 1807 tineas
790 1754 955 1807 totius
980 1754 1331 1823 corruptelae,
1362 1765 1416 1806 et
1440 1757 1692 1809 vitiorum
1722 1756 2070 1809 incitamenta
2108 1752 2145 1804 Β
2178 1761 2321 1804 esset
2353 1760 2409 1804 et
2432 1752 2612 1817 molle,
2652 1761 2706 1805 et
2741 1752 2874 1805 nihil
2908 1768 3131 1820 prorsus
3180 1753 3402 1806 haberet
3422 1752 3755 1809 diliicultatis

498 1844 787 1913 mjeceris,
852 1845 1127 1900 habitabis
1192 1848 1242 1899 in
1306 1847 1693 1902 tabernaculis.
1752 1849 2071 1903 llabitamus

496 1940 638 1991 ettim
666 1938 716 1990 in
747 1938 1210 2001 tnbernaculis,ex
1242 1942 1436 2007 quibus
1460 1940 1712 1994 uolumus
1752 1941 2067 2009 exspoliari,

494 2030 585 2082 sed
613 2030 990 2096 supervestiri'.
1053 2030 1331 2085 llabitatio
1362 2042 1549 2085 autem
1597 2032 2068 2085 tabernaculorum

494 2120 828 2189 expeditum,
889 2130 944 2175 et
986 2121 1189 2190 absque
1239 2122 1363 2177 ullis
1418 2122 1819 2191 impedimentis
1870 2122 2069 2176 indicat

496 2228 616 2266 esse
650 2228 797 2276 eum,
845 2213 936 2281 qui
992 2214 1210 2267 festinat
1266 2214 1334 2268 ad
1371 2214 1558 2269 Deum.
1592 2214 1698 2268 Sed
1735 2229 1833 2267 nec
1871 2214 1923 2267 iu
1966 2215 2071 2269 hoc

495 2313 713 2379 quidem
749 2311 1001 2364 standum
1036 2321 1141 2376 est,
1198 2314 1438 2379 urgenda
1491 2322 1576 2365 est
1627 2308 1917 2380 profectio.
1959 2308 2071 2363 Mo-

497 2403 671 2457 venda
722 2410 847 2455 sunt
898 2411 1076 2455 castra
1131 2403 1295 2455 etiam
1334 2402 1400 2453 de
1432 2402 1695 2465 Sochoth,
1724 2412 1776 2455 et
1810 2400 2071 2455 festinan-

497 2497 621 2547 dntn
654 2504 758 2555 cst,
794 2500 846 2545 ιιι
877 2493 1129 2547 veniatur
1185 2494 1237 2546 in
1274 2494 1473 2548 Othon.
1513 2492 1694 2549 Othou
1734 2492 1809 2563 (5)
1849 2509 1977 2547 vero
2018 2494 2069 2548 in

496 2597 735 2641 nostram
768 2586 1004 2656 linguam
1043 2587 1182 2639 verti
1212 2586 1395 2640 dicunt
1434 2586 1587 2653 signa
1619 2594 1710 2639 eis.
1751 2588 1816 2640 Et
1852 2588 2068 2645 merito.

499 2680 593 2735 llic
626 2681 769 2734 enim
797 2680 1026 2733 audiens
1057 2680 1188 2734 dicit
1216 2680 1284 2745 ",
1322 2679 1447 2749 quia
1481 2698 1498 2731 ι
1537 2678 1677 2734 Deus
1717 2681 2073 2735 antecedebat

496 2789 589 2825 eos
614 2788 708 2842 per
737 2772 877 2826 diem
912 2770 965 2825 iu
1020 2771 1272 2825 columna
1326 2772 1508 2835 nubis,
1540 2781 1594 2825 ct
1627 2788 1723 2840 per
1769 2782 1980 2827 noctem
2017 2774 2068 2828 in

499 2865 749 2916 columna
783 2862 953 2933 ignis;
994 2880 1011 2913 ι
1058 2877 1164 2915 non
1197 2862 1299 2916 hoc
1328 2863 1544 2916 invenis
1572 2862 1772 2916 factum
1799 2864 1937 2930 apud
1964 2864 2073 2918 Ra-

499 2971 695 3022 messe,
722 2970 823 3009 nec
851 2954 989 3023 apud
1019 2952 1281 3016 Sochoth,
1312 2969 1433 3024 qum
1456 2956 1689 3009 secunda
1717 2954 2070 3023 proﬁciscen-

500 3050 644 3101 tihns
676 3056 854 3101 castra
900 3046 1175 3100 dicuntur.
1233 3046 1339 3101 Sed
1375 3048 1532 3101 tertia
1581 3056 1760 3101 castra
1808 3056 1957 3109 sunt,
2016 3047 2067 3101 iu

2180 1853 2272 1895 aut
2308 1842 2528 1897 laboris.
2575 1842 2838 1896 Ascensio
2886 1854 2967 1897 est
2998 1854 3049 1897 et
3099 1845 3349 1897 ascensio
3386 1854 3629 1897 tortuosa
3656 1845 3745 1915 (7).

2180 1934 2295 1987 Non
2326 1935 2466 1988 enim
2489 1935 2728 2003 proclive
2756 1936 2857 1989 iter
2879 1945 2980 1997 est,
2999 1951 3108 2004 quo
3137 1938 3376 1989 tenditur
3401 1938 3466 1990 ad
3493 1939 3750 2003 virtutes;

2181 2026 2273 2078 sed
2319 2026 2655 2089 ascenditur,
2696 2035 2750 2078 et
2787 2036 3015 2094 auguste
3058 2043 3121 2079 ac
3163 2028 3449 2080 tlillicttlter
3502 2031 3751 2081 ascendi-

2182 2129 2288 2174 tur.
2319 2121 2455 2174 Audi
2485 2121 2647 2173 etiam
2684 2119 2970 2175 Dominum
3001 2122 3056 2174 in
3093 2121 3388 2192 Evangelio
3417 2122 3750 2188 dicentem“,

2186 2230 2203 2262 ι
2229 2213 2354 2281 quia
2380 2223 2531 2267 arcta
2560 2222 2613 2267 et
2644 2223 2870 2282 angusta
2896 2215 2979 2267 via
3006 2225 3109 2279 est,
3133 2230 3251 2284 qua:
3271 2215 3416 2267 ducit
3439 2215 3505 2267 ad
3529 2216 3747 2267 vitaum

2184 2305 2316 2360 V'ide
2346 2320 2475 2374 ergo
2510 2317 2771 2375 quantum
2804 2317 3066 2360 consonat
3090 2305 3442 2376 Evangelium
3468 2312 3588 2361 cum
3613 2307 3752 2377 lege.

2182 2397 2238 2451 lu
2274 2397 2390 2463 lege
2428 2398 2741 2451 ostenditur
2783 2399 3000 2452 virtutis
3035 2399 3119 2451 via
3183 2398 3431 2451 ascensio
3483 2407 3750 2452 tortuosa.

2181 2492 2235 2547 ltt
2278 2491 2591 2562 Evangeliis
2625 2493 2825 2547 dicitur
2854 2507 3001 2549 arcta
3037 2504 3091 2548 et
3134 2503 3364 2564 angusta
3397 2494 3480 2545 via
3510 2510 3632 2563 qua:
3658 2495 3756 2548 dn-

2182 2588 2257 2641 cit
2285 2587 2350 2642 ad
2386 2590 2572 2642 vitam.
2620 2586 2809 2641 Nonne
2848 2587 2934 2639 hic
2977 2598 3163 2650 aperte
3208 2585 3368 2639 etiam
3399 2587 3529 2639 caeci
3570 2586 3754 2639 videre

2183 2691 2429 2749 possunt,
2454 2681 2595 2750 quod
2631 2681 2799 2749 legem
2831 2691 2886 2734 et
2924 2679 3213 2747 Evangelia
3248 2696 3387 2734 unus
3420 2693 3579 2749 atque
3611 2680 3751 2734 idem

2182 2774 2409 2841 spiritus
2452 2773 2716 2843 scripsit?
2766 2773 2861 2826 Est
2902 2788 3032 2839 ergo
3074 2774 3176 2826 iter
3197 2774 3340 2842 quod
3376 2773 3633 2826 incedunt
3662 2788 3755 2825 as-

2182 2867 2368 2920 censio
2413 2877 2686 2929 tortuosa,
2732 2873 2786 2919 et
2823 2865 3071 2918 ascensio
3122 2865 3380 2933 speculae,
3420 2864 3501 2918 vel
3551 2864 3756 2918 habens

2182 2959 2477 3026 speculam.
2523 2958 2785 3013 Ascensio
2824 2958 2890 3010 ad
2931 2968 3089 3012 actus
3130 2957 3385 3025 pertinet,
3430 2957 3648 3025 specula
3686 2957 3752 3009 ad

2186 3048 2367 3102 ﬁdem.
2408 3049 2657 3103 Ostendit
2702 3063 2834 3118 ergo
2872 3050 2995 3119 quia
3030 3060 3085 3105 et
3131 3050 3183 3102 in
3218 3051 3456 3109 actibus.
3491 3061 3547 3102 et
3577 3050 3627 3101 iu
3654 3048 3757 3103 [ide

496 3138 693 3200 quibus
726 3136 865 3191 ﬁunt
892 3137 1045 3206 signa
1089 3137 1297 3191 divina.
1328 3139 1635 3193 Recordare
1669 3155 1788 3209 quae
1823 3142 2070 3210 superius
2100 3112 2142 3171 θ
2185 3142 2351 3195 multa
2384 3152 2469 3197 est
2504 3141 2811 3207 difﬁcultas,
2850 3154 2905 3197 et
2935 3142 3134 3196 multus
3187 3142 3360 3198 labor.
3396 3142 3571 3195 Multze
3606 3142 3749 3196 enim

498 3230 631 3282 lccls
680 3238 823 3295 sunt,
857 3244 977 3281 cum
1009 3228 1223 3283 dicebat
1258 3228 1469 3299 Moyses
1498 3234 1563 3283 ad
1605 3231 1942 3286 Pharaonem
1972 3233 2017 3265 ’⁸
2050 3251 2066 3287 :

503 3342 518 3371 ι
548 3321 652 3375 lter
685 3322 845 3374 trium
880 3322 1088 3375 dierum
1128 3324 1328 3377 ibintns
1364 3326 1413 3375 in
1461 3325 1694 3387 deserto,
1732 3336 1788 3378 et
1823 3327 2068 3381 immola-

499 3412 676 3465 lllllllls
709 3411 932 3466 Domino
956 3412 1063 3466 Deo
1096 3422 1299 3470 nostro.
1321 3431 1337 3464 ι
1364 3414 1476 3468 lloc
1506 3430 1636 3485 ergo
1665 3428 1781 3470 erat
1810 3418 2067 3484 triduum,

500 3504 565 3556 ad
590 3505 731 3574 quod
749 3504 1041 3559 festinabat
1060 3504 1294 3576 Moyses,
1320 3516 1373 3560 et
1402 3509 1669 3560 θυμω-ΜΗ(
1686 3508 1807 3563 ebat
1833 3508 2070 3575 Pharao,

501 3596 593 3649 ille
647 3597 791 3650 enim
843 3597 1056 3652 dicebat
1083 3599 1129 3631 ⁹⁹
1164 3613 1177 3649 :
1217 3616 1235 3649 ι
1277 3596 1392 3651 Non
1439 3598 1580 3653 eatis
1624 3600 1853 3671 longius.
1894 3621 1911 3653 ι
1953 3602 2069 3657 Non

503 3688 856 3754 permittebat
892 3689 1103 3741 Pharao
1137 3689 1203 3741 ad
1261 3688 1437 3743 locum
1469 3692 1752 3759 signorum
1787 3693 2073 3761 pervenire

502 3778 641 3831 lilitts
670 3779 855 3841 Israel,
884 3798 987 3835 non
1018 3779 1763 3851 permittebateosintantum
1784 3785 2070 3851 prolicere,

500 3879 553 3920 ut
587 3879 809 3936 po-scut
842 3873 984 3923 tertii
1021 3872 1127 3924 diei
1185 3874 1458 3940 mysteriis
1495 3875 1724 3941 perfrui.
1760 3876 1896 3929 Audi
1927 3878 2070 3930 enim

504 3963 819 4029 prophetam
867 3962 995 4030 quid
1043 3964 1172 4016 dicit
1206 3964 1221 3993 ί
1264 3981 1277 4016 :
1321 3983 1337 4014 ι
1378 3963 1741 4019 ltesuscitahit
1788 3982 1886 4020 nos
1936 3969 2075 4024 Deus

504 4065 619 4122 post
652 4053 894 4117 biduum,
932 4055 1063 4106 etin
1093 4054 1181 4106 die
1230 4055 1385 4107 tertia
1417 4070 1798 4123 resurgemus,
1842 4068 1897 4111 et
1930 4058 2074 4112 vive-

502 4162 624 4200 mus
657 4147 706 4198 in
742 4154 1030 4215 conspectu
1075 4146 1213 4215 ejus.
1258 4166 1274 4198 ο
1315 4147 1496 4201 Prima
1525 4150 1640 4202 dies
1686 4150 1842 4204 nobis
1892 4153 2074 4220 passio

504 4238 807 4293 Salvatoris
840 4248 944 4302 est,
998 4247 1051 4291 et
1108 4240 1347 4294 sei-unda
1384 4240 1539 4311 145
1577 4257 1679 4309 qua
1711 4242 1990 4297 descendit
2021 4245 2072 4297 in

511 4336 805 4396 infernum.
839 4335 996 4387 tertia
1027 4344 1205 4386 autem
1257 4336 1678 4388 resurrectionis
1712 4345 1795 4387 est
1827 4336 1964 4388 dies.
2012 4336 2076 4388 Et

2183 3235 2509 3289 teutationes
2545 3236 2701 3291 nobis
2744 3245 3068 3300 occurrunt,
3105 3236 3271 3287 multa
3306 3234 3357 3287 in
3394 3234 3497 3288 ﬁde
3526 3233 3750 3288 oll'endi-

2180 3327 2321 3393 cola,
2361 3328 2665 3384 volentibus
2698 3344 2862 3399 agere
2892 3346 3011 3398 qua:
3048 3329 3138 3382 Dei
3171 3339 3321 3383 sunt.
3377 3327 3511 3382 Tum
3562 3330 3756 3384 deinde

2184 3424 2234 3477 in
2286 3422 2388 3478 [ide
2426 3424 2591 3477 multa
2631 3424 2878 3479 invenies
2918 3433 3189 3488 tortuosa,
3220 3423 3482 3493 plurimas
3510 3423 3759 3493 quaestio-

2184 3531 2318 3582 nes,
2348 3518 2548 3572 multas
2584 3518 2919 3585 obiectiones
2952 3518 3357 3583 haereticorum,
3394 3522 3593 3572 multas
3625 3534 3759 3573 con-

2182 3608 2536 3663 tradictioues
2575 3608 2899 3662 inﬁdelium.
2928 3606 3041 3662 Hoc
3063 3624 3193 3679 ergo
3226 3608 3332 3662 iter
3360 3610 3627 3676 agendum
3672 3617 3757 3662 est

2183 3698 2535 3768 sequentibus
2570 3699 2755 3753 Deum.
2790 3699 2896 3752 Sed
2913 3708 2999 3752 est
3025 3709 3079 3753 et
3111 3699 3282 3753 turris
3316 3700 3366 3751 iu
3402 3699 3509 3753 hoc
3538 3699 3752 3751 itinere.

2182 3790 2313 3855 Quae
2360 3800 2441 3844 est
2488 3791 2589 3843 ista
2619 3790 2824 3843 turris?
2852 3790 2944 3844 Illa
2976 3791 3254 3853 nimirum,
3291 3805 3455 3857 quam
3501 3788 3757 3841 Dominus

2184 3883 2236 3935 in
2271 3882 2562 3950 Evangelio
2596 3882 2763 3934 dicit"
2804 3899 2815 3933 :
2860 3901 2877 3932 ι
2900 3882 3033 3948 Quis
3058 3892 3300 3937 vestrum
3336 3880 3523 3937 volens
3562 3881 3754 3934 turrim

2182 3975 2472 4037 :cdilicare,
2500 3991 2677 4029 nonne
2713 3978 2862 4042 prius
2891 3976 3121 4039 sedebit,
3153 3985 3207 4029 et
3235 3975 3571 4043 computabit
3609 3989 3760 4027 sum-

2184 4078 2325 4134 ptus,
2370 4068 2415 4121 si
2463 4066 2628 4122 habet
2659 4072 2805 4125 unde
2841 4069 3125 4138 perﬁciat?
3150 4089 3167 4121 ι
3203 4068 3310 4123 Ista
3356 4079 3439 4123 est
3470 4085 3602 4135 ergo
3642 4078 3755 4121 tur-

2185 4160 2279 4221 ris,
2318 4162 2473 4213 sedes
2518 4163 2683 4213 ardua
2730 4171 2785 4215 et
2828 4162 3041 4215 excelsa
3081 4162 3366 4215 virtutum.
3413 4161 3519 4214 Sed
3570 4161 3755 4215 videns

2186 4249 2300 4303 haec
2335 4249 2566 4314 Pharao,
2612 4250 2731 4305 audi
2764 4253 2889 4321 quid
2936 4252 3071 4307 dicit
3110 4268 3121 4305 :
3157 4252 3373 4315 Errant,
3422 4250 3614 4320 inquit,
3650 4252 3755 4306 isti.

2184 4341 2339 4410 Apud
2370 4341 2734 4407 Pharaonem,
2766 4344 2859 4413 qtti
2902 4344 3064 4399 Deum
3098 4345 3369 4412 sequitur,
3407 4358 3593 4397 errare
3624 4343 3757 4396 dici-

508 4427 626 4480 ideo
670 4428 721 4480 in
756 4428 839 4479 die
865 4426 1049 4490 tertia,
1086 4423 1223 4479 Dens
1253 4426 1608 4480 antecedebat
1637 4441 1751 4491 eos,
1791 4442 1887 4496 per
1932 4426 2073 4481 diem
2109 4471 2156 4531 υ
2189 4443 2296 4497 tur,
2337 4436 2483 4502 quia,
2514 4446 2571 4487 ut
2598 4436 2861 4501 diximus,
2890 4436 3170 4505 sapientia:
3194 4437 3294 4490 iter
3319 4446 3619 4489 tortuosum
3651 4444 3756 4496 est,

508 4518 559 4571 in
609 4519 857 4571 columna
913 4518 1095 4578 nubis,
1150 4530 1245 4585 per
1274 4528 1487 4570 noctem
1536 4518 1586 4569 in
1626 4518 1875 4571 columna
1916 4519 2074 4589 ignis.

506 4612 658 4679 Quod
700 4612 742 4666 si
782 4611 1076 4665 secundum
1106 4626 1166 4665 ea
1193 4627 1313 4679 qua:
1352 4610 1602 4679 superius
1630 4611 1884 4675 diximus,
1914 4612 1963 4665 in
1996 4614 2079 4666 his

509 4707 689 4761 verbis
721 4713 865 4758 recte
896 4718 993 4757 nos
1025 4704 1315 4773 Apostolus
1342 4704 1501 4757 docet
1528 4704 1547 4733 '
1576 4703 1827 4773 baptismi
1874 4716 2079 4774 myste-

508 4802 590 4857 ria
622 4798 923 4862 contineri;
971 4797 1340 4852 necessarium
1384 4805 1469 4850 est
1504 4804 1561 4849 ut
1597 4796 1687 4865 qui
1738 4794 2083 4866 baptizautur

1147 4964 1194 4996 “
1228 4960 1419 5014 Matth.
1450 4975 1559 5017 xu.
1592 4960 1683 5011 2|.
1759 4961 1803 4991 ”
1839 4962 1926 5013 Est

1148 5051 1254 5087 om.
1283 5048 1356 5097 vt,
1395 5034 1448 5087 5.
1526 5029 1547 5059 ⁵
1570 5031 1771 5098 liphes.
1800 5047 1862 5095 ll,
1895 5034 1926 5085 6

1589 5048 1771 5095 Lpues.
1800 5048 1862 5095 tt,
1895 5048 1949 5086 υ.

579 4968 627 4997 ⁸³
666 4964 852 5017 Matth.
879 4979 953 5025 vt,
984 4962 1072 5016 ΞΟ.

507 5040 566 5091 ’5.
642 5044 662 5069 ⁷⁸
699 5038 715 5090 ι
748 5037 872 5091 Cor.
911 5052 963 5088 x.
1042 5036 1061 5066 ³
1097 5034 1254 5087 l’tom.
1283 5048 1356 5097 vr,
1395 5034 1448 5087 5.

693 5148 857 5225 Radix
891 5154 972 5225 est
1003 5146 1291 5223 jnD'texit.

584 5220 650 5289 to
690 5220 767 5270 Ab
790 5226 894 5274 ms
920 5216 1145 5284 sigrium,
1180 5227 1233 5269 et
1268 5216 1445 5270 aﬂixo.

584 5226 661 5348 (oi
687 5287 991 5348 Magdnlnm
1017 5290 1197 5348 turris,
1221 5285 1558 5348 Beelsep/zon,
1584 5287 1785 5340 ascensi

581 5285 659 5360 (is)
687 5287 991 5355 Magdnlnm
1017 5290 1197 5350 turris,
1221 5285 1558 5353 Beelsep/zon,
1584 5287 1819 5340 ascensio
1840 5286 2085 5352 spccula‘,

514 5384 592 5437 cel
611 5383 805 5435 habens
828 5379 1112 5448 speculam,
1140 5396 1166 5432 a
1196 5381 1377 5435 radice
1406 5365 1518 5443 ζΤτλ,
1551 5399 1795 5450 magnum
1825 5398 2085 5444 esse,cre-

514 5491 676 5538 scere,
711 5473 764 5526 lit
787 5455 957 5530 5132.
1010 5471 1206 5533 turris;
1257 5488 1284 5523 a
1334 5454 1443 5536 LP):
1480 5488 1626 5535 vero,
1654 5472 1952 5523 dominatus
1985 5481 2081 5532 est.

514 5548 805 5596 dominium
860 5544 1061 5601 habuit,
1105 5554 1159 5593 ct
1198 5552 1315 5603 .13};
1346 5545 1639 5607 speculatus
1665 5553 1762 5605 est,
1801 5554 2080 5608 utcunque

513 5620 630 5665 t-rui
668 5627 845 5684 potest
890 5615 1143 5665 Dominus
1186 5622 1403 5675 specitur
1436 5625 1520 5663 aut
1563 5614 1754 5665 Imheus
1794 5614 2079 5684 speculum,

517 5683 889 5740 rantanclins
941 5684 1273 5750 “celsi-pheta
1329 5686 1772 5750 lltlt'l‘ltl‘ttiztl‘eltlt'
1828 5683 2080 5735 Dominus

1759 4961 1803 4991 ”
1839 4962 2004 5015 Exod.
2043 4979 2159 5025 χιιι,
2193 4965 2281 5017 9|.

2025 5036 2045 5063 ⁸
2076 5035 2243 5087 Exod.
2275 5053 2383 5100 MV,
2408 5040 2459 5088 2.

2188 4526 2385 4579 multos
2410 4527 2612 4581 habens
2642 4527 2836 4591 ﬂexus,
2867 4527 3061 4581 multas
3101 4526 3467 4587 dillieultates,
3500 4526 3761 4594 plurimos

2188 4617 2489 4672 anfractus.
2538 4619 2778 4688 Denique
2822 4635 2945 4673 eum
2994 4620 3308 4673 conﬁtearis
3352 4634 3517 4673 unum
3566 4617 3760 4678 Deum.

2188 4713 2489 4779 eademque
2536 4713 2878 4766 confessione
2922 4711 3161 4774 Patrem,
3187 4722 3241 4766 et
3268 4710 3483 4775 Filium,
3509 4720 3562 4766 et
3587 4710 3763 4779 Spiri-

2192 4808 2303 4851 tum
2356 4812 2602 4855 sanctum
2643 4818 2861 4856 asseras
2888 4803 2964 4869 (8)
3003 4818 3169 4856 unum
3215 4802 3403 4867 Deum,
3453 4816 3615 4869 quam
3644 4811 3762 4855 tor-

2359 4966 2404 4995 ¹³⁸
2445 4966 2610 5018 Exod.
2638 4983 2689 5022 v.
2718 4967 2769 5020 ζ’).
2847 4968 2891 4997 ’9
2926 4967 3091 5019 Exod.
3129 4984 3247 5031 vttt,
3282 4971 3371 5021 28.
3481 4965 3498 4997 ¹
3530 4966 3657 5023 Ose.
3682 4980 3765 5032 Vl,

2540 5038 2559 5065 θ
2589 5037 2777 5091 Μειιιιι.
2810 5054 2902 5101 vu,
2949 5040 3027 5090 t4.
3067 5034 3086 5069 τ
3118 5038 3246 5092 Luc.
3282 5051 3389 5102 xw,
3418 5037 3508 5093 28.

2192 5148 2491 5214 Aquilonis.
2508 5167 2532 5201 a
2554 5132 2685 5212 5:73,
2709 5150 2982 5215 Dominus,
3005 5163 3059 5205 et
3080 5162 3203 5239 τευ,
3223 5153 3424 5224 aquilo,
3457 5154 3758 5221 septentrio.

2195 5240 2294 5304 Qui
2334 5254 2513 5296 autem
2547 5240 2865 5307 Beelsephon
2918 5244 3351 5310 interpretantur
3403 5245 3762 5297 ascensionem

2197 5311 2443 5373 spetitllt’,
2504 5325 2854 5377 respexerunt
2906 5316 3088 5382 procul
3111 5316 3271 5370 dubio
3304 5316 3369 5369 ad
3395 5316 3604 5368 radices
3634 5323 3758 5379 η.

2197 5384 2433 5433 oscemlit
2466 5390 2519 5435 et
2541 5391 2677 5443 n53,
2712 5388 3007 5447 speculatus
3035 5397 3131 5437 cst.

2194 5521 2204 5531 _
2271 5451 2347 5517 (7)
2375 5454 2545 5514 Alias,
2587 5470 2605 5505 ‹
2634 5466 2688 5506 et
2734 5460 3013 5508 descensio
3060 5464 3326 5523 tortuosa,
3356 5473 3375 5505 ι
3408 5455 3501 5510 sed
3546 5466 3675 5507 mss.
3704 5460 3767 5509 ut

2193 5536 2245 5573 tn
2274 5532 2455 5575 nostro
2480 5533 2647 5577 textu.

2264 5594 2342 5661 (8)
2376 5596 2541 5659 Altus,
2582 5614 2598 5645 ι
2628 5599 2843 5649 :lSSCl‘iS.
2877 5615 2892 5645 ι
