4122 6248
465 222 577 279 529

1706 242 1769 296 IN
1808 243 2093 299 EXODUM
2134 245 2415 302 IIOMILIA
2461 249 2521 303 V.

3616 277 3721 331 550

470 356 710 410 tunsum,
739 362 903 417 quam
935 349 1167 413 difﬁcile.
1210 370 1375 423 quam
1420 358 1798 418 inextricabile
1829 368 2043 423 videtur
2075 373 2116 428 Α
2146 378 2287 422 ctam
2338 373 2503 426 vitam
2537 378 2797 443 qna-renti
2845 391 2925 433 est
2954 384 3001 436 iu
3043 385 3232 443 itinere
3263 399 3421 461 mori,
3454 415 3615 467 quam
3650 419 3719 457 ne

470 439 574 467 In“.
608 451 731 467 Anan
764 439 1097 467 :..ﬂ.l..l:l...-i
1142 444 1274 467 fr---”
1329 446 1440 467 .I_‘_
1470 450 1509 467 n,
1558 465 1568 467 Α
1720 456 1750 467 ..
1791 456 1803 467 .
1865 457 1898 467 ..
2001 461 2011 467 .
2260 462 2280 467 -
2327 463 2337 467 -
2408 464 2418 467 _
2572 465 2577 467 Α

470 439 575 491 huc
607 451 731 490 esse
764 439 1097 495 inﬁdelibus!
1142 444 1277 497 Tum
1323 446 1517 502 deinde
1548 465 1669 504 cum
1701 456 1835 508 dicis
1865 457 2043 513 Domi-

473 543 605 580 num
633 529 935 598 maiestatis
958 534 1301 597 cruciﬁxum.
1334 546 1387 591 et
1429 539 1623 593 Filium
1660 544 1894 599 hominis
1921 564 1951 602 e
1986 565 2043 603 se

469 621 563 687 qui
609 620 885 674 descendit
922 624 985 675 de
1019 626 1181 689 ctelo,
1207 643 1369 695 quam
1411 640 1650 685 tortuosa
1701 636 1813 691 haec
1853 639 2040 693 viden-

470 719 580 772 tur,
610 721 664 765 et
693 726 853 782 quam
889 714 1121 770 difﬁcilia
1151 717 1163 769 !
1202 718 1303 785 Qui
1340 724 1510 789 audit,
1546 726 1589 779 si
1625 742 1729 780 non
1762 745 1883 783 cum
1934 732 2038 787 ﬁde

467 803 668 865 audiat,
693 803 825 857 dicit
861 807 985 874 quia
1010 821 1197 864 errant
1225 812 1348 876 isti;
1384 814 1476 866 sed
1507 825 1561 869 tu
1594 818 1735 872 ﬁxus
1766 832 1907 885 esto,
1938 838 2036 876 nec

463 892 678 947 dubites
726 897 794 949 de
848 896 1159 966 huiusmodi
1197 904 1324 967 ﬁde,
1359 906 1539 960 sciens
1582 908 1708 976 quia
1765 910 1906 965 Deus
1941 912 2032 966 tibi

458 985 700 1036 ostendit
728 984 870 1039 hanc
908 987 1029 1042 ﬁdei
1066 990 1230 1048 viam.
1269 992 1385 1060 Ipse
1417 996 1563 1049 enim
1611 997 1824 1053 dixit”:
1859 1018 1876 1052 ι
1905 1001 2033 1056 Tol-

456 1075 630 1131 lentes
669 1079 733 1132 de
778 1080 956 1134 Othon
1003 1094 1201 1150 castra,
1247 1086 1515 1141 collocate
1564 1104 1630 1143 ea
1671 1091 1815 1147 inter
1854 1095 2033 1164 Epan-

454 1168 623 1232 leum,
656 1183 709 1225 et
752 1173 898 1228 inter
931 1177 1233 1247 Magdalum
1271 1189 1462 1234 contra
1495 1181 1853 1253 Beelsephou.
1878 1206 1896 1237 ι
1927 1187 2032 1241 Fu-

450 1261 605 1328 giens
625 1278 756 1334 ergo
790 1264 1083 1337 Egyptum
1126 1270 1279 1323 venis
1324 1272 1389 1324 ad
1428 1274 1542 1326 ιιωο
1601 1274 1745 1338 loca,
1776 1279 1931 1332 venis
1962 1280 2029 1333 ad

450 1351 550 1407 has
585 1368 807 1423 cperum
840 1359 1191 1415 ascensiones
1213 1370 1262 1413 et
1296 1360 1439 1426 ﬁdei,
1466 1363 1619 1417 venis
1652 1367 1717 1417 ad
1744 1366 2029 1421 aulilicium

448 1446 640 1509 turris,
669 1449 823 1501 venis
872 1451 1035 1502 etiam
1082 1454 1149 1505 ad
1189 1470 1363 1519 mare,
1392 1465 1448 1508 et
1474 1466 1771 1509 occurrunt
1809 1458 1902 1511 tibi
1933 1459 2032 1511 llu-

447 1548 590 1596 ctus.
624 1539 744 1593 Non
785 1545 930 1594 enim
986 1543 1091 1596 iter
1123 1545 1249 1599 vita:
1291 1547 1410 1600 sine
1461 1550 1820 1602 tentationum
1854 1549 2029 1605 ﬁueti-

446 1632 547 1685 bus
572 1636 771 1703 agitur.
798 1635 951 1689 Sicut
982 1647 1034 1690 et
1072 1638 1370 1706 Apostolus
1412 1642 1582 1696 dicit’
1608 1658 1624 1695 :
1653 1662 1671 1694 ι
1698 1644 1900 1699 Omnes
1927 1649 2020 1717 qui

2150 462 2422 526 proﬁcisci
2489 465 2704 532 quidem
2765 474 2830 523 ad
2898 475 3280 540 perfectionem
3338 498 3709 555 quan-endam.

2149 550 2304 605 Unde
2355 565 2409 607 et
2445 570 2632 611 eorum
2692 561 2822 616 falsa
2866 568 3076 622 videtur
3114 573 3316 639 opinio,
3356 582 3444 646 qui
3479 584 3606 639 dum
3631 592 3713 641 ni-

2146 643 2246 697 mis
2276 646 2505 701 arduum
2539 648 2643 703 iter
2666 653 2885 710 virtutis
2917 673 3217 729 exponunt,
3254 668 3486 738 dumque
3517 679 3712 735 multas

2141 730 2257 797 ejus
2289 733 2660 804 diflicultates,
2708 747 2985 816 ntultaque
3017 753 3256 820 pericula
3286 769 3339 812 et
3368 730 3547 831 lapsus
3579 782 3710 823 enu-

2140 836 2372 892 merant,
2413 844 2481 884 ne
2526 831 2816 888 iuenmlum
2855 841 3072 906 quidem
3124 844 3176 899 id
3218 858 3311 904 aut
3338 851 3706 923 incipiendum

2132 914 2400 982 judicant.
2439 919 2544 975 Sed
2579 924 2746 979 multo
2770 930 2963 985 melius
2987 945 3065 988 est
3088 953 3171 992 me
3198 940 3248 995 in
3273 942 3375 998 hoc
3399 945 3593 1004 itinere
3624 955 3709 1007 vel

2136 1010 2293 1073 mori,
2329 1013 2372 1065 si
2402 1014 2471 1068 ita
2512 1033 2732 1075 necesse
2762 1034 2867 1089 est,
2894 1039 3054 1091 quam
3099 1028 3245 1085 inter
3271 1032 3557 1105 Egyptios
3588 1057 3710 1110 per-

2136 1110 2446 1157 manentem
2487 1112 2693 1175 necari,
2723 1125 2778 1167 et
2817 1114 2971 1172 falsis
3002 1128 3167 1188 atque
3214 1126 3573 1185 amarissimis
3603 1130 3705 1187 ﬁu-

2134 1188 2310 1243 ctibus
2339 1193 2519 1248 obrui.
2548 1198 2655 1252 Sed
2687 1202 2905 1257 interim
2951 1206 3153 1262 clamat
3190 1209 3401 1282 Moyses
3429 1219 3493 1269 ad
3523 1218 3707 1275 Doml-

2134 1295 2283 1333 num.
2331 1281 2612 1349 Quomodo
2649 1294 2892 1350 clamat?
2933 1295 3089 1354 Nulla
3130 1302 3245 1369 eius
3289 1321 3393 1360 vox
3446 1309 3705 1369 clamoris

2133 1371 2371 1441 auditur,
2404 1385 2459 1431 et
2486 1387 2665 1434 tamen
2700 1384 2826 1438 dicit
2853 1388 2919 1440 ad
2945 1404 3067 1443 eum
3099 1391 3337 1449 Deus”:
3376 1415 3394 1448 ι
3418 1398 3558 1465 Quid
3585 1402 3705 1457 cla-

2131 1476 2250 1517 mas
2278 1466 2343 1519 ad
2377 1470 2495 1522 me?
2519 1490 2536 1521 ι
2575 1470 2745 1528 Velim
2779 1478 2920 1534 scire
2941 1485 3214 1551 quomodo
3242 1491 3415 1542 sancti
3457 1493 3573 1547 sine
3605 1510 3700 1549 vo-

2129 1567 2190 1606 ce
2237 1555 2472 1614 clamaut
2523 1565 2589 1615 ad
2630 1566 2933 1622 Dominum.
2983 1574 3275 1641 Apostolus
3330 1581 3515 1646 docet,
3570 1590 3695 1655 quia

2126 1645 2274 1700 dedit
2324 1649 2464 1706 Deus
2509 1652 2767 1722 Spiritum
2808 1660 2929 1716 Fili
2969 1667 3051 1719 sui
3086 1667 3137 1720 in
3175 1672 3433 1727 cordibus
3471 1645 3695 1748 nostris,

446 1724 635 1776 volunt
671 1726 757 1792 pie
787 1728 972 1780 vivere
1017 1728 1070 1781 in
1095 1728 1336 1797 Christo,
1369 1734 1776 1800 persecutiones
1804 1738 2014 1803 patien-
2048 1717 2091 1770 Β
2120 1740 2442 1798 clamantem
2469 1762 2483 1797 :
2515 1767 2533 1798 ι
2562 1750 2711 1803 Abba
2743 1765 2919 1821 pater.
2954 1775 2971 1807 ι
3018 1758 3081 1812 Et
3112 1762 3259 1815 addit
3296 1782 3309 1817 :
3338 1786 3353 1815 ι
3381 1764 3498 1835 lpse
3529 1722 3696 1838 spiri:

446 1822 533 1838 ι..-
585 1834 599 1838 -
661 1816 727 1838 Ω.-
755 1816 767 1838 Ι
835 1815 923 1838 Ι,ι,
1038 1821 1070 1838 οι
1099 1821 1154 1838 ag,
1210 1822 1242 1838 ν.
1636 1825 1667 1838 ,ο
1720 1828 1798 1838 ν.-
1960 1831 1970 1838 .
2125 1836 2131 1838 Α
2244 1830 2255 1838 .
2461 1835 2491 1838 .-

444 1822 603 1867 turn
661 1816 767 1869 Sed
827 1815 929 1873 Job
998 1821 1349 1875 nihilominus
1409 1825 1824 1891 pronuntiat“,
1879 1831 2010 1897 quia

448 1922 468 1956 ι
498 1910 726 1962 tentatio
771 1920 855 1965 est
904 1913 1008 1965 vita
1047 1926 1230 1971 nostra
1273 1931 1439 1987 super
1480 1927 1746 1974 terram.»
1791 1921 1903 1980 lloc
1930 1933 2014 1980 est

439 2009 572 2066 ergo
597 2000 808 2054 venisse
838 2002 904 2055 ad
940 2019 1109 2061 mare.

506 2088 561 2141 4.
594 2089 700 2143 Sed
732 2092 774 2144 si
812 2094 1060 2162 Moysen,
1090 2094 1142 2149 id
1173 2106 1254 2151 est
1293 2098 1466 2168 legem
1495 2101 1589 2156 Dei
1625 2117 1858 2174 sequens
1882 2121 2013 2177 agas

432 2177 537 2234 hoc
570 2182 694 2245 iter,
726 2181 1015 2254 {Egyptius
1059 2194 1109 2239 te
1146 2189 1367 2256 quidem
1406 2195 1762 2263 persequitur
1791 2206 1846 2252 et
1873 2200 2012 2255 inse-

430 2279 630 2335 ctatur,
656 2275 746 2326 sed
785 2276 907 2329 vide
938 2276 1067 2344 quid
1100 2277 1193 2331 ﬁat
1222 2297 1234 2332 :
1269 2296 1289 2330 ι
1316 2279 1563 2351 Levavit,
1613 2286 1790 2355 inquit
1817 2289 1879 2352 ιι,
1912 2307 2010 2344 an-

428 2366 579 2436 gelus
606 2368 841 2435 Domini,
864 2371 955 2440 qui
982 2374 1345 2428 antecedebat
1373 2386 1552 2432 castra
1586 2378 1771 2445 l-rael,
1801 2390 1854 2435 et
1873 2382 2007 2437 abiit

425 2468 547 2527 post
584 2460 725 2515 illos.
754 2460 997 2517 Elevavit
1025 2472 1077 2517 et
1099 2464 1348 2520 columna
1378 2468 1537 2524 nubis
1562 2484 1590 2523 a
1624 2470 1761 2526 faeie
1787 2488 2001 2540 eorum,

425 2562 481 2608 et
503 2555 653 2609 stetit
685 2565 805 2625 post
833 2556 974 2620 illos,
1010 2566 1065 2612 et
1095 2558 1321 2612 intravit
1349 2560 1492 2614 inter
1516 2574 1693 2617 castra
1712 2563 2001 2636 )Egyptio-

428 2660 546 2699 rum
577 2656 632 2700 et
684 2646 1079 2707 lsraelitarum.
1112 2668 1131 2702 ι
1177 2649 1303 2705 Hzec
1333 2652 1587 2708 columna
1618 2657 1778 2712 nubis
1802 2660 2000 2728 populo

421 2732 644 2799 quidem
688 2732 782 2787 Dei
813 2733 1044 2790 efﬁcitur
1087 2752 1300 2803 murus,
1331 2738 1603 2812 Aﬁgyptiis
1645 2760 1771 2801 vero
1801 2748 2000 2803 obscu-

426 2822 645 2879 ritatem
692 2826 919 2895 imponit
947 2836 1001 2882 et
1030 2830 1305 2886 tenebras.
1337 2832 1452 2888 Non
1483 2836 1629 2889 enim
1665 2841 1998 2895 transfertur

419 2913 668 2969 columna
706 2916 847 2985 ignis
878 2918 945 2972 ad
974 2918 1279 2991 Egyptios,
1318 2932 1376 2977 ut
1410 2924 1627 2980 videant
1671 2926 1867 2993 lucem,
1899 2931 1993 2985 sed

2120 1836 2205 1883 tus
2242 1830 2553 1902 interpellat
2600 1853 2698 1905 pro
2760 1846 2916 1901 nobis
2973 1852 3266 1917 gemitibus
3322 1830 3697 1916 inenarrabili-

2117 1919 2286 1975 bus.»
2342 1924 2404 1977 Et
2456 1927 2692 1985 iterum:
2726 1934 2871 2000 «Qui
2927 1950 3109 1993 autem
3172 1958 3454 2003 scrutatur
3501 1955 3688 2022 corda,

2117 2010 2220 2063 scit
2250 2013 2378 2079 quid
2410 2016 2681 2074 desideret
2709 2024 2956 2091 Spiritus,
2996 2032 3121 2097 quia
3160 2040 3458 2093 secumlmn
3519 2010 3688 2098 Deun;

2116 2104 2355 2169 postulat
2386 2122 2485 2175 pro
2515 2113 2804 2169 Sanctis“.
2827 2138 2845 2171 ι
2865 2114 2955 2175 Sic
2972 2135 3099 2189 ergo
3152 2125 3535 2195 interpellante
3565 2136 3691 2205 Spi-

2117 2192 2222 2247 ritu
2258 2208 2446 2252 sancto
2477 2203 2617 2268 apud
2668 2205 2858 2274 Deum,
2896 2224 2992 2277 per
3035 2214 3313 2273 silentium
3366 2235 3683 2282 sanctorum

2112 2285 2320 2340 clamor
2345 2292 2583 2347 auditur.

2190 2378 2243 2435 5.
2276 2379 2338 2436 Et
2368 2384 2497 2452 quid
2537 2399 2659 2453 post
2705 2390 2842 2444 hoc?
2870 2390 3105 2449 anetnr
3139 2397 3349 2470 Moyses
3383 2406 3534 2477 virga
3558 2427 3684 2481 per.

2104 2483 2296 2530 cutere
2331 2491 2502 2541 mare,
2543 2487 2599 2532 ut
2629 2480 2950 2550 ingredienti
2981 2490 3178 2557 populo
3214 2494 3305 2549 Dei
3350 2480 3597 2559 dehiscat
3622 2515 3678 2560 et

2105 2567 2286 2633 cedat,
2325 2583 2388 2622 ac
2425 2569 2689 2625 voluntati
2740 2573 2935 2631 divinae
2975 2580 3372 2641 elementorum
3412 2590 3678 2652 famulen-

2107 2666 2195 2711 tur
2231 2661 2523 2731 obseqnia;
2558 2674 2611 2717 et
2647 2681 2800 2735 aqua:
2830 2683 2950 2736 qua:
2977 2673 3327 2745 timebantur,
3362 2682 3550 2739 dextra
3584 2689 3675 2743 lae-

2103 2763 2279 2818 vaque
2302 2749 2521 2806 famulis
2554 2752 2646 2808 Dei
2675 2772 2861 2811 murus
2895 2759 3117 2828 cﬂectse,
3150 2782 3253 2821 non
3290 2771 3463 2825 solum
3488 2784 3669 2843 perni-

2099 2846 2237 2898 ciem
2275 2845 2545 2912 nesciant,
2569 2850 2661 2901 sed
2698 2860 2753 2902 et
2802 2854 3079 2908 munimen
3103 2859 3415 2918 exhibeant.
3447 2869 3670 2939 Cogitur

2097 2948 2229 3005 ergo
2260 2934 2456 2991 ﬁuctus
2509 2938 2562 2992 in
2613 2940 2911 3006 cumulum,
2944 2955 2999 2997 ct
3042 2950 3184 3001 unda
3238 2951 3289 3005 in
3319 2934 3668 3027 semetipsam

416 3008 471 3062 in
503 3010 743 3064 tenebris
789 3021 1134 3081 permanent,
1166 3016 1289 3084 quia
1330 3035 1348 3067 ι
1375 3017 1681 3072 dilexerunt
1735 3025 1990 3079 tenebras
2020 3056 2065 3117 ε
2099 3042 2341 3094 repressa
2368 3039 2645 3085 curvatur.
2672 3030 3013 3091 Suliditatcm
3043 3040 3236 3109 recipit
3264 3044 3465 3115 liquor,
3497 3008 3551 3106 ert
3580 3070 3669 3108 so-

414 3104 590 3171 magis
622 3118 784 3173 quam
814 3105 1096 3160 lucem".»
1121 3108 1186 3161 Et
1218 3116 1419 3177 tnergo
1446 3111 1489 3164 si
1519 3112 1587 3165 ab
1607 3111 1880 3185 Egyptiis
1905 3131 1991 3170 re-

411 3196 601 3260 cedas,
619 3196 753 3251 etde
776 3207 1042 3265 potestate
1074 3200 1377 3255 daemonum
1412 3203 1609 3273 fugias,
1637 3208 1758 3263 vide
1784 3221 1987 3278 quanta

414 3283 677 3342 divinitus
728 3289 824 3343 tibi
874 3302 1251 3360 praeparantur
1301 3296 1527 3362 auxilia,
1587 3299 1709 3355 vide
1766 3306 1988 3372 quantis

412 3377 755 3447 adiutoribus
786 3382 978 3438 uteris.
1011 3380 1245 3438 Tantum
1271 3401 1355 3442 ρει
1386 3400 1439 3443 ιιι
1468 3406 1796 3459 permaneas
1831 3395 1985 3452 fortis

410 3470 467 3525 in
504 3472 626 3535 ﬁde,
667 3488 766 3526 nec
795 3483 847 3529 te
876 3474 1257 3546 [Egyptiornm
1303 3483 1579 3550 equitatus
1608 3497 1659 3540 et
1693 3488 1984 3559 quadriga-

406 3574 528 3614 rum
567 3561 795 3619 formido
820 3575 1143 3634 perterreat,
1175 3586 1276 3625 nec
1308 3573 1568 3629 reclames
1601 3590 1787 3632 contra
1809 3580 1980 3651 legem

404 3654 498 3708 Dei
532 3662 584 3708 et
617 3654 860 3726 Moysen,
894 3666 949 3711 et
979 3659 1152 3725 dicas,
1189 3662 1331 3715 sicut
1358 3667 1573 3730 quidam
1604 3684 1666 3722 ex
1694 3670 1799 3725 illis
1828 3673 1981 3727 dixe-

404 3757 531 3799 runt
560 3746 604 3778 ¹⁸
638 3765 653 3802 :
685 3764 704 3798 ι
729 3747 1008 3819 Tanquam
1044 3767 1149 3805 non
1187 3765 1373 3809 essent
1417 3759 1669 3827 sepulcra
1719 3762 1774 3816 in
1811 3764 1980 3838 IEgy-

400 3851 512 3910 pto,
545 3842 616 3895 ita
646 3842 882 3897 eduxisti
925 3860 1041 3910 nos,
1064 3855 1119 3900 ut
1160 3846 1213 3901 in
1260 3849 1478 3905 deserto
1514 3851 1620 3909 hoc
1652 3859 1973 3915 moriamur.

398 3933 583 3987 Melius
611 3933 788 3991 fuerat
845 3952 942 3991 nos
974 3939 1183 3994 servire
1212 3940 1502 4013 Egyptiis,
1532 3963 1693 4016 quam
1751 3954 1883 4006 mori
1917 3954 1969 4007 in

397 4027 610 4083 deserto
650 4028 772 4085 hoc.
803 4048 821 4082 ι
868 4028 995 4086 Haec
1039 4031 1344 4091 fatiscentis
1375 4039 1425 4092 in
1472 4042 1771 4099 tentatione
1800 4049 1966 4104 animi

394 4119 556 4173 verba
584 4130 730 4175 sunt.
765 4121 870 4176 Sed
906 4123 1028 4191 quis
1063 4123 1136 4177 ita
1172 4126 1362 4182 beatus
1392 4138 1496 4194 est,
1531 4133 1624 4200 qui
1678 4136 1758 4190 sic
1787 4147 1964 4194 tenta—

395 4210 596 4263 tionum
633 4213 843 4280 pondus
872 4214 1148 4283 expediat,
1186 4227 1243 4271 ut
1282 4219 1428 4275 nulla
1464 4227 1629 4281 tuenti
1664 4227 1784 4295 eius
1824 4235 1965 4303 cogi-

394 4303 525 4355 tatio
547 4304 921 4373 ambiguitatis
947 4306 1209 4378 obrepat?
1248 4311 1379 4368 Vide
1416 4329 1617 4385 magno
1660 4320 1735 4373 illi
1768 4321 1959 4379 Eccle-

2098 3119 2206 3172 lum
2245 3121 2409 3176 maris
2440 3126 2640 3177 arescit
2679 3126 2727 3179 in
2759 3128 3054 3196 pulverem,
3082 3144 3138 3189 ut
3176 3138 3321 3194 sicca
3367 3144 3547 3210 planta
3581 3167 3669 3218 po-

2093 3212 2250 3281 pulus
2282 3214 2373 3268 Dei
2405 3218 2681 3271 transiret.
2713 3219 3012 3277 Bonitatcm
3045 3226 3134 3281 Dei
3172 3236 3440 3289 creatoris
3462 3212 3663 3294 intelli-

2091 3318 2182 3372 ge,
2214 3304 2257 3356 si
2294 3306 2554 3359 voluntati
2589 3308 2708 3373 eius
2743 3311 3109 3381 obtemperes,
3151 3320 3194 3372 si
3235 3321 3405 3391 legem
3433 3327 3548 3395 eius
3577 3345 3664 3385 se-

2088 3397 2296 3461 quaris,
2317 3395 2431 3464 ipse
2469 3398 2560 3449 tibi
2587 3399 2854 3454 elementa
2879 3405 3043 3459 etiam
3076 3418 3264 3465 contra
3292 3414 3376 3467 sui
3405 3427 3655 3475 naturam

2086 3485 2296 3538 servire
2347 3489 2640 3552 compellit.
2702 3491 2897 3547 Audivi
2944 3510 2972 3548 a
3021 3498 3321 3569 maioribus
3376 3510 3653 3575 traditum,

2085 3579 2230 3645 quod
2279 3577 2331 3631 iu
2369 3579 2467 3632 ista
2503 3580 2841 3651 digressionc
2874 3588 3060 3653 maris,
3094 3591 3321 3662 singulis
3353 3598 3658 3670 quibusque

2086 3670 2334 3724 tribubus
2374 3671 2613 3725 ﬁliorum
2658 3673 2844 3738 Israel.
2878 3679 3106 3747 singulm
3140 3698 3401 3752 aquarum
3434 3692 3658 3747 divisio-

2081 3779 2180 3817 nes
2211 3763 2365 3817 facta:
2400 3766 2531 3829 sint,
2561 3776 2617 3819 et
2645 3768 2861 3835 propria
2894 3771 3193 3840 unicuique
3233 3774 3396 3830 tribui
3431 3779 3483 3831 in
3512 3784 3646 3836 mari

2077 3866 2266 3924 aperta
2311 3857 2381 3910 sit
2422 3857 2532 3921 via,
2580 3858 2744 3927 idque
2774 3862 2986 3914 ostendi
3019 3878 3082 3916 ex
3114 3879 3200 3930 eo,
3234 3870 3378 3935 quod
3406 3870 3459 3923 in
3492 3870 3642 3926 Psal-

2076 3951 2178 4002 mis
2216 3949 2482 4019 scriptum
2521 3958 2605 4004 est
2629 3950 2672 3981 "
2699 3969 2712 4003 :
2744 3971 2762 4002 ι
2788 3952 2887 4020 Qui
2915 3954 3101 4009 divisit
3130 3972 3279 4013 mare
3311 3959 3555 4016 Rubrum
3588 3970 3639 4019 in

2071 4043 2428 4098 divisiones.»
2472 4041 2576 4096 Per
2606 4046 2748 4111 quod
2808 4047 2993 4100 multa:
3044 4050 3337 4105 divisiones
3384 4056 3651 4112 docentur

2069 4133 2245 4194 factae,
2284 4149 2388 4187 non
2454 4148 2578 4185 una.
2625 4131 2731 4185 Sed
2769 4146 2822 4186 et
2876 4150 2972 4203 per
3008 4138 3106 4190 hoc
3151 4144 3292 4206 quod
3329 4142 3527 4197 dicitur
3549 4147 3636 4199 ’σε

2072 4224 2186 4278 ιιιιί
2241 4226 2520 4295 Beniamin
2563 4225 2750 4293 iunior
2786 4228 2836 4278 in
2891 4238 3130 4295 stupore,
3186 4234 3455 4303 principes
3500 4236 3638 4294 Juda

2065 4317 2232 4372 duces
2258 4335 2467 4385 eorum,
2493 4321 2765 4390 principes
2788 4322 3052 4389 Zahulon,
3084 4334 3135 4376 et
3160 4325 3430 4395 principes
3463 4328 3640 4398 Neph-

389 4394 483 4450 βίω
524 4394 892 4462 fundamento,
929 4408 981 4453 et
1011 4409 1179 4469 petra:
1212 4402 1580 4472 solidissinm,
1618 4426 1956 4481 superquam
1990 4410 2037 4469 D
2067 4410 2280 4472 thalim,
2307 4429 2324 4461 ι
2388 4413 2742 4468 nihilominus
2809 4415 3107 4484 unicuique
3152 4416 3315 4470 tribui
3375 4423 3632 4488 preprius

385 4488 634 4545 Christus
674 4488 918 4547 fundavit
950 4492 1248 4549 Ecclesiatn
1281 4498 1345 4561 “,
1380 4501 1508 4568 quid
1537 4502 1751 4558 dicatur
1781 4523 1809 4560 a
1852 4510 1957 4562 Do-

385 4581 533 4634 mino
565 4594 581 4633 :
621 4599 638 4631 ι
668 4580 912 4645 Modicze,
948 4585 1126 4653 inquit
1150 4586 1215 4651 ",
1248 4587 1394 4655 ﬁdei,
1445 4606 1612 4659 quare
1664 4596 1823 4667 146
1859 4601 1953 4652 du-

383 4672 603 4727 bitasti?
626 4695 644 4727 ι
681 4672 1063 4729 Verumtamen
1092 4678 1216 4746 quia
1240 4681 1427 4735 dicunt
1451 4684 1493 4712 ¹⁶
1524 4703 1538 4736 :
1568 4705 1585 4736 ι
1622 4685 1811 4747 Melius
1842 4689 1960 4745 fue-

383 4774 467 4817 rat
512 4781 610 4820 nos
649 4768 853 4820 servire
900 4765 1191 4837 A'Igyptiis,
1222 4787 1387 4841 quam
1439 4775 1574 4828 inori
1616 4777 1666 4828 in
1694 4791 1901 4843 eremo,
1931 4798 1949 4829 ι

379 4857 696 4910 tentationis
739 4868 792 4911 et
824 4857 1134 4926 fragilitatis
1163 4860 1279 4915 haec
1314 4863 1475 4916 verba
1509 4875 1661 4917 sunt.
1696 4866 1948 4933 Alioquin

379 4946 574 5002 falsum
619 4958 733 5012 est;
767 4948 920 5018 longe
947 4951 1093 5005 enim
1132 4953 1326 5007 melius
1355 4963 1439 5008 est
1470 4954 1523 5007 in
1552 4972 1737 5011 eremo
1784 4959 1943 5022 mori,

2063 4500 2377 4553 enumerari
2415 4500 2627 4553 videtur
2656 4501 2953 4571 ingressus.
2991 4502 3113 4555 llzec
3143 4520 3171 4557 a
3200 4505 3497 4575 maioribus
3529 4510 3629 4563 ob-

2061 4598 2279 4643 servata
2325 4588 2379 4642 in
2431 4588 2736 4658 Scripturis
2784 4591 3001 4654 divinis,
3061 4592 3372 4662 religiosum
3424 4597 3627 4648 credidi

2062 4693 2167 4733 non
2199 4687 2398 4733 tacere.
2429 4678 2570 4745 Quid
2616 4696 2748 4748 ergo
2789 4697 2884 4735 nos
2913 4683 3171 4737 docemur
3197 4700 3291 4752 per
3322 4687 3434 4739 haec
3457 4688 3479 4739 ?
3506 4686 3626 4741 Jam

2055 4771 2308 4839 superius
2335 4773 2568 4826 diximus
2612 4774 2735 4842 quis
2769 4776 2842 4826 sit
2874 4774 2923 4826 in
2971 4775 3055 4828 his
3082 4776 3323 4844 Apostoli
3349 4780 3623 4831 sensus".

2051 4861 2380 4932 Baptismum
2433 4865 2534 4918 hoc
2588 4864 2830 4917 nominat
2878 4864 2929 4917 itt
2964 4864 3143 4935 Moyse
3180 4877 3618 4920 consummatum

2049 4954 2101 5007 in
2139 4955 2279 5008 nube
2302 4966 2355 5008 et
2388 4957 2440 5009 in
2465 4958 2625 5019 mari,
2657 4967 2711 5010 nt
2739 4968 2792 5009 et
2829 4967 2881 5010 tu
2916 4958 3007 5024 qui
3037 4958 3336 5025 baptizaris
3365 4958 3417 5009 in
3454 4957 3615 5012 Chri-

2044 5054 2145 5105 sto,
2178 5044 2230 5098 in
2266 5060 2403 5114 aqua
2435 5055 2488 5099 et
2534 5047 2586 5099 in
2640 5046 2847 5115 Spiritu
2884 5058 3095 5109 sancto,
3153 5048 3293 5100 scias
3358 5046 3611 5099 insectari

2041 5136 2261 5205 quidem
2309 5147 2430 5205 post
2475 5148 2528 5193 te
2577 5137 2886 5208 Egyptios,
2922 5148 2977 5191 et
3004 5137 3140 5191 velle
3175 5146 3227 5192 te
3256 5152 3511 5191 revocare
3545 5142 3612 5193 ad

2040 5228 2326 5281 servitium
2373 5243 2555 5296 suum,
2588 5238 2828 5285 rectores
2869 5232 3079 5285 scilicet
3111 5230 3273 5300 huius
3319 5230 3527 5291 munli,
3559 5240 3613 5282 et

2037 5320 2313 5389 spiritales
2361 5320 2650 5388 nequitias,
2690 5321 2890 5389 quibus
2928 5333 3086 5376 antea
3127 5320 3449 5377 deseri-isti.
3482 5319 3612 5386 Qua:

2036 5418 2309 5466 conantur
2348 5409 2565 5478 quidem
2601 5416 2673 5464 'te
2710 5411 2946 5480 insequi,
2988 5412 3083 5467 sed
3130 5420 3184 5465 tu
3231 5410 3517 5466 descendis
3556 5410 3607 5462 in

2044 5510 2083 5541 ¹¹
2122 5504 2293 5559 Exod.
2328 5518 2437 5566 xiv,
2471 5503 2557 5559 l9.
2656 5506 2697 5536 ¹²
2723 5504 2875 5561 Joan.
2904 5521 2989 5570 tu.
3027 5508 3113 5563 l9.
3218 5506 3261 5536 ¹³
3290 5505 3459 5558 Exod.
3487 5519 3602 5565 xiv,

2045 5581 2097 5630 d.
2130 5592 2241 5630 xw.
2277 5575 2359 5630 1’2.
2441 5575 2480 5606 ¹⁷
2512 5575 2665 5630 ibid..
2695 5576 2777 5630 l5.
2860 5577 2901 5608 "
2929 5578 3082 5630 llum.
3120 5593 3237 5630 vnt.
3275 5576 3357 5630 15.
3395 5575 3588 5630 εὶϐ.27.

2512 5591 2665 5643 ΙΙ)Ι(1.,
2695 5591 2777 5630 ιε).
2860 5591 2901 5608 ’⁵
2929 5591 3082 5633 ιιιιιιι.
3120 5593 3237 5639 \‘lll,
3275 5591 3357 5636 ιτ),
3395 5591 3485 5634 20.
3508 5591 3588 5632 21.

373 5056 535 5112 quam
572 5043 780 5097 servire
822 5036 1114 5115 Egyptiis.
1149 5046 1251 5113 Qui
1284 5050 1428 5102 enim
1462 5051 1512 5102 in
1556 5066 1736 5105 eremo
1781 5055 1944 5107 mori-

377 5142 483 5195 tur,
518 5135 621 5189 hoc
659 5136 775 5202 ipso
806 5138 949 5203 quod
988 5149 1276 5205 separatus
1329 5149 1413 5194 est
1461 5141 1529 5193 ab
1568 5140 1860 5213 Egyptiis,
1889 5152 1943 5219 et

369 5226 626 5283 discessit
657 5244 686 5282 a
729 5229 1033 5283 rectoribus
1063 5232 1433 5296 tenebrarum,
1475 5242 1530 5285 et
1566 5235 1630 5287 de
1674 5242 1941 5303 potestate

368 5318 611 5381 Satanze,
637 5318 826 5372 habuit
852 5318 1091 5387 aliquem
1132 5321 1460 5389 profectum,
1492 5326 1654 5379 etiam
1687 5327 1730 5379 si
1758 5327 1823 5379 ad
1857 5326 1940 5379 in-

366 5426 580 5476 tegrum
624 5410 913 5477 pervenire
946 5426 1053 5465 non
1091 5414 1288 5480 potuit.
1330 5413 1522 5469 Melius
1559 5417 1704 5469 enim
1751 5417 1934 5485 perfe-

432 5508 457 5536 ⁸
480 5504 647 5559 Exod.
679 5521 791 5571 xlv,
817 5505 875 5562 2.
952 5507 972 5537 ’
1002 5505 1044 5559 Il
1069 5505 1210 5559 Tim.
1245 5521 1325 5569 Ill,
1360 5507 1443 5564 ΙΞ.
1554 5509 1597 5540 ¹⁶
1618 5509 1717 5563 Job
1753 5528 1845 5573 vn.
1881 5513 1929 5566 l.

364 5570 452 5643 il.
486 5575 571 5627 12.
650 5576 693 5606 ¹⁸
723 5570 908 5630 Matth.
940 5591 1052 5636 xVI.
1091 5576 1178 5631 18.
1258 5578 1300 5607 ¹⁸
1325 5577 1510 5631 Matth.
1540 5595 1649 5643 xiv,
1677 5581 1766 5635 5|.
1836 5570 1887 5611 ἠ
1930 5581 2097 5635 Exod.
2130 5592 2241 5641 xw,
2277 5575 2359 5631 1’2.

368 5640 410 5669 "
434 5643 574 5701 Psal.
604 5647 911 5712 cxxxv,13.
989 5649 1034 5680 ”
1060 5645 1201 5701 Psal.
1226 5662 1394 5713 van,
1424 5648 1513 5709 Q8,
1546 5640 1645 5702 29.
1678 5654 1717 5683 ²¹
1756 5652 1771 5704 l
1803 5650 1928 5707 Cor.
1960 5667 2013 5715 x,
2042 5650 2094 5703 2.

683 5739 952 5801 PATROL.
998 5740 1117 5802 Gtt.
1169 5740 1306 5800 ΧΠ.

3209 5739 3273 5797 11
