4122 6248
464 209 564 263 531

1949 205 2269 263 ORIGENIS

3614 217 3716 271 7,32

469 341 666 395 aquam
692 334 747 380 et
779 327 963 380 evadis
995 324 1320 388 incolumis;
1363 331 1522 394 atque
1571 323 1768 378 ablutis
1799 326 2046 378 sordibus
2080 332 2118 387 Α
2152 327 2305 394 gaius
2359 325 2472 380 hinc
2525 325 2693 390 dices,
2727 325 2768 378 si
2818 325 3071 378 habueris
3107 336 3414 396 tympanum
3463 328 3514 380 in
3558 346 3714 383 manu

468 431 851 489 peccatorum,
920 421 1075 472 homo
1132 431 1299 470 novus
1353 415 1643 479 ascendis,
1699 425 1917 484 paratus
1972 417 2038 470 ad

470 514 799 567 cantandum
824 512 1096 564 canticum
1124 524 1341 562 novum.
1372 508 1608 580 {Egyptii
1643 525 1772 564 vero
1816 517 1938 580 post
1989 519 2038 562 te

472 608 841 674 insequentes,
870 604 1254 671 demergeutur
1302 602 1353 653 in
1391 602 1668 670 abyssum,
1698 602 1908 655 etiamsi
1955 601 2036 652 vi-

468 696 665 744 dentur
699 689 1104 760 rogareJesum,
1145 691 1444 743 ncinterim
1473 691 1648 743 mittat
1684 707 1775 744 eos
1805 692 1855 744 in
1878 692 2038 761 abys-

469 801 584 836 sum
610 785 673 836 ".
719 781 826 835 Sed
860 794 913 836 et
941 782 1102 834 alimn
1141 797 1204 836 cx
1254 781 1337 835 his
1372 783 1618 850 accipere
1643 797 1928 852 possumus
1955 783 2034 836 in-

470 876 764 929 tellectum.
801 873 854 928 Si
890 872 1184 944 Egyptqu
1221 875 1416 942 fugias,
1457 874 1500 928 si
1534 874 1856 943 ignorantim
1883 883 2037 928 teuc-

467 969 594 1020 bras
643 967 934 1035 relinquas,
961 975 1013 1018 et
1041 966 1288 1034 sequaris
1325 966 1494 1036 legem
1543 966 1632 1020 Dei
1666 965 1909 1035 Moysen.
1942 965 2038 1017 ob-

466 1061 578 1111 vict
609 1067 787 1109 autem
838 1056 932 1108 tibi
981 1069 1150 1118 mare,
1178 1065 1229 1108 ct
1273 1055 1764 1108 contradicentium
1806 1055 1900 1108 tibi
1933 1055 2036 1109 ﬁu-

466 1159 585 1202 ctus
613 1153 924 1209 occurrant,
954 1155 1174 1213 percute
1225 1155 1278 1197 ttt
1309 1147 1653 1199 obluctantes
1683 1146 1855 1199 undas
1883 1147 2033 1215 virga

466 1240 657 1308 Moysi,
685 1239 734 1291 id
778 1248 860 1290 est
907 1239 1075 1290 verbo
1123 1238 1274 1307 legis,
1314 1248 1367 1292 et
1403 1238 1680 1308 vigilantia
1723 1237 2033 1306 Scriptura-

466 1345 583 1383 rum
611 1329 716 1382 iter
751 1329 842 1382 tibi
872 1329 971 1397 ipsi
1001 1329 1324 1394 disputando
1357 1343 1450 1397 per
1480 1327 1820 1381 adversarios
1836 1327 2032 1394 pande,

465 1422 662 1473 cedent
711 1420 867 1473 undae
913 1422 1196 1482 continuo,
1233 1430 1287 1473 et
1324 1419 1568 1488 superati
1611 1418 1810 1473 ﬂuctus
1857 1419 2033 1472 locmu

460 1510 760 1564 victoribus
794 1509 1040 1574 dabunt,
1091 1509 1520 1577 mirantibusque
1572 1517 1625 1563 et
1680 1508 1925 1562 attonitis
1971 1522 2036 1560 ac

463 1610 682 1668 stupore
725 1601 918 1654 deﬁxis
959 1601 1044 1654 his
1085 1601 1176 1669 qui
1219 1599 1377 1669 paulo
1426 1609 1551 1652 ante
1581 1599 2030 1665 adversabantur,

2146 430 2260 483 tua,
2298 420 2348 472 id
2377 428 2456 472 est
2511 420 2552 472 si
2583 433 2804 473 carnem
2855 429 2998 473 tuam
3035 420 3373 474 eruciﬁxeris
3419 436 3540 474 cum
3574 423 3716 476 vitiis

2143 523 2194 564 et
2230 511 2702 579 concupiscentiis,
2727 519 2782 564 et
2813 512 2858 565 si
2887 512 3300 565 mortiﬁcaveris
3335 511 3579 565 membra
3603 522 3719 579 tua,

2143 619 2262 672 qua:
2309 612 2431 657 sunt
2471 617 2633 670 super
2669 611 2888 657 terram.
2935 603 3000 656 Et
3062 613 3238 658 tamen
3281 603 3560 658 videat-nus
3589 605 3719 672 quid

2144 697 2270 750 dicit
2305 717 2314 750 :
2356 715 2372 746 ι
2414 695 2708 750 Cantemus
2754 694 3001 757 Domino,
3039 696 3274 764 gloriose
3308 699 3452 748 euim
3499 695 3721 748 honori--

2145 789 2333 842 ﬁcatus
2372 797 2474 851 est,
2508 807 2526 840 ι
2561 788 2714 851 quasi
2756 802 2858 841 non
2904 786 3174 863 suﬁieeret
3208 807 3218 840 :
3261 806 3278 837 ‹
3325 788 3716 840 hmmriﬁcatns

2141 890 2244 944 est,
2284 899 2300 932 I
2337 879 2431 933 sed
2478 879 2732 933 addidit:
2772 898 2789 930 ι
2830 879 3060 947 gloriose
3114 880 3506 933 hormriﬁcatns
3553 891 3655 932 est.
3692 900 3709 928 ι

2143 975 2397 1041 Equidem
2439 983 2700 1042 rptantum
2753 991 2967 1042 possum
3014 971 3305 1038 conjicere,
3343 975 3556 1024 videtur
3581 975 3711 1024 mihi

2140 1065 2282 1118 aliud
2312 1079 2430 1117 esse
2453 1063 2774 1130 gloriﬁcari,
2806 1062 2952 1115 aliud
2979 1062 3212 1130 gloriose
3235 1061 3553 1130 gloriﬁcari.
3579 1061 3712 1114 Nam

2142 1155 2399 1208 Dominus
2459 1170 2613 1207 incus
2665 1152 2823 1207 Jcsus
2869 1152 3143 1215 Christus,
3194 1167 3312 1205 cum
3367 1166 3587 1204 carnem
3641 1166 3707 1205 ex

2143 1246 2362 1316 Virgine
2396 1246 2563 1300 Maria
2596 1262 2692 1314 pro
2719 1246 2897 1300 salute
2935 1257 3120 1299 nostra
3154 1246 3415 1312 suscepit,
3444 1243 3713 1312 gloriﬁca—

2141 1349 2226 1392 tus
2245 1350 2325 1393 est
2351 1337 2589 1407 quidem,
2614 1337 2739 1405 quia
2774 1337 2920 1392 venit
2943 1350 3188 1404 quaerere
3214 1333 3355 1403 quod
3383 1333 3619 1400 perierat
3643 1333 3710 1393 η.

2141 1449 2246 1484 non
2285 1439 2462 1484 tamen
2497 1429 2734 1498 gloriose
2776 1427 3109 1497 gloriﬁratns
3162 1435 3263 1480 est.
3316 1423 3523 1479 Dicitur
3568 1424 3712 1476 enim

2081 1560 2088 1568 ι
2139 1523 2205 1578 de
2233 1524 2349 1591 ipso
2372 1522 2440 1589 ’⁷,
2470 1521 2592 1589 quia
2621 1539 2640 1572 ι
2673 1521 2906 1574 vidimus
2934 1535 3081 1581 eum,
3107 1526 3157 1572 et
3195 1532 3298 1569 non
3326 1516 3559 1569 habebat
3586 1528 3709 1582 Spe-

2138 1615 2274 1667 ciem
2313 1627 2486 1680 neque
2523 1612 2794 1672 decorem,
2825 1618 2880 1663 et
2911 1608 3086 1662 vultus
3119 1607 3234 1676 ejus
3267 1603 3518 1672 ignobilis
3553 1619 3714 1671 super

461 1693 726 1761 legitimis
760 1701 812 1745 tu
859 1691 1286 1756 disputationum
1331 1691 1488 1744 lineis
1525 1699 1730 1745 rectum
1778 1691 1896 1742 ﬁdei
1934 1692 2036 1745 iter

2143 1705 2282 1758 ﬁlios
2310 1703 2610 1757 hominum.
2639 1721 2655 1752 ι
2680 1701 3028 1756 Gloriﬁcatns
3057 1709 3139 1752 est
3165 1707 3222 1750 et
3243 1711 3365 1750 cum
3399 1701 3464 1746 ad
3495 1707 3708 1748 crucem

461 1784 692 1846 secabis,
741 1792 797 1836 et
847 1783 1115 1834 intantum
1163 1782 1421 1835 doctrina:
1469 1781 1633 1834 verbo
1678 1778 1952 1850 proﬁcies,
1979 1789 2035 1832 ιιι

463 1875 745 1928 auditores
781 1873 880 1936 tni,
907 1888 1046 1942 quos
1078 1872 1130 1924 in
1164 1872 1312 1939 virga
1346 1871 1479 1941 legis
1506 1871 1757 1934 erudisti,
1793 1870 1891 1939 ipsi
1921 1871 2032 1940 jam

464 1979 653 2020 contra
685 1965 989 2036 Aigyptios,
1012 1964 1157 2019 velut
1194 1963 1388 2017 ﬂuctus
1421 1963 1586 2016 maris
1628 1963 1935 2032 insurgant,
1981 1974 2036 2018 et

464 2076 567 2111 nou
604 2057 779 2111 solum
809 2058 1124 2125 impugneut
1147 2071 1261 2122 eos,
1285 2055 1378 2108 sed
1405 2069 1454 2108 et
1476 2064 1732 2122 superent
1755 2065 1808 2108 et
1828 2055 2036 2108 exstin-

462 2161 648 2219 guant.
682 2148 987 2216 Exstinguit
1022 2162 1255 2216 namque
1297 2146 1634 2217 Egyptium,
1665 2147 1755 2215 qui
1785 2163 1890 2200 non
1925 2147 2037 2216 agit

461 2260 625 2312 opera
677 2243 1046 2294 tenebrarum.
1094 2238 1400 2307 Exstiuguit
1431 2237 1764 2307 Egypliuiii,
1806 2238 1897 2306 qui
1925 2253 2030 2291 non

463 2336 778 2399 carnaliter,
810 2333 904 2386 sed
950 2330 1310 2402 spiritualiter
1337 2331 1491 2383 vivit.
1524 2330 1831 2399 Exstinguit
1863 2329 2034 2400 .Egy-

463 2433 659 2500 ptium,
692 2427 782 2496 qui
813 2425 1173 2495 cogitationes
1202 2423 1450 2477 sordidas
1480 2433 1533 2477 et
1557 2423 1799 2490 impurus
1830 2423 1908 2475 vel
1939 2425 2035 2476 de-

464 2523 614 2592 pellit
673 2537 737 2575 ex
806 2520 992 2582 corde,
1059 2516 1143 2571 vel
1205 2515 1430 2570 omuiuo
1485 2531 1588 2568 non
1651 2515 1865 2583 recipit,
1922 2516 2032 2568 sic-

472 2628 524 2668 ut
568 2623 622 2667 et
670 2611 958 2680 Apostolus
1005 2609 1135 2664 dicit
1165 2609 1209 2640 ’³
1239 2625 1252 2662 :
1287 2626 1304 2659 ι
1336 2607 1688 2661 Assumcntes
1721 2615 1931 2658 scutum
1969 2604 2032 2656 ﬁ-

462 2709 548 2761 dei
585 2708 636 2759 in
681 2720 790 2772 quo
829 2716 1115 2773 possumus
1162 2699 1343 2754 omnia
1379 2697 1562 2764 -jacu|a
1614 2695 1832 2765 maligni
1865 2693 2032 2764 ignita

463 2798 831 2866 exstinguere.
862 2814 878 2846 ι
922 2793 1034 2847 lloc
1056 2793 1198 2845 enim
1230 2790 1386 2844 modo
1419 2803 1712 2859 possumus
1743 2787 1905 2841 etiam
1938 2786 2034 2840 lto—

465 2892 550 2945 die
577 2888 866 2958 Aigyptios
893 2887 1078 2940 videre
1105 2891 1368 2949 mortuos,
1403 2893 1456 2936 et
1479 2882 1724 2952 jaccntes
1762 2880 1828 2932 ad
1861 2878 2029 2943 littus,

466 2978 738 3048 submergi
795 2974 1086 3046 quadrigas
1145 2988 1331 3026 eorum
1379 2981 1434 3025 et
1491 2985 1681 3039 equos.
1736 2967 2032 3022 Possumus

462 3072 627 3125 «tiam
675 3071 851 3140 ipsum
911 3065 1251 3120 Pharaonem
1287 3064 1472 3117 videre
1504 3060 1770 3128 demergi.
1806 3060 1848 3112 si
1883 3067 2028 3111 tanta
2059 3040 2102 3098 (ἶ

461 3162 569 3217 fide
597 3161 867 3222 vivamus,
902 3168 958 3210 ut
995 3157 1133 3209 Deus
1165 3161 1410 3209 conterat
1458 3150 1712 3205 Satanam
1745 3150 1845 3204 sub
1876 3150 2031 3219 pedi-

463 3257 565 3310 bus
598 3251 802 3308 nostris
828 3251 875 3282 “
905 3250 1168 3304 velociter
1205 3263 1299 3317 per
1334 3244 1516 3300 Jesum
1549 3245 1824 3299 Christum
1853 3243 2034 3296 Domi-

464 3362 590 3401 tunn
626 3354 897 3406 nostrum,
933 3343 1019 3395 cui
1052 3350 1131 3394 est
1161 3339 1328 3410 gloria
1359 3347 1411 3391 et
1435 3337 1723 3405 imperium
1748 3335 1800 3388 iu
1834 3335 2032 3390 sarcula

461 3442 799 3493 sa't'ttlurttttt.
845 3437 1038 3490 Amen.

1048 3585 1327 3643 llOltlLlA
1366 3584 1448 3641 Vl.

465 3707 541 3762 Dc
585 3708 788 3761 comico
839 3705 978 3775 quod
1039 3701 1268 3775 cantavit
1312 3697 1522 3775 Moyses
1567 3713 1685 3750 cum
1737 3693 1949 3764 populo,
1987 3701 2033 3746 et

911 3773 1088 3828 Maria
1111 3787 1227 3824 cum
1258 3770 1586 3823 mulieribus.

537 3899 590 3952 1.
623 3895 784 3949 Multa
809 3893 1026 3961 quidem
1061 3887 1272 3941 cantica
1298 3884 1412 3937 ﬁeri
1441 3883 1666 3952 legimus
1695 3882 1746 3935 in
1782 3879 2035 3948 Scriptu-

468 3991 545 4045 ris
571 3988 788 4050 divinis,
828 3985 1019 4037 hormn
1063 3989 1241 4031 tamen
1268 3974 1508 4027 omnium
1529 3973 1759 4041 primum
1792 3971 1935 4025 istud
1955 3979 2040 4024 est

459 4082 733 4138 canticum
748 4118 761 4143 ,
781 4075 922 4145 quod
942 4071 1211 4140 {Egyptiis
1241 4075 1296 4120 et
1321 4065 1606 4120 Pharaone
1639 4064 1924 4118 submerso
1943 4079 2039 4132 po-

461 4172 616 4242 pulus
638 4170 727 4222 Dei
755 4166 911 4238 147
943 4174 1065 4234 post
1094 4160 1374 4214 victoriam
1405 4159 1620 4213 cecinit.
1646 4156 1806 4211 Moris
1838 4155 2040 4225 quippe

463 4273 778 4319 sanctorum
813 4269 914 4322 est,
947 4258 1032 4310 ubi
1066 4253 1412 4309 adversarius
1463 4249 1718 4312 vincitur,
1776 4257 2037 4314 tauquam

2140 1797 2306 1860 venit,
2339 1805 2394 1849 et
2425 1795 2647 1864 pertulit
2684 1803 2937 1848 mortem.
2975 1793 3067 1847 Vis
3105 1791 3248 1845 scire
3279 1802 3405 1857 quia
3444 1783 3706 1854 gloriﬁca-

2140 1900 2226 1943 tus
2261 1889 2380 1943 est?
2413 1887 2530 1958 Ipse
2575 1886 2856 1943 dicebat"
2889 1903 2903 1939 :
2945 1904 2964 1935 ι
2997 1883 3179 1946 l’atcr,
3224 1880 3370 1934 venit
3420 1882 3573 1939 hora,
3601 1879 3705 1931 cla-

2142 1983 2288 2034 I'itica
2323 1979 2513 2032 Filium
2558 1987 2733 2041 tuum,
2788 1984 2844 2028 ut
2896 1975 3060 2028 Filius
3112 1984 3233 2026 tuus
3275 1972 3537 2024 clarilicet
3577 1979 3644 2020 te.
3689 1986 3705 2017 ι

2138 2075 2268 2130 Erat
2295 2091 2424 2142 ergo
2447 2074 2494 2128 ei
2522 2073 2718 2142 gloria.
2745 2072 2910 2125 etiam
2941 2071 3052 2138 ipsa
3082 2069 3266 2138 pas~io
3291 2068 3492 2124 erucis,
3523 2079 3710 2117 verum

2137 2162 2307 2230 gloria
2340 2162 2456 2214 ιιτιξιε
2487 2175 2594 2214 non
2625 2169 2740 2212 erat
2785 2159 3038 2227 gloriosa,
3067 2157 3159 2210 sed
3195 2157 3429 2210 humilis.
3477 2155 3713 2220 Denique

2138 2253 2335 2307 dicitur
2362 2253 2425 2304 de
2453 2267 2517 2306 eo
2540 2252 2620 2304 ’9:
2660 2269 2676 2301 ι
2718 2249 3028 2303 llumiliavit
3059 2264 3118 2302 se
3154 2263 3325 2317 usque
3354 2249 3419 2299 ad
3458 2256 3710 2308 mortem,

2136 2353 2364 2396 nionem
2419 2349 2597 2393 autem
2647 2340 2840 2394 crucis.
2887 2359 2903 2389 ι
2956 2341 3026 2392 De
3076 2355 3181 2407 quo
3238 2338 3402 2391 etiam
3453 2337 3711 2404 propheta

2137 2433 2460 2502 praedixerat
2493 2431 2536 2460 ³⁰
2578 2447 2591 2483 :
2641 2448 2658 2480 ι
2710 2429 2881 2483 Morte
2932 2429 3242 2496 turpissima
3293 2428 3713 2480 condemnemus

2136 2541 2282 2579 eum.
2320 2543 2338 2576 ι
2373 2523 2476 2576 Sed
2517 2532 2571 2575 ct
2616 2521 2783 2575 Isaias
2839 2522 2970 2576 dicit
3022 2523 3086 2575 de
3134 2520 3262 2574 eo“
3299 2538 3310 2573 :
3351 2539 3367 2570 ι
3410 2519 3462 2571 In
3498 2517 3718 2571 humili—

2138 2624 2246 2669 tate
2271 2614 2530 2684 judicium
2567 2612 2683 2680 ejus
2721 2611 2992 2666 sublatum
3024 2621 3130 2664 est.
3176 2631 3193 2662 ι
3232 2609 3285 2662 lu
3319 2610 3403 2663 his
3436 2624 3566 2678 ergo
3597 2623 3716 2660 om-

2137 2704 2296 2757 nibus
2337 2702 2668 2770 gloriﬁcatns
2703 2709 2782 2754 est
2829 2703 3110 2766 Dominus,
3168 2701 3287 2763 sed,
3324 2707 3378 2753 ut
3409 2701 3478 2752 ita
3510 2700 3714 2760 dicam,

2136 2794 2434 2856 humiliter.
2462 2808 2564 2846 nou
2597 2793 2832 2862 gloriose
2866 2793 3196 2862 gloriﬁcatns
3226 2803 3334 2847 est.
3362 2791 3557 2844 Verum
3586 2790 3713 2858 quia

2141 2903 2158 2935 ι
2199 2889 2311 2938 lucc
2360 2887 2645 2953 oportebat
2694 2887 2800 2953 pati
2845 2884 3142 2951 Christum,
3170 2894 3225 2938 et.
3259 2884 3338 2938 sic
3384 2883 3610 2937 introire
3660 2881 3711 2934 in

2137 2977 2360 3048 gloriam
2389 2993 2540 3030 suam
2570 2977 2636 3039 δ’,
2667 2997 2684 3029 ι
2715 2993 2836 3030 cum
2894 2978 3103 3030 venerit
3151 2978 3201 3030 in
3241 2977 3413 3048 gloria
3459 2975 3632 3029 Patris
3659 2983 3711 3027 et

2138 3075 2446 3118 sanctorum
2471 3068 2815 3137 angelorum,
2840 3081 2964 3119 cum
2992 3066 3198 3120 venerit
3224 3068 3275 3118 in
3311 3066 3592 3136 majestate
3615 3079 3710 3118 sua

2133 3160 2379 3231 judicare
2427 3172 2648 3223 terram,
2679 3157 2896 3228 quando
2937 3167 2988 3210 et
3040 3173 3223 3211 verum
3273 3157 3632 3218 Pharaonem,
3660 3155 3712 3206 id

2137 3265 2219 3306 cst
2246 3253 2517 3307 diabolum
2573 3254 2866 3308 interﬁciet
2913 3253 3108 3320 spiritu
3137 3251 3248 3304 oris
3293 3251 3396 3312 sui,
3432 3264 3552 3301 cum
3585 3263 3718 3313 ergo

2149 3346 2434 3415 refulgcbit
2466 3346 2517 3399 in
2555 3344 2832 3414 majestate
2866 3344 3040 3398 Patris
3066 3343 3167 3402 sui,
3198 3350 3249 3393 et
3279 3349 3397 3409 post
3424 3341 3716 3391 adventum

2139 3436 2491 3502 humilitatis,
2553 3439 2845 3490 secundum
2911 3437 3066 3490 nobis
3125 3437 3176 3488 in
3238 3436 3405 3500 gloria
3468 3433 3720 3486 ostendet

2143 3531 2462 3592 adventum,
2512 3541 2637 3582 tunc
2685 3545 2790 3581 non
2847 3530 3018 3582 solum
3066 3527 3395 3600 gloriﬁcatur
3440 3525 3716 3586 Dominus,

2138 3624 2230 3678 sed
2259 3633 2310 3677 et
2337 3622 2574 3690 gloriose
2613 3619 2968 3689 gloriﬁcatur,
3007 3635 3127 3672 cum
3169 3634 3356 3673 Omnes
3389 3617 3459 3668 ita
3495 3615 3720 3668 honori-

2141 3715 2304 3768 ﬁcant
2336 3714 2553 3780 Filium,
2587 3715 2726 3768 sicut
2760 3711 3120 3768 honoriﬁcam
3149 3709 3365 3764 Patrem
3395 3707 3460 3759 ³³.

2209 3807 2262 3859 ‘2.
2303 3825 2320 3856 ι
2375 3807 2581 3875 Equum
2632 3816 2684 3860 et
2727 3819 3072 3859 ascensorem
3134 3800 3362 3871 proj’ecit
3411 3799 3461 3850 in
3516 3809 3717 3852 mare:

2139 3899 2350 3966 adjutor
2379 3908 2432 3949 et
2465 3906 2736 3964 protector
2768 3898 2946 3950 factus
2979 3904 3062 3948 est
3090 3894 3218 3946 mihi
3255 3893 3304 3943 in
3339 3890 3563 3943 salutem
3590 3887 3653 3940 “.
3693 3903 3712 3938 ι

2144 3988 2398 4040 lloniiues
2428 3988 2517 4055 qui
2555 4001 2653 4040 nos
2694 3986 3074 4054 insequuntur,
3111 3986 3234 4052 cqui-
3267 3990 3412 4042 sunt,
3449 3989 3521 4042 et,
3557 3987 3613 4029 ut
3645 3977 3717 4028 ita

2141 4082 2337 4145 dicam,
2365 4096 2550 4134 onmes
2578 4080 2666 4147 qui
2715 4079 2766 4132 in
2820 4094 2984 4132 carne
3036 4079 3144 4131 nati
3177 4085 3323 4140 sunt,
3371 4071 3716 4143 singulariter

2140 4173 2260 4240 equi
2286 4182 2431 4237 sunt,
2460 4172 2551 4225 sed
2577 4171 2629 4225 hi
2661 4171 2861 4224 habent
2884 4185 3210 4224 ascensores
3236 4156 3379 4221 suos.
3408 4167 3545 4218 Sunt
3567 4163 3713 4232 equi,

2141 4279 2275 4333 quos
2304 4265 2560 4318 Dominus
2591 4264 2858 4328 ascendit,
2888 4272 2938 4316 et
2985 4262 3327 4316 circumeunt
3355 4272 3573 4311 onmem
3608 4267 3717 4307 ter-

463 4359 554 4426 ιιιιὶ
581 4359 757 4412 “iam
785 4370 889 4410 "0“
920 4369 1015 4408 5"“
1041 4352 1260 4412 νίνίυιθν
1303 4349 1395 4402 se"
1423 4346 1514 4400 Dei
1547 4345 1718 4414 ςτειιίιι
1751 4343 2033 4396 νιθιθτίθηι
2068 4379 2124 4437 υ
2145 4373 2256 4409 ram
2293 4373 2305 4409 :
2346 4359 2409 4409 de
2451 4357 2647 4424 quibus
2679 4355 2878 4410 dicitur
2906 4354 2950 4385 ³⁸
2977 4371 2991 4407 :
3028 4373 3046 4404 ι
3083 4351 3155 4406 Ει
3181 4352 3453 4421 equitatus
3479 4359 3600 4401 tuus
3629 4364 3716 4399 sa-

465 4456 688 4513 l'actam,
734 4452 990 4519 hymnum
1031 4447 1138 4498 Deo
1182 4440 1565 4513 gratulationis
1611 4437 1827 4491 oll‘crre.
1881 4436 2034 4489 Acci-

464 4547 620 4614 piunt.
660 4553 861 4603 tamen,
906 4541 1166 4609 hymnum
1208 4543 1488 4595 canentes,
1525 4532 1687 4584 etiam
1726 4541 2038 4599 tympanum

461 4637 517 4688 iu
554 4635 805 4687 manibus
854 4631 988 4691 suis,
1043 4627 1180 4680 sicut
1219 4627 1283 4678 de
1325 4623 1493 4676 Maria
1548 4636 1734 4674 sorore
1781 4619 1947 4689 Moysi
1989 4626 2044 4672 et

462 4735 642 4785 Aaron
678 4728 931 4779 refertur.
967 4721 1031 4774 Et
1063 4729 1116 4773 tu
1152 4734 1281 4786 ergo
1318 4716 1360 4769 si
1397 4728 1546 4767 mare
1584 4711 1830 4765 Rubrum
1867 4722 2045 4764 trans-

462 4823 614 4883 ieris,
660 4819 702 4873 si
736 4807 1017 4887 {Egyptio's
1046 4813 1098 4867 in
1143 4809 1278 4864 mari
1309 4806 1585 4876 submergi
1616 4805 1813 4859 videris
1847 4813 1902 4856 et
1946 4817 2043 4854 ex-

463 4911 662 4982 stingui
691 4907 1054 4970 Pharaonem,
1083 4913 1243 4972 atque
1270 4903 1320 4962 in
1349 4899 1530 4968 abyssi
1558 4895 1880 4967 profundum
1904 4909 2040 4964 pra:-

461 5001 702 5073 cipitari,
739 5009 890 5070 potes
941 4999 1194 5068 hymnum
1235 5006 1433 5049 canere
1487 4991 1616 5052 Deo,
1669 4999 1819 5058 potes
1858 5001 2040 5039 vocem

465 5094 846 5164 gratulationis
892 5094 1163 5156 emittere,
1199 5099 1252 5143 ct
1286 5090 1468 5143 dicere
1501 5101 1513 5138 :
1555 5102 1571 5134 ι
1608 5083 1899 5137 Cantemus
1938 5080 2040 5131 Do-

467 5188 635 5250 tnino,
677 5187 910 5257 gloriose
961 5185 1105 5236 enim
1163 5180 1554 5236 honoriﬁcatus
1597 5186 1700 5238 est,
1743 5189 1942 5242 equum
1993 5181 2047 5225 et

464 5287 808 5326 ascensorem
830 5271 1056 5340 projecit
1084 5271 1134 5322 in
1166 5284 1314 5322 mare
1335 5269 1400 5320 ’⁵.
1429 5286 1446 5316 ι
1468 5265 1656 5318 Melius
1674 5272 1848 5316 autem
1881 5273 1935 5316 et
1965 5263 2045 5316 di-

973 5405 1019 5436 “
1053 5405 1252 5484 Ephes.
1277 5419 1352 5468 vr,
1379 5402 1462 5456 16.
1533 5404 1582 5438 ³⁸
1603 5400 1760 5454 Rom.
1784 5417 1896 5463 xvi,
1923 5401 2014 5456 20.

1037 5477 1080 5507 ιο
1126 5475 1294 5507 ωηι...
1363 5489 1396 5507 ι.
1472 5473 1503 5507 9
1605 5473 1648 5502 ao
1699 5472 1806 5507 ς...
1867 5487 1902 5507 ιι
1970 5474 2014 5507 ot

1063 5477 1080 5507 ³
1125 5475 1314 5542 Philip.
1363 5489 1423 5536 tl,
1471 5473 1524 5526 8.

1063 5545 1108 5577 ³⁵
1146 5543 1343 5598 llabac.
1380 5559 1460 5607 ιιι,
1497 5543 1550 5596 3.

537 5409 582 5439 ⁸³
613 5407 800 5464 Matth.
822 5422 904 5461 ιιι.

466 5476 511 5508 ³⁸
538 5476 692 5530 Joan.
733 5494 864 5539 xvu,
912 5477 961 5532 1.

465 5543 514 5578 ³³
537 5547 705 5602 Exod.
735 5564 824 5611 xv,
856 5550 908 5612 1,
933 5548 987 5599 '2.

2094 5401 2137 5431 ⁸⁵
2164 5401 2330 5455 Exod.
2358 5417 2448 5466 xv,
2483 5402 2531 5455 1.
2591 5401 2636 5430 ²⁶
2663 5400 2851 5454 Matth.
2889 5417 3038 5466 xvttl,
3069 5402 3154 5454 11.

1605 5473 1648 5502 ³⁰
1699 5472 1826 5540 Sap.
1867 5487 1924 5534 It,
1970 5474 2058 5524 ‘20.

1627 5542 1672 5572 ⁸⁸
1706 5540 1864 5595 .Ioau.
1897 5557 2010 5604 xm,
2042 5540 2131 5594 27.

2142 4447 2244 4499 lus.
2284 4466 2300 4497 ι
2332 4446 2469 4499 Sunt
2501 4458 2678 4499 autem
2711 4444 2856 4514 equi,
2894 4444 2986 4512 qui
3021 4456 3340 4497 ascensores
3374 4439 3573 4493 habent
3603 4438 3719 4489 dia-

2142 4539 2318 4591 bolum
2361 4536 2435 4608 (9)
2472 4547 2526 4591 et
2570 4539 2788 4608 angelos
2833 4536 2970 4606 ejus.
3019 4532 3182 4588 .Iudas
3231 4545 3402 4600 equus
3441 4538 3587 4584 erat;
3628 4526 3720 4580 sed

2141 4627 2311 4678 donec
2357 4639 2700 4679 ascensorem
2755 4626 2945 4678 habuit
3002 4623 3310 4685 Dominum,
3354 4621 3420 4675 de
3471 4620 3716 4687 equitatu

2146 4717 2239 4768 l'nit
2291 4716 2502 4770 salutis.
2559 4716 2691 4770 Cum
2747 4715 2958 4769 caneris
3008 4715 3153 4767 enim
3195 4713 3454 4782 apostolis
3499 4713 3717 4764 missus.

2142 4809 2362 4875 aegrotis
2398 4807 2625 4860 salutem
2659 4817 2714 4860 et
2742 4807 3029 4860 Sanitatem
3074 4803 3456 4874 languentibus
3496 4809 3719 4869 praesta-

2142 4902 2253 4953 bat.
2307 4901 2410 4953 Sed
2462 4901 2550 4954 ubi
2609 4914 2666 4953 se
2721 4899 2934 4953 diabolo
2987 4897 3307 4960 substravit,
3349 4903 3466 4964 post
3503 4891 3720 4946 buccel-

2146 4990 2250 5042 laul
2281 4993 2423 5045 enim
2457 4993 2697 5045 introivit
2747 4993 2799 5044 iu
2834 4991 2981 5043 illuni
3015 4991 3252 5047 Satanas
3276 4987 3341 5051 ⁸⁸,
3378 4996 3433 5040 et.
3465 4997 3723 5039 ascensor

2151 5084 2315 5150 ipsius
2361 5082 2581 5136 effectus
2628 5094 2712 5136 cst
2761 5083 3012 5144 Satanas,
3064 5093 3113 5134 et
3168 5065 3310 5134 illius
3361 5077 3586 5132 habenis
3628 5076 3725 5128 du-

2149 5185 2268 5227 ctus
2321 5177 2575 5227 adversus
2635 5173 2918 5226 Dominum
2970 5183 3026 5225 et
3083 5170 3420 5224 Salvatorcm
3474 5177 3722 5222 nostrum

2154 5269 2313 5334 cmpit
2345 5267 2616 5334 equitare.
2651 5265 2848 5321 Omnes
2877 5278 3004 5334 ergo
3038 5264 3125 5332 qui
3167 5271 3569 5330 persequuntur
3598 5272 3724 5311 san.

3231 5400 3272 5430 ²⁷
3301 5399 3399 5452 lsa.
3430 5411 3548 5457 Lm.
3578 5395 3636 5456 2,
3667 5394 3724 5448 3.

2137 5472 2304 5525 3‘lsa.
2357 5463 2470 5537 Lt-n,
2503 5473 2556 5526 8.
2635 5470 2679 5502 ³⁸
2707 5471 2834 5526 Luc.
2879 5463 3033 5538 xxiv,
3072 5470 3163 5525 ‘26.
3240 5469 3287 5510 ³³
3330 5469 3486 5524 Joan.
3529 5481 3587 5530 v,
3625 5463 3714 5518 2'3.

551 5665 624 5732 (9)
651 5660 743 5716 Sic
792 5676 956 5727 mss.;
1008 5659 1142 5714 alias
1188 5673 1336 5724 vero,
1393 5677 1408 5707 ι
1451 5672 1794 5712 ascensorem
1849 5657 2047 5709 habent
2098 5656 2389 5710 diabolum.
2428 5673 2448 5707 ι
