  <div class='ocr_page' id='page_1' title='image "/cluster/home/n/w/nwhite01/storage/ocr_20150623/12/hvd.32044052796216/172.png"; bbox 0 0 4122 6248; ppageno 0'>
   <div class='ocr_carea' id='block_1_1' title="bbox 434 299 537 335">
    <p class='ocr_par' dir='ltr' id='par_1_1' title="bbox 434 299 537 335">
     <span class='ocr_line' id='line_1_1' title="bbox 434 299 537 335; baseline 0.019 -9"><span class='ocrx_word' id='word_1_1' title='bbox 434 299 537 335; x_wconf 58' lang='grc' dir='ltr'><strong>θα.)</strong></span> 
     </span>
    </p>
   </div>
   <div class='ocr_carea' id='block_1_2' title="bbox 1639 276 2477 331">
    <p class='ocr_par' dir='ltr' id='par_1_2' title="bbox 1639 276 2477 331">
     <span class='ocr_line' id='line_1_2' title="bbox 1639 276 2477 331; baseline 0.002 -3"><span class='ocrx_word' id='word_1_2' title='bbox 1639 276 1702 328; x_wconf 81' lang='lat' dir='ltr'><strong>l.\&#39;</strong></span> <span class='ocrx_word' id='word_1_3' title='bbox 1742 276 2029 331; x_wconf 68' lang='lat' dir='ltr'><strong>l-ZXUDL&#39;M</strong></span> <span class='ocrx_word' id='word_1_4' title='bbox 2075 276 2354 330; x_wconf 73' lang='lat' dir='ltr'><strong>HOMIIJA</strong></span> <span class='ocrx_word' id='word_1_5' title='bbox 2390 277 2477 330; x_wconf 49' lang='lat' dir='ltr'><strong>\‘l.</strong></span> 
     </span>
    </p>
   </div>
   <div class='ocr_carea' id='block_1_3' title="bbox 3587 283 3690 338">
    <p class='ocr_par' dir='ltr' id='par_1_3' title="bbox 3587 283 3690 338">
     <span class='ocr_line' id='line_1_3' title="bbox 3587 283 3690 338; baseline -0.039 -5"><span class='ocrx_word' id='word_1_6' title='bbox 3587 283 3690 338; x_wconf 59' lang='grc'><strong>531</strong></span> 
     </span>
    </p>
   </div>
   <div class='ocr_carea' id='block_1_4' title="bbox 421 389 2008 471">
    <p class='ocr_par' dir='ltr' id='par_1_4' title="bbox 421 397 2001 471">
     <span class='ocr_line' id='line_1_4' title="bbox 421 397 2001 471; baseline -0.004 -14"><span class='ocrx_word' id='word_1_7' title='bbox 421 415 562 468; x_wconf 83' lang='lat' dir='ltr'><strong>etos,</strong></span> <span class='ocrx_word' id='word_1_8' title='bbox 593 403 716 471; x_wconf 89' lang='lat' dir='ltr'><strong>equi</strong></span> <span class='ocrx_word' id='word_1_9' title='bbox 747 414 872 456; x_wconf 88' lang='lat' dir='ltr'><strong>sttnt</strong></span> <span class='ocrx_word' id='word_1_10' title='bbox 921 400 1246 460; x_wconf 71' lang='lat' dir='ltr'><strong>hinnientes,</strong></span> <span class='ocrx_word' id='word_1_11' title='bbox 1294 397 1386 450; x_wconf 90' lang='lat' dir='ltr'><strong>sed</strong></span> <span class='ocrx_word' id='word_1_12' title='bbox 1428 398 1627 451; x_wconf 83' lang='lat' dir='ltr'><strong>habent</strong></span> <span class='ocrx_word' id='word_1_13' title='bbox 1663 413 2001 460; x_wconf 73' lang='lat' dir='ltr'><strong>ascensores,</strong></span> 
     </span>
    </p>
   </div>
   <div class='ocr_carea' id='block_1_5' title="bbox 2115 389 3693 471">
    <p class='ocr_par' dir='ltr' id='par_1_5' title="bbox 2115 389 3693 469">
     <span class='ocr_line' id='line_1_5' title="bbox 2115 389 3693 469; baseline 0.003 -15"><span class='ocrx_word' id='word_1_14' title='bbox 2115 411 2278 460; x_wconf 85' lang='lat' dir='ltr'><strong>ctum,</strong></span> <span class='ocrx_word' id='word_1_15' title='bbox 2308 400 2385 450; x_wconf 79' lang='lat' dir='ltr'><strong>vel</strong></span> <span class='ocrx_word' id='word_1_16' title='bbox 2420 400 2800 460; x_wconf 81' lang='lat' dir='ltr'><strong>centesimum,</strong></span> <span class='ocrx_word' id='word_1_17' title='bbox 2834 389 2931 449; x_wconf 63' lang='lat' dir='ltr'><strong>vt-l&#39;</strong></span> <span class='ocrx_word' id='word_1_18' title='bbox 2957 401 3374 469; x_wconf 65' lang='lat' dir='ltr'><strong>sexagesimum,</strong></span> <span class='ocrx_word' id='word_1_19' title='bbox 3404 403 3482 456; x_wconf 83' lang='lat' dir='ltr'><strong>\cl</strong></span> <span class='ocrx_word' id='word_1_20' title='bbox 3527 405 3693 461; x_wconf 82' lang='lat' dir='ltr'><strong>trice-</strong></span> 
     </span>
    </p>
   </div>
   <div class='ocr_carea' id='block_1_6' title="bbox 422 489 2005 564">
    <p class='ocr_par' dir='ltr' id='par_1_6' title="bbox 422 489 2005 564">
     <span class='ocr_line' id='line_1_6' title="bbox 422 489 2005 564; baseline -0.004 -16"><span class='ocrx_word' id='word_1_21' title='bbox 422 497 626 564; x_wconf 86' lang='lat' dir='ltr'><strong>quibus</strong></span> <span class='ocrx_word' id='word_1_22' title='bbox 672 505 928 562; x_wconf 83' lang='lat' dir='ltr'><strong>aguntur,</strong></span> <span class='ocrx_word' id='word_1_23' title='bbox 984 493 1202 557; x_wconf 78' lang='lat' dir='ltr'><strong>angelus</strong></span> <span class='ocrx_word' id='word_1_24' title='bbox 1265 489 1466 550; x_wconf 89' lang='lat' dir='ltr'><strong>malos,</strong></span> <span class='ocrx_word' id='word_1_25' title='bbox 1521 500 1574 542; x_wconf 89' lang='lat' dir='ltr'><strong>et</strong></span> <span class='ocrx_word' id='word_1_26' title='bbox 1626 491 1744 543; x_wconf 83' lang='lat' dir='ltr'><strong>ideo</strong></span> <span class='ocrx_word' id='word_1_27' title='bbox 1799 491 2005 545; x_wconf 73' lang='lat' dir='ltr'><strong>feroces</strong></span> 
     </span>
    </p>
   </div>
   <div class='ocr_carea' id='block_1_7' title="bbox 428 582 2004 654">
    <p class='ocr_par' dir='ltr' id='par_1_7' title="bbox 428 582 2004 654">
     <span class='ocr_line' id='line_1_7' title="bbox 428 582 2004 654; baseline -0.003 -15"><span class='ocrx_word' id='word_1_28' title='bbox 428 597 579 641; x_wconf 82' lang='lat' dir='ltr'><strong>sunt.</strong></span> <span class='ocrx_word' id='word_1_29' title='bbox 610 585 667 638; x_wconf 88' lang='lat' dir='ltr'><strong>Si</strong></span> <span class='ocrx_word' id='word_1_30' title='bbox 697 600 824 654; x_wconf 75' lang='lat' dir='ltr'><strong>ergo</strong></span> <span class='ocrx_word' id='word_1_31' title='bbox 854 583 1052 637; x_wconf 90' lang='lat' dir='ltr'><strong>videris</strong></span> <span class='ocrx_word' id='word_1_32' title='bbox 1093 582 1385 650; x_wconf 74' lang='lat' dir='ltr'><strong>aliquando</strong></span> <span class='ocrx_word' id='word_1_33' title='bbox 1416 593 1822 650; x_wconf 85' lang='lat' dir='ltr'><strong>persecutorem</strong></span> <span class='ocrx_word' id='word_1_34' title='bbox 1853 593 2004 635; x_wconf 91' lang='lat' dir='ltr'><strong>tuum</strong></span> 
     </span>
    </p>
   </div>
   <div class='ocr_carea' id='block_1_8' title="bbox 431 672 2006 742">
    <p class='ocr_par' dir='ltr' id='par_1_8' title="bbox 431 672 2006 742">
     <span class='ocr_line' id='line_1_8' title="bbox 431 672 2006 742; baseline -0.004 -12"><span class='ocrx_word' id='word_1_35' title='bbox 431 677 656 730; x_wconf 87' lang='lat' dir='ltr'><strong>nimium</strong></span> <span class='ocrx_word' id='word_1_36' title='bbox 712 676 1046 738; x_wconf 67' lang='lat' dir='ltr'><strong>saevientem,</strong></span> <span class='ocrx_word' id='word_1_37' title='bbox 1099 676 1238 729; x_wconf 88' lang='lat' dir='ltr'><strong>scito</strong></span> <span class='ocrx_word' id='word_1_38' title='bbox 1291 672 1416 742; x_wconf 90' lang='lat' dir='ltr'><strong>quia</strong></span> <span class='ocrx_word' id='word_1_39' title='bbox 1447 674 1513 725; x_wconf 92' lang='lat' dir='ltr'><strong>ab</strong></span> <span class='ocrx_word' id='word_1_40' title='bbox 1562 688 1856 728; x_wconf 83' lang='lat' dir='ltr'><strong>ascensure.</strong></span> <span class='ocrx_word' id='word_1_41' title='bbox 1908 689 2006 727; x_wconf 89' lang='lat' dir='ltr'><strong>suo</strong></span> 
     </span>
    </p>
   </div>
   <div class='ocr_carea' id='block_1_9' title="bbox 407 762 2008 832">
    <p class='ocr_par' dir='ltr' id='par_1_9' title="bbox 407 762 2008 832">
     <span class='ocr_line' id='line_1_9' title="bbox 407 762 2008 832; baseline -0.001 -13"><span class='ocrx_word' id='word_1_42' title='bbox 407 769 672 820; x_wconf 72' lang='lat' dir='ltr'><strong>&#39;dretnone</strong></span> <span class='ocrx_word' id='word_1_43' title='bbox 699 773 1039 832; x_wconf 81' lang='lat' dir='ltr'><strong>perurgetur,</strong></span> <span class='ocrx_word' id='word_1_44' title='bbox 1068 775 1122 818; x_wconf 89' lang='lat' dir='ltr'><strong>et</strong></span> <span class='ocrx_word' id='word_1_45' title='bbox 1152 764 1271 817; x_wconf 87' lang='lat' dir='ltr'><strong>ideo</strong></span> <span class='ocrx_word' id='word_1_46' title='bbox 1299 776 1494 826; x_wconf 82' lang='lat' dir='ltr'><strong>s:_cvus,</strong></span> <span class='ocrx_word' id='word_1_47' title='bbox 1522 762 1643 817; x_wconf 78' lang='lat' dir='ltr'><strong>ideo</strong></span> <span class='ocrx_word' id='word_1_48' title='bbox 1673 763 2008 817; x_wconf 87' lang='lat' dir='ltr'><strong>truculentus</strong></span> 
     </span>
    </p>
   </div>
   <div class='ocr_carea' id='block_1_10' title="bbox 369 857 2007 925">
    <p class='ocr_par' dir='ltr' id='par_1_10' title="bbox 369 857 2007 925">
     <span class='ocr_line' id='line_1_10' title="bbox 369 857 2007 925; baseline -0.002 -13"><span class='ocrx_word' id='word_1_49' title='bbox 369 892 374 896; x_wconf 95' lang='lat'><strong>-</strong></span> <span class='ocrx_word' id='word_1_50' title='bbox 410 869 530 912; x_wconf 72' lang='lat' dir='ltr'><strong>cst.</strong></span> <span class='ocrx_word' id='word_1_51' title='bbox 568 859 821 911; x_wconf 90' lang='lat' dir='ltr'><strong>Dominus</strong></span> <span class='ocrx_word' id='word_1_52' title='bbox 846 871 978 925; x_wconf 83' lang='lat' dir='ltr'><strong>ergo</strong></span> <span class='ocrx_word' id='word_1_53' title='bbox 1007 875 1026 906; x_wconf 87' lang='grc'><strong><em>‹</em></strong></span> <span class='ocrx_word' id='word_1_54' title='bbox 1063 871 1263 924; x_wconf 88' lang='lat' dir='ltr'><strong>equum</strong></span> <span class='ocrx_word' id='word_1_55' title='bbox 1310 863 1365 909; x_wconf 91' lang='lat' dir='ltr'><strong>et</strong></span> <span class='ocrx_word' id='word_1_56' title='bbox 1399 869 1746 910; x_wconf 87' lang='lat' dir='ltr'><strong>ascensorem</strong></span> <span class='ocrx_word' id='word_1_57' title='bbox 1781 857 2007 924; x_wconf 69' lang='lat' dir='ltr'><strong>proiecit</strong></span> 
     </span>
    </p>
   </div>
   <div class='ocr_carea' id='block_1_11' title="bbox 427 945 2007 1013">
    <p class='ocr_par' dir='ltr' id='par_1_11' title="bbox 427 945 2007 1013">
     <span class='ocr_line' id='line_1_11' title="bbox 427 945 2007 1013; baseline -0.002 -10"><span class='ocrx_word' id='word_1_58' title='bbox 427 951 480 1003; x_wconf 90' lang='lat' dir='ltr'><strong>in</strong></span> <span class='ocrx_word' id='word_1_59' title='bbox 525 960 780 1013; x_wconf 63' lang='lat' dir='ltr'><strong>tnare,‘et</strong></span> <span class='ocrx_word' id='word_1_60' title='bbox 825 950 1000 1002; x_wconf 80' lang='lat' dir='ltr'><strong>lactus</strong></span> <span class='ocrx_word' id='word_1_61' title='bbox 1033 959 1116 1002; x_wconf 86' lang='lat' dir='ltr'><strong>est</strong></span> <span class='ocrx_word' id='word_1_62' title='bbox 1159 948 1286 1000; x_wconf 88' lang='lat' dir='ltr'><strong>tnihi</strong></span> <span class='ocrx_word' id='word_1_63' title='bbox 1330 949 1382 1000; x_wconf 93' lang='lat' dir='ltr'><strong>in</strong></span> <span class='ocrx_word' id='word_1_64' title='bbox 1435 945 1686 1000; x_wconf 77' lang='lat' dir='ltr'><strong>salutem.</strong></span> <span class='ocrx_word' id='word_1_65' title='bbox 1729 947 1824 1000; x_wconf 83' lang='lat' dir='ltr'><strong>llic</strong></span> <span class='ocrx_word' id='word_1_66' title='bbox 1869 949 2007 1000; x_wconf 74' lang='lat' dir='ltr'><strong>Deus</strong></span> 
     </span>
    </p>
   </div>
   <div class='ocr_carea' id='block_1_12' title="bbox 404 1039 2008 1110">
    <p class='ocr_par' dir='ltr' id='par_1_12' title="bbox 404 1039 2008 1110">
     <span class='ocr_line' id='line_1_12' title="bbox 404 1039 2008 1110; baseline -0.002 -15"><span class='ocrx_word' id='word_1_67' title='bbox 404 1043 598 1103; x_wconf 57' lang='lat' dir='ltr'><strong>&#39;tneus,</strong></span> <span class='ocrx_word' id='word_1_68' title='bbox 652 1052 706 1095; x_wconf 86' lang='lat' dir='ltr'><strong>et</strong></span> <span class='ocrx_word' id='word_1_69' title='bbox 757 1042 1129 1095; x_wconf 86' lang='lat' dir='ltr'><strong>Itonorilicabo</strong></span> <span class='ocrx_word' id='word_1_70' title='bbox 1179 1055 1324 1103; x_wconf 89' lang='lat' dir='ltr'><strong>eum,</strong></span> <span class='ocrx_word' id='word_1_71' title='bbox 1379 1039 1521 1093; x_wconf 92' lang='lat' dir='ltr'><strong>Deus</strong></span> <span class='ocrx_word' id='word_1_72' title='bbox 1569 1041 1739 1110; x_wconf 87' lang='lat' dir='ltr'><strong>patris</strong></span> <span class='ocrx_word' id='word_1_73' title='bbox 1789 1042 1914 1104; x_wconf 79' lang='lat' dir='ltr'><strong>tnui,</strong></span> <span class='ocrx_word' id='word_1_74' title='bbox 1953 1051 2008 1092; x_wconf 89' lang='lat' dir='ltr'><strong>ct</strong></span> 
     </span>
    </p>
   </div>
   <div class='ocr_carea' id='block_1_13' title="bbox 409 1130 2009 1201">
    <p class='ocr_par' dir='ltr' id='par_1_13' title="bbox 409 1130 2009 1201">
     <span class='ocr_line' id='line_1_13' title="bbox 409 1130 2009 1201; baseline -0.004 -11"><span class='ocrx_word' id='word_1_75' title='bbox 409 1133 678 1190; x_wconf 80' lang='lat' dir='ltr'><strong>&#39;exalrabo</strong></span> <span class='ocrx_word' id='word_1_76' title='bbox 733 1149 879 1189; x_wconf 87' lang='lat' dir='ltr'><strong>eum.</strong></span> <span class='ocrx_word' id='word_1_77' title='bbox 919 1154 937 1184; x_wconf 72' lang='grc' dir='ltr'><strong>ι</strong></span> <span class='ocrx_word' id='word_1_78' title='bbox 979 1132 1074 1187; x_wconf 92' lang='lat' dir='ltr'><strong>llic</strong></span> <span class='ocrx_word' id='word_1_79' title='bbox 1132 1147 1262 1201; x_wconf 88' lang='lat' dir='ltr'><strong>ergo</strong></span> <span class='ocrx_word' id='word_1_80' title='bbox 1314 1141 1364 1183; x_wconf 84' lang='lat' dir='ltr'><strong>cl</strong></span> <span class='ocrx_word' id='word_1_81' title='bbox 1419 1146 1569 1185; x_wconf 92' lang='lat' dir='ltr'><strong>meus</strong></span> <span class='ocrx_word' id='word_1_82' title='bbox 1609 1141 1691 1184; x_wconf 91' lang='lat' dir='ltr'><strong>est</strong></span> <span class='ocrx_word' id='word_1_83' title='bbox 1747 1130 1908 1194; x_wconf 87' lang='lat' dir='ltr'><strong>Deus,</strong></span> <span class='ocrx_word' id='word_1_84' title='bbox 1954 1141 2009 1185; x_wconf 89' lang='lat' dir='ltr'><strong>et</strong></span> 
     </span>
    </p>
   </div>
   <div class='ocr_carea' id='block_1_14' title="bbox 431 1222 2010 1292">
    <p class='ocr_par' dir='ltr' id='par_1_14' title="bbox 431 1222 2010 1292">
     <span class='ocr_line' id='line_1_14' title="bbox 431 1222 2010 1292; baseline -0.003 -12"><span class='ocrx_word' id='word_1_85' title='bbox 431 1225 570 1280; x_wconf 85' lang='lat' dir='ltr'><strong>Deus</strong></span> <span class='ocrx_word' id='word_1_86' title='bbox 593 1227 776 1291; x_wconf 82' lang='lat' dir='ltr'><strong>patris</strong></span> <span class='ocrx_word' id='word_1_87' title='bbox 805 1227 932 1278; x_wconf 87' lang='lat' dir='ltr'><strong>mei.</strong></span> <span class='ocrx_word' id='word_1_88' title='bbox 965 1223 1128 1278; x_wconf 85' lang='lat' dir='ltr'><strong>Pater</strong></span> <span class='ocrx_word' id='word_1_89' title='bbox 1181 1234 1369 1276; x_wconf 90' lang='lat' dir='ltr'><strong>noster</strong></span> <span class='ocrx_word' id='word_1_90' title='bbox 1407 1223 1497 1289; x_wconf 89' lang='lat' dir='ltr'><strong>qui</strong></span> <span class='ocrx_word' id='word_1_91' title='bbox 1553 1239 1650 1275; x_wconf 90' lang='lat' dir='ltr'><strong>nos</strong></span> <span class='ocrx_word' id='word_1_92' title='bbox 1684 1222 1810 1275; x_wconf 77' lang='lat' dir='ltr'><strong>fecit</strong></span> <span class='ocrx_word' id='word_1_93' title='bbox 1838 1234 1889 1275; x_wconf 86' lang='lat' dir='ltr'><strong>et</strong></span> <span class='ocrx_word' id='word_1_94' title='bbox 1917 1239 2010 1292; x_wconf 84' lang='lat' dir='ltr'><strong>ge-</strong></span> 
     </span>
    </p>
   </div>
   <div class='ocr_carea' id='block_1_15' title="bbox 407 1312 2010 1383">
    <p class='ocr_par' dir='ltr' id='par_1_15' title="bbox 407 1312 2010 1383">
     <span class='ocr_line' id='line_1_15' title="bbox 407 1312 2010 1383; baseline -0.004 -12"><span class='ocrx_word' id='word_1_95' title='bbox 407 1319 566 1380; x_wconf 80' lang='lat' dir='ltr'><strong>‘ltuit,</strong></span> <span class='ocrx_word' id='word_1_96' title='bbox 601 1319 851 1371; x_wconf 79' lang='lat' dir='ltr'><strong>Christus</strong></span> <span class='ocrx_word' id='word_1_97' title='bbox 881 1326 984 1379; x_wconf 86' lang='lat' dir='ltr'><strong>est,</strong></span> <span class='ocrx_word' id='word_1_98' title='bbox 1029 1323 1083 1369; x_wconf 90' lang='lat' dir='ltr'><strong>et</strong></span> <span class='ocrx_word' id='word_1_99' title='bbox 1118 1316 1232 1383; x_wconf 85' lang='lat' dir='ltr'><strong>ipse</strong></span> <span class='ocrx_word' id='word_1_100' title='bbox 1258 1313 1388 1366; x_wconf 86' lang='lat' dir='ltr'><strong>dicit</strong></span> <span class='ocrx_word' id='word_1_101' title='bbox 1418 1312 1463 1345; x_wconf 79' lang='lat'><strong>&quot;’</strong></span> <span class='ocrx_word' id='word_1_102' title='bbox 1493 1331 1505 1365; x_wconf 87' lang='lat'><strong>:</strong></span> <span class='ocrx_word' id='word_1_103' title='bbox 1539 1331 1558 1365; x_wconf 69' lang='grc' dir='ltr'><strong>ι</strong></span> <span class='ocrx_word' id='word_1_104' title='bbox 1600 1313 1749 1366; x_wconf 80' lang='lat' dir='ltr'><strong>Vado</strong></span> <span class='ocrx_word' id='word_1_105' title='bbox 1797 1316 1861 1366; x_wconf 90' lang='lat' dir='ltr'><strong>ad</strong></span> <span class='ocrx_word' id='word_1_106' title='bbox 1909 1313 2010 1365; x_wconf 80' lang='lat' dir='ltr'><strong>Pa-</strong></span> 
     </span>
    </p>
   </div>
   <div class='ocr_carea' id='block_1_16' title="bbox 429 1404 2010 1465">
    <p class='ocr_par' dir='ltr' id='par_1_16' title="bbox 429 1404 2010 1465">
     <span class='ocr_line' id='line_1_16' title="bbox 429 1404 2010 1465; baseline -0.004 -3"><span class='ocrx_word' id='word_1_107' title='bbox 429 1419 562 1462; x_wconf 86' lang='lat' dir='ltr'><strong>trem</strong></span> <span class='ocrx_word' id='word_1_108' title='bbox 617 1424 794 1463; x_wconf 87' lang='lat' dir='ltr'><strong>meum</strong></span> <span class='ocrx_word' id='word_1_109' title='bbox 843 1418 898 1463; x_wconf 86' lang='lat' dir='ltr'><strong>et</strong></span> <span class='ocrx_word' id='word_1_110' title='bbox 947 1407 1163 1460; x_wconf 85' lang='lat' dir='ltr'><strong>Patrem</strong></span> <span class='ocrx_word' id='word_1_111' title='bbox 1213 1413 1475 1465; x_wconf 87' lang='lat' dir='ltr'><strong>vestrum,</strong></span> <span class='ocrx_word' id='word_1_112' title='bbox 1514 1404 1681 1458; x_wconf 88' lang='lat' dir='ltr'><strong>Deum</strong></span> <span class='ocrx_word' id='word_1_113' title='bbox 1731 1420 1908 1458; x_wconf 89' lang='lat' dir='ltr'><strong>menm</strong></span> <span class='ocrx_word' id='word_1_114' title='bbox 1958 1413 2010 1458; x_wconf 92' lang='lat' dir='ltr'><strong>et</strong></span> 
     </span>
    </p>
   </div>
   <div class='ocr_carea' id='block_1_17' title="bbox 423 1496 2012 1569">
    <p class='ocr_par' dir='ltr' id='par_1_17' title="bbox 423 1496 2012 1569">
     <span class='ocr_line' id='line_1_17' title="bbox 423 1496 2012 1569; baseline -0.004 -14"><span class='ocrx_word' id='word_1_115' title='bbox 423 1501 590 1556; x_wconf 90' lang='lat' dir='ltr'><strong>Deum</strong></span> <span class='ocrx_word' id='word_1_116' title='bbox 617 1511 882 1554; x_wconf 86' lang='lat' dir='ltr'><strong>vestrum.</strong></span> <span class='ocrx_word' id='word_1_117' title='bbox 917 1515 935 1550; x_wconf 81' lang='grc' dir='ltr'><strong>ι</strong></span> <span class='ocrx_word' id='word_1_118' title='bbox 965 1499 1020 1553; x_wconf 91' lang='lat' dir='ltr'><strong>Si</strong></span> <span class='ocrx_word' id='word_1_119' title='bbox 1047 1514 1176 1569; x_wconf 89' lang='lat' dir='ltr'><strong>ergo</strong></span> <span class='ocrx_word' id='word_1_120' title='bbox 1203 1512 1493 1566; x_wconf 82' lang='lat' dir='ltr'><strong>agnoscam</strong></span> <span class='ocrx_word' id='word_1_121' title='bbox 1515 1496 1658 1564; x_wconf 91' lang='lat' dir='ltr'><strong>quod</strong></span> <span class='ocrx_word' id='word_1_122' title='bbox 1688 1496 1828 1550; x_wconf 90' lang='lat' dir='ltr'><strong>Deus</strong></span> <span class='ocrx_word' id='word_1_123' title='bbox 1859 1512 2012 1549; x_wconf 91' lang='lat' dir='ltr'><strong>mens</strong></span> 
     </span>
    </p>
   </div>
   <div class='ocr_carea' id='block_1_18' title="bbox 423 1587 2010 1659">
    <p class='ocr_par' dir='ltr' id='par_1_18' title="bbox 423 1587 2010 1659">
     <span class='ocr_line' id='line_1_18' title="bbox 423 1587 2010 1659; baseline -0.006 -13"><span class='ocrx_word' id='word_1_124' title='bbox 423 1593 493 1646; x_wconf 85' lang='lat' dir='ltr'><strong>sit</strong></span> <span class='ocrx_word' id='word_1_125' title='bbox 521 1591 686 1653; x_wconf 85' lang='lat' dir='ltr'><strong>Dens,</strong></span> <span class='ocrx_word' id='word_1_126' title='bbox 721 1591 1041 1659; x_wconf 87' lang='lat' dir='ltr'><strong>glorilicabo</strong></span> <span class='ocrx_word' id='word_1_127' title='bbox 1070 1603 1217 1642; x_wconf 91' lang='lat' dir='ltr'><strong>eum.</strong></span> <span class='ocrx_word' id='word_1_128' title='bbox 1243 1587 1302 1640; x_wconf 88' lang='lat' dir='ltr'><strong>Si</strong></span> <span class='ocrx_word' id='word_1_129' title='bbox 1329 1600 1459 1640; x_wconf 89' lang='lat' dir='ltr'><strong>vero</strong></span> <span class='ocrx_word' id='word_1_130' title='bbox 1485 1587 1646 1640; x_wconf 87' lang='lat' dir='ltr'><strong>etiam</strong></span> <span class='ocrx_word' id='word_1_131' title='bbox 1676 1587 1814 1641; x_wconf 88' lang='lat' dir='ltr'><strong>istud</strong></span> <span class='ocrx_word' id='word_1_132' title='bbox 1846 1602 2010 1656; x_wconf 87' lang='lat' dir='ltr'><strong>agno-</strong></span> 
     </span>
    </p>
   </div>
   <div class='ocr_carea' id='block_1_19' title="bbox 423 1673 2007 1749">
    <p class='ocr_par' dir='ltr' id='par_1_19' title="bbox 423 1673 2007 1749">
     <span class='ocr_line' id='line_1_19' title="bbox 423 1673 2007 1749; baseline -0.003 -15"><span class='ocrx_word' id='word_1_133' title='bbox 423 1697 599 1744; x_wconf 82' lang='lat' dir='ltr'><strong>scam,</strong></span> <span class='ocrx_word' id='word_1_134' title='bbox 626 1680 903 1749; x_wconf 89' lang='lat' dir='ltr'><strong>quomodo</strong></span> <span class='ocrx_word' id='word_1_135' title='bbox 954 1677 1131 1747; x_wconf 83' lang='lat' dir='ltr'><strong>patris</strong></span> <span class='ocrx_word' id='word_1_136' title='bbox 1175 1676 1278 1730; x_wconf 90' lang='lat' dir='ltr'><strong>mei</strong></span> <span class='ocrx_word' id='word_1_137' title='bbox 1330 1673 1530 1730; x_wconf 89' lang='lat' dir='ltr'><strong>Christi</strong></span> <span class='ocrx_word' id='word_1_138' title='bbox 1561 1677 1628 1729; x_wconf 92' lang='lat' dir='ltr'><strong>sit</strong></span> <span class='ocrx_word' id='word_1_139' title='bbox 1663 1676 1827 1740; x_wconf 87' lang='lat' dir='ltr'><strong>Deus,</strong></span> <span class='ocrx_word' id='word_1_140' title='bbox 1861 1677 2007 1731; x_wconf 80' lang='lat' dir='ltr'><strong>exal-</strong></span> 
     </span>
    </p>
   </div>
   <div class='ocr_carea' id='block_1_20' title="bbox 2109 489 3687 563">
    <p class='ocr_par' dir='ltr' id='par_1_20' title="bbox 2109 489 3687 563">
     <span class='ocr_line' id='line_1_20' title="bbox 2109 489 3687 563; baseline 0.007 -23"><span class='ocrx_word' id='word_1_141' title='bbox 2109 489 2328 542; x_wconf 89' lang='lat' dir='ltr'><strong>simmn.</strong></span> <span class='ocrx_word' id='word_1_142' title='bbox 2357 489 2573 559; x_wconf 81' lang='lat' dir='ltr'><strong>Triplex</strong></span> <span class='ocrx_word' id='word_1_143' title='bbox 2606 505 2839 557; x_wconf 86' lang='lat' dir='ltr'><strong>namque</strong></span> <span class='ocrx_word' id='word_1_144' title='bbox 2869 501 2952 544; x_wconf 85' lang='lat' dir='ltr'><strong>est</strong></span> <span class='ocrx_word' id='word_1_145' title='bbox 2983 493 3141 545; x_wconf 88' lang='lat' dir='ltr'><strong>etiam</strong></span> <span class='ocrx_word' id='word_1_146' title='bbox 3185 496 3319 547; x_wconf 84' lang='lat' dir='ltr'><strong>bene</strong></span> <span class='ocrx_word' id='word_1_147' title='bbox 3350 497 3541 563; x_wconf 81' lang='lat' dir='ltr'><strong>agendi</strong></span> <span class='ocrx_word' id='word_1_148' title='bbox 3578 499 3687 558; x_wconf 87' lang='lat' dir='ltr'><strong>via.</strong></span> 
     </span>
    </p>
   </div>
   <div class='ocr_carea' id='block_1_21' title="bbox 2111 580 3688 654">
    <p class='ocr_par' dir='ltr' id='par_1_21' title="bbox 2111 580 3688 654">
     <span class='ocr_line' id='line_1_21' title="bbox 2111 580 3688 654; baseline 0.008 -24"><span class='ocrx_word' id='word_1_149' title='bbox 2111 580 2462 634; x_wconf 79' lang='lat' dir='ltr'><strong>nihilominus</strong></span> <span class='ocrx_word' id='word_1_150' title='bbox 2511 583 2654 633; x_wconf 91' lang='lat' dir='ltr'><strong>enim</strong></span> <span class='ocrx_word' id='word_1_151' title='bbox 2705 580 2787 634; x_wconf 86' lang='lat' dir='ltr'><strong>vel</strong></span> <span class='ocrx_word' id='word_1_152' title='bbox 2835 597 3021 650; x_wconf 88' lang='lat' dir='ltr'><strong>opere,</strong></span> <span class='ocrx_word' id='word_1_153' title='bbox 3068 584 3149 637; x_wconf 89' lang='lat' dir='ltr'><strong>vel</strong></span> <span class='ocrx_word' id='word_1_154' title='bbox 3203 586 3552 654; x_wconf 81' lang='lat' dir='ltr'><strong>cogitatione,</strong></span> <span class='ocrx_word' id='word_1_155' title='bbox 3605 591 3688 643; x_wconf 91' lang='lat' dir='ltr'><strong>vel</strong></span> 
     </span>
    </p>
   </div>
   <div class='ocr_carea' id='block_1_22' title="bbox 2111 670 3692 747">
    <p class='ocr_par' dir='ltr' id='par_1_22' title="bbox 2111 670 3692 747">
     <span class='ocr_line' id='line_1_22' title="bbox 2111 670 3692 747; baseline 0.009 -27"><span class='ocrx_word' id='word_1_156' title='bbox 2111 670 2278 722; x_wconf 88' lang='lat' dir='ltr'><strong>verbo</strong></span> <span class='ocrx_word' id='word_1_157' title='bbox 2317 670 2438 724; x_wconf 91' lang='lat' dir='ltr'><strong>boni</strong></span> <span class='ocrx_word' id='word_1_158' title='bbox 2474 672 2674 741; x_wconf 87' lang='lat' dir='ltr'><strong>aliquid</strong></span> <span class='ocrx_word' id='word_1_159' title='bbox 2726 674 2926 740; x_wconf 87' lang='lat' dir='ltr'><strong>agitur.</strong></span> <span class='ocrx_word' id='word_1_160' title='bbox 2984 673 3094 728; x_wconf 90' lang='lat' dir='ltr'><strong>lloc</strong></span> <span class='ocrx_word' id='word_1_161' title='bbox 3148 677 3290 729; x_wconf 81' lang='lat' dir='ltr'><strong>enim</strong></span> <span class='ocrx_word' id='word_1_162' title='bbox 3331 680 3600 747; x_wconf 70' lang='lat' dir='ltr'><strong>signiﬁcat</strong></span> <span class='ocrx_word' id='word_1_163' title='bbox 3635 693 3692 737; x_wconf 86' lang='lat' dir='ltr'><strong>et</strong></span> 
     </span>
    </p>
   </div>
   <div class='ocr_carea' id='block_1_23' title="bbox 2109 760 3692 842">
    <p class='ocr_par' dir='ltr' id='par_1_23' title="bbox 2109 760 3692 842">
     <span class='ocr_line' id='line_1_23' title="bbox 2109 760 3692 842; baseline 0.008 -30"><span class='ocrx_word' id='word_1_164' title='bbox 2109 760 2422 829; x_wconf 81' lang='lat' dir='ltr'><strong>Apostolus,</strong></span> <span class='ocrx_word' id='word_1_165' title='bbox 2458 778 2579 816; x_wconf 90' lang='lat' dir='ltr'><strong>cum</strong></span> <span class='ocrx_word' id='word_1_166' title='bbox 2618 764 2749 816; x_wconf 84' lang='lat' dir='ltr'><strong>dicit</strong></span> <span class='ocrx_word' id='word_1_167' title='bbox 2776 764 2854 818; x_wconf 70' lang='grc' dir='ltr'><strong>ηε</strong></span> <span class='ocrx_word' id='word_1_168' title='bbox 2885 783 2902 815; x_wconf 84' lang='grc' dir='ltr'><strong>ι</strong></span> <span class='ocrx_word' id='word_1_169' title='bbox 2935 765 3035 832; x_wconf 81' lang='lat' dir='ltr'><strong>Qui</strong></span> <span class='ocrx_word' id='word_1_170' title='bbox 3071 777 3252 821; x_wconf 89' lang='lat' dir='ltr'><strong>autem</strong></span> <span class='ocrx_word' id='word_1_171' title='bbox 3275 770 3503 825; x_wconf 71' lang='lat' dir='ltr'><strong>mdilicat</strong></span> <span class='ocrx_word' id='word_1_172' title='bbox 3529 788 3692 842; x_wconf 82' lang='lat' dir='ltr'><strong>super</strong></span> 
     </span>
    </p>
   </div>
   <div class='ocr_carea' id='block_1_24' title="bbox 2111 852 3692 934">
    <p class='ocr_par' dir='ltr' id='par_1_24' title="bbox 2111 852 3692 934">
     <span class='ocr_line' id='line_1_24' title="bbox 2111 852 3692 934; baseline 0.009 -28"><span class='ocrx_word' id='word_1_173' title='bbox 2111 852 2521 909; x_wconf 80' lang='lat' dir='ltr'><strong>fundamentum</strong></span> <span class='ocrx_word' id='word_1_174' title='bbox 2565 858 2684 921; x_wconf 89' lang='lat' dir='ltr'><strong>hoc,</strong></span> <span class='ocrx_word' id='word_1_175' title='bbox 2725 871 2938 922; x_wconf 89' lang='lat' dir='ltr'><strong>aurum,</strong></span> <span class='ocrx_word' id='word_1_176' title='bbox 2976 869 3282 928; x_wconf 76' lang='lat' dir='ltr'><strong>argentum,</strong></span> <span class='ocrx_word' id='word_1_177' title='bbox 3330 860 3536 930; x_wconf 83' lang='lat' dir='ltr'><strong>lapides</strong></span> <span class='ocrx_word' id='word_1_178' title='bbox 3566 881 3692 934; x_wconf 89' lang='lat' dir='ltr'><strong>pre-</strong></span> 
     </span>
    </p>
   </div>
   <div class='ocr_carea' id='block_1_25' title="bbox 2111 946 3695 1023">
    <p class='ocr_par' dir='ltr' id='par_1_25' title="bbox 2111 946 3695 1023">
     <span class='ocr_line' id='line_1_25' title="bbox 2111 946 3695 1023; baseline 0.006 -25"><span class='ocrx_word' id='word_1_179' title='bbox 2111 946 2302 1009; x_wconf 86' lang='lat' dir='ltr'><strong>tiosos,</strong></span> <span class='ocrx_word' id='word_1_180' title='bbox 2345 967 2361 998; x_wconf 77' lang='grc' dir='ltr'><strong>ι</strong></span> <span class='ocrx_word' id='word_1_181' title='bbox 2395 948 2658 1014; x_wconf 79' lang='lat' dir='ltr'><strong>triplicrm</strong></span> <span class='ocrx_word' id='word_1_182' title='bbox 2690 951 2954 1004; x_wconf 90' lang='lat' dir='ltr'><strong>honorum</strong></span> <span class='ocrx_word' id='word_1_183' title='bbox 2989 952 3236 1007; x_wconf 79' lang='lat' dir='ltr'><strong>indicans</strong></span> <span class='ocrx_word' id='word_1_184' title='bbox 3269 954 3432 1007; x_wconf 89' lang='lat' dir='ltr'><strong>viam.</strong></span> <span class='ocrx_word' id='word_1_185' title='bbox 3465 954 3695 1023; x_wconf 77' lang='lat' dir='ltr'><strong>Sobjuu-</strong></span> 
     </span>
    </p>
   </div>
   <div class='ocr_carea' id='block_1_26' title="bbox 2111 1038 3693 1109">
    <p class='ocr_par' dir='ltr' id='par_1_26' title="bbox 2111 1038 3693 1109">
     <span class='ocr_line' id='line_1_26' title="bbox 2111 1038 3693 1109; baseline 0.01 -23"><span class='ocrx_word' id='word_1_186' title='bbox 2111 1038 2185 1103; x_wconf 77' lang='lat' dir='ltr'><strong>git</strong></span> <span class='ocrx_word' id='word_1_187' title='bbox 2228 1038 2577 1092; x_wconf 89' lang='lat' dir='ltr'><strong>nihilominus</strong></span> <span class='ocrx_word' id='word_1_188' title='bbox 2616 1042 2880 1109; x_wconf 73' lang='lat' dir='ltr'><strong>triplicem</strong></span> <span class='ocrx_word' id='word_1_189' title='bbox 2921 1042 3085 1096; x_wconf 88' lang='lat' dir='ltr'><strong>etiam</strong></span> <span class='ocrx_word' id='word_1_190' title='bbox 3129 1043 3419 1109; x_wconf 88' lang='lat' dir='ltr'><strong>malorum,</strong></span> <span class='ocrx_word' id='word_1_191' title='bbox 3457 1063 3578 1100; x_wconf 89' lang='lat' dir='ltr'><strong>cutn</strong></span> <span class='ocrx_word' id='word_1_192' title='bbox 3608 1050 3693 1101; x_wconf 89' lang='lat' dir='ltr'><strong>di-</strong></span> 
     </span>
    </p>
   </div>
   <div class='ocr_carea' id='block_1_27' title="bbox 2111 1130 3693 1211">
    <p class='ocr_par' dir='ltr' id='par_1_27' title="bbox 2111 1130 3693 1211">
     <span class='ocr_line' id='line_1_27' title="bbox 2111 1130 3693 1211; baseline 0.009 -31"><span class='ocrx_word' id='word_1_193' title='bbox 2111 1130 2182 1180; x_wconf 85' lang='lat' dir='ltr'><strong>cit</strong></span> <span class='ocrx_word' id='word_1_194' title='bbox 2215 1143 2228 1184; x_wconf 89' lang='lat'>:</span> <span class='ocrx_word' id='word_1_195' title='bbox 2266 1149 2285 1182; x_wconf 78' lang='grc' dir='ltr'><strong>ι</strong></span> <span class='ocrx_word' id='word_1_196' title='bbox 2330 1130 2519 1201; x_wconf 78' lang='lat' dir='ltr'><strong>Ligna,</strong></span> <span class='ocrx_word' id='word_1_197' title='bbox 2573 1133 2814 1198; x_wconf 70' lang='lat' dir='ltr'><strong>lwnmn,</strong></span> <span class='ocrx_word' id='word_1_198' title='bbox 2864 1137 3139 1206; x_wconf 85' lang='lat' dir='ltr'><strong>stipulam.</strong></span> <span class='ocrx_word' id='word_1_199' title='bbox 3192 1157 3210 1188; x_wconf 75' lang='grc' dir='ltr'><strong>ι</strong></span> <span class='ocrx_word' id='word_1_200' title='bbox 3247 1139 3335 1193; x_wconf 89' lang='lat' dir='ltr'><strong>Isti</strong></span> <span class='ocrx_word' id='word_1_201' title='bbox 3385 1155 3516 1211; x_wconf 82' lang='lat' dir='ltr'><strong>ergo</strong></span> <span class='ocrx_word' id='word_1_202' title='bbox 3557 1142 3693 1195; x_wconf 89' lang='lat' dir='ltr'><strong>terni</strong></span> 
     </span>
    </p>
   </div>
   <div class='ocr_carea' id='block_1_28' title="bbox 2112 1226 3694 1299">
    <p class='ocr_par' dir='ltr' id='par_1_28' title="bbox 2112 1226 3694 1299">
     <span class='ocr_line' id='line_1_28' title="bbox 2112 1226 3694 1299; baseline 0.011 -27"><span class='ocrx_word' id='word_1_203' title='bbox 2112 1232 2344 1276; x_wconf 53' lang='grc' dir='ltr'><strong>ξηαπ-οε</strong></span> <span class='ocrx_word' id='word_1_204' title='bbox 2369 1234 2495 1276; x_wconf 90' lang='lat' dir='ltr'><strong>sunt</strong></span> <span class='ocrx_word' id='word_1_205' title='bbox 2528 1226 2700 1294; x_wconf 74' lang='lat' dir='ltr'><strong>angeli</strong></span> <span class='ocrx_word' id='word_1_206' title='bbox 2738 1244 2964 1296; x_wconf 90' lang='lat' dir='ltr'><strong>nequam</strong></span> <span class='ocrx_word' id='word_1_207' title='bbox 2998 1232 3063 1284; x_wconf 91' lang='lat' dir='ltr'><strong>de</strong></span> <span class='ocrx_word' id='word_1_208' title='bbox 3094 1233 3337 1286; x_wconf 86' lang='lat' dir='ltr'><strong>exercitu</strong></span> <span class='ocrx_word' id='word_1_209' title='bbox 3371 1231 3694 1299; x_wconf 82' lang='lat' dir='ltr'><strong>Pharaonis,</strong></span> 
     </span>
    </p>
   </div>
   <div class='ocr_carea' id='block_1_29' title="bbox 2112 1311 3697 1383">
    <p class='ocr_par' dir='ltr' id='par_1_29' title="bbox 2112 1311 3697 1383">
     <span class='ocr_line' id='line_1_29' title="bbox 2112 1311 3697 1383; baseline 0.013 -25"><span class='ocrx_word' id='word_1_210' title='bbox 2112 1311 2201 1376; x_wconf 85' lang='lat' dir='ltr'><strong>qui</strong></span> <span class='ocrx_word' id='word_1_211' title='bbox 2239 1320 2381 1364; x_wconf 89' lang='lat' dir='ltr'><strong>stant</strong></span> <span class='ocrx_word' id='word_1_212' title='bbox 2410 1313 2462 1366; x_wconf 93' lang='lat' dir='ltr'><strong>in</strong></span> <span class='ocrx_word' id='word_1_213' title='bbox 2514 1314 2884 1382; x_wconf 72' lang='lat' dir='ltr'><strong>hujuscemodi</strong></span> <span class='ocrx_word' id='word_1_214' title='bbox 2935 1320 3062 1383; x_wconf 90' lang='lat' dir='ltr'><strong>viis,</strong></span> <span class='ocrx_word' id='word_1_215' title='bbox 3101 1321 3460 1376; x_wconf 78' lang='lat' dir='ltr'><strong>observantes</strong></span> <span class='ocrx_word' id='word_1_216' title='bbox 3495 1342 3697 1379; x_wconf 87' lang='lat' dir='ltr'><strong>unum-</strong></span> 
     </span>
    </p>
   </div>
   <div class='ocr_carea' id='block_1_30' title="bbox 2114 1411 3692 1483">
    <p class='ocr_par' dir='ltr' id='par_1_30' title="bbox 2114 1411 3692 1483">
     <span class='ocr_line' id='line_1_30' title="bbox 2114 1411 3692 1483; baseline 0.014 -31"><span class='ocrx_word' id='word_1_217' title='bbox 2114 1417 2384 1472; x_wconf 82' lang='lat' dir='ltr'><strong>quemque</strong></span> <span class='ocrx_word' id='word_1_218' title='bbox 2415 1415 2660 1459; x_wconf 87' lang='lat' dir='ltr'><strong>nostrum</strong></span> <span class='ocrx_word' id='word_1_219' title='bbox 2697 1423 2793 1477; x_wconf 91' lang='lat' dir='ltr'><strong>per</strong></span> <span class='ocrx_word' id='word_1_220' title='bbox 2825 1411 2940 1464; x_wconf 64' lang='lat' dir='ltr'><strong>haec</strong></span> <span class='ocrx_word' id='word_1_221' title='bbox 2976 1413 3078 1464; x_wconf 88' lang='lat' dir='ltr'><strong>iter</strong></span> <span class='ocrx_word' id='word_1_222' title='bbox 3113 1430 3276 1482; x_wconf 82' lang='lat' dir='ltr'><strong>agerc</strong></span> <span class='ocrx_word' id='word_1_223' title='bbox 3306 1417 3356 1470; x_wconf 92' lang='lat' dir='ltr'><strong>in</strong></span> <span class='ocrx_word' id='word_1_224' title='bbox 3387 1427 3692 1483; x_wconf 88' lang='lat' dir='ltr'><strong>peceatum,</strong></span> 
     </span>
    </p>
   </div>
   <div class='ocr_carea' id='block_1_31' title="bbox 2115 1495 3698 1578">
    <p class='ocr_par' dir='ltr' id='par_1_31' title="bbox 2115 1495 3698 1578">
     <span class='ocr_line' id='line_1_31' title="bbox 2115 1495 3698 1578; baseline 0.015 -36"><span class='ocrx_word' id='word_1_225' title='bbox 2115 1509 2250 1559; x_wconf 87' lang='lat' dir='ltr'><strong>quos</strong></span> <span class='ocrx_word' id='word_1_226' title='bbox 2283 1495 2542 1566; x_wconf 83' lang='lat' dir='ltr'><strong>demergit</strong></span> <span class='ocrx_word' id='word_1_227' title='bbox 2580 1499 2839 1555; x_wconf 85' lang='lat' dir='ltr'><strong>Dominus</strong></span> <span class='ocrx_word' id='word_1_228' title='bbox 2873 1503 2922 1555; x_wconf 93' lang='lat' dir='ltr'><strong>in</strong></span> <span class='ocrx_word' id='word_1_229' title='bbox 2954 1504 3198 1558; x_wconf 76' lang='lat' dir='ltr'><strong>Rubrum</strong></span> <span class='ocrx_word' id='word_1_230' title='bbox 3231 1521 3400 1572; x_wconf 89' lang='lat' dir='ltr'><strong>mare,</strong></span> <span class='ocrx_word' id='word_1_231' title='bbox 3427 1519 3481 1562; x_wconf 89' lang='lat' dir='ltr'><strong>et</strong></span> <span class='ocrx_word' id='word_1_232' title='bbox 3516 1509 3698 1578; x_wconf 78' lang='lat' dir='ltr'><strong>ignitis</strong></span> 
     </span>
    </p>
   </div>
   <div class='ocr_carea' id='block_1_32' title="bbox 2113 1585 3693 1671">
    <p class='ocr_par' dir='ltr' id='par_1_32' title="bbox 2113 1585 3693 1671">
     <span class='ocr_line' id='line_1_32' title="bbox 2113 1585 3693 1671; baseline 0.013 -36"><span class='ocrx_word' id='word_1_233' title='bbox 2113 1597 2206 1637; x_wconf 91' lang='lat' dir='ltr'><strong>eos</strong></span> <span class='ocrx_word' id='word_1_234' title='bbox 2232 1585 2281 1637; x_wconf 88' lang='lat' dir='ltr'><strong>irt</strong></span> <span class='ocrx_word' id='word_1_235' title='bbox 2307 1585 2495 1654; x_wconf 86' lang='lat' dir='ltr'><strong>judicii</strong></span> <span class='ocrx_word' id='word_1_236' title='bbox 2542 1590 2626 1642; x_wconf 87' lang='lat' dir='ltr'><strong>die</strong></span> <span class='ocrx_word' id='word_1_237' title='bbox 2669 1589 2918 1647; x_wconf 78' lang='lat' dir='ltr'><strong>fluctibus</strong></span> <span class='ocrx_word' id='word_1_238' title='bbox 2952 1596 3146 1659; x_wconf 81' lang='lat' dir='ltr'><strong>tradet,</strong></span> <span class='ocrx_word' id='word_1_239' title='bbox 3181 1611 3246 1652; x_wconf 85' lang='lat' dir='ltr'><strong>ac</strong></span> <span class='ocrx_word' id='word_1_240' title='bbox 3291 1615 3570 1668; x_wconf 69' lang='lat' dir='ltr'><strong>pinnarum</strong></span> <span class='ocrx_word' id='word_1_241' title='bbox 3602 1618 3693 1671; x_wconf 85' lang='lat' dir='ltr'><strong>pe-</strong></span> 
     </span>
    </p>
   </div>
   <div class='ocr_carea' id='block_1_33' title="bbox 2116 1673 3699 1761">
    <p class='ocr_par' dir='ltr' id='par_1_33' title="bbox 2116 1673 3699 1761">
     <span class='ocr_line' id='line_1_33' title="bbox 2116 1673 3699 1761; baseline 0.015 -37"><span class='ocrx_word' id='word_1_242' title='bbox 2116 1673 2238 1744; x_wconf 89' lang='lat' dir='ltr'><strong>lago</strong></span> <span class='ocrx_word' id='word_1_243' title='bbox 2277 1686 2440 1744; x_wconf 81' lang='lat' dir='ltr'><strong>teget,</strong></span> <span class='ocrx_word' id='word_1_244' title='bbox 2485 1680 2527 1732; x_wconf 87' lang='lat' dir='ltr'><strong>si</strong></span> <span class='ocrx_word' id='word_1_245' title='bbox 2576 1690 2628 1733; x_wconf 90' lang='lat' dir='ltr'><strong>tu</strong></span> <span class='ocrx_word' id='word_1_246' title='bbox 2676 1682 2842 1736; x_wconf 76' lang='lat' dir='ltr'><strong>Deum</strong></span> <span class='ocrx_word' id='word_1_247' title='bbox 2877 1702 3112 1754; x_wconf 89' lang='lat' dir='ltr'><strong>sequens</strong></span> <span class='ocrx_word' id='word_1_248' title='bbox 3146 1688 3213 1741; x_wconf 86' lang='lat' dir='ltr'><strong>de</strong></span> <span class='ocrx_word' id='word_1_249' title='bbox 3254 1704 3444 1744; x_wconf 89' lang='lat' dir='ltr'><strong>eorum</strong></span> <span class='ocrx_word' id='word_1_250' title='bbox 3475 1701 3524 1743; x_wconf 90' lang='lat' dir='ltr'><strong>te</strong></span> <span class='ocrx_word' id='word_1_251' title='bbox 3555 1704 3699 1761; x_wconf 89' lang='lat' dir='ltr'><strong>pote-</strong></span> 
     </span>
    </p>
   </div>
   <div class='ocr_carea' id='block_1_34' title="bbox 428 1757 2642 1837">
    <p class='ocr_par' dir='ltr' id='par_1_34' title="bbox 428 1757 2642 1837">
     <span class='ocr_line' id='line_1_34' title="bbox 428 1757 2642 1837; baseline -0 -12"><span class='ocrx_word' id='word_1_252' title='bbox 428 1774 561 1826; x_wconf 90' lang='lat' dir='ltr'><strong>tabo</strong></span> <span class='ocrx_word' id='word_1_253' title='bbox 597 1787 742 1827; x_wconf 89' lang='lat' dir='ltr'><strong>eum.</strong></span> <span class='ocrx_word' id='word_1_254' title='bbox 778 1770 955 1824; x_wconf 78' lang='lat' dir='ltr'><strong>Altior</strong></span> <span class='ocrx_word' id='word_1_255' title='bbox 991 1782 1226 1837; x_wconf 89' lang='lat' dir='ltr'><strong>namque</strong></span> <span class='ocrx_word' id='word_1_256' title='bbox 1257 1765 1563 1822; x_wconf 90' lang='lat' dir='ltr'><strong>intellectus</strong></span> <span class='ocrx_word' id='word_1_257' title='bbox 1601 1778 1706 1827; x_wconf 90' lang='lat' dir='ltr'><strong>est,</strong></span> <span class='ocrx_word' id='word_1_258' title='bbox 1735 1769 2007 1836; x_wconf 87' lang='lat' dir='ltr'><strong>quomodo</strong></span> <span class='ocrx_word' id='word_1_259' title='bbox 2042 1757 2081 1815; x_wconf 87' lang='grc' dir='ltr'><strong><em>Β</em></strong></span> <span class='ocrx_word' id='word_1_260' title='bbox 2112 1777 2252 1820; x_wconf 85' lang='lat' dir='ltr'><strong>state</strong></span> <span class='ocrx_word' id='word_1_261' title='bbox 2284 1770 2642 1825; x_wconf 65' lang='lat' dir='ltr'><strong>subtraxeris.</strong></span> 
     </span>
    </p>
   </div>
   <div class='ocr_carea' id='block_1_35' title="bbox 424 1859 2006 1929">
    <p class='ocr_par' dir='ltr' id='par_1_35' title="bbox 424 1859 2006 1929">
     <span class='ocr_line' id='line_1_35' title="bbox 424 1859 2006 1929; baseline -0.002 -14"><span class='ocrx_word' id='word_1_262' title='bbox 424 1864 678 1916; x_wconf 78' lang='lat' dir='ltr'><strong>Christus</strong></span> <span class='ocrx_word' id='word_1_263' title='bbox 709 1872 766 1915; x_wconf 92' lang='lat' dir='ltr'><strong>ut</strong></span> <span class='ocrx_word' id='word_1_264' title='bbox 799 1863 960 1917; x_wconf 88' lang='lat' dir='ltr'><strong>unius</strong></span> <span class='ocrx_word' id='word_1_265' title='bbox 996 1861 1088 1915; x_wconf 84' lang='lat' dir='ltr'><strong>Dei</strong></span> <span class='ocrx_word' id='word_1_266' title='bbox 1120 1861 1447 1929; x_wconf 82' lang='lat' dir='ltr'><strong>constringat</strong></span> <span class='ocrx_word' id='word_1_267' title='bbox 1483 1871 1534 1912; x_wconf 92' lang='lat' dir='ltr'><strong>et</strong></span> <span class='ocrx_word' id='word_1_268' title='bbox 1567 1859 1771 1912; x_wconf 86' lang='lat' dir='ltr'><strong>muniat</strong></span> <span class='ocrx_word' id='word_1_269' title='bbox 1802 1862 2006 1914; x_wconf 79' lang='lat' dir='ltr'><strong>verita-</strong></span> 
     </span>
    </p>
   </div>
   <div class='ocr_carea' id='block_1_36' title="bbox 431 1946 2004 2020">
    <p class='ocr_par' dir='ltr' id='par_1_36' title="bbox 431 1946 2004 2020">
     <span class='ocr_line' id='line_1_36' title="bbox 431 1946 2004 2020; baseline -0.001 -13"><span class='ocrx_word' id='word_1_270' title='bbox 431 1962 559 2014; x_wconf 89' lang='lat' dir='ltr'><strong>tem.</strong></span> <span class='ocrx_word' id='word_1_271' title='bbox 587 1956 753 2009; x_wconf 88' lang='lat' dir='ltr'><strong>Deum</strong></span> <span class='ocrx_word' id='word_1_272' title='bbox 785 1970 940 2008; x_wconf 91' lang='lat' dir='ltr'><strong>suum</strong></span> <span class='ocrx_word' id='word_1_273' title='bbox 970 1953 1120 2017; x_wconf 85' lang='lat' dir='ltr'><strong>dicit,</strong></span> <span class='ocrx_word' id='word_1_274' title='bbox 1148 1967 1305 2020; x_wconf 89' lang='lat' dir='ltr'><strong>quem</strong></span> <span class='ocrx_word' id='word_1_275' title='bbox 1343 1965 1536 2004; x_wconf 90' lang='lat' dir='ltr'><strong>natura</strong></span> <span class='ocrx_word' id='word_1_276' title='bbox 1575 1946 1792 2005; x_wconf 85' lang='lat' dir='ltr'><strong>Patrem</strong></span> <span class='ocrx_word' id='word_1_277' title='bbox 1824 1966 2004 2006; x_wconf 91' lang='lat' dir='ltr'><strong>vocat.</strong></span> 
     </span>
    </p>
   </div>
   <div class='ocr_carea' id='block_1_37' title="bbox 436 2043 2003 2110">
    <p class='ocr_par' dir='ltr' id='par_1_37' title="bbox 436 2043 2003 2110">
     <span class='ocr_line' id='line_1_37' title="bbox 436 2043 2003 2110; baseline 0 -14"><span class='ocrx_word' id='word_1_278' title='bbox 436 2063 455 2096; x_wconf 73' lang='grc' dir='ltr'>σ</span> <span class='ocrx_word' id='word_1_279' title='bbox 500 2047 639 2100; x_wconf 88' lang='lat' dir='ltr'><strong>Deus</strong></span> <span class='ocrx_word' id='word_1_280' title='bbox 660 2056 945 2100; x_wconf 89' lang='lat' dir='ltr'><strong>conterens</strong></span> <span class='ocrx_word' id='word_1_281' title='bbox 975 2045 1134 2110; x_wconf 90' lang='lat' dir='ltr'><strong>bella,</strong></span> <span class='ocrx_word' id='word_1_282' title='bbox 1165 2043 1424 2098; x_wconf 88' lang='lat' dir='ltr'><strong>Dominus</strong></span> <span class='ocrx_word' id='word_1_283' title='bbox 1454 2060 1649 2098; x_wconf 86' lang='lat' dir='ltr'><strong>nomen</strong></span> <span class='ocrx_word' id='word_1_284' title='bbox 1677 2054 1757 2098; x_wconf 89' lang='lat' dir='ltr'><strong>est</strong></span> <span class='ocrx_word' id='word_1_285' title='bbox 1787 2045 1860 2099; x_wconf 87' lang='lat' dir='ltr'><strong>illi</strong></span> <span class='ocrx_word' id='word_1_286' title='bbox 1886 2045 1952 2100; x_wconf 79' lang='grc'><strong>³⁸.</strong></span> <span class='ocrx_word' id='word_1_287' title='bbox 1986 2067 2003 2096; x_wconf 79' lang='grc' dir='ltr'><strong>ι</strong></span> 
     </span>
    </p>
   </div>
   <div class='ocr_carea' id='block_1_38' title="bbox 427 2135 2014 2206">
    <p class='ocr_par' dir='ltr' id='par_1_38' title="bbox 427 2135 2014 2206">
     <span class='ocr_line' id='line_1_38' title="bbox 427 2135 2014 2206; baseline 0.001 -18"><span class='ocrx_word' id='word_1_288' title='bbox 427 2137 561 2191; x_wconf 84' lang='grc' dir='ltr'><strong>ΝοΙο</strong></span> <span class='ocrx_word' id='word_1_289' title='bbox 594 2147 769 2206; x_wconf 87' lang='lat' dir='ltr'><strong>putes,</strong></span> <span class='ocrx_word' id='word_1_290' title='bbox 793 2138 918 2204; x_wconf 89' lang='lat' dir='ltr'><strong>quia</strong></span> <span class='ocrx_word' id='word_1_291' title='bbox 961 2144 1168 2189; x_wconf 91' lang='lat' dir='ltr'><strong>tantmn</strong></span> <span class='ocrx_word' id='word_1_292' title='bbox 1230 2135 1472 2189; x_wconf 84' lang='lat' dir='ltr'><strong>visibiles</strong></span> <span class='ocrx_word' id='word_1_293' title='bbox 1523 2150 1736 2204; x_wconf 77' lang='lat' dir='ltr'><strong>pugnas</strong></span> <span class='ocrx_word' id='word_1_294' title='bbox 1779 2137 2014 2190; x_wconf 89' lang='lat' dir='ltr'><strong>conterit</strong></span> 
     </span>
    </p>
   </div>
   <div class='ocr_carea' id='block_1_39' title="bbox 427 2227 2009 2298">
    <p class='ocr_par' dir='ltr' id='par_1_39' title="bbox 427 2227 2009 2298">
     <span class='ocr_line' id='line_1_39' title="bbox 427 2227 2009 2298; baseline 0.001 -16"><span class='ocrx_word' id='word_1_295' title='bbox 427 2227 709 2295; x_wconf 79' lang='lat' dir='ltr'><strong>Dominus,</strong></span> <span class='ocrx_word' id='word_1_296' title='bbox 735 2230 827 2284; x_wconf 91' lang='lat' dir='ltr'><strong>sed</strong></span> <span class='ocrx_word' id='word_1_297' title='bbox 852 2239 908 2285; x_wconf 86' lang='lat' dir='ltr'><strong>et</strong></span> <span class='ocrx_word' id='word_1_298' title='bbox 949 2229 1067 2283; x_wconf 90' lang='lat' dir='ltr'><strong>illas</strong></span> <span class='ocrx_word' id='word_1_299' title='bbox 1109 2231 1368 2294; x_wconf 90' lang='lat' dir='ltr'><strong>conterit,</strong></span> <span class='ocrx_word' id='word_1_300' title='bbox 1398 2245 1518 2298; x_wconf 60' lang='lat' dir='ltr'><strong>qua)</strong></span> <span class='ocrx_word' id='word_1_301' title='bbox 1560 2229 1715 2284; x_wconf 90' lang='lat' dir='ltr'><strong>nobis</strong></span> <span class='ocrx_word' id='word_1_302' title='bbox 1741 2240 1867 2285; x_wconf 91' lang='lat' dir='ltr'><strong>sunt</strong></span> <span class='ocrx_word' id='word_1_303' title='bbox 1903 2245 2009 2283; x_wconf 90' lang='lat' dir='ltr'><strong>non</strong></span> 
     </span>
    </p>
   </div>
   <div class='ocr_carea' id='block_1_40' title="bbox 426 2321 2014 2391">
    <p class='ocr_par' dir='ltr' id='par_1_40' title="bbox 426 2321 2014 2391">
     <span class='ocr_line' id='line_1_40' title="bbox 426 2321 2014 2391; baseline 0.002 -19"><span class='ocrx_word' id='word_1_304' title='bbox 426 2321 689 2375; x_wconf 88' lang='lat' dir='ltr'><strong>adversus</strong></span> <span class='ocrx_word' id='word_1_305' title='bbox 717 2337 937 2376; x_wconf 88' lang='lat' dir='ltr'><strong>carnem</strong></span> <span class='ocrx_word' id='word_1_306' title='bbox 980 2332 1032 2375; x_wconf 90' lang='lat' dir='ltr'><strong>et</strong></span> <span class='ocrx_word' id='word_1_307' title='bbox 1078 2322 1418 2390; x_wconf 86' lang='lat' dir='ltr'><strong>sanguinem,</strong></span> <span class='ocrx_word' id='word_1_308' title='bbox 1449 2323 1542 2376; x_wconf 90' lang='lat' dir='ltr'><strong>sed</strong></span> <span class='ocrx_word' id='word_1_309' title='bbox 1577 2321 1837 2376; x_wconf 86' lang='lat' dir='ltr'><strong>adversus</strong></span> <span class='ocrx_word' id='word_1_310' title='bbox 1866 2323 2014 2391; x_wconf 84' lang='lat' dir='ltr'><strong>prin-</strong></span> 
     </span>
    </p>
   </div>
   <div class='ocr_carea' id='block_1_41' title="bbox 431 2412 2011 2484">
    <p class='ocr_par' dir='ltr' id='par_1_41' title="bbox 431 2412 2011 2484">
     <span class='ocr_line' id='line_1_41' title="bbox 431 2412 2011 2484; baseline -0.002 -18"><span class='ocrx_word' id='word_1_311' title='bbox 431 2412 642 2480; x_wconf 89' lang='lat' dir='ltr'><strong>cipatus</strong></span> <span class='ocrx_word' id='word_1_312' title='bbox 670 2423 719 2466; x_wconf 94' lang='lat' dir='ltr'><strong>et</strong></span> <span class='ocrx_word' id='word_1_313' title='bbox 751 2421 1048 2482; x_wconf 89' lang='lat' dir='ltr'><strong>potestates</strong></span> <span class='ocrx_word' id='word_1_314' title='bbox 1084 2413 1217 2484; x_wconf 87' lang='lat' dir='ltr'><strong>(l0),</strong></span> <span class='ocrx_word' id='word_1_315' title='bbox 1252 2423 1305 2466; x_wconf 86' lang='lat' dir='ltr'><strong>et</strong></span> <span class='ocrx_word' id='word_1_316' title='bbox 1336 2413 1596 2467; x_wconf 84' lang='lat' dir='ltr'><strong>adversus</strong></span> <span class='ocrx_word' id='word_1_317' title='bbox 1637 2414 1819 2468; x_wconf 85' lang='lat' dir='ltr'><strong>tnnndi</strong></span> <span class='ocrx_word' id='word_1_318' title='bbox 1855 2415 2011 2482; x_wconf 70' lang='lat' dir='ltr'><strong>huius</strong></span> 
     </span>
    </p>
   </div>
   <div class='ocr_carea' id='block_1_42' title="bbox 426 2504 2009 2560">
    <p class='ocr_par' dir='ltr' id='par_1_42' title="bbox 426 2504 2009 2560">
     <span class='ocr_line' id='line_1_42' title="bbox 426 2504 2009 2560; baseline 0.001 -4"><span class='ocrx_word' id='word_1_319' title='bbox 426 2515 673 2559; x_wconf 83' lang='lat' dir='ltr'><strong>rectores</strong></span> <span class='ocrx_word' id='word_1_320' title='bbox 725 2506 1074 2558; x_wconf 82' lang='lat' dir='ltr'><strong>tenebrarum</strong></span> <span class='ocrx_word' id='word_1_321' title='bbox 1135 2506 1324 2559; x_wconf 90' lang='lat' dir='ltr'><strong>harum</strong></span> <span class='ocrx_word' id='word_1_322' title='bbox 1381 2504 1441 2556; x_wconf 74' lang='grc'><strong>³⁸.</strong></span> <span class='ocrx_word' id='word_1_323' title='bbox 1482 2522 1501 2555; x_wconf 86' lang='grc'><em>‹</em></span> <span class='ocrx_word' id='word_1_324' title='bbox 1560 2505 1819 2560; x_wconf 83' lang='lat' dir='ltr'><strong>Dominus</strong></span> <span class='ocrx_word' id='word_1_325' title='bbox 1865 2507 2009 2560; x_wconf 89' lang='lat' dir='ltr'><strong>enim</strong></span> 
     </span>
    </p>
   </div>
   <div class='ocr_carea' id='block_1_43' title="bbox 427 2591 2013 2663">
    <p class='ocr_par' dir='ltr' id='par_1_43' title="bbox 427 2591 2013 2663">
     <span class='ocr_line' id='line_1_43' title="bbox 427 2591 2013 2663; baseline 0.002 -17"><span class='ocrx_word' id='word_1_326' title='bbox 427 2612 629 2648; x_wconf 82' lang='lat' dir='ltr'><strong>nomen</strong></span> <span class='ocrx_word' id='word_1_327' title='bbox 682 2609 764 2649; x_wconf 83' lang='lat' dir='ltr'><strong>est</strong></span> <span class='ocrx_word' id='word_1_328' title='bbox 806 2595 906 2656; x_wconf 88' lang='lat' dir='ltr'><strong>illi,</strong></span> <span class='ocrx_word' id='word_1_329' title='bbox 945 2615 961 2646; x_wconf 80' lang='grc' dir='ltr'><strong>ι</strong></span> <span class='ocrx_word' id='word_1_330' title='bbox 1010 2606 1064 2649; x_wconf 86' lang='lat' dir='ltr'><strong>et</strong></span> <span class='ocrx_word' id='word_1_331' title='bbox 1103 2610 1206 2649; x_wconf 89' lang='lat' dir='ltr'><strong>non</strong></span> <span class='ocrx_word' id='word_1_332' title='bbox 1258 2591 1341 2649; x_wconf 88' lang='lat' dir='ltr'><strong>est</strong></span> <span class='ocrx_word' id='word_1_333' title='bbox 1393 2595 1496 2648; x_wconf 85' lang='lat' dir='ltr'><strong>ulla</strong></span> <span class='ocrx_word' id='word_1_334' title='bbox 1539 2606 1807 2659; x_wconf 88' lang='lat' dir='ltr'><strong>creatura,</strong></span> <span class='ocrx_word' id='word_1_335' title='bbox 1862 2597 2013 2663; x_wconf 84' lang='lat' dir='ltr'><strong>cujus</strong></span> 
     </span>
    </p>
   </div>
   <div class='ocr_carea' id='block_1_44' title="bbox 439 2688 963 2742">
    <p class='ocr_par' dir='ltr' id='par_1_44' title="bbox 439 2688 963 2742">
     <span class='ocr_line' id='line_1_44' title="bbox 439 2688 963 2742; baseline 0.002 -2"><span class='ocrx_word' id='word_1_336' title='bbox 439 2688 700 2742; x_wconf 88' lang='lat' dir='ltr'><strong>Doroinns</strong></span> <span class='ocrx_word' id='word_1_337' title='bbox 737 2705 840 2741; x_wconf 91' lang='lat' dir='ltr'><strong>non</strong></span> <span class='ocrx_word' id='word_1_338' title='bbox 873 2688 963 2742; x_wconf 92' lang='lat' dir='ltr'><strong>sit.</strong></span> 
     </span>
    </p>
   </div>
   <div class='ocr_carea' id='block_1_45' title="bbox 499 2779 2013 2849">
    <p class='ocr_par' dir='ltr' id='par_1_45' title="bbox 499 2779 2013 2849">
     <span class='ocr_line' id='line_1_45' title="bbox 499 2779 2013 2849; baseline -0.003 -14"><span class='ocrx_word' id='word_1_339' title='bbox 499 2780 555 2835; x_wconf 72' lang='lat'><strong>3.</strong></span> <span class='ocrx_word' id='word_1_340' title='bbox 599 2799 618 2830; x_wconf 69' lang='grc' dir='ltr'><strong>ι</strong></span> <span class='ocrx_word' id='word_1_341' title='bbox 649 2781 953 2849; x_wconf 75' lang='lat' dir='ltr'><strong>Quadrigas</strong></span> <span class='ocrx_word' id='word_1_342' title='bbox 980 2780 1298 2843; x_wconf 79' lang='lat' dir='ltr'><strong>Pharaonis,</strong></span> <span class='ocrx_word' id='word_1_343' title='bbox 1330 2791 1382 2834; x_wconf 89' lang='lat' dir='ltr'><strong>et</strong></span> <span class='ocrx_word' id='word_1_344' title='bbox 1416 2780 1712 2835; x_wconf 86' lang='lat' dir='ltr'><strong>exercitum</strong></span> <span class='ocrx_word' id='word_1_345' title='bbox 1747 2779 1862 2847; x_wconf 87' lang='lat' dir='ltr'><strong>ejus</strong></span> <span class='ocrx_word' id='word_1_346' title='bbox 1891 2794 2013 2849; x_wconf 81' lang='lat' dir='ltr'><strong>pro-</strong></span> 
     </span>
    </p>
   </div>
   <div class='ocr_carea' id='block_1_46' title="bbox 422 2872 2014 2939">
    <p class='ocr_par' dir='ltr' id='par_1_46' title="bbox 422 2872 2014 2939">
     <span class='ocr_line' id='line_1_46' title="bbox 422 2872 2014 2939; baseline 0 -13"><span class='ocrx_word' id='word_1_347' title='bbox 422 2873 552 2939; x_wconf 85' lang='lat' dir='ltr'><strong>jecit</strong></span> <span class='ocrx_word' id='word_1_348' title='bbox 583 2873 636 2925; x_wconf 91' lang='lat' dir='ltr'><strong>in</strong></span> <span class='ocrx_word' id='word_1_349' title='bbox 686 2888 856 2925; x_wconf 87' lang='lat' dir='ltr'><strong>mare.</strong></span> <span class='ocrx_word' id='word_1_350' title='bbox 910 2872 1122 2925; x_wconf 85' lang='lat' dir='ltr'><strong>Electus</strong></span> <span class='ocrx_word' id='word_1_351' title='bbox 1172 2886 1514 2936; x_wconf 86' lang='lat' dir='ltr'><strong>ascensores,</strong></span> <span class='ocrx_word' id='word_1_352' title='bbox 1549 2881 1734 2928; x_wconf 87' lang='lat' dir='ltr'><strong>ternos</strong></span> <span class='ocrx_word' id='word_1_353' title='bbox 1778 2881 2014 2926; x_wconf 86' lang='lat' dir='ltr'><strong>statores</strong></span> 
     </span>
    </p>
   </div>
   <div class='ocr_carea' id='block_1_47' title="bbox 424 2962 2012 3033">
    <p class='ocr_par' dir='ltr' id='par_1_47' title="bbox 424 2962 2012 3033">
     <span class='ocr_line' id='line_1_47' title="bbox 424 2962 2012 3033; baseline 0 -17"><span class='ocrx_word' id='word_1_354' title='bbox 424 2965 690 3018; x_wconf 83' lang='lat' dir='ltr'><strong>demersit</strong></span> <span class='ocrx_word' id='word_1_355' title='bbox 716 2965 767 3018; x_wconf 93' lang='lat' dir='ltr'><strong>in</strong></span> <span class='ocrx_word' id='word_1_356' title='bbox 801 2964 1040 3018; x_wconf 81' lang='lat' dir='ltr'><strong>Rubrum</strong></span> <span class='ocrx_word' id='word_1_357' title='bbox 1075 2980 1223 3017; x_wconf 87' lang='lat' dir='ltr'><strong>mare</strong></span> <span class='ocrx_word' id='word_1_358' title='bbox 1251 2962 1317 3016; x_wconf 70' lang='grc' dir='ltr'><strong>⁸ο.</strong></span> <span class='ocrx_word' id='word_1_359' title='bbox 1355 2983 1374 3016; x_wconf 77' lang='grc' dir='ltr'><strong>ι</strong></span> <span class='ocrx_word' id='word_1_360' title='bbox 1407 2963 1619 3017; x_wconf 81' lang='lat' dir='ltr'><strong>Pharao</strong></span> <span class='ocrx_word' id='word_1_361' title='bbox 1652 2966 1798 3019; x_wconf 86' lang='lat' dir='ltr'><strong>velut</strong></span> <span class='ocrx_word' id='word_1_362' title='bbox 1827 2976 2012 3033; x_wconf 88' lang='lat' dir='ltr'><strong>puten-</strong></span> 
     </span>
    </p>
   </div>
   <div class='ocr_carea' id='block_1_48' title="bbox 423 3043 2012 3128">
    <p class='ocr_par' dir='ltr' id='par_1_48' title="bbox 423 3043 2012 3128">
     <span class='ocr_line' id='line_1_48' title="bbox 423 3043 2012 3128; baseline 0.001 -19"><span class='ocrx_word' id='word_1_363' title='bbox 423 3058 533 3110; x_wconf 69' lang='grc' dir='ltr'><strong>εἰσι*</strong></span> <span class='ocrx_word' id='word_1_364' title='bbox 562 3058 613 3110; x_wconf 83' lang='lat' dir='ltr'><strong>in</strong></span> <span class='ocrx_word' id='word_1_365' title='bbox 650 3043 872 3119; x_wconf 87' lang='lat' dir='ltr'><strong>malitia,</strong></span> <span class='ocrx_word' id='word_1_366' title='bbox 905 3067 958 3111; x_wconf 89' lang='lat' dir='ltr'><strong>et</strong></span> <span class='ocrx_word' id='word_1_367' title='bbox 996 3073 1215 3127; x_wconf 92' lang='lat' dir='ltr'><strong>regnum</strong></span> <span class='ocrx_word' id='word_1_368' title='bbox 1257 3057 1513 3126; x_wconf 76' lang='lat' dir='ltr'><strong>nequitia:</strong></span> <span class='ocrx_word' id='word_1_369' title='bbox 1543 3066 1754 3121; x_wconf 88' lang='lat' dir='ltr'><strong>tenens,</strong></span> <span class='ocrx_word' id='word_1_370' title='bbox 1786 3060 2012 3128; x_wconf 83' lang='lat' dir='ltr'><strong>quadri-</strong></span> 
     </span>
    </p>
   </div>
   <div class='ocr_carea' id='block_1_49' title="bbox 2182 1858 3689 1943">
    <p class='ocr_par' dir='ltr' id='par_1_49' title="bbox 2182 1858 3689 1943">
     <span class='ocr_line' id='line_1_49' title="bbox 2182 1858 3689 1943; baseline 0.012 -33"><span class='ocrx_word' id='word_1_371' title='bbox 2182 1858 2232 1910; x_wconf 68' lang='lat'><strong>-5.</strong></span> <span class='ocrx_word' id='word_1_372' title='bbox 2268 1879 2284 1909; x_wconf 79' lang='grc' dir='ltr'><strong>ι</strong></span> <span class='ocrx_word' id='word_1_373' title='bbox 2331 1861 2654 1917; x_wconf 84' lang='lat' dir='ltr'><strong>Deciderunt</strong></span> <span class='ocrx_word' id='word_1_374' title='bbox 2705 1868 2754 1919; x_wconf 91' lang='lat' dir='ltr'><strong>in</strong></span> <span class='ocrx_word' id='word_1_375' title='bbox 2823 1868 3147 1936; x_wconf 73' lang='lat' dir='ltr'><strong>profundum</strong></span> <span class='ocrx_word' id='word_1_376' title='bbox 3201 1873 3356 1939; x_wconf 88' lang='lat' dir='ltr'><strong>quasi</strong></span> <span class='ocrx_word' id='word_1_377' title='bbox 3398 1873 3535 1943; x_wconf 77' lang='lat' dir='ltr'><strong>lapis</strong></span> <span class='ocrx_word' id='word_1_378' title='bbox 3560 1875 3625 1928; x_wconf 71' lang='grc'><strong>⁸³.</strong></span> <span class='ocrx_word' id='word_1_379' title='bbox 3671 1897 3689 1928; x_wconf 75' lang='grc' dir='ltr'><strong>ι</strong></span> 
     </span>
    </p>
   </div>
   <div class='ocr_carea' id='block_1_50' title="bbox 2113 1947 3698 2034">
    <p class='ocr_par' dir='ltr' id='par_1_50' title="bbox 2113 1947 3698 2034">
     <span class='ocr_line' id='line_1_50' title="bbox 2113 1947 3698 2034; baseline 0.014 -36"><span class='ocrx_word' id='word_1_380' title='bbox 2113 1947 2293 2015; x_wconf 87' lang='lat' dir='ltr'><strong>Quare</strong></span> <span class='ocrx_word' id='word_1_381' title='bbox 2356 1953 2677 2008; x_wconf 88' lang='lat' dir='ltr'><strong>deciderunt</strong></span> <span class='ocrx_word' id='word_1_382' title='bbox 2731 1960 2784 2011; x_wconf 88' lang='lat' dir='ltr'><strong>in</strong></span> <span class='ocrx_word' id='word_1_383' title='bbox 2838 1961 3162 2027; x_wconf 76' lang='lat' dir='ltr'><strong>profundum</strong></span> <span class='ocrx_word' id='word_1_384' title='bbox 3213 1973 3466 2033; x_wconf 85' lang='lat' dir='ltr'><strong>tanquam</strong></span> <span class='ocrx_word' id='word_1_385' title='bbox 3521 1966 3698 2034; x_wconf 79' lang='lat' dir='ltr'><strong>lapis?</strong></span> 
     </span>
    </p>
   </div>
   <div class='ocr_carea' id='block_1_51' title="bbox 2113 2038 3696 2119">
    <p class='ocr_par' dir='ltr' id='par_1_51' title="bbox 2113 2038 3696 2119">
     <span class='ocr_line' id='line_1_51' title="bbox 2113 2038 3696 2119; baseline 0.016 -31"><span class='ocrx_word' id='word_1_386' title='bbox 2113 2038 2247 2106; x_wconf 86' lang='lat' dir='ltr'><strong>Quia</strong></span> <span class='ocrx_word' id='word_1_387' title='bbox 2281 2059 2384 2096; x_wconf 90' lang='lat' dir='ltr'><strong>non</strong></span> <span class='ocrx_word' id='word_1_388' title='bbox 2437 2057 2597 2098; x_wconf 83' lang='lat' dir='ltr'><strong>erant</strong></span> <span class='ocrx_word' id='word_1_389' title='bbox 2634 2047 2766 2101; x_wconf 84' lang='lat' dir='ltr'><strong>tales</strong></span> <span class='ocrx_word' id='word_1_390' title='bbox 2798 2047 3022 2116; x_wconf 81' lang='lat' dir='ltr'><strong>lapides.</strong></span> <span class='ocrx_word' id='word_1_391' title='bbox 3075 2053 3143 2105; x_wconf 85' lang='lat' dir='ltr'><strong>de</strong></span> <span class='ocrx_word' id='word_1_392' title='bbox 3189 2055 3386 2119; x_wconf 84' lang='lat' dir='ltr'><strong>quibus</strong></span> <span class='ocrx_word' id='word_1_393' title='bbox 3439 2060 3696 2113; x_wconf 85' lang='lat' dir='ltr'><strong>Suscitari</strong></span> 
     </span>
    </p>
   </div>
   <div class='ocr_carea' id='block_1_52' title="bbox 2115 2132 3699 2215">
    <p class='ocr_par' dir='ltr' id='par_1_52' title="bbox 2115 2132 3699 2215">
     <span class='ocr_line' id='line_1_52' title="bbox 2115 2132 3699 2215; baseline 0.013 -32"><span class='ocrx_word' id='word_1_394' title='bbox 2115 2141 2332 2200; x_wconf 86' lang='lat' dir='ltr'><strong>possent</strong></span> <span class='ocrx_word' id='word_1_395' title='bbox 2367 2132 2459 2185; x_wconf 89' lang='lat' dir='ltr'><strong>lilii</strong></span> <span class='ocrx_word' id='word_1_396' title='bbox 2503 2135 2771 2198; x_wconf 71' lang='lat' dir='ltr'><strong>Abrabte;</strong></span> <span class='ocrx_word' id='word_1_397' title='bbox 2815 2140 2908 2190; x_wconf 89' lang='lat' dir='ltr'><strong>sed</strong></span> <span class='ocrx_word' id='word_1_398' title='bbox 2949 2140 3104 2205; x_wconf 84' lang='lat' dir='ltr'><strong>tales,</strong></span> <span class='ocrx_word' id='word_1_399' title='bbox 3145 2147 3234 2209; x_wconf 87' lang='lat' dir='ltr'><strong>qui</strong></span> <span class='ocrx_word' id='word_1_400' title='bbox 3289 2156 3535 2200; x_wconf 86' lang='lat' dir='ltr'><strong>amarent</strong></span> <span class='ocrx_word' id='word_1_401' title='bbox 3574 2163 3699 2215; x_wconf 89' lang='lat' dir='ltr'><strong>pro-</strong></span> 
     </span>
    </p>
   </div>
   <div class='ocr_carea' id='block_1_53' title="bbox 2119 2221 3700 2298">
    <p class='ocr_par' dir='ltr' id='par_1_53' title="bbox 2119 2221 3700 2298">
     <span class='ocr_line' id='line_1_53' title="bbox 2119 2221 3700 2298; baseline 0.011 -25"><span class='ocrx_word' id='word_1_402' title='bbox 2119 2221 2363 2286; x_wconf 89' lang='lat' dir='ltr'><strong>l‘uudum,</strong></span> <span class='ocrx_word' id='word_1_403' title='bbox 2391 2235 2445 2277; x_wconf 89' lang='lat' dir='ltr'><strong>ct</strong></span> <span class='ocrx_word' id='word_1_404' title='bbox 2482 2224 2743 2292; x_wconf 88' lang='lat' dir='ltr'><strong>liquidum</strong></span> <span class='ocrx_word' id='word_1_405' title='bbox 2798 2227 3088 2298; x_wconf 77' lang='lat' dir='ltr'><strong>diligerent</strong></span> <span class='ocrx_word' id='word_1_406' title='bbox 3135 2232 3485 2297; x_wconf 76' lang='lat' dir='ltr'><strong>clementum,</strong></span> <span class='ocrx_word' id='word_1_407' title='bbox 3532 2238 3581 2290; x_wconf 87' lang='lat' dir='ltr'><strong>id</strong></span> <span class='ocrx_word' id='word_1_408' title='bbox 3616 2252 3700 2291; x_wconf 87' lang='lat' dir='ltr'><strong>est</strong></span> 
     </span>
    </p>
   </div>
   <div class='ocr_carea' id='block_1_54' title="bbox 2117 2311 3699 2394">
    <p class='ocr_par' dir='ltr' id='par_1_54' title="bbox 2117 2311 3699 2394">
     <span class='ocr_line' id='line_1_54' title="bbox 2117 2311 3699 2394; baseline 0.013 -33"><span class='ocrx_word' id='word_1_409' title='bbox 2117 2311 2206 2380; x_wconf 88' lang='lat' dir='ltr'><strong>qui</strong></span> <span class='ocrx_word' id='word_1_410' title='bbox 2240 2328 2480 2365; x_wconf 87' lang='lat' dir='ltr'><strong>amaram</strong></span> <span class='ocrx_word' id='word_1_411' title='bbox 2511 2325 2563 2366; x_wconf 89' lang='lat' dir='ltr'><strong>et</strong></span> <span class='ocrx_word' id='word_1_412' title='bbox 2595 2315 2793 2367; x_wconf 73' lang='lat' dir='ltr'><strong>lluxam</strong></span> <span class='ocrx_word' id='word_1_413' title='bbox 2837 2319 3181 2384; x_wconf 67' lang='lat' dir='ltr'><strong>praesentium</strong></span> <span class='ocrx_word' id='word_1_414' title='bbox 3225 2338 3404 2376; x_wconf 88' lang='lat' dir='ltr'><strong>rerum</strong></span> <span class='ocrx_word' id='word_1_415' title='bbox 3439 2340 3699 2394; x_wconf 83' lang='lat' dir='ltr'><strong>caperent</strong></span> 
     </span>
    </p>
   </div>
   <div class='ocr_carea' id='block_1_55' title="bbox 2117 2401 3695 2476">
    <p class='ocr_par' dir='ltr' id='par_1_55' title="bbox 2117 2401 3695 2476">
     <span class='ocr_line' id='line_1_55' title="bbox 2117 2401 3695 2476; baseline 0.012 -24"><span class='ocrx_word' id='word_1_416' title='bbox 2117 2401 2468 2470; x_wconf 90' lang='lat' dir='ltr'><strong>voluptatem.</strong></span> <span class='ocrx_word' id='word_1_417' title='bbox 2504 2403 2654 2457; x_wconf 87' lang='lat' dir='ltr'><strong>Unde</strong></span> <span class='ocrx_word' id='word_1_418' title='bbox 2686 2417 2738 2458; x_wconf 91' lang='lat' dir='ltr'><strong>et</strong></span> <span class='ocrx_word' id='word_1_419' title='bbox 2779 2408 2843 2459; x_wconf 90' lang='lat' dir='ltr'><strong>de</strong></span> <span class='ocrx_word' id='word_1_420' title='bbox 2881 2407 3013 2476; x_wconf 77' lang='lat' dir='ltr'><strong>ipsis</strong></span> <span class='ocrx_word' id='word_1_421' title='bbox 3053 2411 3253 2465; x_wconf 87' lang='lat' dir='ltr'><strong>dicitur</strong></span> <span class='ocrx_word' id='word_1_422' title='bbox 3275 2412 3362 2467; x_wconf 72' lang='lat' dir='ltr'><strong>“z</strong></span> <span class='ocrx_word' id='word_1_423' title='bbox 3403 2437 3420 2466; x_wconf 77' lang='grc' dir='ltr'><strong>ι</strong></span> <span class='ocrx_word' id='word_1_424' title='bbox 3458 2417 3695 2471; x_wconf 88' lang='lat' dir='ltr'><strong>Demersi</strong></span> 
     </span>
    </p>
   </div>
   <div class='ocr_carea' id='block_1_56' title="bbox 2116 2494 3692 2569">
    <p class='ocr_par' dir='ltr' id='par_1_56' title="bbox 2116 2494 3692 2569">
     <span class='ocr_line' id='line_1_56' title="bbox 2116 2494 3692 2569; baseline 0.01 -24"><span class='ocrx_word' id='word_1_425' title='bbox 2116 2503 2241 2546; x_wconf 89' lang='lat' dir='ltr'><strong>sunt</strong></span> <span class='ocrx_word' id='word_1_426' title='bbox 2278 2505 2532 2564; x_wconf 90' lang='lat' dir='ltr'><strong>tanquam</strong></span> <span class='ocrx_word' id='word_1_427' title='bbox 2565 2494 2841 2564; x_wconf 90' lang='lat' dir='ltr'><strong>plumbum</strong></span> <span class='ocrx_word' id='word_1_428' title='bbox 2890 2499 2940 2550; x_wconf 92' lang='lat' dir='ltr'><strong>in</strong></span> <span class='ocrx_word' id='word_1_429' title='bbox 2989 2516 3184 2569; x_wconf 88' lang='lat' dir='ltr'><strong>aqttant</strong></span> <span class='ocrx_word' id='word_1_430' title='bbox 3223 2505 3630 2563; x_wconf 84' lang='lat' dir='ltr'><strong>validissimam.</strong></span> <span class='ocrx_word' id='word_1_431' title='bbox 3671 2529 3692 2561; x_wconf 71' lang='grc' dir='ltr'><strong>ι</strong></span> 
     </span>
    </p>
   </div>
   <div class='ocr_carea' id='block_1_57' title="bbox 2117 2584 3699 2668">
    <p class='ocr_par' dir='ltr' id='par_1_57' title="bbox 2117 2584 3699 2668">
     <span class='ocr_line' id='line_1_57' title="bbox 2117 2584 3699 2668; baseline 0.008 -29"><span class='ocrx_word' id='word_1_432' title='bbox 2117 2584 2437 2640; x_wconf 88' lang='lat' dir='ltr'><strong>Peccatores</strong></span> <span class='ocrx_word' id='word_1_433' title='bbox 2463 2603 2660 2657; x_wconf 86' lang='lat' dir='ltr'><strong>graves</strong></span> <span class='ocrx_word' id='word_1_434' title='bbox 2689 2599 2836 2643; x_wconf 88' lang='lat' dir='ltr'><strong>sunt.</strong></span> <span class='ocrx_word' id='word_1_435' title='bbox 2888 2591 3128 2660; x_wconf 77' lang='lat' dir='ltr'><strong>Dettique</strong></span> <span class='ocrx_word' id='word_1_436' title='bbox 3156 2606 3209 2647; x_wconf 90' lang='lat' dir='ltr'><strong>et</strong></span> <span class='ocrx_word' id='word_1_437' title='bbox 3244 2595 3504 2664; x_wconf 80' lang='lat' dir='ltr'><strong>iniquitas</strong></span> <span class='ocrx_word' id='word_1_438' title='bbox 3535 2615 3699 2668; x_wconf 83' lang='lat' dir='ltr'><strong>super</strong></span> 
     </span>
    </p>
   </div>
   <div class='ocr_carea' id='block_1_58' title="bbox 2119 2679 3698 2753">
    <p class='ocr_par' dir='ltr' id='par_1_58' title="bbox 2119 2679 3698 2753">
     <span class='ocr_line' id='line_1_58' title="bbox 2119 2679 3698 2753; baseline 0.011 -23"><span class='ocrx_word' id='word_1_439' title='bbox 2119 2679 2378 2734; x_wconf 81' lang='lat' dir='ltr'><strong>talentum</strong></span> <span class='ocrx_word' id='word_1_440' title='bbox 2432 2682 2633 2750; x_wconf 91' lang='lat' dir='ltr'><strong>plumbi</strong></span> <span class='ocrx_word' id='word_1_441' title='bbox 2684 2684 2876 2738; x_wconf 88' lang='lat' dir='ltr'><strong>sedere</strong></span> <span class='ocrx_word' id='word_1_442' title='bbox 2908 2698 3266 2753; x_wconf 83' lang='lat' dir='ltr'><strong>monstratur,</strong></span> <span class='ocrx_word' id='word_1_443' title='bbox 3303 2690 3442 2744; x_wconf 90' lang='lat' dir='ltr'><strong>sicut</strong></span> <span class='ocrx_word' id='word_1_444' title='bbox 3485 2691 3698 2747; x_wconf 85' lang='lat' dir='ltr'><strong>Zacha-</strong></span> 
     </span>
    </p>
   </div>
   <div class='ocr_carea' id='block_1_59' title="bbox 2117 2771 3696 2847">
    <p class='ocr_par' dir='ltr' id='par_1_59' title="bbox 2117 2771 3696 2847">
     <span class='ocr_line' id='line_1_59' title="bbox 2117 2771 3696 2847; baseline 0.011 -25"><span class='ocrx_word' id='word_1_445' title='bbox 2117 2771 2227 2824; x_wconf 87' lang='lat' dir='ltr'><strong>rias</strong></span> <span class='ocrx_word' id='word_1_446' title='bbox 2260 2773 2523 2840; x_wconf 85' lang='lat' dir='ltr'><strong>propheta</strong></span> <span class='ocrx_word' id='word_1_447' title='bbox 2559 2774 2690 2828; x_wconf 87' lang='lat' dir='ltr'><strong>dicit</strong></span> <span class='ocrx_word' id='word_1_448' title='bbox 2731 2791 2744 2828; x_wconf 89' lang='lat'><strong>:</strong></span> <span class='ocrx_word' id='word_1_449' title='bbox 2797 2795 2815 2826; x_wconf 76' lang='grc' dir='ltr'><strong>ι</strong></span> <span class='ocrx_word' id='word_1_450' title='bbox 2867 2775 3008 2842; x_wconf 88' lang='lat' dir='ltr'><strong>Vidi,</strong></span> <span class='ocrx_word' id='word_1_451' title='bbox 3071 2779 3245 2847; x_wconf 87' lang='lat' dir='ltr'><strong>inquit</strong></span> <span class='ocrx_word' id='word_1_452' title='bbox 3291 2781 3356 2846; x_wconf 77' lang='lat'><strong>“,</strong></span> <span class='ocrx_word' id='word_1_453' title='bbox 3412 2785 3696 2839; x_wconf 86' lang='lat' dir='ltr'><strong>mulierem</strong></span> 
     </span>
    </p>
   </div>
   <div class='ocr_carea' id='block_1_60' title="bbox 2116 2863 3698 2944">
    <p class='ocr_par' dir='ltr' id='par_1_60' title="bbox 2116 2863 3698 2944">
     <span class='ocr_line' id='line_1_60' title="bbox 2116 2863 3698 2944; baseline 0.01 -30"><span class='ocrx_word' id='word_1_454' title='bbox 2116 2863 2396 2918; x_wconf 89' lang='lat' dir='ltr'><strong>sedentem</strong></span> <span class='ocrx_word' id='word_1_455' title='bbox 2431 2881 2594 2934; x_wconf 91' lang='lat' dir='ltr'><strong>super</strong></span> <span class='ocrx_word' id='word_1_456' title='bbox 2626 2868 2884 2921; x_wconf 81' lang='lat' dir='ltr'><strong>talentum</strong></span> <span class='ocrx_word' id='word_1_457' title='bbox 2916 2870 3142 2937; x_wconf 89' lang='lat' dir='ltr'><strong>plumbi,</strong></span> <span class='ocrx_word' id='word_1_458' title='bbox 3175 2882 3230 2926; x_wconf 89' lang='lat' dir='ltr'><strong>et</strong></span> <span class='ocrx_word' id='word_1_459' title='bbox 3256 2874 3365 2928; x_wconf 84' lang='lat' dir='ltr'><strong>dixi</strong></span> <span class='ocrx_word' id='word_1_460' title='bbox 3400 2895 3412 2931; x_wconf 89' lang='lat'><strong>:</strong></span> <span class='ocrx_word' id='word_1_461' title='bbox 3452 2877 3583 2944; x_wconf 67' lang='lat' dir='ltr'><strong>Quae</strong></span> <span class='ocrx_word' id='word_1_462' title='bbox 3614 2891 3698 2932; x_wconf 90' lang='lat' dir='ltr'><strong>est</strong></span> 
     </span>
    </p>
   </div>
   <div class='ocr_carea' id='block_1_61' title="bbox 2119 2956 3695 3039">
    <p class='ocr_par' dir='ltr' id='par_1_61' title="bbox 2119 2956 3695 3039">
     <span class='ocr_line' id='line_1_61' title="bbox 2119 2956 3695 3039; baseline 0.013 -33"><span class='ocrx_word' id='word_1_463' title='bbox 2119 2956 2271 3010; x_wconf 76' lang='lat' dir='ltr'><strong>lucc?</strong></span> <span class='ocrx_word' id='word_1_464' title='bbox 2303 2958 2367 3010; x_wconf 83' lang='lat' dir='ltr'><strong>Et</strong></span> <span class='ocrx_word' id='word_1_465' title='bbox 2397 2961 2674 3027; x_wconf 83' lang='lat' dir='ltr'><strong>reSpuudit</strong></span> <span class='ocrx_word' id='word_1_466' title='bbox 2712 2979 2725 3014; x_wconf 87' lang='lat'><strong>:</strong></span> <span class='ocrx_word' id='word_1_467' title='bbox 2756 2961 3040 3031; x_wconf 84' lang='lat' dir='ltr'><strong>lniquitas.</strong></span> <span class='ocrx_word' id='word_1_468' title='bbox 3076 2981 3094 3014; x_wconf 79' lang='grc' dir='ltr'><strong>ι</strong></span> <span class='ocrx_word' id='word_1_469' title='bbox 3124 2963 3252 3019; x_wconf 90' lang='lat' dir='ltr'><strong>lude</strong></span> <span class='ocrx_word' id='word_1_470' title='bbox 3287 2975 3369 3022; x_wconf 89' lang='lat' dir='ltr'><strong>est</strong></span> <span class='ocrx_word' id='word_1_471' title='bbox 3395 2982 3524 3037; x_wconf 88' lang='lat' dir='ltr'><strong>ergo</strong></span> <span class='ocrx_word' id='word_1_472' title='bbox 3550 2973 3695 3039; x_wconf 84' lang='lat' dir='ltr'><strong>quod</strong></span> 
     </span>
    </p>
   </div>
   <div class='ocr_carea' id='block_1_62' title="bbox 2119 3047 3695 3128">
    <p class='ocr_par' dir='ltr' id='par_1_62' title="bbox 2119 3047 3695 3128">
     <span class='ocr_line' id='line_1_62' title="bbox 2119 3047 3695 3128; baseline 0.01 -28"><span class='ocrx_word' id='word_1_473' title='bbox 2119 3047 2288 3117; x_wconf 89' lang='lat' dir='ltr'><strong>iniqui</strong></span> <span class='ocrx_word' id='word_1_474' title='bbox 2322 3049 2553 3104; x_wconf 87' lang='lat' dir='ltr'><strong>demersi</strong></span> <span class='ocrx_word' id='word_1_475' title='bbox 2591 3062 2716 3104; x_wconf 78' lang='lat' dir='ltr'><strong>cum</strong></span> <span class='ocrx_word' id='word_1_476' title='bbox 2753 3053 2804 3104; x_wconf 94' lang='lat' dir='ltr'><strong>in</strong></span> <span class='ocrx_word' id='word_1_477' title='bbox 2850 3052 3197 3120; x_wconf 80' lang='lat' dir='ltr'><strong>profundum,</strong></span> <span class='ocrx_word' id='word_1_478' title='bbox 3234 3057 3373 3112; x_wconf 88' lang='lat' dir='ltr'><strong>sicut</strong></span> <span class='ocrx_word' id='word_1_479' title='bbox 3413 3059 3695 3128; x_wconf 79' lang='lat' dir='ltr'><strong>plumbum</strong></span> 
     </span>
    </p>
   </div>
   <div class='ocr_carea' id='block_1_63' title="bbox 422 3133 3696 3222">
    <p class='ocr_par' dir='ltr' id='par_1_63' title="bbox 422 3133 3696 3222">
     <span class='ocr_line' id='line_1_63' title="bbox 422 3133 3696 3222; baseline 0.007 -36"><span class='ocrx_word' id='word_1_480' title='bbox 422 3163 523 3217; x_wconf 47' lang='lat'><strong>$33</strong></span> <span class='ocrx_word' id='word_1_481' title='bbox 559 3149 688 3216; x_wconf 56' lang='grc' dir='ltr'><strong>πείι,</strong></span> <span class='ocrx_word' id='word_1_482' title='bbox 729 3147 844 3202; x_wconf 71' lang='lat' dir='ltr'><strong>Non</strong></span> <span class='ocrx_word' id='word_1_483' title='bbox 879 3149 954 3201; x_wconf 69' lang='lat' dir='ltr'><strong>in;</strong></span> <span class='ocrx_word' id='word_1_484' title='bbox 987 3150 1120 3204; x_wconf 56' lang='lat' dir='ltr'><strong>satis</strong></span> <span class='ocrx_word' id='word_1_485' title='bbox 1150 3159 1234 3203; x_wconf 69' lang='grc' dir='ltr'><strong>εει</strong></span> <span class='ocrx_word' id='word_1_486' title='bbox 1264 3164 1428 3202; x_wconf 71' lang='lat' dir='ltr'><strong>unum</strong></span> <span class='ocrx_word' id='word_1_487' title='bbox 1455 3165 1651 3218; x_wconf 71' lang='grc' dir='ltr'>ρψιιηη</span> <span class='ocrx_word' id='word_1_488' title='bbox 1686 3151 2008 3216; x_wconf 54' lang='lat' dir='ltr'><strong>ascendere,</strong></span> <span class='ocrx_word' id='word_1_489' title='bbox 2039 3133 2084 3188; x_wconf 84' lang='lat' dir='ltr'><strong><em>C</em></strong></span> <span class='ocrx_word' id='word_1_490' title='bbox 2120 3138 2171 3193; x_wconf 93' lang='lat' dir='ltr'><strong>in</strong></span> <span class='ocrx_word' id='word_1_491' title='bbox 2202 3155 2399 3210; x_wconf 89' lang='lat' dir='ltr'><strong>aquam</strong></span> <span class='ocrx_word' id='word_1_492' title='bbox 2432 3143 2840 3200; x_wconf 84' lang='lat' dir='ltr'><strong>validissimam.</strong></span> <span class='ocrx_word' id='word_1_493' title='bbox 2889 3148 3072 3202; x_wconf 88' lang='lat' dir='ltr'><strong>Sancti</strong></span> <span class='ocrx_word' id='word_1_494' title='bbox 3105 3159 3288 3222; x_wconf 85' lang='lat' dir='ltr'><strong>autem</strong></span> <span class='ocrx_word' id='word_1_495' title='bbox 3336 3167 3442 3206; x_wconf 91' lang='lat' dir='ltr'><strong>nun</strong></span> <span class='ocrx_word' id='word_1_496' title='bbox 3484 3155 3696 3208; x_wconf 85' lang='lat' dir='ltr'><strong>demer-</strong></span> 
     </span>
    </p>
   </div>
   <div class='ocr_carea' id='block_1_64' title="bbox 427 3239 2013 3310">
    <p class='ocr_par' dir='ltr' id='par_1_64' title="bbox 427 3239 2013 3310">
     <span class='ocr_line' id='line_1_64' title="bbox 427 3239 2013 3310; baseline 0.002 -19"><span class='ocrx_word' id='word_1_497' title='bbox 427 3240 522 3292; x_wconf 84' lang='lat' dir='ltr'><strong>sed</strong></span> <span class='ocrx_word' id='word_1_498' title='bbox 559 3241 742 3308; x_wconf 88' lang='lat' dir='ltr'><strong>plures</strong></span> <span class='ocrx_word' id='word_1_499' title='bbox 772 3239 933 3293; x_wconf 88' lang='lat' dir='ltr'><strong>simul</strong></span> <span class='ocrx_word' id='word_1_500' title='bbox 976 3241 1166 3309; x_wconf 78' lang='lat' dir='ltr'><strong>agitat,</strong></span> <span class='ocrx_word' id='word_1_501' title='bbox 1213 3240 1392 3308; x_wconf 88' lang='lat' dir='ltr'><strong>plures</strong></span> <span class='ocrx_word' id='word_1_502' title='bbox 1427 3240 1586 3294; x_wconf 89' lang='lat' dir='ltr'><strong>simul</strong></span> <span class='ocrx_word' id='word_1_503' title='bbox 1633 3239 1807 3310; x_wconf 80' lang='lat' dir='ltr'><strong>plagis</strong></span> <span class='ocrx_word' id='word_1_504' title='bbox 1839 3249 2013 3294; x_wconf 89' lang='lat' dir='ltr'><strong>tortos</strong></span> 
     </span>
    </p>
   </div>
   <div class='ocr_carea' id='block_1_65' title="bbox 430 3328 2012 3401">
    <p class='ocr_par' dir='ltr' id='par_1_65' title="bbox 430 3328 2012 3401">
     <span class='ocr_line' id='line_1_65' title="bbox 430 3328 2012 3401; baseline 0.001 -21"><span class='ocrx_word' id='word_1_505' title='bbox 430 3328 673 3384; x_wconf 87' lang='lat' dir='ltr'><strong>verberis</strong></span> <span class='ocrx_word' id='word_1_506' title='bbox 701 3331 866 3400; x_wconf 80' lang='lat' dir='ltr'><strong>cogit.</strong></span> <span class='ocrx_word' id='word_1_507' title='bbox 898 3329 1263 3401; x_wconf 85' lang='lat' dir='ltr'><strong>Quoscunque</strong></span> <span class='ocrx_word' id='word_1_508' title='bbox 1296 3332 1496 3384; x_wconf 89' lang='lat' dir='ltr'><strong>videris</strong></span> <span class='ocrx_word' id='word_1_509' title='bbox 1542 3331 1594 3384; x_wconf 92' lang='lat' dir='ltr'><strong>in</strong></span> <span class='ocrx_word' id='word_1_510' title='bbox 1643 3332 1854 3384; x_wconf 87' lang='lat' dir='ltr'><strong>luxuria</strong></span> <span class='ocrx_word' id='word_1_511' title='bbox 1897 3343 2012 3384; x_wconf 83' lang='lat' dir='ltr'><strong>tur-</strong></span> 
     </span>
    </p>
   </div>
   <div class='ocr_carea' id='block_1_66' title="bbox 435 3421 2006 3490">
    <p class='ocr_par' dir='ltr' id='par_1_66' title="bbox 435 3421 2006 3490">
     <span class='ocr_line' id='line_1_66' title="bbox 435 3421 2006 3490; baseline 0.001 -17"><span class='ocrx_word' id='word_1_512' title='bbox 435 3423 635 3490; x_wconf 89' lang='lat' dir='ltr'><strong>piores,</strong></span> <span class='ocrx_word' id='word_1_513' title='bbox 670 3423 721 3475; x_wconf 92' lang='lat' dir='ltr'><strong>in</strong></span> <span class='ocrx_word' id='word_1_514' title='bbox 753 3421 1075 3477; x_wconf 89' lang='lat' dir='ltr'><strong>crudelitate.</strong></span> <span class='ocrx_word' id='word_1_515' title='bbox 1128 3425 1409 3485; x_wconf 65' lang='lat' dir='ltr'><strong>suaviores,</strong></span> <span class='ocrx_word' id='word_1_516' title='bbox 1437 3425 1488 3476; x_wconf 93' lang='lat' dir='ltr'><strong>in</strong></span> <span class='ocrx_word' id='word_1_517' title='bbox 1534 3424 1762 3476; x_wconf 88' lang='lat' dir='ltr'><strong>avaritia</strong></span> <span class='ocrx_word' id='word_1_518' title='bbox 1817 3424 2006 3475; x_wconf 86' lang='lat' dir='ltr'><strong>tetrio-</strong></span> 
     </span>
    </p>
   </div>
   <div class='ocr_carea' id='block_1_67' title="bbox 430 3513 2014 3583">
    <p class='ocr_par' dir='ltr' id='par_1_67' title="bbox 430 3513 2014 3583">
     <span class='ocr_line' id='line_1_67' title="bbox 430 3513 2014 3583; baseline 0.003 -20"><span class='ocrx_word' id='word_1_519' title='bbox 430 3528 533 3573; x_wconf 80' lang='lat' dir='ltr'><strong>tes,</strong></span> <span class='ocrx_word' id='word_1_520' title='bbox 560 3513 611 3564; x_wconf 92' lang='lat' dir='ltr'><strong>in</strong></span> <span class='ocrx_word' id='word_1_521' title='bbox 641 3515 914 3582; x_wconf 89' lang='lat' dir='ltr'><strong>impietate</strong></span> <span class='ocrx_word' id='word_1_522' title='bbox 932 3513 1334 3583; x_wconf 77' lang='lat' dir='ltr'><strong>liagitiosiores,</strong></span> <span class='ocrx_word' id='word_1_523' title='bbox 1361 3517 1495 3567; x_wconf 75' lang='lat' dir='ltr'><strong>scito</strong></span> <span class='ocrx_word' id='word_1_524' title='bbox 1528 3515 1626 3567; x_wconf 88' lang='lat' dir='ltr'><strong>hos</strong></span> <span class='ocrx_word' id='word_1_525' title='bbox 1650 3516 1716 3567; x_wconf 89' lang='lat' dir='ltr'><strong>de</strong></span> <span class='ocrx_word' id='word_1_526' title='bbox 1737 3513 2014 3583; x_wconf 87' lang='lat' dir='ltr'><strong>quadrigis</strong></span> 
     </span>
    </p>
   </div>
   <div class='ocr_carea' id='block_1_68' title="bbox 429 3601 2012 3672">
    <p class='ocr_par' dir='ltr' id='par_1_68' title="bbox 429 3601 2012 3672">
     <span class='ocr_line' id='line_1_68' title="bbox 429 3601 2012 3672; baseline 0.003 -16"><span class='ocrx_word' id='word_1_527' title='bbox 429 3604 550 3656; x_wconf 85' lang='lat' dir='ltr'><strong>esse</strong></span> <span class='ocrx_word' id='word_1_528' title='bbox 579 3601 922 3668; x_wconf 86' lang='lat' dir='ltr'><strong>Pharaonis;</strong></span> <span class='ocrx_word' id='word_1_529' title='bbox 959 3604 1088 3671; x_wconf 86' lang='lat' dir='ltr'><strong>ipsis</strong></span> <span class='ocrx_word' id='word_1_530' title='bbox 1119 3609 1289 3667; x_wconf 86' lang='lat' dir='ltr'><strong>sedet,</strong></span> <span class='ocrx_word' id='word_1_531' title='bbox 1329 3606 1474 3672; x_wconf 91' lang='lat' dir='ltr'><strong>ipsos</strong></span> <span class='ocrx_word' id='word_1_532' title='bbox 1519 3606 1702 3659; x_wconf 87' lang='lat' dir='ltr'><strong>currui</strong></span> <span class='ocrx_word' id='word_1_533' title='bbox 1742 3621 1839 3659; x_wconf 92' lang='lat' dir='ltr'><strong>suo</strong></span> <span class='ocrx_word' id='word_1_534' title='bbox 1887 3605 2012 3660; x_wconf 84' lang='lat' dir='ltr'><strong>sub-</strong></span> 
     </span>
    </p>
   </div>
   <div class='ocr_carea' id='block_1_69' title="bbox 425 3693 2013 3764">
    <p class='ocr_par' dir='ltr' id='par_1_69' title="bbox 425 3693 2013 3764">
     <span class='ocr_line' id='line_1_69' title="bbox 425 3693 2013 3764; baseline 0.001 -17"><span class='ocrx_word' id='word_1_535' title='bbox 425 3693 623 3761; x_wconf 77' lang='lat' dir='ltr'><strong>iungit,</strong></span> <span class='ocrx_word' id='word_1_536' title='bbox 674 3695 725 3749; x_wconf 92' lang='lat' dir='ltr'><strong>in</strong></span> <span class='ocrx_word' id='word_1_537' title='bbox 787 3696 916 3763; x_wconf 86' lang='lat' dir='ltr'><strong>ipsis</strong></span> <span class='ocrx_word' id='word_1_538' title='bbox 967 3694 1138 3748; x_wconf 78' lang='lat' dir='ltr'><strong>fertur</strong></span> <span class='ocrx_word' id='word_1_539' title='bbox 1191 3705 1246 3749; x_wconf 84' lang='lat' dir='ltr'><strong>et</strong></span> <span class='ocrx_word' id='word_1_540' title='bbox 1294 3696 1505 3762; x_wconf 87' lang='lat' dir='ltr'><strong>volitat,</strong></span> <span class='ocrx_word' id='word_1_541' title='bbox 1555 3708 1606 3750; x_wconf 93' lang='lat' dir='ltr'><strong>et</strong></span> <span class='ocrx_word' id='word_1_542' title='bbox 1657 3711 1752 3764; x_wconf 88' lang='lat' dir='ltr'><strong>per</strong></span> <span class='ocrx_word' id='word_1_543' title='bbox 1800 3706 2013 3764; x_wconf 88' lang='lat' dir='ltr'><strong>apertos</strong></span> 
     </span>
    </p>
   </div>
   <div class='ocr_carea' id='block_1_70' title="bbox 430 3786 2014 3856">
    <p class='ocr_par' dir='ltr' id='par_1_70' title="bbox 430 3786 2014 3856">
     <span class='ocr_line' id='line_1_70' title="bbox 430 3786 2014 3856; baseline -0.001 -17"><span class='ocrx_word' id='word_1_544' title='bbox 430 3787 693 3842; x_wconf 87' lang='lat' dir='ltr'><strong>scelerum</strong></span> <span class='ocrx_word' id='word_1_545' title='bbox 725 3803 950 3856; x_wconf 88' lang='lat' dir='ltr'><strong>campos</strong></span> <span class='ocrx_word' id='word_1_546' title='bbox 992 3786 1180 3839; x_wconf 86' lang='lat' dir='ltr'><strong>ell&#39;usis</strong></span> <span class='ocrx_word' id='word_1_547' title='bbox 1209 3801 1302 3840; x_wconf 87' lang='lat' dir='ltr'><strong>eos</strong></span> <span class='ocrx_word' id='word_1_548' title='bbox 1352 3788 1460 3856; x_wconf 83' lang='lat' dir='ltr'><strong>agit</strong></span> <span class='ocrx_word' id='word_1_549' title='bbox 1505 3787 1749 3841; x_wconf 88' lang='lat' dir='ltr'><strong>habenis.</strong></span> <span class='ocrx_word' id='word_1_550' title='bbox 1788 3787 1926 3840; x_wconf 84' lang='lat' dir='ltr'><strong>Sunt</strong></span> <span class='ocrx_word' id='word_1_551' title='bbox 1959 3795 2014 3840; x_wconf 89' lang='lat' dir='ltr'><strong>et</strong></span> 
     </span>
    </p>
   </div>
   <div class='ocr_carea' id='block_1_71' title="bbox 429 3876 2008 3940">
    <p class='ocr_par' dir='ltr' id='par_1_71' title="bbox 429 3876 2008 3940">
     <span class='ocr_line' id='line_1_71' title="bbox 429 3876 2008 3940; baseline -0.001 -9"><span class='ocrx_word' id='word_1_552' title='bbox 429 3879 519 3932; x_wconf 90' lang='lat' dir='ltr'><strong>alii</strong></span> <span class='ocrx_word' id='word_1_553' title='bbox 552 3879 709 3932; x_wconf 83' lang='lat' dir='ltr'><strong>electi</strong></span> <span class='ocrx_word' id='word_1_554' title='bbox 735 3892 1083 3940; x_wconf 85' lang='lat' dir='ltr'><strong>ascensurcs,</strong></span> <span class='ocrx_word' id='word_1_555' title='bbox 1109 3876 1268 3930; x_wconf 88' lang='lat' dir='ltr'><strong>electi</strong></span> <span class='ocrx_word' id='word_1_556' title='bbox 1298 3879 1417 3931; x_wconf 89' lang='lat' dir='ltr'><strong>sine</strong></span> <span class='ocrx_word' id='word_1_557' title='bbox 1446 3877 1609 3931; x_wconf 89' lang='lat' dir='ltr'><strong>dubio</strong></span> <span class='ocrx_word' id='word_1_558' title='bbox 1632 3880 1698 3932; x_wconf 91' lang='lat' dir='ltr'><strong>ad</strong></span> <span class='ocrx_word' id='word_1_559' title='bbox 1726 3878 2008 3931; x_wconf 88' lang='lat' dir='ltr'><strong>malitiam.</strong></span> 
     </span>
    </p>
   </div>
   <div class='ocr_carea' id='block_1_72' title="bbox 431 3968 2011 4042">
    <p class='ocr_par' dir='ltr' id='par_1_72' title="bbox 431 3968 2011 4042">
     <span class='ocr_line' id='line_1_72' title="bbox 431 3968 2011 4042; baseline -0.001 -18"><span class='ocrx_word' id='word_1_560' title='bbox 431 3970 591 4042; x_wconf 61' lang='grc'><strong>148</strong></span> <span class='ocrx_word' id='word_1_561' title='bbox 617 3970 722 4024; x_wconf 89' lang='lat' dir='ltr'><strong>Sed</strong></span> <span class='ocrx_word' id='word_1_562' title='bbox 741 3968 852 4037; x_wconf 87' lang='lat' dir='ltr'><strong>jam</strong></span> <span class='ocrx_word' id='word_1_563' title='bbox 881 3969 946 4023; x_wconf 89' lang='lat' dir='ltr'><strong>de</strong></span> <span class='ocrx_word' id='word_1_564' title='bbox 967 3969 1351 4023; x_wconf 87' lang='lat' dir='ltr'><strong>ascensoribns</strong></span> <span class='ocrx_word' id='word_1_565' title='bbox 1374 3985 1534 4040; x_wconf 82' lang='lat' dir='ltr'><strong>supra</strong></span> <span class='ocrx_word' id='word_1_566' title='bbox 1562 3969 1797 4023; x_wconf 78' lang='lat' dir='ltr'><strong>diximus</strong></span> <span class='ocrx_word' id='word_1_567' title='bbox 1827 3986 1841 4021; x_wconf 88' lang='lat'><strong>:</strong></span> <span class='ocrx_word' id='word_1_568' title='bbox 1869 3986 2011 4022; x_wconf 91' lang='lat' dir='ltr'><strong>nunc</strong></span> 
     </span>
    </p>
   </div>
   <div class='ocr_carea' id='block_1_73' title="bbox 427 4059 2011 4132">
    <p class='ocr_par' dir='ltr' id='par_1_73' title="bbox 427 4059 2011 4132">
     <span class='ocr_line' id='line_1_73' title="bbox 427 4059 2011 4132; baseline -0.001 -17"><span class='ocrx_word' id='word_1_569' title='bbox 427 4064 587 4116; x_wconf 85' lang='lat' dir='ltr'><strong>etiam</strong></span> <span class='ocrx_word' id='word_1_570' title='bbox 613 4062 704 4132; x_wconf 87' lang='lat' dir='ltr'><strong>qui</strong></span> <span class='ocrx_word' id='word_1_571' title='bbox 729 4070 858 4116; x_wconf 91' lang='lat' dir='ltr'><strong>sunt</strong></span> <span class='ocrx_word' id='word_1_572' title='bbox 878 4063 1017 4115; x_wconf 91' lang='lat' dir='ltr'><strong>terni</strong></span> <span class='ocrx_word' id='word_1_573' title='bbox 1039 4070 1272 4115; x_wconf 83' lang='lat' dir='ltr'><strong>statores</strong></span> <span class='ocrx_word' id='word_1_574' title='bbox 1292 4061 1588 4116; x_wconf 88' lang='lat' dir='ltr'><strong>videamus.</strong></span> <span class='ocrx_word' id='word_1_575' title='bbox 1608 4059 1737 4114; x_wconf 77' lang='lat' dir='ltr'><strong>Mihi</strong></span> <span class='ocrx_word' id='word_1_576' title='bbox 1763 4062 2011 4114; x_wconf 88' lang='lat' dir='ltr'><strong>videntur</strong></span> 
     </span>
    </p>
   </div>
   <div class='ocr_carea' id='block_1_74' title="bbox 433 4153 2010 4223">
    <p class='ocr_par' dir='ltr' id='par_1_74' title="bbox 433 4153 2010 4223">
     <span class='ocr_line' id='line_1_74' title="bbox 433 4153 2010 4223; baseline 0.001 -18"><span class='ocrx_word' id='word_1_577' title='bbox 433 4155 566 4207; x_wconf 88' lang='lat' dir='ltr'><strong>terni</strong></span> <span class='ocrx_word' id='word_1_578' title='bbox 593 4162 829 4208; x_wconf 86' lang='lat' dir='ltr'><strong>statores</strong></span> <span class='ocrx_word' id='word_1_579' title='bbox 856 4168 952 4221; x_wconf 87' lang='lat' dir='ltr'><strong>pro</strong></span> <span class='ocrx_word' id='word_1_580' title='bbox 972 4168 1035 4206; x_wconf 90' lang='lat' dir='ltr'><strong>eo</strong></span> <span class='ocrx_word' id='word_1_581' title='bbox 1057 4153 1185 4218; x_wconf 92' lang='lat' dir='ltr'><strong>dici,</strong></span> <span class='ocrx_word' id='word_1_582' title='bbox 1207 4155 1348 4222; x_wconf 90' lang='lat' dir='ltr'><strong>quod</strong></span> <span class='ocrx_word' id='word_1_583' title='bbox 1378 4153 1571 4223; x_wconf 79' lang='lat' dir='ltr'><strong>triplex</strong></span> <span class='ocrx_word' id='word_1_584' title='bbox 1597 4163 1673 4206; x_wconf 85' lang='lat' dir='ltr'><strong>est</strong></span> <span class='ocrx_word' id='word_1_585' title='bbox 1703 4153 2010 4207; x_wconf 82' lang='lat' dir='ltr'><strong>hominibus</strong></span> 
     </span>
    </p>
   </div>
   <div class='ocr_carea' id='block_1_75' title="bbox 432 4243 2005 4311">
    <p class='ocr_par' dir='ltr' id='par_1_75' title="bbox 432 4243 2005 4311">
     <span class='ocr_line' id='line_1_75' title="bbox 432 4243 2005 4311; baseline 0.001 -16"><span class='ocrx_word' id='word_1_586' title='bbox 432 4243 684 4311; x_wconf 85' lang='lat' dir='ltr'><strong>peccandi</strong></span> <span class='ocrx_word' id='word_1_587' title='bbox 705 4244 810 4295; x_wconf 85' lang='lat' dir='ltr'><strong>via.</strong></span> <span class='ocrx_word' id='word_1_588' title='bbox 832 4244 937 4296; x_wconf 85' lang='lat' dir='ltr'><strong>Aut</strong></span> <span class='ocrx_word' id='word_1_589' title='bbox 969 4244 1110 4296; x_wconf 86' lang='lat' dir='ltr'><strong>enim</strong></span> <span class='ocrx_word' id='word_1_590' title='bbox 1145 4243 1196 4296; x_wconf 93' lang='lat' dir='ltr'><strong>in</strong></span> <span class='ocrx_word' id='word_1_591' title='bbox 1243 4244 1404 4308; x_wconf 82' lang='lat' dir='ltr'><strong>facto,</strong></span> <span class='ocrx_word' id='word_1_592' title='bbox 1440 4253 1533 4296; x_wconf 88' lang='lat' dir='ltr'><strong>aut</strong></span> <span class='ocrx_word' id='word_1_593' title='bbox 1559 4244 1610 4295; x_wconf 91' lang='lat' dir='ltr'><strong>in</strong></span> <span class='ocrx_word' id='word_1_594' title='bbox 1645 4244 1811 4308; x_wconf 91' lang='lat' dir='ltr'><strong>dicto,</strong></span> <span class='ocrx_word' id='word_1_595' title='bbox 1841 4245 2005 4296; x_wconf 89' lang='lat' dir='ltr'><strong>antitt</strong></span> 
     </span>
    </p>
   </div>
   <div class='ocr_carea' id='block_1_76' title="bbox 431 4334 2010 4405">
    <p class='ocr_par' dir='ltr' id='par_1_76' title="bbox 431 4334 2010 4405">
     <span class='ocr_line' id='line_1_76' title="bbox 431 4334 2010 4405; baseline 0.001 -18"><span class='ocrx_word' id='word_1_596' title='bbox 431 4336 756 4405; x_wconf 85' lang='lat' dir='ltr'><strong>cogitatione</strong></span> <span class='ocrx_word' id='word_1_597' title='bbox 774 4344 1049 4403; x_wconf 87' lang='lat' dir='ltr'><strong>peccatur.</strong></span> <span class='ocrx_word' id='word_1_598' title='bbox 1069 4334 1133 4388; x_wconf 85' lang='lat' dir='ltr'><strong>Et</strong></span> <span class='ocrx_word' id='word_1_599' title='bbox 1154 4336 1275 4390; x_wconf 90' lang='lat' dir='ltr'><strong>ideo</strong></span> <span class='ocrx_word' id='word_1_600' title='bbox 1298 4336 1435 4389; x_wconf 91' lang='lat' dir='ltr'><strong>terni</strong></span> <span class='ocrx_word' id='word_1_601' title='bbox 1455 4347 1689 4389; x_wconf 84' lang='lat' dir='ltr'><strong>statores</strong></span> <span class='ocrx_word' id='word_1_602' title='bbox 1704 4351 1798 4402; x_wconf 89' lang='lat' dir='ltr'><strong>per</strong></span> <span class='ocrx_word' id='word_1_603' title='bbox 1825 4335 2010 4404; x_wconf 85' lang='lat' dir='ltr'><strong>singu-</strong></span> 
     </span>
    </p>
   </div>
   <div class='ocr_carea' id='block_1_77' title="bbox 435 4425 2004 4496">
    <p class='ocr_par' dir='ltr' id='par_1_77' title="bbox 435 4425 2004 4496">
     <span class='ocr_line' id='line_1_77' title="bbox 435 4425 2004 4496; baseline 0.001 -20"><span class='ocrx_word' id='word_1_604' title='bbox 435 4426 508 4480; x_wconf 84' lang='lat' dir='ltr'><strong>los</strong></span> <span class='ocrx_word' id='word_1_605' title='bbox 527 4441 772 4496; x_wconf 86' lang='lat' dir='ltr'><strong>quosque</strong></span> <span class='ocrx_word' id='word_1_606' title='bbox 789 4425 1070 4489; x_wconf 90' lang='lat' dir='ltr'><strong>dicuntur,</strong></span> <span class='ocrx_word' id='word_1_607' title='bbox 1094 4429 1184 4495; x_wconf 89' lang='lat' dir='ltr'><strong>qui</strong></span> <span class='ocrx_word' id='word_1_608' title='bbox 1210 4437 1319 4481; x_wconf 87' lang='lat' dir='ltr'><strong>tres</strong></span> <span class='ocrx_word' id='word_1_609' title='bbox 1345 4427 1474 4482; x_wconf 89' lang='lat' dir='ltr'><strong>istas</strong></span> <span class='ocrx_word' id='word_1_610' title='bbox 1494 4428 1545 4480; x_wconf 94' lang='lat' dir='ltr'><strong>in</strong></span> <span class='ocrx_word' id='word_1_611' title='bbox 1571 4427 1723 4480; x_wconf 87' lang='lat' dir='ltr'><strong>nobis</strong></span> <span class='ocrx_word' id='word_1_612' title='bbox 1746 4427 2004 4496; x_wconf 83' lang='lat' dir='ltr'><strong>peccandi</strong></span> 
     </span>
    </p>
   </div>
   <div class='ocr_carea' id='block_1_78' title="bbox 430 4516 2004 4586">
    <p class='ocr_par' dir='ltr' id='par_1_78' title="bbox 430 4516 2004 4586">
     <span class='ocr_line' id='line_1_78' title="bbox 430 4516 2004 4586; baseline 0.001 -18"><span class='ocrx_word' id='word_1_613' title='bbox 430 4516 715 4572; x_wconf 84' lang='lat' dir='ltr'><strong>obsideant</strong></span> <span class='ocrx_word' id='word_1_614' title='bbox 742 4516 876 4581; x_wconf 89' lang='lat' dir='ltr'><strong>vias,</strong></span> <span class='ocrx_word' id='word_1_615' title='bbox 895 4527 948 4569; x_wconf 92' lang='lat' dir='ltr'><strong>et</strong></span> <span class='ocrx_word' id='word_1_616' title='bbox 971 4517 1319 4585; x_wconf 89' lang='lat' dir='ltr'><strong>speculentur</strong></span> <span class='ocrx_word' id='word_1_617' title='bbox 1344 4533 1578 4586; x_wconf 86' lang='lat' dir='ltr'><strong>semper.</strong></span> <span class='ocrx_word' id='word_1_618' title='bbox 1601 4528 1763 4586; x_wconf 84' lang='lat' dir='ltr'><strong>atque</strong></span> <span class='ocrx_word' id='word_1_619' title='bbox 1795 4518 1846 4571; x_wconf 93' lang='lat' dir='ltr'><strong>in</strong></span> <span class='ocrx_word' id='word_1_620' title='bbox 1876 4517 2004 4571; x_wconf 91' lang='lat' dir='ltr'><strong>insi-</strong></span> 
     </span>
    </p>
   </div>
   <div class='ocr_carea' id='block_1_79' title="bbox 434 4608 2006 4679">
    <p class='ocr_par' dir='ltr' id='par_1_79' title="bbox 434 4608 2006 4679">
     <span class='ocr_line' id='line_1_79' title="bbox 434 4608 2006 4679; baseline 0.003 -20"><span class='ocrx_word' id='word_1_621' title='bbox 434 4611 529 4663; x_wconf 83' lang='lat' dir='ltr'><strong>diis</strong></span> <span class='ocrx_word' id='word_1_622' title='bbox 547 4617 732 4679; x_wconf 84' lang='lat' dir='ltr'><strong>agant,</strong></span> <span class='ocrx_word' id='word_1_623' title='bbox 751 4617 810 4661; x_wconf 89' lang='lat' dir='ltr'><strong>nt</strong></span> <span class='ocrx_word' id='word_1_624' title='bbox 827 4619 918 4662; x_wconf 89' lang='lat' dir='ltr'><strong>aut</strong></span> <span class='ocrx_word' id='word_1_625' title='bbox 937 4608 1022 4661; x_wconf 89' lang='lat' dir='ltr'><strong>ille</strong></span> <span class='ocrx_word' id='word_1_626' title='bbox 1045 4624 1110 4661; x_wconf 88' lang='lat' dir='ltr'><strong>ex</strong></span> <span class='ocrx_word' id='word_1_627' title='bbox 1128 4610 1326 4663; x_wconf 89' lang='lat' dir='ltr'><strong>ntisero</strong></span> <span class='ocrx_word' id='word_1_628' title='bbox 1341 4609 1557 4663; x_wconf 85' lang='lat' dir='ltr'><strong>homine</strong></span> <span class='ocrx_word' id='word_1_629' title='bbox 1576 4624 1876 4663; x_wconf 89' lang='lat' dir='ltr'><strong>sermonem</strong></span> <span class='ocrx_word' id='word_1_630' title='bbox 1892 4625 2006 4663; x_wconf 85' lang='lat' dir='ltr'><strong>rna-</strong></span> 
     </span>
    </p>
   </div>
   <div class='ocr_carea' id='block_1_80' title="bbox 439 4701 2008 4769">
    <p class='ocr_par' dir='ltr' id='par_1_80' title="bbox 439 4701 2008 4769">
     <span class='ocr_line' id='line_1_80' title="bbox 439 4701 2008 4769; baseline 0.003 -19"><span class='ocrx_word' id='word_1_631' title='bbox 439 4701 537 4752; x_wconf 94' lang='lat' dir='ltr'><strong>lum</strong></span> <span class='ocrx_word' id='word_1_632' title='bbox 579 4701 780 4768; x_wconf 72' lang='lat' dir='ltr'><strong>eliciat,</strong></span> <span class='ocrx_word' id='word_1_633' title='bbox 817 4713 909 4754; x_wconf 90' lang='lat' dir='ltr'><strong>aut</strong></span> <span class='ocrx_word' id='word_1_634' title='bbox 934 4701 1020 4754; x_wconf 89' lang='lat' dir='ltr'><strong>ille</strong></span> <span class='ocrx_word' id='word_1_635' title='bbox 1055 4702 1292 4768; x_wconf 74' lang='grc' dir='ltr'>ἰιιίιιιιιιιιι</span> <span class='ocrx_word' id='word_1_636' title='bbox 1332 4716 1467 4768; x_wconf 84' lang='lat' dir='ltr'><strong>opus</strong></span> <span class='ocrx_word' id='word_1_637' title='bbox 1515 4710 1863 4769; x_wconf 80' lang='lat' dir='ltr'><strong>extorqueat,</strong></span> <span class='ocrx_word' id='word_1_638' title='bbox 1912 4711 2008 4755; x_wconf 90' lang='lat' dir='ltr'><strong>aut</strong></span> 
     </span>
    </p>
   </div>
   <div class='ocr_carea' id='block_1_81' title="bbox 437 4786 2002 4859">
    <p class='ocr_par' dir='ltr' id='par_1_81' title="bbox 437 4786 2002 4859">
     <span class='ocr_line' id='line_1_81' title="bbox 437 4786 2002 4859; baseline 0.002 -19"><span class='ocrx_word' id='word_1_639' title='bbox 437 4786 522 4840; x_wconf 89' lang='lat' dir='ltr'><strong>ille</strong></span> <span class='ocrx_word' id='word_1_640' title='bbox 542 4791 923 4856; x_wconf 85' lang='lat' dir='ltr'><strong>cogitationem</strong></span> <span class='ocrx_word' id='word_1_641' title='bbox 959 4791 1247 4859; x_wconf 85' lang='lat' dir='ltr'><strong>pessimam</strong></span> <span class='ocrx_word' id='word_1_642' title='bbox 1275 4791 1462 4858; x_wconf 87' lang='lat' dir='ltr'><strong>rapiat.</strong></span> <span class='ocrx_word' id='word_1_643' title='bbox 1492 4792 1726 4857; x_wconf 81' lang='lat' dir='ltr'><strong>Denique</strong></span> <span class='ocrx_word' id='word_1_644' title='bbox 1744 4801 1796 4844; x_wconf 91' lang='lat' dir='ltr'><strong>et</strong></span> <span class='ocrx_word' id='word_1_645' title='bbox 1815 4805 2002 4844; x_wconf 87' lang='lat' dir='ltr'><strong>semen</strong></span> 
     </span>
    </p>
   </div>
   <div class='ocr_carea' id='block_1_82' title="bbox 440 4881 2006 4951">
    <p class='ocr_par' dir='ltr' id='par_1_82' title="bbox 440 4881 2006 4951">
     <span class='ocr_line' id='line_1_82' title="bbox 440 4881 2006 4951; baseline 0.001 -18"><span class='ocrx_word' id='word_1_646' title='bbox 440 4881 579 4936; x_wconf 81' lang='lat' dir='ltr'><strong>verbi</strong></span> <span class='ocrx_word' id='word_1_647' title='bbox 609 4882 702 4936; x_wconf 88' lang='lat' dir='ltr'><strong>Dei</strong></span> <span class='ocrx_word' id='word_1_648' title='bbox 744 4883 833 4937; x_wconf 89' lang='lat' dir='ltr'><strong>ubi</strong></span> <span class='ocrx_word' id='word_1_649' title='bbox 879 4883 1024 4937; x_wconf 89' lang='lat' dir='ltr'><strong>cadit</strong></span> <span class='ocrx_word' id='word_1_650' title='bbox 1069 4893 1123 4936; x_wconf 88' lang='lat' dir='ltr'><strong>et</strong></span> <span class='ocrx_word' id='word_1_651' title='bbox 1172 4883 1405 4951; x_wconf 87' lang='lat' dir='ltr'><strong>deperit,</strong></span> <span class='ocrx_word' id='word_1_652' title='bbox 1443 4882 1636 4950; x_wconf 84' lang='lat' dir='ltr'><strong>triplex</strong></span> <span class='ocrx_word' id='word_1_653' title='bbox 1678 4881 2006 4935; x_wconf 88' lang='lat' dir='ltr'><strong>describitur</strong></span> 
     </span>
    </p>
   </div>
   <div class='ocr_carea' id='block_1_83' title="bbox 440 4971 2003 5042">
    <p class='ocr_par' dir='ltr' id='par_1_83' title="bbox 440 4971 2003 5042">
     <span class='ocr_line' id='line_1_83' title="bbox 440 4971 2003 5042; baseline 0.001 -18"><span class='ocrx_word' id='word_1_654' title='bbox 440 4971 580 5028; x_wconf 89' lang='lat' dir='ltr'><strong>locus</strong></span> <span class='ocrx_word' id='word_1_655' title='bbox 601 4975 670 5028; x_wconf 77' lang='lat'><strong>“.</strong></span> <span class='ocrx_word' id='word_1_656' title='bbox 701 4973 849 5029; x_wconf 89' lang='lat' dir='ltr'><strong>Unus</strong></span> <span class='ocrx_word' id='word_1_657' title='bbox 881 4991 1040 5030; x_wconf 86' lang='lat' dir='ltr'><strong>secus</strong></span> <span class='ocrx_word' id='word_1_658' title='bbox 1065 4976 1205 5030; x_wconf 89' lang='lat' dir='ltr'><strong>viarn</strong></span> <span class='ocrx_word' id='word_1_659' title='bbox 1251 4975 1504 5038; x_wconf 82' lang='lat' dir='ltr'><strong>refertur,</strong></span> <span class='ocrx_word' id='word_1_660' title='bbox 1537 4973 1629 5042; x_wconf 93' lang='lat' dir='ltr'><strong>qui</strong></span> <span class='ocrx_word' id='word_1_661' title='bbox 1657 4974 2003 5028; x_wconf 86' lang='lat' dir='ltr'><strong>conculcatur</strong></span> 
     </span>
    </p>
   </div>
   <div class='ocr_carea' id='block_1_84' title="bbox 437 5065 2004 5137">
    <p class='ocr_par' dir='ltr' id='par_1_84' title="bbox 437 5065 2004 5137">
     <span class='ocr_line' id='line_1_84' title="bbox 437 5065 2004 5137; baseline 0.001 -20"><span class='ocrx_word' id='word_1_662' title='bbox 437 5065 502 5119; x_wconf 84' lang='lat' dir='ltr'><strong>ab</strong></span> <span class='ocrx_word' id='word_1_663' title='bbox 527 5067 864 5132; x_wconf 88' lang='lat' dir='ltr'><strong>hominibus;</strong></span> <span class='ocrx_word' id='word_1_664' title='bbox 898 5069 1032 5122; x_wconf 89' lang='lat' dir='ltr'><strong>alius</strong></span> <span class='ocrx_word' id='word_1_665' title='bbox 1057 5069 1109 5122; x_wconf 84' lang='lat' dir='ltr'><strong>iu</strong></span> <span class='ocrx_word' id='word_1_666' title='bbox 1142 5067 1344 5137; x_wconf 84' lang='lat' dir='ltr'><strong>spinis;</strong></span> <span class='ocrx_word' id='word_1_667' title='bbox 1376 5067 1512 5121; x_wconf 83' lang='lat' dir='ltr'><strong>alius</strong></span> <span class='ocrx_word' id='word_1_668' title='bbox 1558 5068 1607 5120; x_wconf 88' lang='lat' dir='ltr'><strong>itt</strong></span> <span class='ocrx_word' id='word_1_669' title='bbox 1657 5066 1908 5136; x_wconf 86' lang='lat' dir='ltr'><strong>petrosis.</strong></span> <span class='ocrx_word' id='word_1_670' title='bbox 1940 5065 2004 5119; x_wconf 81' lang='lat' dir='ltr'><strong>Et</strong></span> 
     </span>
    </p>
   </div>
   <div class='ocr_carea' id='block_1_85' title="bbox 441 5155 2004 5225">
    <p class='ocr_par' dir='ltr' id='par_1_85' title="bbox 441 5155 2004 5225">
     <span class='ocr_line' id='line_1_85' title="bbox 441 5155 2004 5225; baseline 0.001 -19"><span class='ocrx_word' id='word_1_671' title='bbox 441 5160 733 5213; x_wconf 77' lang='lat' dir='ltr'><strong>ccontrario</strong></span> <span class='ocrx_word' id='word_1_672' title='bbox 765 5169 905 5212; x_wconf 87' lang='lat' dir='ltr'><strong>terra</strong></span> <span class='ocrx_word' id='word_1_673' title='bbox 948 5159 1086 5211; x_wconf 90' lang='lat' dir='ltr'><strong>bona</strong></span> <span class='ocrx_word' id='word_1_674' title='bbox 1117 5158 1311 5213; x_wconf 60' lang='grc' dir='ltr'><strong>ωηιξη-ρ</strong></span> <span class='ocrx_word' id='word_1_675' title='bbox 1348 5157 1547 5212; x_wconf 85' lang='lat' dir='ltr'><strong>dicitur</strong></span> <span class='ocrx_word' id='word_1_676' title='bbox 1585 5157 1849 5225; x_wconf 85' lang='lat' dir='ltr'><strong>triplicem</strong></span> <span class='ocrx_word' id='word_1_677' title='bbox 1890 5155 2004 5208; x_wconf 76' lang='lat' dir='ltr'><strong>liu-</strong></span> 
     </span>
    </p>
   </div>
   <div class='ocr_carea' id='block_1_86' title="bbox 505 5291 966 5361">
    <p class='ocr_par' dir='ltr' id='par_1_86' title="bbox 505 5291 966 5361">
     <span class='ocr_line' id='line_1_86' title="bbox 505 5291 966 5361; baseline 0 -14"><span class='ocrx_word' id='word_1_678' title='bbox 505 5291 545 5323; x_wconf 87' lang='grc'><strong>⁸⁷</strong></span> <span class='ocrx_word' id='word_1_679' title='bbox 571 5292 723 5348; x_wconf 82' lang='lat' dir='ltr'><strong>Joan.</strong></span> <span class='ocrx_word' id='word_1_680' title='bbox 762 5311 855 5361; x_wconf 84' lang='lat' dir='ltr'><strong>xx,</strong></span> <span class='ocrx_word' id='word_1_681' title='bbox 882 5295 966 5348; x_wconf 87' lang='lat' dir='ltr'><strong>l7.</strong></span> 
     </span>
    </p>
   </div>
   <div class='ocr_carea' id='block_1_87' title="bbox 443 5359 927 5426">
    <p class='ocr_par' dir='ltr' id='par_1_87' title="bbox 443 5359 927 5426">
     <span class='ocr_line' id='line_1_87' title="bbox 443 5359 927 5426; baseline 0.008 -12"><span class='ocrx_word' id='word_1_682' title='bbox 443 5359 489 5392; x_wconf 74' lang='lat'><strong>&quot;&#39;</strong></span> <span class='ocrx_word' id='word_1_683' title='bbox 525 5361 681 5418; x_wconf 82' lang='lat' dir='ltr'><strong>Exod.</strong></span> <span class='ocrx_word' id='word_1_684' title='bbox 732 5359 848 5426; x_wconf 15' lang='lat' dir='ltr'><strong>xv.»</strong></span> <span class='ocrx_word' id='word_1_685' title='bbox 875 5365 927 5418; x_wconf 82' lang='grc'><strong>5.</strong></span> 
     </span>
    </p>
   </div>
   <div class='ocr_carea' id='block_1_88' title="bbox 447 5428 923 5498">
    <p class='ocr_par' dir='ltr' id='par_1_88' title="bbox 447 5428 923 5498">
     <span class='ocr_line' id='line_1_88' title="bbox 447 5428 923 5498; baseline 0.006 -15"><span class='ocrx_word' id='word_1_686' title='bbox 447 5428 488 5462; x_wconf 58' lang='grc' dir='ltr'>ιο</span> <span class='ocrx_word' id='word_1_687' title='bbox 512 5431 728 5491; x_wconf 85' lang='lat' dir='ltr'><strong>Malacb.</strong></span> <span class='ocrx_word' id='word_1_688' title='bbox 761 5451 844 5498; x_wconf 84' lang='lat' dir='ltr'><strong>ut,</strong></span> <span class='ocrx_word' id='word_1_689' title='bbox 872 5437 923 5490; x_wconf 81' lang='grc'><strong>5.</strong></span> 
     </span>
    </p>
   </div>
   <div class='ocr_carea' id='block_1_89' title="bbox 514 5549 1663 5622">
    <p class='ocr_par' dir='ltr' id='par_1_89' title="bbox 514 5549 1663 5622">
     <span class='ocr_line' id='line_1_89' title="bbox 514 5549 1663 5622; baseline 0.001 -20"><span class='ocrx_word' id='word_1_690' title='bbox 514 5549 616 5622; x_wconf 80' lang='lat' dir='ltr'><strong>(l0)</strong></span> <span class='ocrx_word' id='word_1_691' title='bbox 642 5553 808 5616; x_wconf 72' lang='lat' dir='ltr'><strong>Alias,</strong></span> <span class='ocrx_word' id='word_1_692' title='bbox 845 5571 862 5604; x_wconf 82' lang='grc' dir='ltr'><strong>ι</strong></span> <span class='ocrx_word' id='word_1_693' title='bbox 908 5552 1180 5622; x_wconf 83' lang='lat' dir='ltr'><strong>principes</strong></span> <span class='ocrx_word' id='word_1_694' title='bbox 1206 5562 1260 5606; x_wconf 89' lang='lat' dir='ltr'><strong>et</strong></span> <span class='ocrx_word' id='word_1_695' title='bbox 1287 5561 1598 5619; x_wconf 86' lang='lat' dir='ltr'><strong>potestates.</strong></span> <span class='ocrx_word' id='word_1_696' title='bbox 1644 5571 1663 5603; x_wconf 72' lang='grc' dir='ltr'><strong>ι</strong></span> 
     </span>
    </p>
   </div>
   <div class='ocr_carea' id='block_1_90' title="bbox 518 5621 2003 5691">
    <p class='ocr_par' dir='ltr' id='par_1_90' title="bbox 518 5621 2003 5691">
     <span class='ocr_line' id='line_1_90' title="bbox 518 5621 2003 5691; baseline 0.003 -19"><span class='ocrx_word' id='word_1_697' title='bbox 518 5621 616 5691; x_wconf 71' lang='grc' dir='ltr'>ιιι)</span> <span class='ocrx_word' id='word_1_698' title='bbox 649 5621 970 5676; x_wconf 78' lang='grc' dir='ltr'>νεηίειιιιιιιη</span> <span class='ocrx_word' id='word_1_699' title='bbox 1013 5632 1091 5675; x_wconf 76' lang='lat' dir='ltr'><strong>est</strong></span> <span class='ocrx_word' id='word_1_700' title='bbox 1143 5637 1264 5690; x_wconf 81' lang='lat' dir='ltr'><strong>ergo</strong></span> <span class='ocrx_word' id='word_1_701' title='bbox 1309 5623 1547 5674; x_wconf 79' lang='lat' dir='ltr'><strong>omnibus</strong></span> <span class='ocrx_word' id='word_1_702' title='bbox 1587 5623 1653 5673; x_wconf 79' lang='lat' dir='ltr'><strong>ad</strong></span> <span class='ocrx_word' id='word_1_703' title='bbox 1697 5622 1888 5691; x_wconf 78' lang='lat' dir='ltr'><strong>ignem.</strong></span> <span class='ocrx_word' id='word_1_704' title='bbox 1930 5622 2003 5677; x_wconf 89' lang='lat' dir='ltr'><strong>De</strong></span> 
     </span>
    </p>
   </div>
   <div class='ocr_carea' id='block_1_91' title="bbox 457 5685 2002 5762">
    <p class='ocr_par' dir='ltr' id='par_1_91' title="bbox 457 5685 2002 5762">
     <span class='ocr_line' id='line_1_91' title="bbox 457 5685 2002 5762; baseline 0.006 -24"><span class='ocrx_word' id='word_1_705' title='bbox 457 5685 546 5741; x_wconf 82' lang='lat' dir='ltr'><strong>hoc</strong></span> <span class='ocrx_word' id='word_1_706' title='bbox 572 5685 678 5745; x_wconf 84' lang='lat' dir='ltr'><strong>ioco</strong></span> <span class='ocrx_word' id='word_1_707' title='bbox 715 5693 936 5748; x_wconf 87' lang='lat' dir='ltr'><strong>consule</strong></span> <span class='ocrx_word' id='word_1_708' title='bbox 974 5685 1338 5749; x_wconf 79' lang='lat' dir='ltr'><strong>clarissimum</strong></span> <span class='ocrx_word' id='word_1_709' title='bbox 1369 5691 1620 5746; x_wconf 89' lang='lat' dir='ltr'><strong>lluetium</strong></span> <span class='ocrx_word' id='word_1_710' title='bbox 1649 5685 2002 5762; x_wconf 72' lang='lat' dir='ltr'><strong>Origeniano-</strong></span> 
     </span>
    </p>
   </div>
   <div class='ocr_carea' id='block_1_92' title="bbox 1023 5365 1853 5428">
    <p class='ocr_par' dir='ltr' id='par_1_92' title="bbox 1023 5365 1853 5428">
     <span class='ocr_line' id='line_1_92' title="bbox 1023 5365 1853 5428; baseline -0.004 -11"><span class='ocrx_word' id='word_1_711' title='bbox 1023 5366 1065 5395; x_wconf 67' lang='grc'><strong>⁸³</strong></span> <span class='ocrx_word' id='word_1_712' title='bbox 1101 5365 1230 5417; x_wconf 84' lang='lat' dir='ltr'><strong>ibid.</strong></span> <span class='ocrx_word' id='word_1_713' title='bbox 1277 5367 1360 5416; x_wconf 80' lang='grc'><strong>10.</strong></span> <span class='ocrx_word' id='word_1_714' title='bbox 1443 5367 1483 5394; x_wconf 58' lang='grc'><strong>³⁵</strong></span> <span class='ocrx_word' id='word_1_715' title='bbox 1516 5365 1680 5418; x_wconf 69' lang='grc' dir='ltr'><strong>ΖίιιτΙι.</strong></span> <span class='ocrx_word' id='word_1_716' title='bbox 1730 5381 1778 5428; x_wconf 92' lang='lat' dir='ltr'><strong>v,</strong></span> <span class='ocrx_word' id='word_1_717' title='bbox 1805 5366 1853 5415; x_wconf 85' lang='lat'><strong>7.</strong></span> 
     </span>
    </p>
   </div>
   <div class='ocr_carea' id='block_1_93' title="bbox 2118 3235 3696 3310">
    <p class='ocr_par' dir='ltr' id='par_1_93' title="bbox 2118 3235 3696 3310">
     <span class='ocr_line' id='line_1_93' title="bbox 2118 3235 3696 3310; baseline 0.01 -28"><span class='ocrx_word' id='word_1_718' title='bbox 2118 3242 2339 3301; x_wconf 89' lang='lat' dir='ltr'><strong>guntur,</strong></span> <span class='ocrx_word' id='word_1_719' title='bbox 2373 3235 2465 3288; x_wconf 87' lang='lat' dir='ltr'><strong>sed</strong></span> <span class='ocrx_word' id='word_1_720' title='bbox 2493 3236 2774 3290; x_wconf 87' lang='lat' dir='ltr'><strong>ambulant</strong></span> <span class='ocrx_word' id='word_1_721' title='bbox 2803 3254 2965 3308; x_wconf 88' lang='lat' dir='ltr'><strong>super</strong></span> <span class='ocrx_word' id='word_1_722' title='bbox 2997 3256 3186 3310; x_wconf 87' lang='lat' dir='ltr'><strong>aquas.</strong></span> <span class='ocrx_word' id='word_1_723' title='bbox 3218 3244 3344 3310; x_wconf 88' lang='lat' dir='ltr'><strong>quia</strong></span> <span class='ocrx_word' id='word_1_724' title='bbox 3377 3243 3522 3299; x_wconf 86' lang='lat' dir='ltr'><strong>leves</strong></span> <span class='ocrx_word' id='word_1_725' title='bbox 3545 3257 3696 3308; x_wconf 87' lang='lat' dir='ltr'><strong>sunt,</strong></span> 
     </span>
    </p>
   </div>
   <div class='ocr_carea' id='block_1_94' title="bbox 2116 3325 3699 3400">
    <p class='ocr_par' dir='ltr' id='par_1_94' title="bbox 2116 3325 3699 3400">
     <span class='ocr_line' id='line_1_94' title="bbox 2116 3325 3699 3400; baseline 0.008 -24"><span class='ocrx_word' id='word_1_726' title='bbox 2116 3330 2172 3376; x_wconf 86' lang='lat' dir='ltr'><strong>et</strong></span> <span class='ocrx_word' id='word_1_727' title='bbox 2204 3325 2410 3392; x_wconf 88' lang='lat' dir='ltr'><strong>peccati</strong></span> <span class='ocrx_word' id='word_1_728' title='bbox 2457 3327 2694 3393; x_wconf 87' lang='lat' dir='ltr'><strong>pondere</strong></span> <span class='ocrx_word' id='word_1_729' title='bbox 2737 3343 2842 3381; x_wconf 92' lang='lat' dir='ltr'><strong>non</strong></span> <span class='ocrx_word' id='word_1_730' title='bbox 2889 3343 3206 3399; x_wconf 88' lang='lat' dir='ltr'><strong>gravantur.</strong></span> <span class='ocrx_word' id='word_1_731' title='bbox 3239 3333 3480 3400; x_wconf 89' lang='lat' dir='ltr'><strong>Denique</strong></span> <span class='ocrx_word' id='word_1_732' title='bbox 3519 3336 3699 3389; x_wconf 89' lang='lat' dir='ltr'><strong>Domi-</strong></span> 
     </span>
    </p>
   </div>
   <div class='ocr_carea' id='block_1_95' title="bbox 2120 3415 3696 3492">
    <p class='ocr_par' dir='ltr' id='par_1_95' title="bbox 2120 3415 3696 3492">
     <span class='ocr_line' id='line_1_95' title="bbox 2120 3415 3696 3492; baseline 0.009 -25"><span class='ocrx_word' id='word_1_733' title='bbox 2120 3431 2220 3467; x_wconf 89' lang='lat' dir='ltr'><strong>nus</strong></span> <span class='ocrx_word' id='word_1_734' title='bbox 2264 3423 2318 3468; x_wconf 92' lang='lat' dir='ltr'><strong>et</strong></span> <span class='ocrx_word' id='word_1_735' title='bbox 2368 3415 2620 3470; x_wconf 89' lang='lat' dir='ltr'><strong>Salvator</strong></span> <span class='ocrx_word' id='word_1_736' title='bbox 2667 3429 2851 3473; x_wconf 89' lang='lat' dir='ltr'><strong>noster</strong></span> <span class='ocrx_word' id='word_1_737' title='bbox 2896 3433 3061 3490; x_wconf 86' lang='lat' dir='ltr'><strong>super</strong></span> <span class='ocrx_word' id='word_1_738' title='bbox 3093 3437 3262 3492; x_wconf 90' lang='lat' dir='ltr'><strong>aquas</strong></span> <span class='ocrx_word' id='word_1_739' title='bbox 3303 3425 3601 3480; x_wconf 84' lang='lat' dir='ltr'><strong>ambulavit</strong></span> <span class='ocrx_word' id='word_1_740' title='bbox 3628 3427 3696 3481; x_wconf 75' lang='lat'><strong>“.</strong></span> 
     </span>
    </p>
   </div>
   <div class='ocr_carea' id='block_1_96' title="bbox 2118 3505 3699 3581">
    <p class='ocr_par' dir='ltr' id='par_1_96' title="bbox 2118 3505 3699 3581">
     <span class='ocr_line' id='line_1_96' title="bbox 2118 3505 3699 3581; baseline 0.009 -22"><span class='ocrx_word' id='word_1_741' title='bbox 2118 3505 2233 3576; x_wconf 80' lang='lat' dir='ltr'><strong>Ipse</strong></span> <span class='ocrx_word' id='word_1_742' title='bbox 2262 3518 2340 3560; x_wconf 89' lang='lat' dir='ltr'><strong>est</strong></span> <span class='ocrx_word' id='word_1_743' title='bbox 2373 3510 2516 3562; x_wconf 91' lang='lat' dir='ltr'><strong>enim</strong></span> <span class='ocrx_word' id='word_1_744' title='bbox 2547 3510 2637 3577; x_wconf 92' lang='lat' dir='ltr'><strong>qui</strong></span> <span class='ocrx_word' id='word_1_745' title='bbox 2675 3525 2800 3564; x_wconf 85' lang='lat' dir='ltr'><strong>vcre</strong></span> <span class='ocrx_word' id='word_1_746' title='bbox 2840 3523 3125 3581; x_wconf 91' lang='lat' dir='ltr'><strong>peccatum</strong></span> <span class='ocrx_word' id='word_1_747' title='bbox 3168 3517 3358 3570; x_wconf 89' lang='lat' dir='ltr'><strong>nescit.</strong></span> <span class='ocrx_word' id='word_1_748' title='bbox 3387 3518 3699 3574; x_wconf 86' lang='lat' dir='ltr'><strong>Ambulavit</strong></span> 
     </span>
    </p>
   </div>
   <div class='ocr_carea' id='block_1_97' title="bbox 2117 3595 3700 3678">
    <p class='ocr_par' dir='ltr' id='par_1_97' title="bbox 2117 3595 3700 3678">
     <span class='ocr_line' id='line_1_97' title="bbox 2117 3595 3700 3678; baseline 0.011 -30"><span class='ocrx_word' id='word_1_749' title='bbox 2117 3605 2168 3648; x_wconf 90' lang='lat' dir='ltr'><strong>et</strong></span> <span class='ocrx_word' id='word_1_750' title='bbox 2199 3595 2499 3664; x_wconf 90' lang='lat' dir='ltr'><strong>discipulus</strong></span> <span class='ocrx_word' id='word_1_751' title='bbox 2536 3598 2654 3667; x_wconf 86' lang='lat' dir='ltr'><strong>ejus</strong></span> <span class='ocrx_word' id='word_1_752' title='bbox 2690 3597 2902 3664; x_wconf 83' lang='lat' dir='ltr'><strong>Petrus,</strong></span> <span class='ocrx_word' id='word_1_753' title='bbox 2935 3602 3060 3658; x_wconf 90' lang='lat' dir='ltr'><strong>licet</strong></span> <span class='ocrx_word' id='word_1_754' title='bbox 3083 3604 3362 3673; x_wconf 85' lang='lat' dir='ltr'><strong>paululum</strong></span> <span class='ocrx_word' id='word_1_755' title='bbox 3394 3611 3700 3678; x_wconf 83' lang='lat' dir='ltr'><strong>trepidave-</strong></span> 
     </span>
    </p>
   </div>
   <div class='ocr_carea' id='block_1_98' title="bbox 2120 3686 3700 3766">
    <p class='ocr_par' dir='ltr' id='par_1_98' title="bbox 2120 3686 3700 3766">
     <span class='ocr_line' id='line_1_98' title="bbox 2120 3686 3700 3766; baseline 0.01 -28"><span class='ocrx_word' id='word_1_756' title='bbox 2120 3686 2209 3740; x_wconf 87' lang='lat' dir='ltr'><strong>rit.</strong></span> <span class='ocrx_word' id='word_1_757' title='bbox 2243 3687 2356 3740; x_wconf 77' lang='lat' dir='ltr'><strong>Non</strong></span> <span class='ocrx_word' id='word_1_758' title='bbox 2395 3690 2536 3742; x_wconf 88' lang='lat' dir='ltr'><strong>enim</strong></span> <span class='ocrx_word' id='word_1_759' title='bbox 2563 3699 2746 3743; x_wconf 78' lang='lat' dir='ltr'><strong>tantus</strong></span> <span class='ocrx_word' id='word_1_760' title='bbox 2773 3704 2890 3745; x_wconf 83' lang='lat' dir='ltr'><strong>erat</strong></span> <span class='ocrx_word' id='word_1_761' title='bbox 2926 3709 2988 3747; x_wconf 88' lang='lat' dir='ltr'><strong>ac</strong></span> <span class='ocrx_word' id='word_1_762' title='bbox 3020 3695 3162 3760; x_wconf 85' lang='lat' dir='ltr'><strong>talis,</strong></span> <span class='ocrx_word' id='word_1_763' title='bbox 3189 3697 3279 3766; x_wconf 86' lang='lat' dir='ltr'><strong>qui</strong></span> <span class='ocrx_word' id='word_1_764' title='bbox 3317 3698 3445 3750; x_wconf 90' lang='lat' dir='ltr'><strong>nihil</strong></span> <span class='ocrx_word' id='word_1_765' title='bbox 3477 3703 3700 3755; x_wconf 83' lang='lat' dir='ltr'><strong>omnino</strong></span> 
     </span>
    </p>
   </div>
   <div class='ocr_carea' id='block_1_99' title="bbox 2118 3777 3696 3855">
    <p class='ocr_par' dir='ltr' id='par_1_99' title="bbox 2118 3777 3696 3855">
     <span class='ocr_line' id='line_1_99' title="bbox 2118 3777 3696 3855; baseline 0.01 -26"><span class='ocrx_word' id='word_1_766' title='bbox 2118 3777 2184 3829; x_wconf 86' lang='lat' dir='ltr'><strong>tle</strong></span> <span class='ocrx_word' id='word_1_767' title='bbox 2215 3778 2393 3846; x_wconf 87' lang='lat' dir='ltr'><strong>specie</strong></span> <span class='ocrx_word' id='word_1_768' title='bbox 2424 3778 2626 3846; x_wconf 87' lang='lat' dir='ltr'><strong>plumbi</strong></span> <span class='ocrx_word' id='word_1_769' title='bbox 2668 3783 2716 3832; x_wconf 92' lang='lat' dir='ltr'><strong>in</strong></span> <span class='ocrx_word' id='word_1_770' title='bbox 2757 3797 2816 3834; x_wconf 84' lang='lat' dir='ltr'><strong>se</strong></span> <span class='ocrx_word' id='word_1_771' title='bbox 2861 3783 3087 3838; x_wconf 87' lang='lat' dir='ltr'><strong>haberet</strong></span> <span class='ocrx_word' id='word_1_772' title='bbox 3120 3787 3430 3840; x_wconf 79' lang='lat' dir='ltr'><strong>admistum.</strong></span> <span class='ocrx_word' id='word_1_773' title='bbox 3477 3789 3696 3855; x_wconf 87' lang='lat' dir='ltr'><strong>llabttit,</strong></span> 
     </span>
    </p>
   </div>
   <div class='ocr_carea' id='block_1_100' title="bbox 2122 3868 3697 3943">
    <p class='ocr_par' dir='ltr' id='par_1_100' title="bbox 2122 3868 3697 3943">
     <span class='ocr_line' id='line_1_100' title="bbox 2122 3868 3697 3943; baseline 0.011 -24"><span class='ocrx_word' id='word_1_774' title='bbox 2122 3868 2246 3921; x_wconf 76' lang='lat' dir='ltr'><strong>licet</strong></span> <span class='ocrx_word' id='word_1_775' title='bbox 2275 3887 2486 3938; x_wconf 73' lang='lat' dir='ltr'><strong>parum.</strong></span> <span class='ocrx_word' id='word_1_776' title='bbox 2516 3871 2743 3941; x_wconf 89' lang='lat' dir='ltr'><strong>Propter</strong></span> <span class='ocrx_word' id='word_1_777' title='bbox 2763 3875 2905 3943; x_wconf 90' lang='lat' dir='ltr'><strong>quod</strong></span> <span class='ocrx_word' id='word_1_778' title='bbox 2933 3875 3062 3929; x_wconf 90' lang='lat' dir='ltr'><strong>dicit</strong></span> <span class='ocrx_word' id='word_1_779' title='bbox 3090 3877 3155 3929; x_wconf 86' lang='lat' dir='ltr'><strong>ad</strong></span> <span class='ocrx_word' id='word_1_780' title='bbox 3179 3893 3303 3932; x_wconf 87' lang='lat' dir='ltr'><strong>cum</strong></span> <span class='ocrx_word' id='word_1_781' title='bbox 3335 3879 3591 3936; x_wconf 86' lang='lat' dir='ltr'><strong>Dominus</strong></span> <span class='ocrx_word' id='word_1_782' title='bbox 3608 3883 3650 3914; x_wconf 64' lang='grc' dir='ltr'><strong>δ’</strong></span> <span class='ocrx_word' id='word_1_783' title='bbox 3681 3898 3697 3935; x_wconf 92' lang='lat'><strong>:</strong></span> 
     </span>
    </p>
   </div>
   <div class='ocr_carea' id='block_1_101' title="bbox 2124 3962 3693 4042">
    <p class='ocr_par' dir='ltr' id='par_1_101' title="bbox 2124 3962 3693 4042">
     <span class='ocr_line' id='line_1_101' title="bbox 2124 3962 3693 4042; baseline 0.009 -29"><span class='ocrx_word' id='word_1_784' title='bbox 2124 3980 2140 4036; x_wconf 70' lang='grc' dir='ltr'><strong>ι</strong></span> <span class='ocrx_word' id='word_1_785' title='bbox 2177 3962 2398 4016; x_wconf 79' lang='lat' dir='ltr'><strong>Modica:</strong></span> <span class='ocrx_word' id='word_1_786' title='bbox 2435 3964 2576 4024; x_wconf 89' lang='lat' dir='ltr'><strong>lidei,</strong></span> <span class='ocrx_word' id='word_1_787' title='bbox 2610 3980 2779 4034; x_wconf 81' lang='lat' dir='ltr'><strong>quare</strong></span> <span class='ocrx_word' id='word_1_788' title='bbox 2813 3967 3114 4022; x_wconf 85' lang='lat' dir='ltr'><strong>dubitasti?</strong></span> <span class='ocrx_word' id='word_1_789' title='bbox 3139 3989 3157 4022; x_wconf 78' lang='grc' dir='ltr'><strong>ι</strong></span> <span class='ocrx_word' id='word_1_790' title='bbox 3183 3970 3389 4025; x_wconf 88' lang='lat' dir='ltr'><strong>Idcirco</strong></span> <span class='ocrx_word' id='word_1_791' title='bbox 3416 3973 3581 4042; x_wconf 79' lang='lat' dir='ltr'><strong>igitur</strong></span> <span class='ocrx_word' id='word_1_792' title='bbox 3605 3977 3693 4042; x_wconf 91' lang='lat' dir='ltr'><strong>qtti</strong></span> 
     </span>
    </p>
   </div>
   <div class='ocr_carea' id='block_1_102' title="bbox 2116 4053 3697 4133">
    <p class='ocr_par' dir='ltr' id='par_1_102' title="bbox 2116 4053 3697 4133">
     <span class='ocr_line' id='line_1_102' title="bbox 2116 4053 3697 4133; baseline 0.008 -25"><span class='ocrx_word' id='word_1_793' title='bbox 2116 4053 2296 4108; x_wconf 89' lang='lat' dir='ltr'><strong>salvus</strong></span> <span class='ocrx_word' id='word_1_794' title='bbox 2331 4055 2410 4117; x_wconf 89' lang='lat' dir='ltr'><strong>lit,</strong></span> <span class='ocrx_word' id='word_1_795' title='bbox 2439 4071 2533 4127; x_wconf 89' lang='lat' dir='ltr'><strong>per</strong></span> <span class='ocrx_word' id='word_1_796' title='bbox 2575 4058 2750 4126; x_wconf 87' lang='lat' dir='ltr'><strong>ignem</strong></span> <span class='ocrx_word' id='word_1_797' title='bbox 2793 4056 2978 4112; x_wconf 85' lang='lat' dir='ltr'><strong>salvus</strong></span> <span class='ocrx_word' id='word_1_798' title='bbox 3020 4060 3098 4124; x_wconf 89' lang='lat' dir='ltr'><strong>lit,</strong></span> <span class='ocrx_word' id='word_1_799' title='bbox 3131 4070 3187 4114; x_wconf 90' lang='lat' dir='ltr'><strong>ut</strong></span> <span class='ocrx_word' id='word_1_800' title='bbox 3226 4063 3270 4116; x_wconf 86' lang='lat' dir='ltr'><strong>si</strong></span> <span class='ocrx_word' id='word_1_801' title='bbox 3303 4064 3430 4133; x_wconf 90' lang='lat' dir='ltr'><strong>quid</strong></span> <span class='ocrx_word' id='word_1_802' title='bbox 3466 4068 3601 4119; x_wconf 83' lang='lat' dir='ltr'><strong>lurtc</strong></span> <span class='ocrx_word' id='word_1_803' title='bbox 3631 4070 3697 4120; x_wconf 88' lang='lat' dir='ltr'><strong>de</strong></span> 
     </span>
    </p>
   </div>
   <div class='ocr_carea' id='block_1_103' title="bbox 2113 4145 3697 4221">
    <p class='ocr_par' dir='ltr' id='par_1_103' title="bbox 2113 4145 3697 4221">
     <span class='ocr_line' id='line_1_103' title="bbox 2113 4145 3697 4221; baseline 0.006 -24"><span class='ocrx_word' id='word_1_804' title='bbox 2113 4145 2292 4213; x_wconf 87' lang='lat' dir='ltr'><strong>specie</strong></span> <span class='ocrx_word' id='word_1_805' title='bbox 2315 4145 2519 4214; x_wconf 91' lang='lat' dir='ltr'><strong>plumbi</strong></span> <span class='ocrx_word' id='word_1_806' title='bbox 2548 4147 2800 4200; x_wconf 84' lang='lat' dir='ltr'><strong>habuerit</strong></span> <span class='ocrx_word' id='word_1_807' title='bbox 2822 4148 3140 4212; x_wconf 89' lang='lat' dir='ltr'><strong>admistum,</strong></span> <span class='ocrx_word' id='word_1_808' title='bbox 3181 4149 3230 4202; x_wconf 90' lang='lat' dir='ltr'><strong>id</strong></span> <span class='ocrx_word' id='word_1_809' title='bbox 3263 4151 3401 4220; x_wconf 79' lang='lat' dir='ltr'><strong>ignis</strong></span> <span class='ocrx_word' id='word_1_810' title='bbox 3433 4155 3697 4221; x_wconf 87' lang='lat' dir='ltr'><strong>decoquat</strong></span> 
     </span>
    </p>
   </div>
   <div class='ocr_carea' id='block_1_104' title="bbox 2113 4236 3692 4299">
    <p class='ocr_par' dir='ltr' id='par_1_104' title="bbox 2113 4236 3692 4299">
     <span class='ocr_line' id='line_1_104' title="bbox 2113 4236 3692 4299; baseline 0.007 -12"><span class='ocrx_word' id='word_1_811' title='bbox 2113 4245 2167 4287; x_wconf 88' lang='lat' dir='ltr'><strong>et</strong></span> <span class='ocrx_word' id='word_1_812' title='bbox 2200 4237 2453 4299; x_wconf 87' lang='lat' dir='ltr'><strong>resolvat,</strong></span> <span class='ocrx_word' id='word_1_813' title='bbox 2497 4247 2554 4290; x_wconf 93' lang='lat' dir='ltr'><strong>ut</strong></span> <span class='ocrx_word' id='word_1_814' title='bbox 2605 4236 2914 4292; x_wconf 84' lang='lat' dir='ltr'><strong>elliciantur</strong></span> <span class='ocrx_word' id='word_1_815' title='bbox 2971 4255 3160 4295; x_wconf 84' lang='lat' dir='ltr'><strong>omnes</strong></span> <span class='ocrx_word' id='word_1_816' title='bbox 3207 4259 3398 4294; x_wconf 85' lang='lat' dir='ltr'><strong>anrtun</strong></span> <span class='ocrx_word' id='word_1_817' title='bbox 3448 4245 3692 4298; x_wconf 87' lang='lat' dir='ltr'><strong>bonum:</strong></span> 
     </span>
    </p>
   </div>
   <div class='ocr_carea' id='block_1_105' title="bbox 2114 4328 3693 4403">
    <p class='ocr_par' dir='ltr' id='par_1_105' title="bbox 2114 4328 3693 4403">
     <span class='ocr_line' id='line_1_105' title="bbox 2114 4328 3693 4403; baseline 0.008 -26"><span class='ocrx_word' id='word_1_818' title='bbox 2114 4328 2240 4394; x_wconf 88' lang='lat' dir='ltr'><strong>quia</strong></span> <span class='ocrx_word' id='word_1_819' title='bbox 2279 4343 2467 4380; x_wconf 89' lang='lat' dir='ltr'><strong>aurum</strong></span> <span class='ocrx_word' id='word_1_820' title='bbox 2505 4339 2664 4383; x_wconf 68' lang='lat' dir='ltr'><strong>terra:</strong></span> <span class='ocrx_word' id='word_1_821' title='bbox 2699 4330 2845 4384; x_wconf 90' lang='lat' dir='ltr'><strong>illius</strong></span> <span class='ocrx_word' id='word_1_822' title='bbox 2875 4331 3073 4385; x_wconf 89' lang='lat' dir='ltr'><strong>bonmn</strong></span> <span class='ocrx_word' id='word_1_823' title='bbox 3117 4345 3240 4386; x_wconf 85' lang='lat' dir='ltr'><strong>esse</strong></span> <span class='ocrx_word' id='word_1_824' title='bbox 3271 4334 3490 4398; x_wconf 86' lang='lat' dir='ltr'><strong>dicitur,</strong></span> <span class='ocrx_word' id='word_1_825' title='bbox 3529 4351 3693 4403; x_wconf 87' lang='lat' dir='ltr'><strong>quam</strong></span> 
     </span>
    </p>
   </div>
   <div class='ocr_carea' id='block_1_106' title="bbox 2115 4418 3692 4493">
    <p class='ocr_par' dir='ltr' id='par_1_106' title="bbox 2115 4418 3692 4493">
     <span class='ocr_line' id='line_1_106' title="bbox 2115 4418 3692 4493; baseline 0.004 -22"><span class='ocrx_word' id='word_1_826' title='bbox 2115 4418 2349 4472; x_wconf 90' lang='lat' dir='ltr'><strong>habituri</strong></span> <span class='ocrx_word' id='word_1_827' title='bbox 2389 4428 2517 4472; x_wconf 87' lang='lat' dir='ltr'><strong>sunt</strong></span> <span class='ocrx_word' id='word_1_828' title='bbox 2567 4421 2766 4485; x_wconf 90' lang='lat' dir='ltr'><strong>sancti,</strong></span> <span class='ocrx_word' id='word_1_829' title='bbox 2825 4430 2882 4475; x_wconf 94' lang='lat' dir='ltr'><strong>et</strong></span> <span class='ocrx_word' id='word_1_830' title='bbox 2933 4423 3074 4476; x_wconf 87' lang='lat' dir='ltr'><strong>sicut</strong></span> <span class='ocrx_word' id='word_1_831' title='bbox 3115 4422 3305 4478; x_wconf 80' lang='lat' dir='ltr'><strong>fornax</strong></span> <span class='ocrx_word' id='word_1_832' title='bbox 3351 4428 3542 4493; x_wconf 87' lang='lat' dir='ltr'><strong>probat</strong></span> <span class='ocrx_word' id='word_1_833' title='bbox 3592 4444 3692 4478; x_wconf 90' lang='lat' dir='ltr'><strong>au-</strong></span> 
     </span>
    </p>
   </div>
   <div class='ocr_carea' id='block_1_107' title="bbox 2117 4509 3693 4582">
    <p class='ocr_par' dir='ltr' id='par_1_107' title="bbox 2117 4509 3693 4582">
     <span class='ocr_line' id='line_1_107' title="bbox 2117 4509 3693 4582; baseline 0.008 -23"><span class='ocrx_word' id='word_1_834' title='bbox 2117 4524 2232 4562; x_wconf 91' lang='lat' dir='ltr'><strong>rum</strong></span> <span class='ocrx_word' id='word_1_835' title='bbox 2266 4509 2332 4573; x_wconf 65' lang='grc'><strong>⁸⁸,</strong></span> <span class='ocrx_word' id='word_1_836' title='bbox 2378 4510 2456 4564; x_wconf 85' lang='lat' dir='ltr'><strong>sic</strong></span> <span class='ocrx_word' id='word_1_837' title='bbox 2521 4512 2766 4567; x_wconf 84' lang='lat' dir='ltr'><strong>homines</strong></span> <span class='ocrx_word' id='word_1_838' title='bbox 2829 4512 3005 4582; x_wconf 86' lang='lat' dir='ltr'><strong>justos</strong></span> <span class='ocrx_word' id='word_1_839' title='bbox 3063 4515 3310 4570; x_wconf 89' lang='lat' dir='ltr'><strong>tentatio.</strong></span> <span class='ocrx_word' id='word_1_840' title='bbox 3361 4517 3693 4572; x_wconf 80' lang='lat' dir='ltr'><strong>Veniendnm</strong></span> 
     </span>
    </p>
   </div>
   <div class='ocr_carea' id='block_1_108' title="bbox 2113 4602 3694 4677">
    <p class='ocr_par' dir='ltr' id='par_1_108' title="bbox 2113 4602 3694 4677">
     <span class='ocr_line' id='line_1_108' title="bbox 2113 4602 3694 4677; baseline 0.006 -24"><span class='ocrx_word' id='word_1_841' title='bbox 2113 4611 2196 4654; x_wconf 89' lang='lat' dir='ltr'><strong>est</strong></span> <span class='ocrx_word' id='word_1_842' title='bbox 2226 4615 2356 4672; x_wconf 80' lang='lat' dir='ltr'><strong>ergo</strong></span> <span class='ocrx_word' id='word_1_843' title='bbox 2384 4602 2637 4657; x_wconf 90' lang='lat' dir='ltr'><strong>omnibus</strong></span> <span class='ocrx_word' id='word_1_844' title='bbox 2667 4604 2732 4657; x_wconf 90' lang='lat' dir='ltr'><strong>ad</strong></span> <span class='ocrx_word' id='word_1_845' title='bbox 2764 4605 2941 4674; x_wconf 84' lang='lat' dir='ltr'><strong>ignem</strong></span> <span class='ocrx_word' id='word_1_846' title='bbox 2974 4605 3115 4677; x_wconf 83' lang='lat' dir='ltr'><strong>(ll),</strong></span> <span class='ocrx_word' id='word_1_847' title='bbox 3154 4608 3474 4666; x_wconf 84' lang='lat' dir='ltr'><strong>veniendum</strong></span> <span class='ocrx_word' id='word_1_848' title='bbox 3508 4620 3591 4663; x_wconf 86' lang='lat' dir='ltr'><strong>est</strong></span> <span class='ocrx_word' id='word_1_849' title='bbox 3627 4616 3694 4662; x_wconf 89' lang='lat' dir='ltr'><strong>ad</strong></span> 
     </span>
    </p>
   </div>
   <div class='ocr_carea' id='block_1_109' title="bbox 2113 4693 3697 4766">
    <p class='ocr_par' dir='ltr' id='par_1_109' title="bbox 2113 4693 3697 4766">
     <span class='ocr_line' id='line_1_109' title="bbox 2113 4693 3697 4766; baseline 0.006 -23"><span class='ocrx_word' id='word_1_850' title='bbox 2113 4693 2509 4748; x_wconf 86' lang='lat' dir='ltr'><strong>conllatorium.</strong></span> <span class='ocrx_word' id='word_1_851' title='bbox 2543 4695 2705 4749; x_wconf 85' lang='lat' dir='ltr'><strong>Sedet</strong></span> <span class='ocrx_word' id='word_1_852' title='bbox 2755 4698 2900 4750; x_wconf 89' lang='lat' dir='ltr'><strong>enim</strong></span> <span class='ocrx_word' id='word_1_853' title='bbox 2951 4699 3232 4766; x_wconf 88' lang='lat' dir='ltr'><strong>Dominus,</strong></span> <span class='ocrx_word' id='word_1_854' title='bbox 3278 4711 3331 4754; x_wconf 82' lang='lat' dir='ltr'><strong>et</strong></span> <span class='ocrx_word' id='word_1_855' title='bbox 3376 4702 3597 4766; x_wconf 87' lang='lat' dir='ltr'><strong>cunllat,</strong></span> <span class='ocrx_word' id='word_1_856' title='bbox 3641 4714 3697 4755; x_wconf 87' lang='lat' dir='ltr'><strong>et.</strong></span> 
     </span>
    </p>
   </div>
   <div class='ocr_carea' id='block_1_110' title="bbox 2112 4785 3693 4856">
    <p class='ocr_par' dir='ltr' id='par_1_110' title="bbox 2112 4785 3693 4856">
     <span class='ocr_line' id='line_1_110' title="bbox 2112 4785 3693 4856; baseline 0.008 -21"><span class='ocrx_word' id='word_1_857' title='bbox 2112 4795 2305 4852; x_wconf 87' lang='lat' dir='ltr'><strong>purgat</strong></span> <span class='ocrx_word' id='word_1_858' title='bbox 2336 4786 2474 4846; x_wconf 85' lang='lat' dir='ltr'><strong>lilios</strong></span> <span class='ocrx_word' id='word_1_859' title='bbox 2515 4785 2649 4841; x_wconf 80' lang='lat' dir='ltr'><strong>Juda</strong></span> <span class='ocrx_word' id='word_1_860' title='bbox 2679 4788 2746 4842; x_wconf 57' lang='grc' dir='ltr'>ω.</span> <span class='ocrx_word' id='word_1_861' title='bbox 2788 4790 2892 4844; x_wconf 88' lang='lat' dir='ltr'><strong>Sed</strong></span> <span class='ocrx_word' id='word_1_862' title='bbox 2936 4800 2993 4845; x_wconf 88' lang='lat' dir='ltr'><strong>et</strong></span> <span class='ocrx_word' id='word_1_863' title='bbox 3035 4792 3164 4846; x_wconf 92' lang='lat' dir='ltr'><strong>illuc</strong></span> <span class='ocrx_word' id='word_1_864' title='bbox 3213 4810 3335 4844; x_wconf 87' lang='lat' dir='ltr'><strong>cum</strong></span> <span class='ocrx_word' id='word_1_865' title='bbox 3386 4793 3621 4856; x_wconf 86' lang='lat' dir='ltr'><strong>venitur,</strong></span> <span class='ocrx_word' id='word_1_866' title='bbox 3649 4796 3693 4847; x_wconf 85' lang='lat' dir='ltr'><strong>si</strong></span> 
     </span>
    </p>
   </div>
   <div class='ocr_carea' id='block_1_111' title="bbox 2114 4876 3696 4950">
    <p class='ocr_par' dir='ltr' id='par_1_111' title="bbox 2114 4876 3696 4950">
     <span class='ocr_line' id='line_1_111' title="bbox 2114 4876 3696 4950; baseline 0.006 -24"><span class='ocrx_word' id='word_1_867' title='bbox 2114 4876 2235 4943; x_wconf 88' lang='lat' dir='ltr'><strong>quis</strong></span> <span class='ocrx_word' id='word_1_868' title='bbox 2267 4877 2438 4930; x_wconf 85' lang='lat' dir='ltr'><strong>multa</strong></span> <span class='ocrx_word' id='word_1_869' title='bbox 2467 4893 2629 4947; x_wconf 88' lang='lat' dir='ltr'><strong>opera</strong></span> <span class='ocrx_word' id='word_1_870' title='bbox 2661 4879 2831 4944; x_wconf 87' lang='lat' dir='ltr'><strong>bona,</strong></span> <span class='ocrx_word' id='word_1_871' title='bbox 2862 4888 2916 4933; x_wconf 91' lang='lat' dir='ltr'><strong>et</strong></span> <span class='ocrx_word' id='word_1_872' title='bbox 2961 4896 3151 4950; x_wconf 89' lang='lat' dir='ltr'><strong>parmn</strong></span> <span class='ocrx_word' id='word_1_873' title='bbox 3198 4880 3402 4947; x_wconf 81' lang='lat' dir='ltr'><strong>aliquid</strong></span> <span class='ocrx_word' id='word_1_874' title='bbox 3439 4881 3696 4950; x_wconf 77' lang='lat' dir='ltr'><strong>iniquita-</strong></span> 
     </span>
    </p>
   </div>
   <div class='ocr_carea' id='block_1_112' title="bbox 2114 4970 3692 5043">
    <p class='ocr_par' dir='ltr' id='par_1_112' title="bbox 2114 4970 3692 5043">
     <span class='ocr_line' id='line_1_112' title="bbox 2114 4970 3692 5043; baseline 0.004 -21"><span class='ocrx_word' id='word_1_875' title='bbox 2114 4971 2181 5022; x_wconf 82' lang='lat' dir='ltr'><strong>tis</strong></span> <span class='ocrx_word' id='word_1_876' title='bbox 2233 4970 2500 5037; x_wconf 87' lang='lat' dir='ltr'><strong>attulerit,</strong></span> <span class='ocrx_word' id='word_1_877' title='bbox 2549 4973 2679 5027; x_wconf 91' lang='lat' dir='ltr'><strong>illud</strong></span> <span class='ocrx_word' id='word_1_878' title='bbox 2726 4990 2912 5043; x_wconf 88' lang='lat' dir='ltr'><strong>parum</strong></span> <span class='ocrx_word' id='word_1_879' title='bbox 2967 4985 3223 5042; x_wconf 72' lang='lat' dir='ltr'><strong>tanquam</strong></span> <span class='ocrx_word' id='word_1_880' title='bbox 3264 4974 3540 5043; x_wconf 90' lang='lat' dir='ltr'><strong>plumbum</strong></span> <span class='ocrx_word' id='word_1_881' title='bbox 3585 4975 3692 5041; x_wconf 80' lang='lat' dir='ltr'><strong>igni</strong></span> 
     </span>
    </p>
   </div>
   <div class='ocr_carea' id='block_1_113' title="bbox 2114 5063 3690 5134">
    <p class='ocr_par' dir='ltr' id='par_1_113' title="bbox 2114 5063 3690 5134">
     <span class='ocr_line' id='line_1_113' title="bbox 2114 5063 3690 5134; baseline 0.004 -20"><span class='ocrx_word' id='word_1_882' title='bbox 2114 5063 2403 5117; x_wconf 83' lang='lat' dir='ltr'><strong>resolvitur</strong></span> <span class='ocrx_word' id='word_1_883' title='bbox 2454 5074 2518 5118; x_wconf 89' lang='lat' dir='ltr'><strong>a&#39;c</strong></span> <span class='ocrx_word' id='word_1_884' title='bbox 2568 5076 2851 5134; x_wconf 86' lang='lat' dir='ltr'><strong>purgatur,</strong></span> <span class='ocrx_word' id='word_1_885' title='bbox 2896 5075 2951 5120; x_wconf 88' lang='lat' dir='ltr'><strong>et</strong></span> <span class='ocrx_word' id='word_1_886' title='bbox 2991 5075 3166 5121; x_wconf 86' lang='lat' dir='ltr'><strong>totum</strong></span> <span class='ocrx_word' id='word_1_887' title='bbox 3215 5075 3459 5119; x_wconf 88' lang='lat' dir='ltr'><strong>remanet</strong></span> <span class='ocrx_word' id='word_1_888' title='bbox 3499 5081 3690 5120; x_wconf 90' lang='lat' dir='ltr'><strong>aurum</strong></span> 
     </span>
    </p>
   </div>
   <div class='ocr_carea' id='block_1_114' title="bbox 2115 5155 3694 5227">
    <p class='ocr_par' dir='ltr' id='par_1_114' title="bbox 2115 5155 3694 5227">
     <span class='ocr_line' id='line_1_114' title="bbox 2115 5155 3694 5227; baseline 0.006 -22"><span class='ocrx_word' id='word_1_889' title='bbox 2115 5169 2328 5224; x_wconf 87' lang='lat' dir='ltr'><strong>purum.</strong></span> <span class='ocrx_word' id='word_1_890' title='bbox 2366 5155 2427 5209; x_wconf 88' lang='lat' dir='ltr'><strong>Et</strong></span> <span class='ocrx_word' id='word_1_891' title='bbox 2463 5158 2506 5210; x_wconf 87' lang='lat' dir='ltr'><strong>si</strong></span> <span class='ocrx_word' id='word_1_892' title='bbox 2549 5157 2671 5227; x_wconf 89' lang='lat' dir='ltr'><strong>quis</strong></span> <span class='ocrx_word' id='word_1_893' title='bbox 2705 5159 2826 5227; x_wconf 92' lang='lat' dir='ltr'><strong>plus</strong></span> <span class='ocrx_word' id='word_1_894' title='bbox 2869 5157 2995 5210; x_wconf 92' lang='lat' dir='ltr'><strong>illuc</strong></span> <span class='ocrx_word' id='word_1_895' title='bbox 3023 5156 3225 5226; x_wconf 90' lang='lat' dir='ltr'><strong>plumbi</strong></span> <span class='ocrx_word' id='word_1_896' title='bbox 3263 5157 3540 5224; x_wconf 86' lang='lat' dir='ltr'><strong>detulerit,</strong></span> <span class='ocrx_word' id='word_1_897' title='bbox 3574 5157 3694 5227; x_wconf 84' lang='lat' dir='ltr'><strong>plus</strong></span> 
     </span>
    </p>
   </div>
   <div class='ocr_carea' id='block_1_115' title="bbox 1061 5264 2008 5417">
    <p class='ocr_par' dir='ltr' id='par_1_115' title="bbox 1061 5264 2008 5417">
     <span class='ocr_line' id='line_1_115' title="bbox 1061 5264 1985 5363; baseline -0.004 -15"><span class='ocrx_word' id='word_1_898' title='bbox 1061 5296 1103 5326; x_wconf 76' lang='grc'><strong>³⁸</strong></span> <span class='ocrx_word' id='word_1_899' title='bbox 1127 5296 1297 5351; x_wconf 82' lang='lat' dir='ltr'><strong>Exod.</strong></span> <span class='ocrx_word' id='word_1_900' title='bbox 1348 5264 1435 5357; x_wconf 71' lang='lat' dir='ltr'><strong>xv,</strong></span> <span class='ocrx_word' id='word_1_901' title='bbox 1464 5297 1516 5347; x_wconf 76' lang='lat'><strong>&#39;5.</strong></span> <span class='ocrx_word' id='word_1_902' title='bbox 1596 5294 1638 5325; x_wconf 68' lang='grc'><strong>³9</strong></span> <span class='ocrx_word' id='word_1_903' title='bbox 1668 5293 1865 5363; x_wconf 84' lang='lat' dir='ltr'><strong>Ephes.</strong></span> <span class='ocrx_word' id='word_1_904' title='bbox 1910 5309 1985 5352; x_wconf 87' lang='lat' dir='ltr'><strong>vt,</strong></span> 
     </span>
     <span class='ocr_line' id='line_1_116' title="bbox 1061 5363 2008 5417; baseline -0.003 0"><span class='ocrx_word' id='word_1_905' title='bbox 1061 5383 1065 5393; x_wconf 85' lang='grc'><em>’</em></span> <span class='ocrx_word' id='word_1_906' title='bbox 1101 5365 1230 5417; x_wconf 84' lang='lat' dir='ltr'><strong>ibid.</strong></span> <span class='ocrx_word' id='word_1_907' title='bbox 1277 5367 1360 5416; x_wconf 80' lang='grc'><strong>10.</strong></span> <span class='ocrx_word' id='word_1_908' title='bbox 1443 5367 1483 5394; x_wconf 58' lang='grc'><strong>³⁵</strong></span> <span class='ocrx_word' id='word_1_909' title='bbox 1516 5365 1680 5417; x_wconf 69' lang='grc' dir='ltr'><strong>ΖίιιτΙι.</strong></span> <span class='ocrx_word' id='word_1_910' title='bbox 1730 5381 1778 5417; x_wconf 73' lang='grc' dir='ltr'><strong>ν.</strong></span> <span class='ocrx_word' id='word_1_911' title='bbox 1805 5366 1853 5415; x_wconf 87' lang='grc'><strong>7.</strong></span> <span class='ocrx_word' id='word_1_912' title='bbox 1936 5363 2008 5414; x_wconf 48' lang='grc' dir='ltr'><strong>’⁸⁸η</strong></span> 
     </span>
    </p>
   </div>
   <div class='ocr_carea' id='block_1_116' title="bbox 2115 5264 3687 5417">
    <p class='ocr_par' dir='ltr' id='par_1_116' title="bbox 2118 5293 3687 5417">
     <span class='ocr_line' id='line_1_117' title="bbox 2185 5293 3687 5357; baseline 0.001 -10"><span class='ocrx_word' id='word_1_913' title='bbox 2185 5294 2227 5324; x_wconf 64' lang='grc' dir='ltr'><strong>⁵ο</strong></span> <span class='ocrx_word' id='word_1_914' title='bbox 2261 5293 2428 5347; x_wconf 80' lang='lat' dir='ltr'><strong>Exod.</strong></span> <span class='ocrx_word' id='word_1_915' title='bbox 2465 5307 2551 5353; x_wconf 81' lang='lat' dir='ltr'><strong>xv,</strong></span> <span class='ocrx_word' id='word_1_916' title='bbox 2593 5293 2645 5346; x_wconf 81' lang='grc'><strong>4.</strong></span> <span class='ocrx_word' id='word_1_917' title='bbox 2723 5293 2764 5324; x_wconf 70' lang='grc'><strong>¹⁵¹</strong></span> <span class='ocrx_word' id='word_1_918' title='bbox 2799 5293 2981 5346; x_wconf 34' lang='lat' dir='ltr'><strong>Matth».</strong></span> <span class='ocrx_word' id='word_1_919' title='bbox 3012 5307 3129 5346; x_wconf 87' lang='lat' dir='ltr'><strong>xm.</strong></span> <span class='ocrx_word' id='word_1_920' title='bbox 3194 5293 3237 5324; x_wconf 66' lang='grc' dir='ltr'><strong>δ’</strong></span> <span class='ocrx_word' id='word_1_921' title='bbox 3275 5293 3447 5352; x_wconf 88' lang='lat' dir='ltr'><strong>lCor.</strong></span> <span class='ocrx_word' id='word_1_922' title='bbox 3478 5311 3561 5357; x_wconf 86' lang='grc' dir='ltr'>ιιι,</span> <span class='ocrx_word' id='word_1_923' title='bbox 3600 5295 3687 5352; x_wconf 74' lang='grc'><strong>12.</strong></span> 
     </span>
     <span class='ocr_line' id='line_1_118' title="bbox 2118 5363 3687 5417; baseline 0.002 -3"><span class='ocrx_word' id='word_1_924' title='bbox 2118 5365 2192 5416; x_wconf 91' lang='lat' dir='ltr'><strong>th.</strong></span> <span class='ocrx_word' id='word_1_925' title='bbox 2245 5379 2354 5417; x_wconf 86' lang='lat' dir='ltr'><strong>xtv.</strong></span> <span class='ocrx_word' id='word_1_926' title='bbox 2433 5364 2477 5395; x_wconf 67' lang='grc'><strong>⁸⁷</strong></span> <span class='ocrx_word' id='word_1_927' title='bbox 2510 5363 2696 5416; x_wconf 82' lang='lat' dir='ltr'><strong>Matth.</strong></span> <span class='ocrx_word' id='word_1_928' title='bbox 2751 5379 2862 5417; x_wconf 81' lang='lat' dir='ltr'><strong>xrv.</strong></span> <span class='ocrx_word' id='word_1_929' title='bbox 2901 5365 2988 5417; x_wconf 81' lang='grc'><strong>51.</strong></span> <span class='ocrx_word' id='word_1_930' title='bbox 3066 5366 3111 5395; x_wconf 68' lang='grc'><strong>⁸⁸</strong></span> <span class='ocrx_word' id='word_1_931' title='bbox 3149 5364 3323 5417; x_wconf 88' lang='lat' dir='ltr'><strong>lCor.</strong></span> <span class='ocrx_word' id='word_1_932' title='bbox 3363 5379 3444 5417; x_wconf 91' lang='grc' dir='ltr'>ιιι.</span> <span class='ocrx_word' id='word_1_933' title='bbox 3481 5368 3544 5417; x_wconf 74' lang='lat' dir='ltr'><strong>l2</strong></span> <span class='ocrx_word' id='word_1_934' title='bbox 3603 5368 3687 5417; x_wconf 80' lang='grc'><strong>15.</strong></span> 
     </span>
    </p>
   </div>
   <div class='ocr_carea' id='block_1_117' title="bbox 2433 5363 3689 5426">
    <p class='ocr_par' dir='ltr' id='par_1_117' title="bbox 2433 5363 3689 5426">
     <span class='ocr_line' id='line_1_119' title="bbox 2433 5363 3689 5426; baseline 0.004 -11"><span class='ocrx_word' id='word_1_935' title='bbox 2433 5364 2477 5395; x_wconf 68' lang='grc'><strong>⁸⁷</strong></span> <span class='ocrx_word' id='word_1_936' title='bbox 2510 5363 2696 5416; x_wconf 82' lang='lat' dir='ltr'><strong>Matth.</strong></span> <span class='ocrx_word' id='word_1_937' title='bbox 2751 5379 2862 5426; x_wconf 78' lang='lat' dir='ltr'><strong>xw,</strong></span> <span class='ocrx_word' id='word_1_938' title='bbox 2901 5365 2988 5418; x_wconf 80' lang='grc'><strong>51.</strong></span> <span class='ocrx_word' id='word_1_939' title='bbox 3066 5366 3111 5395; x_wconf 69' lang='grc'><strong>⁴⁸</strong></span> <span class='ocrx_word' id='word_1_940' title='bbox 3149 5364 3323 5421; x_wconf 88' lang='lat' dir='ltr'><strong>lCor.</strong></span> <span class='ocrx_word' id='word_1_941' title='bbox 3363 5379 3444 5421; x_wconf 89' lang='grc' dir='ltr'>ιιι.</span> <span class='ocrx_word' id='word_1_942' title='bbox 3481 5368 3544 5420; x_wconf 73' lang='lat' dir='ltr'><strong>l2</strong></span> <span class='ocrx_word' id='word_1_943' title='bbox 3603 5368 3689 5420; x_wconf 78' lang='grc'><strong>15.</strong></span> 
     </span>
    </p>
   </div>
   <div class='ocr_carea' id='block_1_118' title="bbox 2111 5552 3696 5624">
    <p class='ocr_par' dir='ltr' id='par_1_118' title="bbox 2111 5552 3696 5624">
     <span class='ocr_line' id='line_1_120' title="bbox 2111 5552 3696 5624; baseline 0.006 -18"><span class='ocrx_word' id='word_1_944' title='bbox 2111 5569 2227 5606; x_wconf 85' lang='lat' dir='ltr'><strong>rum</strong></span> <span class='ocrx_word' id='word_1_945' title='bbox 2268 5553 2408 5609; x_wconf 88' lang='lat' dir='ltr'><strong>libro</strong></span> <span class='ocrx_word' id='word_1_946' title='bbox 2433 5552 2691 5619; x_wconf 84' lang='lat' dir='ltr'><strong>secundo,</strong></span> <span class='ocrx_word' id='word_1_947' title='bbox 2719 5554 3022 5624; x_wconf 57' lang='lat' dir='ltr'><strong>quastione</strong></span> <span class='ocrx_word' id='word_1_948' title='bbox 3055 5553 3360 5621; x_wconf 89' lang='lat' dir='ltr'><strong>undecima,</strong></span> <span class='ocrx_word' id='word_1_949' title='bbox 3398 5569 3548 5611; x_wconf 88' lang='lat' dir='ltr'><strong>num.</strong></span> <span class='ocrx_word' id='word_1_950' title='bbox 3579 5553 3616 5608; x_wconf 75' lang='grc'><strong>2</strong></span> <span class='ocrx_word' id='word_1_951' title='bbox 3648 5573 3696 5615; x_wconf 85' lang='lat' dir='ltr'><strong>rt</strong></span> 
     </span>
    </p>
   </div>
   <div class='ocr_carea' id='block_1_119' title="bbox 2111 5639 2262 5695">
    <p class='ocr_par' dir='ltr' id='par_1_119' title="bbox 2111 5639 2262 5695">
     <span class='ocr_line' id='line_1_121' title="bbox 2111 5639 2262 5695; baseline -0.013 -16"><span class='ocrx_word' id='word_1_952' title='bbox 2111 5639 2262 5695; x_wconf 87' lang='lat' dir='ltr'><strong>seqq.</strong></span> 
     </span>
    </p>
   </div>
  </div>
