4122 6248
398 156 508 214 333i

1878 149 2195 206 ORIGENIS

3540 152 3644 208 336

403 275 672 336 exuritur.
731 286 789 330 ut
841 276 1070 346 amplius
1114 277 1479 345 .decoquatur,
1534 283 1594 328 ut
1637 274 1737 327 etsi
1780 288 1969 342 parum
2004 276 2043 331 Α
2082 291 2098 321 ι
2157 271 2457 325 Evn-odisti
2518 272 2800 326 dexteram
2872 278 3016 323 tuam
3048 307 3061 333 ,
3119 277 3171 323 et
3225 267 3499 321 devoravit
3553 283 3650 323 eos

406 366 607 435 aliquid
633 367 701 421 sit
737 367 879 429 auri,
915 376 1198 436 purgatum
1232 377 1409 421 tamen
1460 366 1710 419 resideat.
1749 364 1899 430 Quod
1929 364 1973 418 si

407 457 605 526 aliquis
632 457 756 510 illuc
791 467 930 510 totus
966 458 1245 525 plumbeus
1269 456 1498 522 venerit,
1527 455 1615 509 lict
1646 457 1710 509 de
1748 455 1838 509 illo
1876 457 1975 510 hoc

407 550 548 617 quod
578 550 835 617 scriptum
864 558 968 611 est,
999 550 1337 619 demergatur
1382 547 1434 600 in
1477 546 1822 616 profundum,
1862 556 1976 599 tan-

406 654 566 709 quam
597 638 871 708 plumbum
903 639 953 691 in
978 654 1170 706 aquam
1198 638 1606 691 validiSsimam.
1627 636 1731 689 Sed
1758 638 1975 707 longum

406 741 488 785 est
510 731 555 785 si
577 745 678 800 per
704 730 951 785 ordinem
982 732 1205 785 velimus
1238 744 1532 798 exponere,
1560 726 1786 782 sulliciat
1809 741 1976 798 pauca

407 821 796 889 perstringere.

475 911 530 965 ὕ.
560 929 579 963 ι
603 911 763 977 Quis,
800 909 973 978 inquit
1005 908 1074 973 '°,
1101 907 1293 963 similis
1338 908 1429 962 tibi
1464 907 1516 961 in
1560 906 1687 971 diis,
1711 905 1975 961 Domine?

404 998 538 1066 Quis
562 1000 755 1054 similis
790 998 919 1053 libi?
945 997 1222 1051 Gloriosus
1265 998 1319 1051 in
1365 997 1590 1059 sanctis,
1627 996 1892 1051 mirabilis
1920 986 1973 1050 in

409 1091 803 1160 majestatibus,
826 1090 1030 1144 faciens
1060 1090 1323 1158 prodigia.
1363 1109 1381 1141 ι
1411 1089 1565 1157 Quod
1592 1089 1722 1143 dicit
1751 1107 1763 1143 :
1797 1110 1814 1140 ι
1846 1088 1977 1155 Quis

406 1185 601 1241 similis
632 1184 726 1239 libi
758 1184 809 1238 in
846 1185 986 1238 diis?
1022 1202 1041 1235 ι
1079 1199 1183 1238 non
1219 1185 1528 1239 simulacris
1557 1186 1796 1256 gentium
1829 1200 1979 1238 com-

406 1285 562 1345 parat
596 1275 784 1340 Deum,
812 1290 909 1330 nec
940 1276 1293 1333 daemonibus.
1322 1276 1415 1345 qui
1444 1276 1544 1330 sibi
1583 1275 1719 1329 falso
1756 1276 1976 1330 deorum

408 1380 602 1420 nomen
633 1367 924 1430 asciscunt,
959 1368 1051 1421 sed
1096 1366 1228 1420 deos
1265 1367 1383 1420 illos
1417 1367 1567 1430 dicit,
1607 1366 1699 1435 qui
1734 1382 1829 1437 per
1855 1382 1979 1435 gra-

411 1458 540 1511 tiam
591 1466 647 1512 et
692 1457 1157 1527 participationem
1220 1455 1314 1510 Dei
1364 1456 1434 1510 dii
1496 1456 1852 1526 appellantur.
1903 1458 1978 1510 De

407 1550 607 1619 quibus
665 1558 720 1603 et
780 1547 903 1603 alibi
962 1546 1245 1615 Scriptura
1302 1547 1432 1601 dicit
1460 1548 1552 1600 δίε
1597 1565 1615 1597 ι
1650 1545 1761 1616 Ego
1812 1546 1975 1599 dixi:

2080 371 2252 426 terra;
2295 381 2313 413 ι
2350 362 2500 429 quasi
2536 371 2592 414 ut
2628 363 3024 416 devonarentur
3071 376 3100 414 a
3136 371 3305 422 terra,
3337 359 3452 413 haec.
3481 375 3645 415 causa

2079 452 2240 505 fuerit
2288 452 2430 521 quod
2468 453 2712 507 extendit
2766 452 3025 505 Dominus
3065 451 3345 505 dexteram
3379 466 3555 505 suam.
3587 452 3646 506 Si

2079 544 2392 599 consideres
2436 543 2709 612 quomodo
2758 543 3016 596 Dominus
3058 541 3331 594 exaltatus
3381 542 3432 594 iu
3482 557 3646 595 cruce

2081 644 2187 687 tota
2222 635 2309 686 die
2334 634 2579 687 extendit
2617 648 2811 687 manus
2846 646 2973 686 suas
3005 634 3070 686 ad
3106 632 3362 701 pepulum
3396 645 3501 686 non
3534 647 3649 685 cre-

2078 726 2295 779 dentem
2317 725 2493 791 ",sed
2524 725 3002 786 contradicentem,
3032 733 3084 777 et
3115 722 3349 792 qualiter
3379 722 3646 776 inlidelem

2080 816 2358 887 pupulum,
2396 817 2487 886 qui
2530 816 2784 870 clamavit
2815 816 2861 847 “
2899 833 2912 869 :
2957 835 2975 867 ι
3018 815 3292 885 Crueilige
3322 855 3339 881 ,
3388 813 3647 885 cruciﬁge

2079 928 2232 974 eum,
2265 932 2283 963 ι
2322 927 2465 965 mors
2500 912 2723 965 admisi
2753 910 2977 965 sceleris
3008 912 3281 979 oppressit
3325 928 3338 962 :
3370 910 3651 963 evidenter

2081 1004 2320 1059 invenies
2351 1004 2626 1071 quomodo
2681 1003 2921 1055 extendit
2953 1003 3231 1056 dexteram
3272 1018 3444 1065 suam,
3470 1012 3522 1055 et
3552 1002 3646 1054 de-

2081 1094 2285 1147 voravit
2313 1092 2433 1146 illos
2469 1103 2632 1146 terra.
2666 1091 2772 1145 Nec
2806 1102 2980 1147 tamen
3010 1092 3225 1161 penitus
3252 1094 3647 1160 desperandum

2079 1193 2182 1237 est.
2220 1182 2483 1237 Possibile
2535 1197 2766 1250 namque
2816 1192 2920 1246 est,
2961 1192 3042 1245 ut,
3080 1184 3124 1236 si
3175 1182 3316 1236 forte
3362 1183 3650 1251 resipiscat

2080 1274 2169 1343 qui
2207 1273 2504 1328 devoratus
2528 1284 2632 1336 est,
2666 1289 2879 1328 rursum
2935 1274 3104 1341 possit
3146 1274 3349 1338 evomi,
3385 1273 3527 1326 sicut
3558 1270 3651 1325 Jo—

2081 1381 2200 1419 nas.
2234 1365 2341 1419 Sed
2374 1376 2428 1418 et
2466 1380 2658 1420 omnes
2687 1380 2784 1420 nos
2826 1374 2955 1434 puto
2990 1365 3134 1434 quod
3180 1366 3472 1434 aliquando
3503 1376 3649 1418 terra

2081 1458 2376 1511 devoratos
2411 1456 2462 1508 in
2492 1454 2691 1509 inlerni
2718 1455 3088 1524 penetralibus
3113 1455 3407 1519 retinebat,
3440 1463 3491 1508 et
3520 1470 3647 1523 pro-

2083 1560 2272 1614 pterea
2309 1547 2569 1601 Dominus
2601 1555 2785 1600 noster
2816 1546 3096 1601 descendit
3135 1562 3239 1600 non
3271 1545 3443 1599 solum
3480 1559 3649 1612 usque

410 1644 489 1697 Dii
524 1643 673 1697 estis.
713 1660 731 1693 ι
774 1642 837 1695 Ει
871 1641 1067 1694 ilerllm
1108 1656 1120 1691 ε
1157 1657 1175 1689 ι
1218 1640 1359 1692 Deus
1396 1639 1546 1692 Slelil
1584 1638 1637 1691 in
1680 1653 1979 1707 Congrega-
2012 1620 2052 1674 Β
2084 1643 2150 1696 ad
2177 1654 2382 1705 terras,
2409 1642 2501 1693 sed
2535 1654 2709 1709 usque
2738 1641 2804 1692 ad
2842 1638 3097 1693 inferiora
3134 1648 3291 1693 terra:
3324 1650 3416 1691 :et
3441 1638 3510 1689 ibi
3552 1652 3648 1690 nos

410 1736 557 1789 tione
586 1736 829 1789 deorum.
870 1752 888 1785 ι
920 1733 1024 1787 Sed
1066 1732 1141 1795 hi,
1182 1731 1432 1798 quamvis
1460 1746 1687 1798 capaces
1717 1730 1826 1783 sint
1861 1729 1976 1796 Dei,

408 1824 587 1879 ethoc
619 1824 834 1876 nomine
862 1820 1050 1874 donari
1078 1835 1171 1886 per
1201 1819 1430 1887 gratiam
1458 1819 1767 1882 videantur,
1803 1817 1980 1872 nullus

412 1925 587 1967 tamen
617 1913 730 1966 Deo
753 1911 943 1964 similis
977 1909 1268 1973 invenitur,
1302 1908 1381 1961 vel
1419 1910 1470 1961 in
1509 1910 1769 1977 potentia,
1806 1907 1889 1963 vel
1926 1908 1977 1960 in

404 2014 621 2057 natura.
661 2002 722 2056 Et
754 2001 879 2055 licet
918 2000 1152 2055 Joannes
1187 1999 1462 2067 apostolus
1490 2000 1636 2053 dicat
1665 2016 1679 2052 :
1723 2016 1740 2050 ι
1776 1997 1977 2064 Filioli,

410 2096 649 2148 nondum
677 2093 881 2147 scimus
910 2091 1033 2160 quid
1066 2092 1227 2145 futuri
1251 2105 1456 2154 sumus,
1487 2090 1530 2143 si
1557 2099 1737 2143 autem
1772 2089 1981 2144 revelav-

404 2198 521 2239 tum
553 2186 709 2238 nobis
741 2183 904 2236 fuerit
931 2181 1020 2253 (de
1049 2182 1277 2236 Domino
1317 2182 1523 2235 scilicet
1567 2182 1797 2249 dicens),
1829 2182 1981 2236 simi-

404 2279 489 2330 les
513 2276 583 2329 illi
611 2275 814 2329 erimus
831 2273 906 2338 υ,
932 2292 954 2325 ι
982 2273 1275 2328 similitudo
1308 2283 1486 2325 tamen
1516 2272 1628 2326 haec
1665 2289 1767 2326 non
1792 2273 1857 2325 ad
1889 2288 1983 2327 na-

412 2377 610 2425 turam,
642 2363 736 2415 sed
773 2362 838 2415 ad
880 2361 1108 2429 gratiam
1155 2371 1461 2414 revocatur.
1504 2359 1663 2413 Verbi
1703 2376 1887 2425 causa,
1925 2370 1983 2415 ut

409 2458 453 2511 si
480 2456 725 2510 dicamus
756 2454 1023 2522 picturam
1058 2450 1289 2505 similem
1342 2465 1461 2505 esse
1504 2450 1575 2514 ei,
1605 2451 1757 2517 cujus
1807 2452 1982 2521 imago

410 2548 463 2598 in
512 2546 719 2614 pictura
765 2542 975 2595 videtur
1025 2556 1304 2609 expressa,
1335 2550 1596 2609 quantum
1643 2542 1710 2594 ad
1751 2542 1979 2611 gratiam

410 2636 639 2706 pertinet
663 2633 832 2694 visus,
858 2631 1053 2686 similis
1087 2633 1303 2695 dicitur,
1338 2640 1600 2700 quantum
1628 2633 1694 2685 ad
1727 2634 1982 2687 substan-

411 2729 565 2790 tiam,
599 2724 755 2795 louge
790 2722 1085 2777 dissimilis.
1119 2722 1207 2775 llla
1244 2723 1388 2776 enim
1424 2724 1634 2790 species
1667 2723 1849 2777 carnis
1874 2732 1977 2787 est.

410 2835 463 2875 et
495 2822 657 2875 decor
686 2820 928 2887 corporis
960 2818 1090 2881 vivi,
1136 2818 1236 2871 ista
1285 2818 1525 2872 colorum
1567 2818 1725 2874 lucus
1777 2828 1880 2881 est,
1927 2828 1980 2872 et

412 2929 534 2969 cera
555 2912 755 2967 tabulis
769 2924 930 2966 sensu
948 2910 1256 2964 carentibus
1270 2911 1623 2980 superposita.
1644 2910 1830 2965 Nullus
1853 2926 1982 2979 ergo

414 3008 467 3061 in
493 3008 595 3061 diis
634 3005 828 3061 similis
861 3003 1109 3069 Domino,
1142 3003 1321 3057 nullus
1348 3004 1490 3056 enim
1530 3003 1837 3069 invisibilis,
1864 3004 1982 3057 nul-

414 3100 497 3152 lus
548 3098 918 3166 incorporeus,
967 3094 1147 3149 nullus
1197 3093 1573 3158 immutabilis,
1638 3094 1814 3149 nullus
1866 3096 1983 3152 sine

414 3190 570 3244 initio
592 3198 645 3243 et
680 3188 799 3243 sine
835 3187 960 3250 line.
993 3186 1171 3242 nullus
1216 3199 1430 3241 creator
1460 3187 1722 3252 omnium,
1751 3188 1850 3242 nisi
1879 3186 1983 3243 Pa-

416 3294 497 3336 ter
531 3296 653 3336 cum
688 3278 823 3333 Filio
848 3287 903 3333 et
930 3277 1136 3348 Spiritu
1170 3289 1378 3332 sancto.

483 3372 536 3427 6.
575 3391 593 3422 ι
633 3370 932 3425 Extendisti
979 3370 1253 3423 dexteram
1317 3380 1498 3435 tuam,
1551 3370 1831 3426 devoravit
1888 3387 1982 3427 eos

408 3474 559 3517 terra
593 3462 660 3514 ⁸³.
694 3480 712 3513 ι
750 3461 947 3531 Impius
995 3461 1210 3530 quidem
1254 3468 1307 3512 et
1345 3460 1501 3514 hodie
1547 3461 1770 3515 devorat
1816 3472 1981 3517 terra.

413 3559 611 3609 Annon
650 3554 743 3607 tibi
776 3552 991 3606 videtur
1026 3562 1167 3606 terra
1202 3552 1468 3607 devorare
1507 3552 1677 3618 illum,
1707 3554 1798 3622 qui
1836 3568 1981 3607 scm-

412 3663 513 3715 per
563 3646 629 3700 de
674 3654 821 3698 terra
876 3645 1101 3714 cogitat,
1145 3645 1234 3715 qui
1284 3659 1498 3709 semper
1529 3642 1688 3715 149
1736 3656 1985 3701 terrenos

408 3739 581 3793 liabet
608 3748 787 3800 actus,
812 3737 903 3805 qui
935 3736 1000 3790 de
1034 3744 1177 3789 terra
1217 3735 1471 3805 loquitur,
1507 3737 1571 3790 de
1610 3747 1750 3789 terra
1781 3736 1980 3807 litigat,

417 3841 617 3883 terrain
656 3828 948 3890 desiderat,
1000 3836 1054 3880 et
1093 3842 1309 3880 onmem
1352 3842 1501 3894 Spem
1553 3842 1705 3881 suam
1750 3829 1901 3897 ponit
1928 3831 1981 3884 in

419 3935 593 3985 terra;
623 3921 713 3990 qui
754 3919 821 3972 ad
863 3919 1059 3972 coelum
1088 3934 1193 3971 non
1230 3917 1476 3987 restiicit,
1524 3919 1615 3987 qui
1655 3918 1834 3973 futura
1878 3937 1981 3975 non

419 4014 643 4081 cogitat,
680 4011 776 4078 qui
811 4010 1076 4080 judicium
1134 4008 1225 4062 Dei
1282 4024 1385 4061 non
1432 4009 1643 4073 metuit,
1696 4024 1793 4063 nec
1827 4012 1982 4064 beata

418 4105 535 4170 ejus
569 4101 830 4170 promissa
883 4100 1174 4162 desiderat,
1203 4100 1297 4153 sed
1328 4116 1543 4168 semper
1591 4101 1655 4155 de
1700 4103 1985 4168 praesenti-

420 4195 518 4245 bus
572 4190 790 4259 eogitat,
845 4201 900 4243 et
941 4189 1007 4240 ad
1055 4198 1269 4240 terrena
1326 4188 1607 4257 suspirat?
1644 4189 1829 4243 Talem
1861 4206 1981 4245 cum

2083 1733 2291 1787 invertit
2330 1732 2640 1792 devoratos,
2671 1739 2725 1783 et
2760 1730 3012 1783 sedentes
3053 1729 3154 1783 sub
3194 1730 3381 1782 umbra
3421 1730 3643 1783 mortis:

2080 1834 2134 1881 et
2168 1824 2293 1877 inde
2322 1824 2557 1877 educens
2589 1836 2695 1874 non
2734 1820 2850 1890 jam
2902 1820 3079 1875 locum
3116 1831 3295 1882 terrae,
3342 1831 3399 1873 ut
3454 1821 3647 1872 iterum

2081 1915 2491 1971 devorarentur.
2517 1910 2609 1968 sed
2642 1912 2820 1966 loeum
2866 1920 3133 1982 prtcparat
3166 1910 3319 1966 nobis
3352 1912 3500 1982 regni
3532 1925 3645 1965 cm-

2081 2008 2276 2062 lorum.

2153 2100 2205 2154 7.
2242 2118 2260 2150 ι
2293 2098 2571 2153 Deduxisti
2592 2098 2643 2150 in
2663 2095 2871 2165 justitia
2903 2104 2991 2147 tua
3024 2094 3275 2165 populum
3303 2106 3449 2148 tuum
3480 2094 3644 2158 hunc,

2080 2206 2239 2261 quem
2276 2190 2534 2244 liberasti.
2570 2189 2891 2244 Cousolatus
2936 2204 2994 2242 es
3045 2188 3097 2241 in
3162 2187 3360 2239 virtute
3416 2198 3541 2248 tua,
3593 2186 3643 2239 iu

2084 2281 2266 2349 riquie
2314 2289 2500 2334 sancta
2562 2288 2651 2331 tua
2678 2276 2745 2330 ".
2787 2295 2804 2328 ι
2845 2279 3106 2331 Dominus
3147 2276 3406 2345 populum
3446 2290 3602 2329 suum
3629 2312 3643 2332 .

2083 2388 2242 2441 quem
2276 2374 2531 2426 liberavit
2566 2388 2660 2440 per
2700 2374 2973 2427 lavacrum
3010 2370 3454 2439 regenerationis,
3477 2368 3647 2421 dedu-

2082 2467 2157 2520 cit
2194 2466 2245 2519 in
2281 2466 2517 2536 justitia,
2560 2466 2877 2519 consolatur
2903 2465 3069 2517 etiam
3100 2479 3224 2517 eum
3256 2477 3352 2531 per
3397 2460 3648 2515 consola-

2084 2558 2282 2610 tionem
2334 2558 2566 2626 Spiritus
2599 2561 2771 2611 sancti
2804 2558 2855 2610 in
2883 2557 3085 2609 virtute
3116 2569 3233 2618 sua,
3268 2563 3322 2608 et
3372 2554 3423 2605 in
3462 2552 3649 2619 requie

2081 2664 2197 2703 sua.
2224 2648 2550 2702 Futuroruin
2582 2664 2815 2717 namque
2840 2662 2982 2717 spes,
3012 2645 3382 2700 laborantibus
3408 2642 3648 2710 requiem

2082 2741 2253 2810 parit;
2299 2741 2440 2794 sicut
2466 2751 2520 2794 et
2567 2743 2618 2793 in
2650 2756 2821 2810 agone
2863 2739 3053 2808 positis
3097 2737 3333 2792 dolorem
3365 2734 3649 2787 vulnerum

2084 2831 2291 2900 tuitigat
2321 2846 2444 2899 spes
2479 2846 2715 2884 coronat.

2008 2952 2051 3009 α
2151 2923 2204 2977 8.
2269 2925 2616 2977 tAtldieruttt
2666 2931 2854 2989 gentes
2898 2930 2951 2974 et
3008 2921 3160 2974 iratae
3216 2931 3381 2983 sunt,
3436 2918 3653 2972 dolores

2086 3011 2613 3079 comprehenderunt
2653 3010 2988 3065 habitatores
3035 3009 3349 3064 Pbilistiim.
3384 3008 3533 3061 Tune
3571 3010 3649 3060 fe-

2084 3106 2426 3159 stinaverunt
2464 3103 2629 3156 duces
2663 3102 2854 3167 Edoni,
2888 3112 2942 3156 et
2974 3102 3247 3171 principes
3273 3100 3649 3163 Moabitarum,

2087 3197 2444 3266 apprehendit
2471 3195 2590 3249 illos
2622 3196 2786 3249 timor
2814 3204 2867 3246 et
2902 3203 3127 3249 tremor.
3162 3192 3483 3247 Tabuernnt
3529 3207 3653 3245 om~

2087 3304 2181 3343 nes
2215 3286 2583 3341 inhabitantes
2609 3283 2925 3339 Chanaan"
2950 3284 3084 3352 (l2).
3124 3302 3142 3336 ι
3173 3282 3442 3349 Quantum
3465 3283 3529 3334 ad
3566 3282 3651 3335 lti-

2086 3380 2311 3437 5toriam
2340 3377 2597 3448 pertinet,
2633 3375 2836 3430 nullum
2863 3390 2925 3429 ex
2958 3375 3043 3430 his
3066 3375 3315 3442 gentibus
3341 3373 3653 3428 interfuisse

2089 3469 2426 3525 mirabilibus
2452 3484 2572 3538 quae
2609 3467 2750 3521 facta
2784 3475 2934 3533 sunt,
2966 3475 3179 3521 coostat
3211 3467 3347 3535 (15).
3371 3465 3652 3532 Quoiiiodo

2089 3578 2215 3633 ergo
2246 3562 2571 3617 videbuntur
2603 3571 2839 3615 tremore
2890 3559 3157 3625 deterriti,
3216 3558 3297 3613 vel
3340 3558 3650 3621 festinaSse,

2089 3667 2150 3710 ut
2177 3655 2327 3718 dicit,
2373 3654 2454 3707 vel
2501 3652 2622 3705 irati
2660 3668 2785 3707 esse
2831 3652 3143 3713 Philistiim,
3187 3661 3241 3702 et
3290 3648 3568 3711 Moabitic,
3599 3655 3654 3699 et

2090 3748 2278 3811 Edoni,
2308 3757 2359 3799 et
2399 3745 2616 3813 reliqum
2646 3760 2781 3813 quas
2824 3752 3107 3797 enumerat
3139 3739 3434 3795 nationes?
3464 3739 3569 3793 Sed
3605 3739 3649 3791 si

2090 3842 2373 3892 redeamus
2412 3837 2478 3888 ad
2522 3836 2933 3904 intelligentiam
2966 3836 3287 3904 spiritalem,
3321 3834 3655 3887 inveniemus

2089 3931 2216 4000 quia
2271 3926 2558 3990 Philistini,
2597 3926 2648 3979 id
2698 3937 2778 3981 est
2808 3929 3049 3980 cadentes
3077 3927 3254 3996 pepuli
3281 3968 3296 3992 ,
3352 3936 3404 3980 et
3438 3926 3604 3978 Edoni
3636 3960 3653 3986 ,

2088 4022 2180 4091 qui
2212 4024 2595 4088 interpretatur
2622 4027 2856 4072 terrenus
2885 4017 3019 4089 (14),
3050 4020 3339 4087 trepidant,
3371 4028 3424 4071 et
3462 4018 3653 4069 horum

2090 4112 2331 4166 omnium
2372 4108 2641 4178 principes
2672 4110 2974 4172 cursitant,
3027 4120 3079 4163 et
3130 4119 3325 4178 paVent
3370 4106 3655 4161 constricti

2093 4202 2390 4263 doloribus,
2440 4217 2559 4256 cum
2605 4201 2789 4255 vident
2835 4216 2997 4271 regna
3026 4216 3146 4264 sua,
3187 4216 3306 4269 qua:
3357 4201 3407 4254 in
3445 4197 3655 4253 inferno

418 4280 643 4345 videris’
672 4280 836 4334 dieilo
860 4277 981 4343 qum
1026 4277 1308 4331 δυνθηνίί
1339 4291 1459 4330 cum
1514 4286 1679 4331 lem“
1712 4275 1818 4330 Sed
1848 4285 1902 4331 δι
1940 4279 1985 4332 εί
2020 4296 2062 4351 D
2094 4305 2255 4360 sunt,
2308 4304 2589 4366 penetrata
2623 4298 2689 4348 ab
2717 4308 2781 4347 eo
2813 4295 2906 4363 qui
2956 4294 3238 4349 descendit
3293 4294 3343 4347 iu
3399 4292 3653 4346 inferiora

419 4385 577 4438 quem
613 4368 811 4422 videris
853 4366 1080 4421 luxuriae
1135 4369 1315 4420 carnis
1363 4374 1417 4420 et
1450 4367 1815 4437 voluptatibus
1864 4384 1985 4422 cor-

422 4463 566 4530 poris
597 4460 855 4523 deditum,
882 4460 934 4511 in
963 4473 1069 4526 quo
1101 4459 1313 4511 aninms
1350 4458 1481 4512 nihil
1505 4459 1668 4524 valet,
1698 4460 1791 4514 sed
1818 4469 1983 4514 totum

422 4556 588 4609 libido
610 4554 795 4607 carnis
829 4552 1085 4617 obtinuit,
1116 4553 1285 4607 dicito
1307 4561 1365 4608 et
1394 4552 1461 4606 dc
1501 4551 1601 4605 hoc
1650 4554 1775 4620 quia
1823 4554 1986 4606 devo-

416 4648 563 4701 ravit
612 4661 736 4699 eum
781 4655 943 4698 terra.
994 4647 1180 4698 Adhuc
1242 4659 1329 4697 me
1387 4653 1567 4696 movet
1600 4642 1743 4711 quod
1779 4645 1854 4697 ait
1883 4646 1979 4696 ⁸δτ

492 4787 537 4819 ⁸³
569 4785 737 4840 Exod.
772 4802 861 4850 xv,
889 4784 974 4838 ιι.

421 4859 466 4890 ⁵⁸
498 4858 627 4911 Luc.
663 4871 821 4921 XXIII,
856 4856 945 4908 2|.

1069 4784 1111 4814 ⁸¹
1145 4782 1283 4836 Psal.
1315 4798 1524 4840 Lxxxu.
1555 4782 1608 4845 6,
1646 4783 1696 4835 1.

1056 4852 1101 4884 ⁵⁷
1125 4851 1297 4907 Exod.
1350 4868 1438 4919 xv,
1472 4852 1559 4906 15.
1636 4852 1681 4882 ⁵⁸
1710 4851 1837 4906 ibid.
1885 4854 1973 4909 Η,

494 4995 607 5061 (DZ)
635 4995 769 5049 Vide
804 4994 894 5047 lib.
934 5009 970 5047 ιι
1003 4991 1177 5060 Orig.,
1204 5002 1395 5060 quaest.
1425 4993 1509 5046 l5.

497 5066 608 5134 (15)
656 5066 924 5127 Quantum
972 5065 1039 5114 ut!
1076 5065 1364 5134 historiam
1404 5063 1644 5126 pertinet,
1678 5062 1887 5134 ΔιιιιΙΙιιηι
1924 5081 1988 5118 ex

427 5131 513 5186 his
538 5131 773 5202 gentibus
808 5135 1106 5200 interfuisse
1136 5132 1465 5184 mirabilibus
1498 5147 1624 5202 qua:
1661 5131 1800 5198 facta
1842 5145 1986 5198 sunt,

426 5201 650 5256 constat.
690 5205 833 5267 Esto,
873 5205 965 5257 sed
1008 5203 1133 5271 quid
1172 5212 1315 5255 vetat
1350 5203 1460 5254 haec
1487 5201 1682 5255 cantici
1717 5205 1875 5256 verba
1901 5203 1985 5254 fu-

428 5286 672 5345 turorum
703 5286 822 5325 esse
848 5274 1207 5345 prophetiam,
1230 5272 1684 5345 quemadmodum
1716 5274 1989 5345 accipiunt

428 5343 666 5396 melioris
705 5339 1217 5406 notteiut’crpretes.
1265 5342 1406 5397 Sane
1438 5339 1659 5395 Hebraea
1698 5339 1860 5395 verba
1916 5344 1982 5395 ad

428 5412 665 5466 tutorum
701 5422 910 5479 tempus
939 5412 1019 5465 sic
1045 5412 1177 5464 verti
1206 5421 1432 5479 possunt
1460 5426 1473 5463 :
1500 5428 1517 5461 ι
1555 5410 1853 5480 Audierunt
1884 5427 1981 5480 po-

428 5480 563 5548 puli,
604 5482 1045 5542 contremiscent,
1072 5480 1224 5533 dolor
1254 5479 1610 5548 apprehendit
1642 5479 1981 5535 habitatores

428 5550 743 5605 Palestina).
784 5550 933 5603 Tunc
966 5550 1137 5603 territi
1175 5559 1301 5605 sunt
1340 5550 1624 5603 tnillcnarii
1655 5548 1853 5611 Itidem,
1901 5566 1987 5604 ro-

1796 4783 1841 4854 ’ξ’
1883 4783 1897 4835 1
1930 4783 2085 4839 Joau.
2114 4805 2194 4854 ιιι,
2222 4790 2277 4843 2.

2096 4398 2275 4451 terrm,
2313 4397 2369 4440 ut
2413 4387 2649 4456 eriperet
2686 4400 2780 4441 eos
2823 4387 2913 4454 qui
2963 4385 3376 4454 possidebautur
3402 4400 3431 4437 a
3466 4394 3652 4449 morte.

2097 4478 2231 4531 lliuc
2262 4494 2357 4533 eos
2392 4477 2798 4546 comprehendit
2829 4479 2993 4531 timor
3027 4487 3081 4532 et
3115 4487 3336 4537 tremor,
3368 4476 3493 4543 quia
3528 4490 3654 4528 seu-

2094 4578 2282 4621 serunt
2312 4567 2733 4637 magnitudinem
2767 4566 2976 4621 brachii
3017 4567 3154 4636 ejus.
3206 4566 3341 4620 llinc
3385 4566 3549 4620 etiam
3577 4550 3657 4617 ta-

2093 4656 2324 4710 buerunt
2351 4673 2540 4711 omnes
2565 4656 2935 4712 inhabitantes
2957 4657 3238 4719 Chanaan,
3267 4657 3356 4725 qui
3383 4656 3655 4709 mutabiles

2353 4790 2399 4821 ⁸³
2422 4789 2589 4843 Exod.
2623 4804 2710 4854 xv,
2745 4790 2835 4844 19.
2910 4789 2955 4820 ⁸³
2987 4790 3118 4843 ibid.
3229 4790 3274 4821 ⁸³
3307 4790 3411 4844 lsa.
3445 4803 3568 4854 va,
3599 4787 3655 4843 2.

2089 5000 2278 5050 bustos
2313 4995 2466 5049 Moab
2498 4995 2865 5063 apprehendet
2901 5004 3128 5051 tremor.
3161 4996 3332 5052 (ludet
3367 5012 3531 5066 super
3563 5011 3658 5051 eos

2091 5077 2266 5119 terror
2298 5075 2353 5119 et
2386 5082 2571 5133 pavor.
2607 5085 2625 5115 ι

2158 5136 2267 5204 (Μ)
2326 5133 2621 5198 Pliilistini,
2679 5135 2737 5186 id
2766 5142 2840 5189 est
2873 5132 3130 5190 cadentes
3167 5137 3374 5207 populi,
3408 5148 3454 5191 et
3489 5137 3660 5192 Edam

2084 5228 2173 5297 qui
2214 5228 2593 5292 interpretatur
2647 5235 2918 5281 terrenus.
2955 5228 2996 5280 A
3050 5229 3232 5281 radice
3264 5214 3385 5290 mlas
3424 5233 3661 5283 volutare

2085 5315 2138 5350 se
2165 5298 2219 5349 t'u
2252 5297 2480 5361 pulvere,
2515 5305 2567 5350 et
2598 5312 2726 5351 Voce
2753 5308 2835 5360 εἳ
2856 5298 3108 5365 populus;
3142 5298 3429 5353 Philistiitn
3462 5312 3657 5354 utcun-

2089 5382 2195 5435 que
2222 5367 2324 5419 dici
2367 5377 2589 5432 possunt
2618 5370 2858 5420 cadentes
2896 5369 3099 5435 papuli,
3125 5371 3245 5436 quia
3276 5372 3367 5438 qui
3408 5371 3657 5424 volutan~

2094 5448 2179 5489 tur
2208 5438 2258 5489 in
2294 5437 2539 5503 pulvere,
2569 5437 2868 5491 ceciderint
2895 5447 3128 5509 oportet.
3156 5437 3320 5491 Edon]
3361 5456 3488 5495 vero
3519 5440 3659 5509 opti-

2094 5522 2177 5559 me
2211 5509 2358 5559 reddi
2396 5518 2569 5574 potest
2612 5518 2841 5564 terrenus
2880 5508 2946 5560 ab
2973 5516 3136 5565 ΠὩἿΝ
3164 5520 3315 5567 terra.
