2061 3124
235 202 289 231 557

839 197 872 225 IN
893 194 1037 224 EXODUM
1058 194 1201 224 HOMILIA
1220 196 1263 224 Vl.

1809 195 1862 222 358

234 263 451 296 interpretantur
467 264 493 287 et
507 259 611 286 tuabi’cs
631 259 697 294 (l5),
721 267 782 286 cum
800 260 892 286 vident
918 258 1020 286 moveri
1036 257 1060 285 Α
1075 261 1101 283 et
1116 258 1220 284 creavit
1232 262 1259 284 te
1271 261 1297 284 et
1313 256 1458 290 acquisivit
1475 256 1520 282 te?
1537 266 1549 280 ι
1563 255 1673 283 Videtur
1692 255 1764 282 enim
1778 263 1862 282 lltllts-

237 314 320 341 regna
346 314 404 336 sua,
431 304 532 337 alligari
555 306 669 335 l‘o'tenr,
694 309 722 331 et
752 312 816 331 vasa
847 304 905 338 ejus
925 305 1017 338 diripi.

237 361 248 378 ι
272 351 366 378 Veniat
380 359 443 386 ergo
457 358 538 384 super
552 358 599 377 eos
615 351 696 377 timor
718 355 746 377 et
765 355 867 377 tretttot'
887 352 1021 385 magnitu-

235 399 306 424 dinis
322 397 424 423 brachii
445 397 481 423 lui
494 397 538 424 5".
557 406 565 422 ›
580 397 648 429 Quid
665 397 761 423 timent
778 397 929 424 da-mones?
952 397 1021 437 Quid

235 450 351 471 trenmut
363 444 376 470 ?
389 444 453 470 Sine
468 443 550 470 dubio
563 450 671 469 crucem
686 443 799 475 Christi,
816 444 842 469 iu
858 451 909 478 qua
925 444 1020 470 trium-

233 489 308 523 phati
325 494 397 518 sunt,
414 488 439 514 in
454 497 508 523 qna
524 490 597 515 exuti
620 493 682 515 sunt
703 489 870 523 principatus
887 497 979 516 eonnn
995 493 1021 516 et

232 540 390 568 potestates.
408 534 503 560 Timor
523 542 588 567 ergo
606 539 632 561 et
653 538 753 561 tremor
775 535 853 562 cadet
867 542 947 570 super
962 542 1019 567 eos,

232 588 291 606 cum
307 581 411 614 signum
426 581 454 606 in
467 581 545 607 nobis
562 580 680 607 viderint
693 583 782 608 (‘l‘llt'is
796 581 912 609 lidcliter
926 582 1020 614 ﬁxum,

231 631 257 652 et
274 626 490 660 magnitudinem
511 627 615 653 brachii
632 627 714 657 illius,
730 628 800 661 quod
828 627 958 654 Dominus
973 635 1021 655 ex-

231 672 325 706 pandit
347 672 372 698 in
390 680 484 703 cruce,
504 672 576 699 sicut
589 672 657 699 dicit
669 673 691 688 "
706 680 712 698 :
731 683 739 698 ι
757 672 824 700 Tota
846 674 888 700 die
905 676 1021 707 cxpamli

231 726 328 744 manus
342 725 418 745 meas
432 718 464 743 ad
480 717 606 752 populum
622 726 675 744 nun
691 719 860 751 credentem,
875 723 901 744 et
916 725 1024 745 contr...

230 764 363 790 dicentem
382 764 458 790 mihi.
477 773 485 789 I
508 763 564 790 Non
583 769 608 789 te
627 771 692 796 ergo
714 763 792 790 aliter
811 764 956 796 timebunt,
974 774 1022 792 nec

230 809 309 835 aliter
322 814 425 835 tremor
440 814 501 835 tuus
514 809 605 835 Veniet
619 815 702 843 super
717 817 777 841 eos,
801 810 851 836 nisi
871 811 980 837 videant
995 812 1021 837 in

230 859 256 880 te
282 862 390 880 crucem
415 853 518 880 Christi
532 873 540 885 ,
564 854 615 881 nisi
639 860 666 881 et
689 860 715 881 tu
737 856 842 889 poteris
858 856 949 882 dicere
969 857 991 871 "
1013 865 1020 884 :

233 909 242 924 ι
263 900 326 926 .\|ibi
349 904 440 926 autent
462 901 533 927 absit
551 900 677 935 gloriari.
696 900 747 927 nisi
765 901 791 927 in
814 909 894 929 cruce
911 901 1017 929 Domini

231 945 282 972 mei
298 944 362 972 Jesu
376 945 487 978 Christi,
503 954 551 980 per
563 954 642 980 quem
655 946 720 972 mihi
740 947 857 975 mtmdus
870 948 1017 976 cruciﬁxus

230 996 281 1021 est,
298 996 324 1017 et
344 998 394 1026 ego
412 992 522 1018 tnnudo.
540 1001 549 1017 ι

264 1038 290 1063 9.
312 1045 321 1062 ι
338 1037 415 1063 Fiam
431 1043 559 1072 tanquam
581 1037 650 1071 lapis
666 1039 754 1066 donec
769 1044 890 1067 transeat
903 1041 1018 1075 populus

229 1086 301 1113 tuus,
326 1082 454 1116 Domine,
482 1083 567 1110 donec
594 1088 717 1112 transeat
741 1086 857 1119 populus
881 1090 942 1113 tuus
964 1087 1017 1120 hic,

227 1136 308 1161 quem
325 1129 465 1163 acquisisti
479 1129 512 1156 ".
536 1139 544 1155 ι
560 1130 631 1157 Fieri
651 1135 781 1165 tanquam
805 1131 944 1167 lapidem,
964 1142 1016 1161 non

225 1179 268 1201 est
281 1179 377 1200 natura
390 1182 451 1202 esse
464 1175 591 1209 lapidem.
605 1175 663 1203 Non
683 1177 755 1203 enim
777 1177 864 1211 ﬁeret,
880 1178 933 1205 nisi
946 1180 1018 1213 quod

228 1228 280 1246 non
294 1226 365 1246 erat.
382 1220 439 1248 lloc
461 1227 572 1256 propter
589 1221 648 1249 illos
669 1222 797 1257 dicimus,
813 1224 858 1258 qui
875 1225 952 1252 mal-.e
968 1234 1017 1253 na-

227 1270 294 1293 tura:
309 1266 493 1299 Pharaonem,
519 1267 560 1295 vel
584 1268 729 1303 (Egyptios
755 1270 850 1297 dicunt
879 1270 974 1304 fuisse,
991 1277 1018 1299 et

228 1318 281 1337 non
294 1319 326 1338 ex
339 1311 444 1338 arbitrii
463 1312 589 1339 libertate
604 1313 630 1339 in
646 1313 698 1340 hoc
712 1321 774 1341 esse
789 1316 921 1343 deductos
935 1324 941 1347 ;
969 1317 1016 1343 sed

227 1361 251 1382 ct
266 1362 375 1391 propter
388 1364 444 1388 eos,
458 1358 504 1392 qui
522 1363 674 1385 creatorem
698 1360 781 1386 Deum
800 1367 934 1389 accusant
958 1368 1018 1389 tan-

227 1409 309 1436 quam
326 1410 438 1434 serum,
453 1404 525 1437 quod
544 1404 667 1432 homines
691 1411 779 1433 vertat
802 1407 827 1433 in
847 1407 960 1443 lapides.
984 1409 1016 1436 Hi

226 1455 292 1482 ergo
315 1449 473 1483 priusquam
497 1449 694 1484 blasphemcnt,
717 1453 896 1480 considerent
909 1462 1015 1482 sutnma

227 1494 380 1524 beratione.
407 1502 468 1529 qua:
492 1495 593 1530 scripta
621 1501 695 1522 sunt.
724 1496 783 1524 Non
809 1500 881 1526 enim
917 1500 985 1527 dixit
1007 1510 1014 1528 :

228 1550 237 1566 ι
261 1539 341 1567 Fiant
357 1545 485 1575 tanquam
501 1541 586 1576 lapis,
603 1551 612 1567 ι
629 1547 656 1569 et
669 1544 765 1576 tacuit,
778 1546 825 1572 sed
840 1552 947 1580 tempus
957 1552 1015 1574 sta:-

227 1587 289 1618 tuit,
315 1592 341 1612 et
368 1594 525 1614 mensuram
547 1590 784 1618 cotulctunationis
809 1592 941 1620 decernit.
971 1594 1050 1632 Aitc

227 1631 300 1657 eiiim
320 1640 326 1657 ε
346 1641 354 1656 ι
373 1632 464 1660 Donec
491 1638 614 1661 transeat
638 1636 752 1670 populus
773 1641 844 1669 tuus,
862 1637 984 1666 Domine.
1002 1648 1011 1665 ι

228 1676 286 1708 Quo
296 1677 399 1703 scilicet
414 1683 474 1712 post
490 1680 633 1707 transitum
647 1681 737 1715 populi
751 1689 804 1709 non
819 1683 874 1710 sint
887 1687 1014 1718 tanquam

228 1721 341 1755 lapides.
361 1722 387 1749 In
405 1731 459 1756 quo
473 1724 539 1750 mihi
560 1725 668 1752 videtur
686 1726 834 1760 prophetia;
850 1728 951 1762 aliquid
973 1729 1015 1755 la-

229 1772 297 1794 tere.
317 1767 400 1794 Video
419 1769 491 1794 enim
518 1770 581 1803 quia
603 1771 678 1804 prior
693 1772 816 1806 populus,
830 1774 874 1809 qui
888 1774 937 1802 fuit
953 1781 1016 1804 ante

226 1821 287 1844 nos,
302 1813 388 1840 lactus
401 1820 442 1841 est
457 1819 584 1849 tauquam
606 1816 675 1850 lapis
698 1818 782 1845 durus
799 1824 826 1846 et
848 1820 1014 1850 incredulus.

227 1858 329 1885 Verum
348 1867 400 1886 non
416 1865 541 1891 eatenus,
567 1866 595 1888 ut
623 1863 649 1889 in
677 1863 774 1897 lapidis
798 1871 893 1893 natura
910 1875 1015 1901 perma-

226 1909 299 1936 neat,
313 1906 359 1931 sc-l
377 1906 464 1933 donec
482 1911 603 1934 transeat
622 1909 737 1944 populus
755 1910 811 1943 hic,
832 1913 947 1947 populus
972 1915 1016 1942 hic

224 1958 303 1984 quem
337 1951 468 1978 Dominus
498 1953 644 1986 acquisivit
657 1953 714 1988 (16)
728 1961 734 1979 :
747 1965 755 1981 ι
768 1956 883 1984 Οιηιείιτις
894 1960 967 1986 enim
981 1968 1013 1987 ex

226 2001 302 2030 parte
320 1997 434 2031 contigit
451 1998 476 2023 in
492 1997 572 2024 Israel
589 2008 599 2024 ›
617 2001 767 2028 secundutn
789 2010 901 2031 carnem
913 2024 920 2036 ,
939 2015 947 2029 ι
965 2006 1014 2032 do-

226 2050 275 2068 nec
293 2042 373 2077 15o
385 2043 526 2076 plenitudo
541 2045 662 2079 gentium
676 2047 857 2076 subintroirct
871 2050 904 2076 ⁶¹.
920 2059 930 2076 ι
945 2051 1012 2078 Cum

225 2088 296 2114 enim
309 2089 451 2123 plenitudo
467 2091 589 2124 gentium
608 2092 815 2127 subintraverit,
837 2099 901 2122 tunc
926 2097 1011 2124 etiam

224 2134 314 2161 omnis
326 2134 419 2165 lsrael,
436 2135 479 2169 qui
494 2144 542 2171 per
558 2137 760 2167 incredulitatis
780 2140 908 2168 duritiam
926 2142 1013 2171 factus

225 2179 315 2206 fuerat
331 2180 398 2206 sicut
415 2181 493 2215 lapis.
508 2182 667 2210 salvabitur.
681 2184 712 2211 Et
721 2185 761 2212 vis
774 2186 864 2214 videre
875 2189 1012 2221 quomodo

224 2225 390 2252 salvabitur?
404 2236 413 2251 ι
435 2226 533 2254 l‘otens
551 2233 603 2260 est,
618 2229 705 2263 inquit
722 2230 756 2264 ⁸³,
780 2231 849 2259 Deus
869 2232 903 2260 de
917 2233 1012 2268 lapidis

224 2270 274 2297 bus
291 2271 349 2298 istis
375 2273 510 2299 suscitare
540 2273 609 2300 lilios
630 2275 756 2303 Abrahaa.
773 2286 782 2302 ι
811 2277 921 2306 Manent
945 2288 1010 2315 ergo
1028 2268 1049 2296 D

224 2317 326 2351 lapides
353 2326 435 2350 nunc,
461 2319 547 2346 donec
571 2324 692 2348 transeat
716 2322 829 2357 populus
856 2330 928 2357 tuus,
955 2326 1010 2353 Do-

224 2362 317 2394 mine,
337 2363 451 2397 populus
479 2368 541 2390 tuus
565 2364 609 2391 hic
638 2373 718 2399 quem
741 2368 892 2402 acquisisti.
914 2370 968 2398 Sed
986 2372 1010 2400 si

223 2407 281 2442 ipse
296 2407 427 2435 Dotninns
448 2415 558 2436 creator
581 2415 622 2438 est
649 2412 782 2445 omnium,
801 2415 944 2443 videndum
967 2423 1009 2446 est

222 2455 358 2488 quomodo
373 2455 417 2481 hic
432 2455 584 2489 acquisisse
601 2456 719 2491 dicatur,
734 2466 794 2492 quae
811 2468 859 2487 sua
880 2469 940 2489 esse
956 2471 1008 2492 non

222 2500 332 2528 dubium
349 2505 400 2527 est.
425 2501 528 2529 Dicitur
549 2507 576 2530 et
600 2504 627 2530 in
644 2503 698 2530 alio
720 2505 827 2533 cantico
841 2507 1008 2538 Deuterono-

225 2545 271 2572 mii
290 2545 336 2573 “:
357 2554 366 2571 ι
386 2546 482 2575 Nonne
497 2547 541 2575 hic
562 2549 619 2583 ipse
642 2550 713 2578 Dens
727 2556 800 2585 tuus,
814 2553 859 2588 qui
883 2554 947 2584 fecit
968 2562 1003 2592 te,

253 2626 288 2643 ⁸⁸”
302 2628 387 2655 Exod.
402 2636 446 2659 xv.
460 2629 503 2656 l6.

219 2662 243 2679 “
260 2662 338 2690 Deut.
353 2671 440 2695 xxxn.
452 2663 478 2692 6.

219 2704 279 2730 xu,
293 2697 339 2725 22.

323 2745 655 2791 (ἔφηρξιεςιηιινσιωιωιςιαη,
665 2753 710 2785 qui
721 2755 863 2784 mutabiles
875 2758 1004 2791 interpre-

362 2782 488 2826 ιιιξξὺίιςε.
505 2783 526 2809 Α
546 2784 639 2826 radice
650 2782 698 2816 RH:
720 2791 797 2826 ntovit
813 2782 866 2818 sese
879 2782 1004 2826 ,ᾌὶιοῆιιὶ

218 2816 466 2862 2eeez..rwt
481 2819 674 2862 .I'.'.?v°>‘i"°!w
693 2816 1004 2862 =..._i-uerpéa'aa1.'aar

219 2851 355 2892 quomodo
375 2851 648 2892 jiossunt:(Ilianautci
662 2851 774 2886 mobiles

221 2884 247 2906 Χ·
260 2890 412 2929 rnmtamcu
441 2888 476 2928 in.
489 2888 595 2929 Lexicis
615 2884 1001 2929 Hebraeisrvradicimiiigiﬁz

220 2925 324 2953 pressit,
347 2923 500 2956 proururit,
519 2925 641 2961 subjacct
654 2931 714 2966 In:
728 2929 848 2965 Canad",
866 2923 933 2968 νῖᾇῶ

545 2631 568 2647 ⁸⁸
583 2631 635 2660 lsa.
648 2641 708 2666 va,
720 2634 748 2661 2.

786 2636 809 2652 ‘°
825 2636 912 2666 Galat.
925 2647 960 2673 \‘l,
973 2642 1013 2671 Η.

536 2666 558 2682 ⁸⁸
575 2666 585 2693 l
601 2667 663 2695 Cor.
680 2676 727 2702 vit,
740 2670 785 2698 25.

845 2674 867 2689 ⁸³
881 2674 931 2703 lsa.
954 2679 1019 2711 1.,1.

1075 303 1192 337 quisque
1211 303 1276 330 illud
1292 303 1444 337 acquirere,
1469 302 1541 337 quod
1557 310 1609 329 non
1626 303 1677 329 fuit
1694 311 1783 330 suout.
1798 302 1863 330 lndc

1075 349 1191 384 denique
1209 354 1235 376 et
1259 349 1378 377 limretici
1397 349 1491 376 dictmt
1506 350 1538 376 dc
1555 348 1695 376 Salvatore
1706 369 1712 381 ,
1729 349 1790 383 quia
1808 357 1860 376 non

1073 400 1152 421 crant
1164 395 1218 427 sui,
1234 402 1305 429 quos
1322 395 1481 430 acquisivit.
1494 395 1562 422 Dato
1576 396 1675 422 etenim
1688 396 1776 429 pretio
1788 403 1862 422 mer-

1074 445 1150 467 tatus
1166 446 1207 468 est
1226 440 1350 468 homines
1367 449 1437 476 quos
1445 442 1559 469 Creator
1571 442 1682 468 fecerat.
1706 441 1738 467 Et
1757 446 1862 468 certum

1073 491 1126 518 est,
1141 487 1229 519 aiunt,
1246 495 1468 522 unumquemque
1490 496 1544 515 non
1571 488 1636 515 illud
1657 495 1761 519 emere,
1790 487 1861 521 quod

1073 540 1151 559 suum
1178 538 1230 560 est.
1262 533 1409 568 Apostolus
1432 534 1504 560 enim
1528 534 1566 560 ait
1582 534 1627 560 “'z
1644 543 1653 558 ι
1672 533 1763 560 Pretio
1777 534 1861 567 empti

1072 578 1148 606 estis.
1165 588 1174 604 ι
1191 579 1244 606 Sed
1260 580 1321 606 audi
1338 580 1404 614 quid
1419 579 1484 606 dicit
1506 580 1637 614 propheta
1655 580 1677 595 ⁶⁶
1693 588 1699 605 :
1717 588 1725 604 ι
1741 578 1862 606 Peccatis

1073 625 1173 651 vestris
1188 625 1336 651 venundati
1356 625 1435 657 estis,
1454 629 1482 651 et
1497 632 1546 658 pro
1557 625 1747 659 iniquitatibus
1765 625 1863 652 vestris

1073 671 1162 697 dimisi
1179 676 1293 697 matrem
1309 676 1438 697 vestram.
1454 680 1463 696 ι
1478 670 1560 698 Vides
1574 678 1650 706 ergo,
1663 671 1725 705 quia
1741 672 1787 699 Dei
1802 672 1863 705 qui-

1074 718 1133 743 dem
1162 723 1288 744 creatura
1313 726 1409 744 omnes
1438 725 1553 750 sunms,
1579 718 1767 751 unusquisque
1799 726 1863 745 vero

1074 764 1193 796 peccatis
1206 764 1262 790 suis
1276 764 1459 796 vennudatur,
1480 769 1507 790 et
1533 771 1583 798 pro
1600 763 1788 798 iniquitatibus
1804 765 1862 791 suis

1073 815 1087 834 a
1111 809 1221 843 proprio
1245 814 1371 835 creatore
1394 809 1520 836 discedit.
1535 808 1582 836 Dei
1600 809 1685 844 igitur
1706 816 1803 836 sumus
1820 816 1862 837 sc-

1077 855 1195 880 enndam
1212 855 1283 888 quod
1301 856 1335 881 ab
1355 862 1387 881 eo
1401 855 1486 882 creati
1501 863 1606 882 sumus.
1626 854 1719 882 Ell'ecti
1733 863 1798 883 vero
1814 863 1862 882 su—

1073 906 1134 926 mus
1146 900 1215 926 servi
1231 899 1349 931 diaboli,
1365 901 1513 926 secundum
1530 900 1602 934 quod
1617 900 1737 935 peccatis
1758 901 1861 928 nostris

1072 946 1218 972 venundati
1238 954 1342 974 smnus.
1358 946 1474 974 Veniens
1490 951 1581 973 autem
1604 946 1730 974 Christus
1745 947 1861 974 redemit

1073 999 1121 1018 nos
1134 999 1196 1018 cum
1220 994 1386 1020 serviremus
1409 994 1446 1020 illi
1469 994 1592 1025 domino.
1613 993 1655 1020 cui
1675 993 1861 1028 nosmetipsos

1073 1040 1212 1072 peccando
1233 1039 1414 1065 vendidituus.
1434 1039 1467 1065 Et
1481 1039 1518 1065 ita
1536 1039 1642 1066 videtur
1655 1044 1784 1073 tanquam
1799 1047 1864 1066 suos

1074 1085 1182 1119 quidem
1197 1085 1346 1119 recepisse,
1357 1092 1425 1119 quos
1443 1089 1597 1116 creaverat,
1614 1089 1743 1118 tanquam
1760 1085 1863 1112 alienos

1073 1135 1162 1158 autem
1185 1130 1355 1165 acquisisse,
1390 1130 1454 1165 quia
1491 1129 1610 1156 alienum
1641 1130 1693 1157 sibi
1722 1130 1861 1157 dominum

1072 1177 1129 1203 sive
1142 1176 1279 1209 errando,
1302 1176 1360 1203 sive
1381 1175 1520 1210 peccando
1543 1176 1735 1211 quatsiveraut.
1757 1175 1788 1202 Et
1807 1176 1862 1203 l'or-

1073 1228 1145 1249 tasse
1169 1227 1243 1249 recte
1256 1222 1367 1257 quidem
1382 1222 1480 1249 dicitur
1501 1222 1650 1249 redemisse
1662 1230 1711 1249 nos
1722 1222 1860 1256 Christus,

1071 1268 1117 1302 qui
1145 1267 1261 1302 pretium
1289 1267 1374 1295 nostri
1401 1267 1560 1301 sanguinem
1586 1275 1664 1295 suum
1687 1268 1770 1296 dedit.
1790 1268 1860 1301 Quid

1071 1314 1125 1341 tale
1146 1319 1238 1341 autem
1254 1318 1283 1341 ut
1300 1322 1348 1342 nos
1364 1319 1536 1341 mercaretur
1557 1314 1641 1341 etiam
1668 1314 1792 1341 diabolus
1809 1315 1858 1342 de—

1071 1360 1131 1387 dit?
1147 1360 1227 1395 Ergo,
1248 1360 1269 1387 si
1287 1359 1396 1386 videtur
1407 1379 1415 1391 ,
1429 1359 1570 1392 _auscnlta.
1597 1359 1788 1392 Hotuicidiunt,
1813 1368 1862 1396 pe-

1071 1407 1151 1433 cunia
1183 1406 1283 1433 diaboli
1306 1411 1359 1434 est.
1387 1404 1433 1432 llle
1454 1404 1528 1431 enim
1555 1407 1590 1434 ab
1618 1406 1697 1433 initio
1723 1406 1859 1434 homicida

1070 1458 1112 1480 est
1129 1452 1161 1479 ".
1180 1452 1280 1480 Fecisti
1298 1453 1492 1487 homicidium,
1511 1453 1612 1481 diaboli
1631 1453 1773 1489 pecuniam
1796 1461 1859 1480 sns-

1070 1499 1179 1534 ccpisti.
1209 1499 1393 1532 Adulterium,
1419 1500 1517 1527 diaboli
1539 1500 1654 1534 pecunia
1680 1504 1733 1526 cst.
1753 1499 1858 1527 Diaboli

1069 1545 1142 1572 enim
1156 1545 1183 1572 in
1202 1552 1234 1572 eo
1250 1545 1339 1579 imago
1359 1549 1400 1572 est
1417 1550 1445 1572 ct
1464 1546 1671 1581 superscriptio.
1690 1545 1858 1573 Commisisti

1070 1592 1252 1624 adulterium,
1275 1591 1406 1626 accepisti
1425 1591 1527 1618 diaboli
1550 1593 1696 1619 numisma.
1725 1592 1836 1619 Furtum
1849 1611 1856 1622 ,

1069 1637 1167 1664 falsum
1183 1638 1380 1670 testimonium,
1399 1639 1547 1672 rapacitas,
1571 1638 1713 1670 violentia,
1731 1639 1787 1665 hate
1799 1646 1858 1664 om-

1068 1684 1112 1710 uia
1135 1683 1234 1710 diaboli
1259 1691 1359 1709 census
1379 1688 1431 1715 est,
1448 1688 1475 1710 et
1496 1684 1595 1710 diaboli
1613 1685 1767 1711 thesaurus.
1785 1685 1860 1711 Talis

1066 1730 1139 1756 enim
1154 1729 1268 1764 pecunia
1286 1729 1319 1756 de
1332 1727 1392 1762 ejus
1410 1734 1519 1755 moneta
1538 1730 1670 1764 procedit.
1695 1729 1751 1756 Hac
1776 1731 1858 1764 igitur

1067 1777 1181 1811 pecunia
1196 1776 1262 1802 emit
1285 1776 1328 1802 ille
1339 1797 1346 1808 ,
1372 1786 1414 1811 qm
1427 1785 1440 1804 s
1460 1777 1537 1808 cuiit,
1555 1781 1581 1803 et
1601 1775 1682 1802 ellicit
1695 1776 1747 1803 sibi
1763 1784 1857 1803 servos

1066 1829 1178 1854 omnes,
1206 1822 1251 1856 qui
1274 1822 1307 1848 de
1337 1822 1522 1856 hujuscemodi
1552 1829 1633 1849 censu
1660 1820 1718 1855 ejus
1740 1826 1855 1855 quantu-

1067 1868 1231 1902 lumcunque
1242 1868 1423 1902 susceperint.
1436 1868 1533 1894 Verum
1546 1875 1596 1903 ego
1608 1874 1713 1899 vereor,
1727 1875 1761 1894 ne
1773 1867 1855 1893 etiam

1067 1913 1174 1947 aliquos
1188 1914 1220 1940 de
1234 1914 1398 1944 astantibus,
1410 1921 1480 1947 quos
1493 1915 1640 1946 noscimus,
1652 1914 1774 1940 diabolus
1787 1921 1856 1940 met-

1066 1964 1145 1986 cetur
1161 1958 1277 1990 occulte,
1302 1967 1336 1985 ne
1354 1959 1435 1985 etiam
1459 1958 1596 1992 aliquibus
1612 1963 1766 1985 nostrorum
1784 1959 1856 1985 hanc

1066 2005 1223 2040 pecuniam,
1237 2012 1319 2040 quam
1337 2011 1419 2038 supra
1439 2004 1674 2036 eumneravimus,
1693 2005 1811 2039 ingerat,
1826 2010 1854 2031 et

1066 2051 1146 2078 faciat
1169 2051 1229 2078 illos
1242 2058 1348 2077 rursum
1366 2057 1442 2082 suos,
1461 2054 1489 2076 et
1506 2058 1611 2077 rursum
1627 2058 1677 2084 pro
1693 2051 1732 2077 eis
1749 2051 1854 2077 tabulas

1064 2098 1218 2128 servitutis.
1233 2102 1258 2124 et
1272 2097 1375 2131 peccati
1397 2097 1610 2131 chirographum
1633 2097 1746 2128 scribat,
1771 2101 1855 2131 atque

1064 2143 1219 2170 immisceat
1237 2143 1324 2170 servis
1343 2143 1388 2169 Dei
1399 2150 1457 2175 eos,
1478 2150 1549 2177 quos
1570 2143 1674 2178 peccati
1699 2143 1786 2177 pretio
1801 2142 1852 2170 sibi

1065 2188 1161 2216 fecerit
1176 2197 1281 2216 servos.
1298 2189 1372 2216 Solet
1385 2190 1468 2221 enim,
1481 2190 1545 2224 quia
1563 2189 1689 2216 inimicus
1704 2189 1783 2216 homo
1798 2193 1851 2221 est,

1066 2236 1156 2262 tritico
1176 2235 1292 2263 miseere
1312 2237 1427 2263 zizania.
1445 2236 1476 2263 Et
1491 2241 1580 2263 tamen
1592 2235 1614 2262 si
1633 2236 1694 2270 quis
1713 2235 1782 2262 forte
1802 2236 1853 2262 hu-

1061 2281 1215 2317 juscemodi
1245 2284 1387 2317 pecuniam
1410 2289 1425 2308 a
1448 2281 1556 2310 diabolo
1577 2284 1705 2316 deceptus
1735 2283 1851 2317 accepit;

1061 2337 1114 2358 non
1140 2335 1335 2363 usquequaque
1360 2328 1487 2363 desperet
1501 2337 1515 2362 ;-
1541 2329 1698 2356 misericors
1716 2328 1790 2355 cnim
1809 2334 1852 2355 est

1059 2379 1087 2402 et
1108 2375 1254 2402 miseratur
1273 2375 1420 2406 Dominus.
1443 2379 1471 2402 et
1493 2381 1627 2403 creatura:
1649 2384 1706 2403 sua:
1728 2384 1780 2403 non
1795 2375 1852 2402 vult

1060 2421 1244 2455 mortem,scd
1260 2426 1287 2448 ut
1299 2426 1486 2454 convertatur,
1500 2426 1527 2449 et
1540 2422 1613 2449 vivat
1627 2422 1659 2448 "2
1677 2421 1849 2455 Posuitcudo,

1059 2467 1157 2500 ﬂendo,
1176 2468 1372 2495 satisfaciendo
1394 2467 1484 2495 deleat
1512 2469 1583 2504 quod
1612 2468 1764 2496 admissum
1794 2475 1848 2495 est.

1062 2513 1133 2541 Dicit
1156 2514 1229 2540 enim
1256 2515 1389 2548 propheta
1403 2514 1436 2546 ",
1453 2515 1517 2550 quia
1538 2524 1548 2541 ι
1565 2515 1587 2542 si
1604 2522 1752 2543 conversus
1771 2515 1847 2551 iuge-

1060 2560 1173 2593 mueris,
1196 2564 1260 2588 tunc
1286 2560 1378 2588 salvus
1401 2562 1468 2590 eris.
1481 2571 1490 2587 ι
1511 2561 1593 2589 Paulo
1611 2562 1692 2589 latius
1710 2562 1848 2598 progressi

1053 2644 1075 2660 “
1088 2644 1172 2672 Exod.
1188 2652 1236 2677 xv,
1251 2645 1293 2673 16.

1076 2681 1098 2696 ⁶⁷
1109 2680 1188 2709 Joan.
1207 2688 1267 2713 vnt,
1289 2681 1334 2709 Η.

1342 2646 1365 2662 ⁶”
1379 2645 1636 2711 “resedi”:
1651 2647 1744 2713 “lim”
1758 2649 1843 2713 liis?

1058 2769 1138 2790 noun.
1157 2762 1235 2796 cujus
1250 2763 1345 2790 iucolze
1360 2771 1421 2790 cum
1438 2764 1473 2791 ob
1487 2767 1569 2794 maris
1591 2767 1716 2794 viciniam
1738 2777 1844 2796 inerra-

1058 2801 1125 2824 tura.-
1140 2797 1223 2825 dediti
1243 2797 1352 2832 fuerint,
1372 2800 1433 2826 inde
1446 2804 1516 2845 pm,
1530 2808 1668 2835 mermlor,
1686 2806 1842 2841 negotiator.

1092 2843 1148 2884 (l6)
1166 2843 1295 2887 Dominus
1315 2843 1462 2887 acquisivit.
1487 2848 1540 2877 Vox
1565 2849 1690 2880 Durnium
1709 2852 1735 2883 in
1759 2852 1849 2882 editis

1055 2886 1167 2913 onussa,
1189 2886 1323 2915 ῐυυρτιιυι*
1344 2890 1369 2909 ΙΙΙ
1387 2890 1451 2911 mss.
