4122 6248
480 329 583 385 359

1943 344 2264 403 ΟΗΙΕΕΝΙὸ

3639 360 3743 415 δι’)

481 465 691 516 stultus,
725 451 850 508 dttnt
885 455 1133 511 volumus
1157 471 1432 526 exponere
1457 466 1727 531 quomodo
1765 466 1903 527 Deus
1935 483 2053 535 qua:
2085 474 2128 530 Α
2161 472 2418 535 eilicitur,
2452 491 2519 529 ne
2552 477 2647 530 tibi
2699 476 2904 546 aliquid
2936 478 3096 533 desit.
3149 480 3286 533 Audi
3319 490 3373 534 et
3407 479 3629 534 Paulum
3661 482 3741 534 di-

480 557 577 598 sua
611 552 737 598 sunt
772 546 986 602 dicatur
1022 551 1340 617 acquirere,
1394 566 1448 608 et
1489 558 1759 612 redimere
1802 559 2054 616 Chrisws

478 637 744 705 sanguine
774 640 1012 706 pretioso
1051 656 1188 710 quos
1229 658 1444 701 emerat
1482 650 1730 704 diabolus
1773 652 1860 704 vili
1911 669 2052 706 mer-

477 729 611 781 cede
644 731 872 796 peccati.

547 822 634 874 £0.
671 840 692 872 ι
728 822 999 880 luducens
1037 827 1219 894 planta
1258 846 1356 884 eos
1407 832 1459 889 in
1493 847 1684 892 monte
1713 838 2051 894 baereditatis

475 919 580 964 tua:
608 909 674 966 ⁷⁸.
709 930 727 962 ι
786 913 901 969 Non
937 917 1046 971 vult
1097 935 1196 974 nos
1235 920 1374 975 Deus
1409 924 1460 976 iu
1513 923 1747 995 Egypto
1783 929 2048 996 plantare,

472 1018 573 1058 nec
609 1005 661 1058 itt
705 1006 927 1073 deiectis
959 1021 1012 1062 et
1045 1011 1096 1063 in
1134 1011 1430 1069 humilibus
1459 1017 1614 1084 locis,
1648 1021 1742 1072 sed
1775 1022 1826 1075 in
1863 1031 2050 1076 monte

469 1095 808 1152 hmreditatis
843 1114 953 1154 suae
1001 1101 1110 1156 vult
1146 1102 1395 1169 plantare
1443 1122 1583 1174 quos
1637 1109 1861 1178 plantat.
1911 1113 2044 1168 Tum

469 1195 730 1254 rit-arterea
792 1192 935 1258 quod
980 1192 1130 1249 addit
1172 1213 1186 1248 :
1239 1214 1258 1246 ι
1303 1196 1565 1254 inducens
1617 1202 1797 1269 planta
1855 1219 1986 1270 eos;
2021 1226 2040 1258 ›

467 1293 600 1332 num
637 1278 729 1332 tibi
768 1281 980 1335 videtur
1017 1293 1274 1353 tanquaru
1307 1287 1373 1341 de
1405 1291 1589 1357 pueris
1615 1292 1817 1360 dicere,
1841 1296 1930 1365 qui
1963 1295 2047 1350 in-

465 1372 738 1424 ducuntur
763 1372 827 1426 ad
859 1375 1076 1428 scholas
1097 1415 1110 1440 ,
1147 1377 1475 1433 inducuntur
1507 1383 1575 1434 ad
1609 1383 1840 1451 litteras,
1884 1387 2043 1441 indu-

467 1473 668 1522 cuntur
699 1466 766 1522 ad
803 1482 1018 1524 onmem
1055 1470 1472 1527 eruditionem?
1508 1474 1752 1547 lnlellige
1791 1495 1920 1550 ergo
1951 1496 2046 1549 per

469 1556 607 1621 htec,
627 1557 671 1611 si
703 1565 880 1617 tamen
911 1559 1079 1616 habes
1109 1577 1268 1617 aures
1297 1565 1573 1630 audiendi,
1604 1571 1873 1636 qumnodo
1903 1572 2044 1628 Deus

465 1647 675 1715 plantat
717 1672 727 1703 :
773 1665 839 1703 tte
900 1651 1041 1705 forte
1093 1670 1216 1710 cum
1271 1657 1428 1712 audis
1489 1675 1615 1712 eum
1676 1661 1932 1718 inducere
1990 1673 2045 1717 et

466 1739 731 1806 plantare,
768 1754 922 1809 putes
952 1758 1074 1798 eum
1107 1745 1242 1802 licus
1289 1749 1342 1802 in
1390 1759 1554 1817 terra,
1592 1761 1679 1806 aut
1715 1753 1819 1810 alia
1856 1755 2040 1823 hujus—

463 1830 676 1884 cemodi
743 1832 975 1901 virgulta
1031 1835 1286 1907 deligere.
1326 1841 1463 1894 Audi
1503 1851 1558 1894 et
1598 1842 1722 1896 alibi
1766 1849 2041 1912 quomodo

463 1922 675 1989 plantat
731 1924 893 1979 Deus.
959 1926 1224 1996 Propheta
1302 1933 1434 1986 dicit
1490 1935 1578 1987 ⁷¹ε
1623 1954 1641 1990 ς
1701 1935 2036 1994 Vincatn'cx

462 2011 698 2082 Egyptu
734 2018 1084 2084 transtulisti,
1132 2030 1186 2074 et
1233 2023 1481 2091 expulisti
1517 2037 1727 2094 gentes,
1775 2041 1830 2086 et
1882 2032 2036 2098 plan-

463 2107 586 2160 ωςιί
620 2121 762 2163 eam.
796 2108 1047 2167 Pervium
1083 2113 1184 2166 iter
1219 2115 1396 2168 fecisti
1451 2128 1578 2171 ante
1609 2133 1750 2182 eam,
1784 2122 2034 2189 plantasti

463 2197 671 2254 radices
726 2200 862 2268 ejus,
911 2215 962 2260 ct
1011 2206 1229 2272 replesti
1275 2217 1504 2262 terram.
1555 2210 1781 2280 Operuit
1823 2226 2038 2271 montes

460 2291 648 2346 umbra
679 2293 828 2358 ejus,
879 2305 933 2353 et
968 2298 1194 2350 arbusta
1233 2298 1351 2367 ejus
1381 2301 1577 2355 cedros
1623 2304 1736 2358 Dei.
1774 2324 1792 2356 ι
1825 2307 2033 2362 Adver-

459 2382 568 2436 tiin
605 2384 716 2450 jam
745 2387 1018 2453 quomodo
1054 2388 1264 2453 plantat
1314 2391 1456 2447 Deus
1482 2434 1496 2458 ,
1539 2406 1594 2450 et
1640 2395 1728 2450 tibi
1788 2397 2037 2464 plantat?

457 2473 573 2529 Non
611 2476 818 2542 plantat
854 2479 905 2532 in
944 2481 1198 2546 vallibus,
1231 2485 1324 2538 sed
1372 2485 1423 2540 in
1473 2489 1750 2546 montibus
1801 2493 2034 2548 excelsis

457 2579 514 2620 et
548 2568 873 2626 sublimilms
915 2574 1067 2629 leris.
1097 2576 1243 2642 Quos
1282 2579 1426 2636 enim
1460 2581 1640 2640 educit
1673 2586 1738 2642 de
1773 2585 2030 2658 Egypto,

454 2673 591 2728 quos
625 2660 691 2715 de
718 2661 919 2716 saeculo
948 2665 1168 2720 adducit
1191 2669 1258 2720 ad
1283 2669 1463 2744 tidem,
1499 2688 1602 2730 non
1650 2674 1761 2728 vult
1794 2692 1888 2731 eos
1928 2679 2029 2733 ite-

458 2766 575 2803 rum
621 2752 670 2808 in
713 2753 1006 2812 humilibus
1049 2755 1359 2821 collocztre,
1406 2762 1500 2818 sed
1559 2767 2028 2822 conversationem

451 2856 639 2898 eorum
682 2845 795 2901 vult
836 2862 960 2902 esse
1001 2847 1310 2904 sublimem.
1357 2852 1480 2906 Vult
1527 2870 1624 2910 nos
1668 2857 1720 2910 in
1757 2861 2030 2916 montibus

456 2933 724 2998 habitare,
782 2938 875 2990 sed
930 2939 981 2990 in
1034 2939 1164 3006 ipsis
1223 2939 1576 2998 nihilominus
1611 2947 1888 3004 montibus
1921 2966 2025 3006 non

451 3025 566 3078 vult
596 3041 694 3080 nos
721 3043 884 3095 super
907 3038 1103 3086 terram
1131 3046 1340 3100 repere,
1373 3049 1473 3089 nec
1499 3036 1636 3090 ultra
1670 3039 1781 3092 vult
1813 3042 2025 3096 vineam

2159 573 2371 617 centem
2395 565 2441 595 ⁷⁸
2475 585 2486 618 :
2527 584 2544 616 t
2585 567 2676 620 Dei
2707 568 3059 634 agricultura,
3097 569 3191 622 Dei
3216 570 3510 624 aediﬁcatio
3545 574 3734 625 estis.»

2158 661 2308 723 Quod
2340 676 2471 729 ergo
2507 663 2646 716 istud
2686 671 2767 716 est
2795 663 3237 727 sanctimonium,
3267 663 3412 729 quod
3443 677 3546 715 non
3577 679 3742 715 manu

2155 751 2391 805 horninis
2434 751 2637 806 factum
2691 761 2797 816 cst,
2847 754 2942 806 sed
3001 753 3250 806 manibus
3301 752 3393 805 Dei
3451 753 3739 820 paratum?

2153 841 2292 896 Audi
2326 843 2652 912 sapientiam
2685 843 2956 898 dicentem
2985 843 3054 905 ⁷⁷,
3089 843 3219 911 quia
3252 859 3271 891 ‹
3307 842 3592 895 aediﬁcavit
3632 843 3735 896 sibi

2154 935 2394 986 domum.
2444 952 2460 983 ι
2497 932 2605 1001 Ego
2632 944 2811 986 autem
2848 934 2948 988 hoe
2983 933 3047 986 de
3081 934 3468 986 incarnatione
3521 933 3733 986 Domini

2156 1023 2356 1078 rectius
2385 1023 2791 1092 intelligendum
2827 1033 2976 1092 puto.
3035 1021 3152 1074 Non
3183 1021 3327 1074 enim
3362 1038 3522 1074 manu
3558 1021 3736 1074 homi-

2153 1131 2276 1167 num
2311 1116 2510 1169 factum
2543 1123 2651 1178 est,
2684 1116 2733 1168 id
2763 1124 2870 1177 est,
2903 1130 3006 1167 non
3035 1129 3196 1181 opere
3215 1114 3455 1166 humano
3475 1113 3730 1181 templum

2150 1207 2332 1260 carnis
2369 1207 2668 1261 :edilieatur
2701 1208 2752 1260 in
2784 1206 3026 1275 virgine,
3065 1205 3182 1268 sed,
3212 1205 3356 1257 sicut
3398 1205 3733 1273 pranlixcrat

2150 1299 2192 1350 Ι)
2215 1299 2338 1354 .nicl
2373 1299 2442 1362 ⁷⁸,
2474 1299 2614 1369 lapis
2643 1301 2761 1354 sine
2791 1301 3044 1354 manibus
3078 1299 3297 1352 excisus
3327 1297 3520 1358 crevit,
3567 1306 3619 1349 et
3651 1295 3732 1348 fa-

2149 1401 2266 1444 ctus
2300 1402 2381 1446 est
2407 1408 2560 1445 mons
2593 1407 2842 1461 magnus.
2868 1390 3010 1444 istud
3044 1401 3127 1444 est
3153 1388 3571 1442 sanctimonium
3602 1403 3727 1440 car-

2149 1486 2231 1536 nis
2267 1495 2577 1554 assntnptm,
2610 1493 2664 1538 et
2688 1484 2806 1537 sine
2834 1483 3106 1547 manibus,
3126 1482 3177 1535 id
3202 1489 3284 1534 est
3329 1482 3534 1546 alisque
3561 1494 3727 1547 opere

2149 1577 2450 1639 hominum,
2482 1579 2547 1631 de
2584 1586 2765 1632 monte
2797 1577 3048 1632 humana:
3077 1583 3281 1628 naturte
3314 1582 3366 1626 et
3396 1564 3716 1626 substantite

2149 1665 2333 1719 carnis
2359 1665 2628 1718 excisum.

2219 1758 2305 1812 15.
2344 1774 2364 1806 t
2409 1757 2655 1819 Domine,
2684 1756 2776 1827 qui
2805 1771 3000 1824 regnas
3029 1755 3080 1808 in
3121 1753 3404 1816 saeculum,
3439 1763 3492 1807 et
3533 1753 3588 1806 in
3624 1768 3726 1807 sae-

2144 1849 2350 1912 culum,
2377 1859 2432 1906 et
2462 1849 2643 1904 adhuc
2671 1849 2739 1900 7’.
2776 1866 2795 1898 ›
2829 1847 3055 1913 Quoties
3101 1846 3153 1898 in
3197 1845 3454 1899 saeculum
3500 1843 3721 1908 dicitur,

2145 1939 2423 2008 longitudo
2461 1938 2678 2007 quidem
2725 1938 3008 2004 temporis,
3052 1936 3146 1989 sed
3187 1949 3312 1989 esse
3364 1934 3487 1988 linis
3527 1933 3725 2002 aliquis

2143 2035 2438 2096 iudicatur,
2474 2039 2529 2086 et
2562 2030 2605 2085 si
2657 2031 2706 2084 in
2755 2029 2899 2082 aliud
2952 2028 3210 2082 saeculum
3256 2027 3490 2092 dicatur,
3526 2027 3723 2094 aliquis

2141 2127 2257 2180 sine
2287 2124 2452 2178 dubio
2483 2123 2696 2193 longior
2734 2121 2975 2191 quidem,
3010 2130 3188 2173 tamen
3217 2121 3441 2188 ponitur
3472 2117 3632 2184 ﬁnis;
3666 2127 3724 2172 et

2141 2219 2358 2288 quoties
2390 2215 2588 2270 stncula
2625 2214 2946 2270 surculorum
2985 2215 3357 2280 nominantur,
3389 2211 3623 2266 fortasse
3654 2211 3720 2265 li-

2137 2320 2225 2364 cet
2250 2311 2467 2378 ignotus
2498 2307 2674 2373 nobis,
2704 2315 2881 2360 tamen
2916 2321 2944 2358 a
2973 2304 3083 2357 Deo
3110 2314 3345 2358 statutus
3378 2305 3576 2373 aliquis
3609 2313 3716 2358 ter-

2140 2402 2317 2455 minus
2345 2399 2641 2455 indicatur.
2680 2397 2833 2464 Quod
2867 2411 2995 2450 vero
3019 2395 3164 2449 addit
3192 2395 3244 2448 iit
3279 2395 3384 2449 hoc
3411 2393 3531 2450 loco
3566 2414 3622 2451 :r
3662 2406 3716 2448 et

2135 2494 2340 2557 adhuc,
2381 2511 2399 2544 ι
2439 2491 2643 2545 nullum
2690 2505 2911 2546 sensum
2957 2489 3172 2542 termini
3204 2487 3434 2556 alicujus
3469 2498 3562 2541 aut
3591 2487 3717 2543 linis

2137 2586 2378 2653 reliquit.
2406 2584 2778 2651 Quodcunque
2816 2582 2957 2635 enim
2987 2579 3116 2632 illud
3143 2579 3486 2651 c0gitaveris,
3520 2579 3572 2633 in
3607 2594 3715 2648 quo

2137 2678 2296 2730 linem
2353 2686 2507 2744 putes
2557 2689 2715 2743 posse
2776 2677 3099 2736 consistere,
3154 2689 3368 2742 semper
3425 2673 3519 2725 tibi
3576 2673 3709 2726 dicit

2133 2785 2316 2824 sermo
2352 2769 2739 2838 propheticus:
2775 2787 2792 2819 t
2827 2769 2892 2822 Et
2924 2769 3122 2833 adhuc,
3159 2787 3176 2820 ι
3210 2766 3352 2820 velut
3378 2765 3422 2820 si
3458 2765 3713 2834 loquatur

2132 2861 2196 2914 ad
2233 2870 2302 2927 te,
2333 2870 2387 2914 et
2419 2861 2567 2913 dicat
2603 2876 2614 2910 :
2647 2857 2810 2913 l‘utas
2837 2859 2888 2912 itt
2915 2857 3169 2912 saaculum
3201 2856 3382 2911 surculi
3418 2855 3703 2909 Dominum

2132 2950 2522 3016 regnaturum?
2555 2968 2573 3000 ς
2629 2948 2694 3002 Et
2738 2948 2974 3002 adhuc.)
2998 2946 3164 3003 Putas
3189 2947 3241 3000 itt
3295 2945 3490 3000 saecula
3522 2959 3698 2999 saecu-

2131 3042 2347 3096 lorum?
2389 3062 2406 3092 ι
2445 3040 2511 3094 Ει
2545 3041 2723 3096 adhuc
2759 3041 2894 3112 (l7).
2944 3060 2962 3091 ι
2999 3039 3577 3108 thuomodocuuque
3623 3037 3706 3088 di-

451 3130 601 3168 suani
638 3117 785 3170 humi
831 3117 1066 3185 dejectos
1116 3120 1317 3176 habere
1355 3121 1590 3190 h-uctus,
1637 3129 1732 3182 sed
1771 3130 1881 3184 vult
1913 3133 2028 3200 pal-
2056 3145 2097 3203 α
2137 3135 2280 3189 xeris
2312 3132 2439 3187 illud
2477 3132 2542 3186 de
2589 3132 2737 3202 regni
2777 3131 2893 3200 ejus
2918 3130 3133 3201 Spatiis,
3177 3145 3395 3200 semper
3425 3131 3521 3185 tibi
3575 3128 3705 3185 dicit

451 3210 611 3263 mites
648 3209 764 3276 ejus
802 3227 1018 3270 sursum
1052 3214 1198 3276 duci,
1235 3214 1286 3267 in
1322 3214 1432 3268 alto
1457 3217 1729 3284 collocari,
1769 3223 2024 3278 traduces

449 3299 590 3364 tieri,
618 3310 671 3354 et
714 3302 961 3358 traduces
1006 3318 1116 3358 non
1153 3305 1206 3358 in
1258 3305 1673 3379 quibuscunqtte
1728 3313 2025 3370 humilibus

447 3392 755 3458 arboribus,
795 3396 889 3449 sed
944 3396 994 3449 in
1047 3395 1282 3451 excelsis
1334 3405 1389 3450 et
1438 3399 1490 3452 in
1533 3400 1816 3459 altissimis
1847 3407 2025 3466 ccdris

449 3483 564 3536 Dei.
608 3484 810 3539 Cedros
869 3486 957 3541 Dei
996 3501 1097 3557 ego
1129 3493 1419 3558 prophetas
1454 3503 1508 3547 et
1540 3497 1814 3561 apostolos
1849 3511 1978 3565 puto
2005 3543 2021 3565 ,

447 3576 649 3644 quibus
691 3593 790 3632 nos
831 3579 874 3632 si
905 3577 1264 3650 adjungamur
1295 3585 1422 3638 vitis
1469 3602 1629 3654 quam
1681 3588 1748 3642 de
1785 3588 2022 3662 Aigypto

448 3669 723 3724 transtulit
757 3670 914 3738 Deus,
947 3680 1000 3728 et
1031 3689 1128 3742 per
1159 3691 1341 3732 ramos
1389 3693 1575 3732 eorum
1626 3683 1795 3736 nostri
1831 3686 2022 3754 palmi-

447 3771 528 3816 tes
567 3761 956 3829 dill'uudautur,
990 3775 1153 3836 atque
1203 3769 1336 3837 ipsis
1371 3770 1543 3825 innixi
1582 3773 1832 3830 traduces
1872 3793 2019 3845 qua:-

443 3854 565 3908 dam
597 3853 893 3909 ellieiamur
928 3856 1212 3913 charitatis
1240 3861 1306 3913 ad
1338 3861 1566 3916 iuvicent
1619 3866 1849 3922 vinculis
1881 3886 2014 3924 con-

440 3945 589 4008 nexi,
620 3946 852 4000 fructum
884 3948 1002 4002 sine
1029 3950 1191 4004 dubio
1219 3950 1508 4017 plurimum
1539 3955 1850 4014 alferemus.
1880 3960 2012 4017 Nam

445 4054 464 4086 ι
499 4037 680 4090 omnis
730 4037 894 4091 arbor
937 4054 1056 4105 qua:
1104 4056 1211 4096 non
1250 4039 1378 4097 facit
1415 4043 1650 4101 fructum
1679 4049 1882 4105 bonum
1919 4069 2015 4109 ex-

439 4126 668 4190 cidetur,
703 4137 756 4180 et
789 4129 839 4180 in
875 4129 1048 4198 ignem
1089 4132 1337 4188 mittetur
1366 4136 1432 4190 τ’.
1464 4155 1481 4188 ο

511 4214 598 4268 ll.
636 4234 652 4266 ι
696 4216 748 4270 In
776 4231 1079 4288 j'irtcparata
1105 4222 1441 4280 habitatione
1473 4238 1582 4294 tua,
1609 4246 1769 4299 quam
1807 4249 2014 4305 prmpa-

439 4308 593 4371 rasti,
629 4307 852 4364 Domine
884 4310 948 4362 ⁷³.
985 4331 1001 4362 ι
1055 4311 1183 4368 Vide
1211 4316 1495 4373 clementis
1529 4319 1745 4375 Domini
1796 4323 2010 4380 bonita-

438 4410 566 4461 tem,
603 4416 704 4452 non
739 4403 851 4454 vult
889 4413 938 4458 te
968 4403 1223 4460 inducere
1259 4408 1324 4460 ad
1356 4407 1618 4478 laborem,
1651 4429 1755 4468 tton
1805 4420 1916 4471 vult
1955 4426 2012 4470 ut

2131 3227 2396 3298 propheta
2430 3240 2443 3276 :
2482 3241 2499 3274 ι
2539 3223 2602 3276 Ει
2638 3224 2836 3278 adhuc.
2883 3241 2904 3276 ι

2202 3316 2288 3370 14.
2329 3333 2346 3364 t
2385 3314 2651 3379 Quoniam
2685 3313 2906 3368 intravit
2937 3312 3215 3384 equitatus
3249 3313 3546 3369 Pharaonis
3580 3329 3702 3369 cum

2132 3406 2409 3477 quadrigis
2445 3415 2499 3458 et
2533 3406 2919 3460 ascensoribus
2957 3405 3010 3458 in
3048 3405 3281 3459 medium
3337 3419 3506 3468 mare,
3536 3414 3593 3459 ct
3625 3407 3705 3457 in-

2127 3500 2283 3554 duxit
2312 3513 2477 3566 super
2509 3510 2600 3550 eos
2639 3495 2899 3550 Dominus
2935 3510 3108 3564 aquas
3145 3495 3334 3548 utaris.
3365 3495 3486 3549 Filii
3519 3507 3700 3548 autem

2128 3595 2293 3649 Israel
2323 3592 2747 3648 ambulaverunt
2775 3606 2869 3660 per
2897 3591 3100 3645 siccum
3136 3592 3187 3644 in
3222 3590 3397 3644 medio
3425 3592 3561 3644 mari
3596 3589 3695 3642 κθ.»

2127 3689 2192 3742 Ει
2220 3698 2272 3741 ιιι
2295 3687 2339 3742 si
2373 3686 2513 3740 filius
2540 3683 2704 3739 Israel
2737 3699 2820 3746 es,
2844 3694 2996 3753 potes
3029 3681 3310 3737 ambulare
3348 3697 3446 3751 per
3489 3683 3694 3736 siccum
3755 3706 3775 3721 ο

2125 3782 2176 3836 in
2199 3780 2376 3834 medio
2405 3779 2560 3833 mari.
2599 3778 2656 3833 Si
2689 3775 2858 3832 fueris
2890 3777 2946 3832 in
2969 3777 3146 3831 medio
3179 3777 3413 3831 nationis
3439 3793 3617 3847 pravae
3643 3788 3699 3832 et

2122 3887 2389 3943 perversae
2419 3871 2559 3926 sicut
2608 3870 2790 3924 lumen
2842 3869 2972 3923 solis
3005 3870 3227 3923 verbum
3259 3869 3385 3923 vitm
3413 3869 3698 3924 continens

2121 3963 2186 4016 ad
2217 3962 2466 4030 gloriam,
2504 3969 2682 4032 potest
2714 3959 2825 4013 fieri
2863 3969 2922 4012 ut
2956 3959 3007 4011 in
3034 3957 3210 4013 medio
3236 3970 3581 4028 peccatorum
3617 3960 3695 4012 in.

2120 4055 2400 4111 cedentem
2446 4061 2498 4106 te
2549 4066 2652 4106 non
2708 4050 2958 4105 infundat
3002 4051 3196 4104 humor
3241 4061 3472 4120 peccati,
3517 4059 3697 4118 potest

2124 4146 2239 4200 ﬁeri
2277 4156 2336 4200 ut
2359 4155 2730 4200 transeuntem
2765 4153 2816 4198 te
2849 4159 2944 4214 per
2974 4143 3118 4197 hunc
3151 4144 3408 4197 mundum
3445 4142 3588 4195 nulla
3638 4142 3696 4195 li-

2118 4239 2319 4295 bidinis
2376 4238 2518 4292 unda
2581 4243 2884 4303 respergat,
2936 4234 3112 4288 nullus
3160 4233 3470 4302 cupiditatis
3526 4244 3693 4288 testas

2068 4378 2078 4387 .
2118 4331 2391 4386 verberet.
2427 4327 2527 4395 Qui
2557 4337 2738 4382 autem
2771 4325 3058 4397 Aigyptius
3089 4336 3246 4379 estet
3274 4327 3519 4396 sequitur
3551 4324 3690 4382 Pha-

2120 4437 2367 4485 raonem,
2405 4421 2490 4474 ille
2519 4420 2782 4474 vitiorum
2823 4416 3082 4472 ﬂuctibus
3106 4418 3388 4487 mergitur.
3423 4417 3523 4485 Qui
3560 4433 3688 4473 vero

437 4505 550 4556 ipse
580 4492 672 4544 tibi
708 4490 878 4546 facias
912 4494 1433 4567 habitaculum,jam
1467 4513 1516 4556 te
1539 4490 2008 4575 adiprteparatam
2047 4493 2087 4549 θ
2117 4512 2364 4582 sequitur
2390 4511 2692 4575 Christum,
2729 4519 2783 4563 et
2819 4509 2963 4565 sicut
3016 4509 3128 4577 ipse
3160 4509 3477 4574 ambulavit,
3524 4511 3594 4562 ita
3633 4518 3688 4564 et

434 4581 653 4634 deducit
719 4583 1133 4641 habitationem.
1191 4588 1328 4644 Audi
1390 4592 1558 4648 Deum
1616 4597 1882 4653 dicentem
1953 4601 2004 4654 in

434 4671 723 4744 Evangelia
754 4675 799 4705 ⁷³
830 4694 841 4728 :
877 4694 895 4728 t
931 4676 1036 4730 Alii
1075 4675 1480 4748 laboraverunt,
1507 4693 1561 4738 et
1591 4703 1684 4741 vos
1716 4687 1767 4741 itt
1797 4688 2007 4744 labores

428 4779 616 4818 eorum
654 4764 938 4822 introistis.
973 4785 992 4818 ι

502 4854 584 4906 1:2.
629 4873 648 4906 ι
688 4854 1136 4923 Sanctimonium,
1179 4861 1427 4928 Domine,
1465 4865 1607 4932 quod
1657 4882 2003 4936 praeparave-

427 4957 554 5000 runt
579 4965 772 5003 manus
811 4961 912 5004 tuae
949 4951 1017 5003 ⁷⁵.
1059 4969 1077 5002 t
1115 4951 1573 5020 Sanctimonium,
1611 4959 1762 5030 151
1802 4961 2003 5016 dicitur

429 5040 838 5094 tabernaculum
880 5043 996 5105 Dei,
1031 5042 1113 5097 vel
1153 5046 1407 5114 templum
1432 5049 1500 5101 ab
1528 5064 1592 5103 eo
1627 5052 1768 5119 quod
1800 5053 2001 5105 sancti-

425 5133 551 5183 licat
579 5133 920 5187 accedentes.
957 5135 1068 5189 lloc
1107 5153 1212 5207 non
1261 5139 1395 5193 dicit
1429 5158 1590 5194 manu
1640 5143 1878 5197 hominis
1916 5145 1996 5196 fa-

424 5231 593 5288 ctum,
621 5225 714 5276 sed
747 5240 905 5278 tuanu
950 5227 1062 5281 Dei.
1095 5227 1233 5295 Quid
1262 5233 1434 5302 ergo?
1480 5234 1708 5305 Propter
1735 5245 1786 5289 te
1856 5234 1997 5289 Deus

416 5321 472 5363 et
527 5314 755 5382 plantat,
808 5323 862 5370 et
907 5320 1160 5387 aediﬁcat,
1194 5325 1432 5394 agricola
1466 5327 1715 5392 edicitur,
1754 5340 1997 5385 structor

489 5526 534 5555 "°
566 5527 735 5580 l'lxod.
773 5546 860 5594 xv,
903 5531 986 5585 17.

424 5609 506 5657 xv,
548 5597 631 5648 17.

1065 5533 1105 5564 ⁷¹
1145 5533 1280 5589 Psnl.
1315 5552 1510 5602 t.xvtx,
1550 5537 1601 5590 9.

711 5599 757 5628 ⁷⁸
786 5601 801 5653 Ι
835 5603 956 5655 Cor.
991 5619 1072 5668 tu,
1105 5605 1158 5657 9.
1238 5605 1280 5633 ⁷⁷
1312 5605 1470 5659 l’rov.
1501 5599 1592 5671 'tx,
1643 5610 1690 5660 1.

1680 5539 1723 5569 ⁷³
1753 5538 1938 5592 Matth.
1977 5556 2070 5601 vit.
2107 5541 2188 5596 19.

1769 5610 1813 5640 ⁷⁸
1850 5609 1980 5662 Dan.
2029 5627 2088 5673 tt,
2118 5612 2206 5665 δι.

2115 4606 2229 4673 ipse
2264 4601 2526 4665 ambulat,
2560 4618 2712 4669 aqua:
2739 4602 2786 4656 ei
2819 4617 3005 4656 murus
3033 4602 3168 4654 littnt
3202 4603 3390 4655 dextra
3416 4601 3681 4672 laevaque,

2111 4697 2226 4765 ipse
2259 4705 2440 4749 autem
2477 4694 2650 4749 media
2687 4695 2772 4746 via
2803 4693 3007 4750 incedit
3034 4710 3129 4764 per
3156 4695 3383 4748 siccum.
3437 4693 3554 4749 Non
3589 4696 3685 4748 tle-

2108 4787 2274 4841 trlinat
2302 4785 2368 4840 ad
2407 4785 2707 4847 dexteram,
2742 4800 2917 4852 neque
2947 4786 3013 4840 ad
3058 4786 3363 4850 sinistram,
3405 4803 3683 4856 ttsquequo

2106 4888 2265 4933 exeat
2291 4877 2356 4932 ad
2395 4877 2724 4940 libertatem,
2765 4888 2818 4930 et
2871 4875 3128 4946 hymnum
3169 4877 3411 4931 victoria:
3455 4877 3683 4930 Domino

2102 4970 2370 5023 concinat
2417 4969 2606 5023 dicens
2629 4968 2670 4999 ³¹
2703 4985 2715 5020 :
2750 4986 2767 5019 ι
2810 4968 3104 5028 Οιυιιριιιιιδ
3156 4968 3401 5029 Domino,
3448 4969 3682 5038 gloriose

2107 5063 2248 5116 enim
2283 5061 2677 5115 bonot‘it’it‘atus
2708 5071 2814 5122 est,
2852 5079 2869 5110 ι
2909 5076 3000 5128 per
3027 5059 3212 5114 Jcsum
3259 5059 3534 5114 Christum
3571 5060 3676 5112 Do-

2101 5153 2306 5204 minum
2345 5163 2612 5215 nostrum,
2644 5154 2728 5204 cui
2765 5162 2843 5204 est
2874 5153 3070 5222 gloria,
3105 5162 3158 5207 et
3185 5153 3464 5222 imperium
3495 5154 3546 5206 itt
3580 5170 3678 5208 sa:-

2097 5243 2217 5298 culat
2250 5245 2594 5296 saeculorum.
2630 5245 2822 5296 Anti-tt.

3420 5546 3466 5577 "
3498 5545 3670 5601 Exod.

3333 5616 3375 5649 ‘“
3429 5617 3557 5671 ibid.
3572 5658 3585 5682 ,
3620 5615 3673 5673 1ο

2303 5543 2347 5572 ⁷³
2376 5539 2542 5595 Exod.
2580 5559 2670 5602 κν.
2709 5545 2788 5595 l7.

2283 5613 2326 5642 ⁷³
2387 5613 2556 5665 Exod.
2599 5615 2804 5677 xv,18.

2869 5545 2914 5575 ⁷⁷⁵
2947 5545 3102 5600 Juau.
3126 5561 3198 5608 tv,
3222 5545 3306 5600 58.

2884 5615 2928 5646 ⁸ο
2980 5619 3136 5682 ibid.,
3172 5618 3257 5672 19.

485 5754 593 5818 (Π)
627 5751 792 5807 Putas
819 5756 868 5808 in
892 5756 1084 5810 διιτυια
1113 5759 1476 5815 aa'ruluram?
1509 5760 1578 5815 Et
1624 5762 1815 5818 adhuc.
1870 5763 1992 5822 lltcc
2025 5765 2078 5821 in
2105 5777 2262 5821 antea
2294 5767 2450 5823 editis
2476 5769 2822 5838 omittuntur,
2855 5773 2946 5828 sed
2975 5775 3242 5828 habentur
3271 5772 3324 5828 itt
3359 5787 3489 5829 mss.
