4122 6248
424 353 517 411 διι

997 462 1272 520 ΙΙΟΜΙῌᾹ
1331 455 1438 512 ιιι.

762 563 832 616 De
859 558 1205 612 unun-iludine
1250 570 1400 623 aqua:
1443 547 1688 602 Merrhur.

508 659 558 714 l.
591 655 718 710 Post
745 653 1026 708 transitum
1066 647 1237 702 maris
1280 644 1475 708 Rubri,
1508 653 1564 696 et
1608 639 1886 707 magnifici
1919 651 2006 688 se-

436 762 584 808 creta
614 746 876 818 mysterii,
908 751 1030 813 post
1055 739 1253 794 choros
1273 746 1325 790 et
1361 746 1636 804 tympana,
1676 741 1794 800 post
1826 732 2011 782 trium-

436 840 618 910 phales
651 841 901 908 hymnos,
926 832 1140 886 venitur
1163 830 1228 882 ad
1251 827 1543 880 Mertbam.
1573 825 1802 878 Merrbze
1826 832 2009 873 autem

433 950 568 1005 aqua
593 948 707 986 erat
732 943 940 988 amara,
977 940 1139 994 quam
1172 940 1275 978 non
1307 929 1517 992 poterat
1548 918 1778 988 populus
1809 915 1900 969 Dei
1933 914 2010 966 bi.

440 1030 586 1080 bere.
618 1022 758 1090 Quid
793 1035 923 1089 ergo
958 1028 1080 1087 post
1102 1025 1266 1070 tanta
1295 1024 1348 1067 et
1387 1023 1495 1066 tam
1527 1011 1754 1063 mirifica
1784 1005 2009 1060 mirabi-

432 1118 500 1170 lia
531 1117 594 1166 ad
630 1127 846 1166 amaras
895 1123 1065 1176 aquas
1111 1116 1165 1159 et
1213 1102 1512 1174 periculum
1566 1100 1684 1153 sitis
1720 1098 2011 1150 adducitur

437 1208 662 1276 populus
716 1203 852 1256 Dei?
914 1201 1000 1253 Ait
1057 1199 1202 1254 enim
1256 1198 1300 1228 ³³
1347 1214 1360 1249 :
1414 1213 1431 1244 ι
1476 1193 1543 1247 Et
1601 1202 1868 1245 venerunt
1917 1188 2011 1242 filii

432 1298 592 1353 Israel
635 1299 686 1350 in
725 1295 1018 1355 Merrbam,
1055 1300 1108 1344 et
1150 1295 1254 1344 non
1291 1295 1543 1357 poterant
1586 1299 1782 1352 aquam
1825 1284 2013 1334 bibere

430 1394 498 1446 de
533 1389 770 1450 Merrha,
803 1387 928 1455 quia
967 1400 1154 1438 amara
1179 1392 1318 1445 eral,
1356 1389 1410 1433 et
1451 1388 1670 1448 propter
1692 1376 1795 1428 hoc
1832 1373 2017 1442 appel-

429 1485 595 1538 latum
625 1491 934 1536 estnomen
987 1476 1090 1530 loci
1133 1475 1278 1527 illius
1307 1471 1636 1526 amaritudo.
1677 1487 1695 1518 ι
1731 1466 1838 1519 Sed
1884 1464 2014 1534 quid

427 1577 578 1630 addit
629 1583 749 1642 post
781 1571 936 1624 haec?
978 1587 996 1618 ι
1049 1565 1338 1626 Clamavit,
1381 1561 1555 1630 inquit
1590 1559 1656 1624 ⁸³,
1701 1557 1908 1626 Moyses
1948 1554 2014 1607 ad

440 1667 751 1727 Dmninum,
776 1673 827 1716 et
850 1659 1088 1713 ostendit
1126 1657 1202 1709 illi
1240 1655 1502 1708 Dominus
1532 1653 1756 1721 lignum,
1787 1658 1840 1700 et
1866 1646 2012 1700 misit

431 1760 564 1812 illttd
591 1759 644 1810 in
675 1770 896 1822 aquam,
925 1764 981 1806 et
1015 1752 1153 1804 facta
1188 1757 1271 1802 est
1301 1746 1473 1799 dulcis
1510 1759 1672 1811 aqua.
1700 1743 1764 1796 Et
1807 1739 1903 1804 ibi,
1935 1739 2010 1792 in-

1633 333 1697 386 lN
1743 325 2026 384 EXODI'M
2070 322 2352 378 l‘lOMlLIA
2386 316 2494 375 VII.

2044 453 2088 506 Α
2121 460 2368 498 amarum
2401 442 2602 510 quippe
2652 438 2751 490 hoc
2783 437 2948 490 sentit
2987 446 3037 488 et
3070 451 3340 503 asperum.
3379 452 3394 483 ι
3429 432 3486 486 Si
3524 430 3696 496 enim,
3723 445 3728 448 ‘

3590 307 3696 360 at:

2117 536 2294 604 inquit
2334 531 2627 602 Apestolus
2651 530 2719 594 ⁸⁸,
2743 544 2866 597 qua:
2900 527 3162 588 destruxi,
3199 527 3312 577 hare
3337 524 3534 576 iterum
3563 538 3696 578 rete-

2112 627 2298 686 dilico.
2324 624 2802 693 praevaricatorem
2839 634 2924 672 me
2955 617 3248 672 constituo.
3287 634 3304 666 ι
3341 614 3394 668 lu
3427 614 3532 667 hac
3560 627 3694 680 ergo

2113 720 2476 774 amaritmline
2522 715 2779 779 Merrhze,
2835 714 2886 768 id
2924 722 3010 767 est
3060 713 3110 765 iu
3156 711 3257 764 ista
3296 710 3473 762 littera
3527 709 3692 778 legis,

2110 813 2291 881 posuit
2319 812 2459 865 Deus
2481 810 2726 880 justitias
2757 819 2810 861 et
2844 805 3174 861 testimonia.
3212 803 3328 858 Non
3356 801 3454 856 tibi
3481 801 3582 854 hoc
3611 801 3695 854 vi—

2111 905 2270 959 detur
2300 905 2501 968 dicere,
2534 904 2661 972 quia
2692 903 2840 957 velut
2878 903 2929 954 in
2981 897 3203 952 vasculo
3235 897 3498 966 quodam,
3539 895 3610 947 ita
3643 895 3695 948 in

2112 999 2248 1067 legis
2299 1000 2480 1052 littera
2539 999 2819 1067 sapientia:
2863 1005 2916 1049 ct
2949 993 3192 1048 srientim
3252 1006 3364 1045 suae
3411 991 3700 1043 thesauros

2115 1091 2417 1143 condiderit
2458 1089 2639 1143 Deus?
2669 1089 2779 1141 llnc
2829 1097 2912 1141 est
2947 1100 3075 1154 ergo
3103 1083 3246 1153 quod
3277 1083 3414 1136 dicit
3439 1081 3486 1112 ⁸⁸
3519 1098 3531 1134 :
3575 1097 3594 1131 ι
3633 1078 3700 1132 Et.

2119 1183 2188 1235 ibi
2245 1182 2426 1248 posuit
2479 1183 2527 1234 ei
2585 1180 2723 1233 Deus
2756 1180 2997 1247 justitias
3045 1185 3099 1229 et
3151 1173 3485 1230 testimonia.
3530 1191 3548 1223 ι
3585 1168 3698 1223 Hoc

2119 1282 2236 1328 erat
2265 1275 2405 1340 quod
2444 1283 2495 1326 et
2524 1271 2811 1340 Apostolus
2839 1271 3055 1323 dicebat
3093 1269 3136 1299 ⁸⁷
3173 1286 3185 1322 :
3224 1287 3241 1319 ι
3286 1266 3559 1319 tlabemus
3601 1280 3698 1315 au-

2124 1376 2228 1418 tem
2263 1365 2579 1419 thesaurum
2617 1366 2759 1417 hunc
2786 1363 2836 1414 in
2875 1361 3019 1414 vasis
3045 1361 3322 1420 fictilibus,
3345 1367 3403 1410 ut
3443 1355 3693 1409 sublimi—

2122 1465 2204 1510 tas
2235 1457 2451 1508 virtutis
2482 1454 2572 1508 Dei
2603 1454 2696 1518 sit,
2733 1463 2789 1506 et
2819 1467 2923 1506 non
2949 1465 3015 1506 ex
3047 1451 3223 1503 nobis.
3265 1468 3282 1500 ι
3319 1449 3385 1503 Ut
3417 1465 3545 1516 ergo
3573 1464 3696 1514 pes-

2117 1551 2189 1603 sit
2216 1549 2325 1603 bibi
2353 1565 2492 1618 aqua
2529 1550 2642 1602 bare
2675 1549 2740 1601 de
2769 1545 3008 1608 lllerrha,
3051 1544 3295 1598 ostendit
3323 1541 3465 1596 Deus
3493 1542 3696 1610 lignum

2115 1640 2258 1709 quod
2292 1640 2541 1692 mittatur
2567 1639 2618 1690 in
2663 1654 2805 1701 eam,
2848 1647 2907 1690 ut
2939 1635 3030 1706 qui
3071 1634 3271 1689 biberit
3301 1648 3367 1686 ne
3407 1634 3692 1688 moriatur.

2116 1748 2219 1786 non
2267 1731 2686 1784 amaritudinem
2736 1731 2957 1783 sentiat.
3006 1727 3160 1782 Unde
3195 1734 3430 1789 constat,
3468 1723 3614 1791 quod
3650 1722 3695 1774 si

429 1849 572 1917 quit,
608 1813 782 1914 posuit
821 1813 893 1895 illi
944 1842 1088 1894 Deus
1114 1836 1350 1904 justitias
1381 1842 1430 1888 et
1465 1831 1686 1899 judicia.
1724 1848 1740 1882 ›
1773 1829 1874 1894 lbi,
1913 1829 2003 1883 ubi
2041 1813 2082 1867 Β
2111 1825 2232 1893 quis
2262 1823 2377 1877 sine
2429 1823 2574 1892 ligno
2602 1822 2743 1886 vine,
2779 1822 2828 1874 id
2894 1829 2977 1874 est
3024 1820 3141 1874 sine
3191 1817 3454 1889 mysterio
3491 1816 3695 1878 cruris,

433 1938 766 1999 amaritudo,
799 1935 889 1989 ubi
939 1932 1081 1993 silis,
1126 1939 1178 1984 et
1218 1928 1358 1997 quod
1396 1935 1475 1980 csl
1515 1925 1758 1995 gravius.
1805 1923 1922 1976 sitis
1956 1921 2009 1974 in

434 2028 767 2083 abundantia
799 2039 1086 2093 aquarum,
1123 2022 1193 2075 ibi
1232 2019 1413 2088 posuit
1439 2017 1486 2073 ei
1517 2017 1658 2070 Deus
1686 2015 1927 2083 justitias
1959 2022 2014 2066 et

421 2122 655 2190 judicia.
690 2120 842 2173 Alius
887 2132 992 2170 non
1021 2125 1141 2171 erat
1195 2115 1347 2169 locus
1379 2111 1616 2180 dignior,
1653 2109 1850 2176 aptior,
1883 2105 2012 2158 ube-

428 2214 562 2277 rior,
593 2228 754 2283 quam
782 2211 901 2271 iste,
944 2208 995 2260 in
1031 2222 1142 2275 quo
1186 2202 1498 2257 amaritudo
1546 2199 1674 2253 est?
1705 2197 1841 2250 Tum
1890 2211 2008 2264 pro-

423 2315 612 2373 pterea
642 2301 782 2372 quod
811 2301 948 2353 dixit
976 2317 988 2352 :
1027 2317 1045 2349 ι
1090 2297 1343 2353 Ostendit
1378 2294 1451 2348 illi
1484 2291 1748 2346 Dominus
1783 2288 2011 2358 lignum,

426 2409 482 2452 et
516 2399 661 2450 misit
695 2395 824 2449 illud
859 2395 912 2448 in
943 2409 1162 2460 aquam,
1196 2400 1248 2444 et
1288 2390 1429 2442 facta
1460 2396 1544 2441 est
1571 2384 1741 2439 dulcis
1770 2399 1945 2451 aqua;
1990 2400 2007 2432 ι

427 2491 625 2543 mirum
657 2486 945 2540 admodum
983 2495 1088 2546 est,
1136 2492 1194 2535 ut
1249 2481 1389 2535 Deus
1442 2479 1646 2548 lignmn
1695 2476 2014 2529 ostenderet

427 2581 622 2650 Moysi,
656 2579 800 2646 quod
838 2577 1075 2629 mitteret
1105 2575 1158 2628 in
1183 2588 1401 2642 aquam.
1433 2583 1486 2624 et
1511 2571 1708 2624 faceret
1741 2581 1858 2622 eam
1891 2565 2012 2619 dul-

425 2687 564 2727 cem.
595 2670 822 2724 Ellicere
879 2668 1021 2720 Deus
1056 2682 1250 2734 aquam
1300 2664 1509 2717 dulcem
1567 2663 1686 2714 sine
1721 2660 1864 2728 ligno
1902 2675 2009 2712 non

429 2764 680 2833 poterat?
709 2763 818 2815 Aut
863 2757 1074 2828 Moyses
1112 2757 1390 2811 nesciebat
1429 2754 1654 2824 lignum,
1693 2762 1750 2804 ιιι
1783 2751 1830 2803 ei
1866 2747 2012 2804 Deus

431 2853 781 2909 ostenderet?
812 2853 918 2907 Sed
958 2851 1248 2906 videndum
1285 2855 1369 2901 est
1400 2845 1530 2919 quid
1583 2843 1796 2898 decoris
1829 2844 1880 2896 in
1926 2842 2011 2895 his

434 2944 660 2998 interior
687 2943 883 2997 habeat
913 2957 1124 2995 sensus.
1156 2937 1266 3010 Ego
1289 2945 1420 3007 puto
1450 2937 1592 3005 quod
1631 2935 1710 2987 lex
1750 2934 1794 2987 si
1820 2948 2012 2986 secun-

431 3035 558 3087 dum
595 3035 831 3088 litteram
867 3033 1220 3100 suscipiatur,
1255 3030 1386 3084 satis
1437 3044 1621 3081 amara
1667 3026 1754 3092 sit,
1788 3035 1845 3078 et
1893 3025 2007 3092 ipsa

426 3130 494 3181 sit
531 3127 768 3181 Merrha.
802 3127 938 3194 Quid
974 3125 1115 3179 enim
1152 3132 1261 3177 tant
1308 3138 1574 3186 amarum,
1607 3135 1767 3188 quam
1789 3129 1846 3172 ut
1873 3133 2006 3186 puer
2033 3157 2075 3212 Ο

427 3227 618 3270 octava
654 3218 742 3272 die
773 3215 1222 3271 circumcisiouis
1254 3215 1449 3268 vulnus
1492 3212 1746 3280 accipiat,
1777 3221 1830 3264 et
1861 3211 2006 3277 rigo-

433 3323 549 3362 rem
579 3309 711 3364 ferri
748 3319 932 3363 tenera
971 3308 1214 3378 patiatur
1259 3305 1526 3359 infantia?
1557 3303 1817 3356 Amat-unt
1851 3300 2004 3364 satis,

433 3414 485 3454 et
513 3417 854 3469 peramarmn
890 3412 972 3455 est
1007 3399 1316 3469 bujusmodi
1353 3397 1606 3466 poculum
1639 3395 1794 3464 legis,
1825 3393 2007 3446 inlan-

431 3503 545 3546 tum
573 3502 626 3545 ut
653 3493 884 3561 pepulus
917 3493 1034 3557 Dei,
1073 3508 1175 3543 non
1221 3491 1308 3543 ille
1341 3489 1430 3557 qui
1469 3489 1520 3540 in
1555 3487 1740 3556 Moyse
1765 3487 2007 3553 baptiza-

429 3599 515 3641 tus
546 3596 625 3640 est
655 3586 706 3638 in
741 3584 874 3636 mari
915 3594 965 3636 et
996 3583 1046 3635 in
1078 3581 1240 3642 nube,
1275 3581 1366 3633 sed
1399 3580 1499 3632 iste
1525 3579 1616 3647 qui
1645 3580 1696 3631 in
1732 3580 1922 3645 spiritu
1953 3589 2008 3633 et

426 3697 564 3749 aqua
610 3677 918 3747 baptizatus
937 3681 1042 3738 est,
1075 3689 1178 3724 non
1205 3674 1376 3740 possit
1405 3670 1588 3723 bibere
1617 3670 1684 3722 de
1712 3669 1814 3722 ista
1833 3686 2003 3738 aqua;

423 3774 516 3825 sed
549 3786 615 3823 ne
641 3779 865 3839 gustare
889 3767 1106 3835 quidem
1142 3766 1206 3818 de
1264 3760 1706 3816 circumeisionis
1748 3762 2009 3815 amaritu-

425 3864 548 3914 dine
571 3869 771 3929 potesl,
809 3874 984 3924 neque
1029 3856 1327 3909 hostiarum
1385 3852 1530 3905 ferre
1584 3851 2005 3904 amaritudinem

425 3952 588 4014 valet,
629 3965 727 4003 nec
756 3947 981 4002 Sabltati
1013 3944 1445 4000 observantiam.
1501 3942 1556 3998 Si
1589 3958 1721 3997 vero
1755 3945 2007 3998 ostendat

427 4045 566 4096 Deus
622 4044 824 4110 lignum
855 4039 998 4107 quod
1032 4038 1263 4091 mittitur
1295 4038 1344 4089 in
1379 4037 1518 4090 hanc
1557 4035 2000 4101 amaritudinem,

423 4145 479 4185 ut
504 4133 678 4186 dulcis
712 4149 853 4200 aqua
884 4132 976 4184 liat
1005 4130 1158 4203 legis,
1185 4139 1360 4198 potest
1391 4128 1455 4181 de
1485 4126 1572 4180 illa
1606 4127 1810 4182 bibere.
1849 4129 2002 4194 Quod

420 4237 502 4280 est
528 4227 667 4278 istud
703 4227 924 4294 lignum,
952 4227 1095 4294 quod
1124 4223 1385 4276 Dominus
1408 4221 1649 4276 ostendit
1679 4220 1884 4293 Moysi?
1904 4223 2002 4276 Sa-

423 4318 604 4371 lomon
640 4321 830 4371 edocet
882 4333 1006 4381 nos,
1042 4333 1163 4370 Clttll
1225 4314 1358 4370 dicit
1402 4315 1467 4367 de
1521 4313 1814 4384 sapientia,
1869 4315 1998 4382 quia

424 4427 444 4461 ι
483 4409 686 4477 lignmn
716 4409 841 4463 vita:
865 4417 948 4462 cst.
974 4409 1224 4462 omnibus
1250 4406 1702 4474 amplecteutibus
1741 4422 1857 4458 eam
1894 4406 1994 4458 8".)

2113 1916 2225 1970 sine
2260 1914 2362 1968 fide
2402 1915 2629 1978 Christi,
2664 1915 2782 1968 sine
2830 1913 3194 1983 intelligentia
3231 1912 3468 1981 spiritali
3510 1909 3696 1962 bibere

2114 2007 2345 2060 voluerit
2383 2009 2447 2060 de
2475 2006 2608 2075 legis
2639 2008 2843 2068 littera,
2880 2019 2977 2072 per
3010 2004 3430 2057 amaritudinem
3472 2001 3695 2053 nimiam

2114 2101 2397 2154 morietur.
2431 2099 2555 2152 llzee
2604 2098 2784 2152 sciens
2835 2096 3033 2150 Paulus
3077 2095 3354 2163 apostolus
3383 2095 3597 2147 dicebat
3627 2093 3694 2156 ⁸⁸,

2115 2192 2240 2260 quia
2273 2209 2290 2242 ι
2326 2192 2508 2245 littera
2543 2191 2764 2244 occidit.
2812 2209 2829 2241 ι
2871 2189 2981 2244 lloc
3003 2197 3087 2242 est
3122 2199 3309 2257 aperte
3335 2189 3536 2250 dicere,
3573 2186 3696 2255 quia

2116 2299 2253 2352 aqua
2287 2284 2517 2340 Merrlue
2552 2283 2776 2344 occidit,
2805 2282 2847 2336 si
2897 2299 3000 2336 non
3033 2290 3238 2334 mutata
3292 2280 3510 2333 bibatur
3538 2289 3591 2333 et
3643 2278 3694 2331 in

2116 2379 2460 2432 dulcedinem
2495 2393 2652 2431 versa
2691 2376 2872 2430 fuerit.

2187 2473 2242 2527 2.
2279 2472 2384 2525 Sed
2433 2472 2561 2536 quid
2591 2472 2848 2525 addidit?
2899 2471 3194 2539 Postquam
3233 2469 3408 2528 posuit
3445 2469 3518 2520 illi
3557 2469 3697 2522 Πρω

2109 2563 2349 2631 justitias
2389 2573 2445 2617 et
2480 2563 2682 2630 judicia
2726 2582 2736 2617 :
2789 2582 2807 2613 ι
2861 2563 2924 2616 Et
2966 2563 3057 2625 ibi,
3114 2562 3288 2629 inquit
3319 2561 3385 2625 ⁸³,
3450 2561 3696 2612 lenlabat

2114 2672 2234 2709 cum
2267 2656 2454 2709 dicens
2490 2672 2501 2706 :
2541 2657 2596 2708 Si
2629 2657 2810 2708 auditu
2845 2654 3087 2710 audieris
3119 2670 3305 2709 vocem
3356 2653 3566 2706 Domini
3602 2652 3693 2706 Dei

2117 2749 2212 2812 lui,
2245 2759 2299 2803 et
2323 2765 2444 2818 qua:
2468 2749 2684 2817 placent
2715 2765 2899 2801 curam
2962 2749 3052 2802 illo
3107 2747 3329 2809 feceris,
3372 2755 3424 2799 ct
3455 2744 3696 2799 audieris

2115 2852 2384 2908 pra-cepta
2420 2840 2540 2909 ejus
2567 2849 2622 2892 et
2665 2839 3012 2904 custodieris,
3051 2855 3270 2891 omnem
3324 2835 3693 2889 infirmitatem

2115 2948 2275 2998 quam
2307 2932 2622 2985 induxerant
2660 2929 2951 3001 ngyptiis.
2987 2945 3093 2983 non
3135 2930 3384 2982 inducam
3430 2945 3590 2995 super
3619 2939 3692 2982 te.

2117 3023 2225 3089 ligo
2259 3023 2403 3076 enim
2455 3040 2572 3076 sum
2619 3023 2878 3075 Dominus
2911 3022 3054 3077 Dens
3087 3029 3230 3082 tuus,
3260 3023 3350 3090 qui
3386 3037 3518 3075 sano
3553 3032 3624 3077 te.
3668 3041 3688 3076 :

2120 3112 2341 3166 Videtur
2401 3113 2531 3166 tuihi
2587 3129 2694 3180 quo
2742 3121 3032 3180 prospectu
3078 3112 3217 3165 datae
3268 3112 3379 3166 sint
3426 3111 3696 3180 justifiea-

2117 3205 2312 3268 tiones,
2339 3215 2391 3259 et
2419 3205 2652 3274 judicia,
2693 3215 2745 3259 et
2776 3206 3088 3258 testimonia
3138 3204 3273 3272 legis
3301 3217 3600 3272 exponere,
3632 3213 3694 3256 ut

2119 3305 2373 3356 tentaret,
2427 3297 2622 3366 inquit,
2655 3315 2749 3351 cos
2786 3299 2927 3351 Deus
2980 3297 3323 3350 si‘audirent
3354 3312 3539 3348 vocem
3591 3297 3695 3348 Do-

2115 3388 2264 3450 tuitti,
2292 3396 2344 3438 et
2371 3402 2491 3455 qum
2528 3388 2943 3447 mandabantur,
2964 3386 3321 3439 custodirent.
3359 3385 3490 3438 Nam
3523 3401 3693 3454 quau-

2116 3492 2226 3532 ltllll
2257 3481 2323 3534 ad
2359 3479 2595 3548 priorem
2646 3479 2898 3549 populum
2943 3488 3178 3546 spectat,
3231 3479 3358 3548 quid
3412 3481 3492 3533 eis
3539 3481 3690 3543 boni,

2113 3582 2206 3624 aut
2263 3569 2494 3639 perfecti
2564 3570 3036 3623 murmurantibus
3081 3579 3134 3623 et
3184 3571 3691 3625 contradicentibUs

2115 3661 2506 3715 mandaretur?
2568 3660 2809 3729 Denique
2864 3659 3023 3728 paulo
3068 3668 3193 3723 post
3235 3661 3401 3714 etiam
3445 3663 3512 3715 ad
3548 3663 3689 3715 idola

2113 3761 2533 3815 convertuntur,
2569 3762 2622 3804 et
2653 3751 2804 3804 obliti
2839 3751 3230 3804 beneficiorum
3275 3759 3328 3806 et
3359 3753 3688 3806 mirabilium

2115 3845 2207 3898 Dei
2255 3857 2417 3913 caput
2444 3844 2594 3897 vituli
2652 3851 2919 3897 statuunt.
2977 3843 3270 3912 Propterea
3317 3858 3445 3913 ergo
3491 3846 3690 3899 dantur

2110 3937 2188 3989 eis
2230 3943 2518 4004 praecepta,
2551 3935 2600 3985 in
2631 3933 2826 4001 quibus
2856 3942 3151 3986 tenlcntur.
3181 3933 3310 3988 Inde
3337 3944 3422 3988 est
3457 3938 3600 4004 quod
3634 3945 3690 3990 et

2110 4042 2206 4096 per
2246 4025 2582 4078 Ezechielem
2614 4023 2934 4093 prophetam
2968 4023 3100 4075 dicit
3129 4023 3390 4079 Dominus
3408 4027 3472 4078 ad
3506 4043 3601 4081 eos
3617 4028 3686 4090 θ’.

2109 4119 2236 4187 quia
2273 4136 2291 4168 ι
2318 4117 2442 4171 dedi
2481 4116 2636 4170 vobis
2667 4125 2959 4184 praxepta,
3013 4127 3067 4166 et
3113 4115 3535 4184 justilicatiout's
3581 4135 3689 4173 non

2110 4213 2300 4276 bonas,
2336 4211 2387 4264 iu
2411 4210 2608 4279 quibus
2636 4225 2740 4262 non
2780 4207 2975 4259 vivetis
3010 4207 3060 4259 in
3103 4214 3201 4266 eis.
3245 4229 3262 4261 ›
3293 4212 3512 4266 Τοιιιειιί
3543 4213 3689 4268 enim

2112 4307 2163 4358 in
2191 4307 2482 4374 praeceptis
2525 4305 2737 4358 Domini
2787 4321 2891 4358 non
2935 4306 3288 4359 inveniuntur
3321 4307 3529 4361 lideles.
3564 4307 3696 4363 Ideo

2107 4400 2250 4451 enim
2289 4417 2307 4447 ι
2351 4399 2634 4451 inventum
2683 4409 2766 4452 est
2816 4400 2895 4453 eis
2940 4400 3250 4453 mandatum
3286 4401 3428 4468 quod
3473 4402 3686 4452 eratad
3729 4413 3732 4416 '

423 4499 479 4550 Si
515 4513 644 4566 ergo
680 4496 885 4567 lignum
928 4497 1208 4566 sapientia:
1261 4496 1514 4549 Christus
1568 4495 1793 4548 missum
1840 4496 2005 4548 fuerit
2040 4506 2084 4560 ι)
2111 4495 2294 4558 vitam,
2324 4493 2428 4548 hoc
2464 4509 2583 4548 esse
2611 4493 2676 4546 ad
2711 4505 2938 4547 mortem
2976 4494 3052 4552 9‘;
3094 4512 3111 4544 ι
3151 4495 3276 4563 quia
3314 4511 3476 4546 unum
3525 4505 3687 4563 atque

423 4586 474 4636 in
513 4585 647 4653 lege,
675 4595 728 4636 et
766 4583 1069 4638 ostenderit
1113 4584 1273 4636 nobis
1313 4584 1588 4652 quomodo
1631 4584 1863 4653 intelligi
1909 4587 2003 4639 de-

421 4677 544 4728 beat
575 4675 936 4738 circumcisio,
966 4678 1240 4745 quomodo
1288 4677 1548 4740 Sabbata,
1583 4679 1858 4746 quomodo
1915 4676 1998 4730 lex

420 4769 584 4836 lepra:
613 4771 878 4823 servamla
913 4770 1004 4834 sit,
1036 4770 1271 4839 qualiter
1297 4770 1480 4823 mumli
1514 4780 1566 4824 et
1591 4770 1856 4824 imumndi
1887 4770 2000 4826 dis-

418 4864 624 4915 crimen
657 4863 942 4926 habeatur,
981 4871 1108 4918 tmte
1140 4862 1369 4918 efficitur
1401 4877 1541 4931 aqua
1601 4859 1831 4916 Meri-ha:
1873 4865 1996 4916 dul-

417 4954 521 5019 cis,
548 4963 602 5008 et
637 4955 949 5010 amaritudo
980 4956 1172 5009 litterae
1205 4953 1335 5024 legis
1362 4954 1704 5008 convertitur
1726 4953 1778 5006 in
1811 4954 1997 5007 dulce-

417 5046 598 5099 dinem
632 5045 1008 5115 intelligentia:
1036 5041 1192 5114 152
1228 5044 1509 5115 spiritalis,
1551 5055 1606 5098 et
1644 5057 1770 5099 tune
1819 5054 1998 5114 potest

417 5137 604 5190 bibere
633 5137 864 5206 populus
894 5137 1005 5190 Dei.
1040 5137 1094 5190 Si
1126 5139 1267 5190 enim
1298 5153 1402 5190 non
1429 5138 1853 5206 interpretentur
1885 5139 1996 5193 luce

417 5228 765 5295 spiritaliter,
819 5228 1050 5296 populus
1104 5229 1193 5295 qui
1245 5228 1388 5282 idola
1448 5229 1771 5297 dereliquit,
1817 5241 1872 5285 et
1925 5232 1994 5284 ad

417 5321 586 5374 Deum
623 5321 888 5390 confugit,
924 5321 967 5374 si
1002 5321 1188 5373 audiat
1229 5322 1401 5390 legem
1430 5321 1496 5376 de
1529 5323 1818 5376 sacrificiis
1857 5336 1996 5391 pra:-

414 5412 733 5480 cipientem,
769 5412 1028 5465 continuo
1067 5409 1265 5479 refugit
1296 5421 1351 5465 et
1393 5427 1500 5466 non
1538 5425 1718 5480 potest
1755 5413 1940 5468 bibere
1974 5429 1988 5465 :

486 5530 533 5556 η
562 5528 734 5581 Exod.
789 5545 878 5594 xv,
933 5528 1024 5583 ‘23.
1099 5531 1145 5561 ⁸³
1175 5532 1329 5598 ibid.,
1365 5532 1456 5590 ‘25.
1533 5535 1578 5566 ⁸³
1607 5535 1766 5588 Prov.
1803 5551 1885 5597 ut,
1920 5535 2006 5590 18.

415 5593 456 5623 “"
490 5598 529 5651 ιι
560 5600 684 5651 Cor.
711 5615 790 5666 nt,
823 5593 878 5653 6.
957 5603 1000 5631 ⁸³
1038 5599 1207 5656 Exod.
1241 5593 1329 5668 xv,
1367 5602 1438 5656 9.5
1470 5612 1526 5658 et
1546 5603 1634 5658 9.6.

494 5751 608 5822 (t8)
639 5753 806 5820 Alias,
851 5773 867 5807 ι
910 5756 959 5807 in
995 5757 1192 5824 quibus
1227 5771 1331 5811 non
1363 5757 1509 5813 vivat
1546 5760 1596 5812 in
1631 5760 1727 5814 eis.
1764 5781 1781 5813 ι

1712 5606 1756 5635 ⁹⁰
1782 5605 1981 5660 Ειυειι.
2022 5623 2112 5674 xx,
2150 5610 2240 5664 ἐὺ.

2104 4588 2244 4642 idem
2293 4587 2608 4641 mandatum
2638 4585 2681 4640 si
2712 4595 2980 4649 servetur,
3019 4586 3222 4649 vitam;
3268 4587 3314 4640 si
3349 4602 3454 4639 nou
3493 4602 3685 4639 set-rc-

2106 4689 2210 4744 tur,
2232 4687 2474 4749 generat
2493 4687 2745 4732 mortem.
2778 4675 3086 4731 Secundum
3116 4679 3216 4732 hoe
3245 4694 3378 4748 ergo
3402 4681 3542 4746 quod
3579 4694 3697 4730 non.

2102 4771 2450 4825 servantibus
2479 4780 2703 4839 generat
2727 4784 2978 4836 mortem,
3002 4773 3254 4826 dicuntur
3288 4775 3540 4826 mandata
3580 4791 3697 4825 non.

2103 4862 2266 4926 bona,
2306 4860 2357 4915 in
2384 4863 2579 4932 quibus
2612 4879 2715 4915 non
2749 4863 2931 4916 vivant
2961 4865 3010 4916 in
3041 4864 3122 4917 cis
3148 4863 3282 4933 (l8).
3303 4865 3406 4917 Sed
3434 4865 3559 4931 quia
3593 4867 3686 4916 ad-

2108 4957 2328 5011 miscuit
2358 4957 2436 5011 eis
2475 4955 2677 5026 lignum
2709 4957 2887 5010 crucis
2914 4955 3140 5019 Christi,
3174 4965 3227 5009 ct
3261 4957 3309 5008 in
3344 4957 3698 5012 dulcedinem.

2107 5063 2270 5105 versa
2300 5058 2446 5114 sunt,
2477 5059 2532 5104 et
2561 5049 2882 5118 Spiritaliter
2919 5045 3195 5100 intellecta
3228 5060 3546 5111 servantur,
3585 5066 3683 5101 ea-

2107 5143 2230 5193 dem
2260 5141 2372 5216 ipsa
2401 5141 2653 5193 mandata
2683 5141 2808 5193 vita:
2849 5138 3192 5208 appellantur
3237 5157 3249 5191 :
3298 5139 3436 5193 sicut
3475 5150 3528 5194 rt
3556 5141 3688 5196 alibi

2106 5232 2234 5284 dicit
2261 5233 2304 5264 ”
2334 5249 2347 5286 :
2383 5250 2400 5281 ι
2432 5231 2596 5297 Audi,
2624 5231 2813 5296 Israel,
2836 5233 3093 5284 mandata
3132 5233 3276 5286 vita).
3317 5251 3335 5284 ι
3368 5233 3474 5288 Sed
3501 5235 3686 5289 \idca-

2105 5339 2228 5377 mus
2251 5324 2376 5390 quid
2410 5324 2491 5378 eis
2521 5324 2863 5392 promittitur
2889 5325 2933 5379 si
2959 5335 3272 5381 serventur.
3312 5347 3330 5378 ι
3368 5324 3450 5391 Si,
3483 5327 3680 5395 inquit,

2104 5414 2453 5467 servaveritis
2483 5426 2756 5485 praecepta
2783 5433 2919 5483 utea,
2955 5435 3060 5472 non
3108 5417 3361 5472 inducam
3411 5433 3571 5488 super
3587 5431 3687 5471 ros

2081 5537 2128 5567 ευ
2158 5537 2432 5611 causa,
2469 5538 2552 5592 l8.
2630 5539 2676 5570 8°
2705 5539 2875 5595 Exod.
2907 5557 2994 5605 xv,
3019 5540 3110 5595 23.
3187 5541 3232 5573 ετ
3277 5542 3313 5594 ιι
3351 5542 3482 5601 Cor.
3516 5557 3592 5611 iv,
3627 5546 3692 5600 7.‘

2319 5610 2363 5640 ³⁸
2392 5607 2552 5663 Rom.
2597 5624 2694 5675 vn,
2735 5612 2820 5666 ll).
2895 5615 2939 5644 θ’
2990 5612 3228 5668 baruclt.
3267 5627 3351 5680 nt,
3375 5612 3427 5668 9.
