4122 6248
447 278 550 331 353

1933 274 2256 331 OithENlS

3599 271 3704 328 ΞΗ

449 410 639 450 otnnes
662 394 1032 465 agritndines,
1065 408 1201 462 quas
1223 392 1407 448 induxi
1433 393 1709 466 [Egyptiis
1729 397 1794 450 ".
1826 414 1843 446 ι
1880 397 2019 462 Quid
2047 401 2095 457 Δ
2124 399 2331 453 decima
2361 399 2448 454 die
2476 398 2703 462 mensis,
2741 396 3105 451 murmuravit
3136 395 3369 465 populus
3413 395 3700 450 adversum

447 503 579 557 ergo
613 486 1060 541 videtnrdiccre?
1082 485 1125 538 si
1162 484 1284 552 quis
1307 496 1485 539 servet
1515 488 1788 552 mandata,
1821 487 2019 541 nullam

450 580 829 644 a-gritndincm
870 578 1144 648 patiatur?
1187 579 1289 633 hoc
1318 587 1421 643 est,
1453 593 1630 647 neque
1672 578 1890 647 febriat,
1929 596 2021 635 ne-

448 686 555 738 que
591 669 725 722 alios
754 668 976 722 dolores
1022 668 1276 742 corporis
1330 669 1516 721 ferat?
1554 669 1667 723 Non
1724 679 1851 738 pnto
1876 672 2018 739 quod

449 762 561 815 ha-c
600 762 710 815 sint
744 777 862 827 qua:
897 761 1285 830 promittantur
1313 760 1493 814 divina
1518 762 1772 814 mandata
1796 777 2019 816 servan-

446 849 610 901 tibus.
645 850 899 917 Alioquin
928 850 1131 903 indicio
1159 850 1313 903 nobis
1346 859 1431 904 est
1456 848 1931 917 Jobjustissimus,
1964 861 2018 905 et

443 942 611 995 totius
686 943 905 1011 pietatis
966 942 1506 1006 observantissimus,
1562 943 1687 1011 quia
1748 959 1778 997 a
1840 945 2016 1013 capite

441 1049 618 1103 usque
652 1037 717 1086 ad
759 1036 922 1102 pedes
959 1035 1196 1103 repletur
1229 1037 1408 1089 ulcere
1449 1038 1709 1104 pessimo.
1768 1035 1879 1092 Non
1932 1039 2015 1094 his

439 1140 630 1181 carere
662 1126 916 1179 dicuntur
951 1127 1385 1188 infirmitatibus,
1411 1128 1502 1196 qui
1538 1129 1792 1181 mandata
1825 1138 2012 1184 custo-

442 1216 620 1279 diunt,
654 1216 750 1269 sed
803 1232 910 1270 non
970 1217 1247 1272 habebunt
1306 1217 1423 1270 illas
1474 1219 1820 1273 inﬁrmitates
1875 1235 2013 1290 quas

436 1306 681 1375 ngyptii
717 1308 939 1362 habent.
974 1309 1242 1378 Egyptus
1274 1328 1511 1380 namque
1542 1312 1776 1366 mundus
1811 1312 2011 1382 ﬁgura-

366 1402 371 1407 '
435 1398 563 1452 liter
595 1400 919 1469 appellatur.
955 1401 1189 1471 Diligere
1217 1419 1349 1473 ergo
1394 1406 1680 1470 mundum,
1720 1416 1774 1461 et
1802 1422 1864 1460 ea
1892 1422 2011 1475 qua:

438 1490 491 1543 in
534 1492 734 1545 mundo
767 1504 913 1556 sunt,
944 1493 1229 1564 Egyptius
1259 1495 1484 1564 languor
1513 1506 1619 1551 est.
1670 1497 1793 1552 Dies
1822 1498 2011 1552 obser-

434 1594 582 1641 vare.
606 1591 658 1634 et
685 1599 915 1646 menses,
945 1592 999 1638 et
1028 1595 1296 1653 tempora.
1321 1588 1473 1655 signa
1506 1590 1800 1657 requirere,
1821 1588 2007 1641 stella-

434 1688 553 1725 rum
608 1675 857 1727 cursibus
910 1676 1225 1738 atlltmrere,
1272 1675 1561 1748 Aigyptins
1623 1679 1851 1747 languor
1901 1688 2004 1733 est.

433 1760 719 1820 Deservire
762 1767 943 1820 carnis
988 1767 1237 1831 luxuriar,
1278 1780 1333 1822 et
1369 1770 1735 1839 voluptatibtts
1789 1787 2006 1840 operam

435 1857 588 1919 dare,
622 1873 819 1912 vacare
846 1859 1075 1923 deliciis,
1112 1859 1406 1931 Egyptius
1454 1864 1681 1933 languor
1711 1874 1813 1918 est.
1846 1862 2008 1918 Caret

431 1960 561 2013 ergo
592 1948 676 2001 his
700 1948 1103 2006 inﬁrmitatibus
1130 1960 1184 2005 et
1206 1952 1579 2021 languoribus,
1614 1955 1705 2023 qui
1754 1956 2003 2008 mandata

430 2037 684 2091 custodit.

499 2128 552 2182 ὅ.
604 2127 732 2183 Post
782 2130 897 2184 haec
942 2131 1091 2196 dicit,
1116 2132 1245 2201 quia
1278 2151 1295 2183 ε
1338 2143 1604 2187 venerunt
1634 2136 1683 2187 in
1720 2134 1911 2201 llelim,
1949 2147 2004 2191 et

428 2230 590 2275 erant
624 2222 693 2275 ibi
726 2222 1007 2276 duodecim
1044 2222 1221 2277 fontes
1252 2239 1545 2293 aquarum,
1572 2235 1626 2277 et
1656 2228 2002 2294 septuaginta

426 2315 654 2368 arbores
667 2315 965 2382 palmarum
978 2315 1045 2368 “.
1062 2333 1079 2365 ι
1101 2314 1337 2368 Putasne
1355 2317 1513 2370 habet
1531 2317 1731 2385 aliquid
1751 2318 2001 2383 rationis,

427 2406 572 2471 quod
603 2421 708 2459 non
743 2416 869 2459 ante
901 2407 954 2459 in
990 2406 1159 2460 llelim
1191 2405 1407 2460 ducitur
1439 2406 1688 2477 populus,
1722 2408 1808 2461 ubi
1845 2417 2003 2463 erant

428 2498 715 2550 duodecim
760 2498 935 2552 fontes
962 2513 1254 2566 aquarum,
1296 2500 1494 2568 quibus
1518 2500 1651 2554 nihil
1684 2502 2003 2556 amaritudi-

431 2590 517 2643 nis
544 2590 740 2652 inerat,
774 2589 883 2643 imo
913 2591 1094 2659 potius
1140 2592 1232 2646 ubi
1282 2602 1402 2647 erat
1444 2593 1735 2648 amoenitas
1766 2594 1997 2663 plurima

426 2695 495 2735 ex
534 2680 803 2735 densitate
860 2681 1201 2750 palmarum;
1254 2684 1347 2737 sed
1394 2684 1569 2751 primo
1603 2684 1797 2739 ductus
1822 2698 1907 2741 est
1932 2687 1999 2740 ad

428 2788 599 2842 aquas
625 2772 801 2828 salsas
829 2782 884 2827 et
936 2789 1174 2838 amaras,
1222 2775 1418 2843 quibus
1469 2788 1564 2843 per
1605 2774 1810 2845 lignutn
1843 2790 1998 2830 mon-

425 2873 661 2919 stratum
690 2880 717 2917 a
763 2864 987 2918 Domino
1018 2863 1264 2919 dulcibus
1303 2862 1528 2932 ell‘ectis,
1567 2874 1751 2934 postea
1786 2866 1999 2921 venitur

428 2958 496 3010 ad
522 2955 729 3010 fontes?
761 2952 817 3009 Si
854 2955 1136 3012 historiam
1169 2955 1341 3011 solam
1384 2971 1696 3024 sequamur,
1725 2972 1831 3013 non
1860 2958 1998 3011 mul-

430 3059 542 3103 tum
568 3064 663 3102 nos
692 3048 924 3102 ardiﬁcat
950 3050 1094 3103 scire
1122 3048 1187 3101 ad
1219 3062 1380 3117 quem
1414 3047 1589 3102 locum
1627 3050 1801 3118 primo
1834 3064 1995 3105 vene-
2030 3083 2073 3141 ο

430 3142 524 3205 rit,
558 3150 609 3194 et
639 3140 702 3193 ad
756 3154 917 3207 quem
971 3140 1231 3195 secundo.
1274 3141 1331 3194 Si
1367 3156 1497 3197 vero
1540 3142 1799 3196 rimemur
1827 3144 1880 3195 in
1916 3143 2001 3198 his

428 3233 747 3303 mysterium
777 3234 972 3296 latens,
1002 3233 1307 3287 invenimus
1337 3233 1584 3287 ordinem
1635 3234 1780 3288 ﬁdei.
1820 3234 2003 3289 Primo

428 3326 575 3379 enim
608 3327 827 3380 ducitur
850 3324 1079 3393 populus
1111 3325 1178 3377 ad
1215 3323 1459 3378 litteram
1493 3325 1647 3396 legis.
1674 3326 1755 3380 Ab
1789 3326 1888 3381 hac
1917 3326 2005 3381 lit-

429 3424 547 3471 tera
574 3416 733 3485 lcgis,
764 3417 940 3470 donec
971 3424 1254 3486 permanet
1279 3415 1332 3469 in
1368 3416 1731 3472 amaritudine
1760 3434 1879 3482 sua,
1916 3432 2005 3472 re-

431 3510 632 3563 cedere
656 3525 759 3562 non
792 3517 1000 3577 potest;
1042 3523 1167 3561 cum
1201 3522 1332 3561 vero
1369 3522 1465 3576 per
1499 3507 1704 3578 lignum
1738 3511 1859 3563 vita:
1886 3510 2005 3565 dul-

432 3601 515 3654 cis
552 3600 713 3654 fuerit
744 3598 957 3664 olli-ctu,
988 3608 1042 3651 et
1092 3596 1324 3666 intelligi
1352 3596 1436 3651 lex
1476 3597 1799 3664 spiritaliter
1826 3615 2005 3671 coepe-

432 3693 526 3755 rit,
560 3702 688 3746 tunc
723 3692 789 3745 de
809 3692 985 3745 \‘eteri
1011 3689 1353 3746 Testamento
1384 3692 1651 3745 transitur
1678 3692 1743 3745 ad
1770 3693 2000 3759 Novum,

427 3793 483 3839 et
510 3786 723 3837 venitur
750 3784 815 3836 ad
845 3782 1128 3837 duodecim
1153 3783 1478 3853 apostolicos
1511 3786 1708 3839 l'outes.
1735 3782 1807 3836 lbi
1836 3785 2004 3838 etiam

429 3876 655 3929 arbores
708 3875 1049 3943 reperientur
1099 3873 1440 3942 septuaginta
1492 3873 1820 3941 palmarum.
1883 3875 1998 3928 Non

425 3970 573 4021 enim
605 3967 705 4020 soli
735 3966 1021 4019 duodecim
1048 3963 1273 4033 apostoli
1304 3964 1460 4017 tidem
1490 3964 1691 4020 Christi
1736 3967 2001 4034 praedicat-

428 4067 649 4119 verunt,
673 4060 767 4110 sed
797 4065 849 4109 et
877 4056 968 4107 alii
1008 4055 1350 4124 septuaginta
1395 4055 1546 4108 missi
1580 4056 1648 4109 ad
1683 4058 1991 4124 praedican-

428 4146 557 4200 dum
590 4146 814 4200 verbum
866 4142 960 4197 Dei
1004 4142 1342 4205 referuntur,
1388 4155 1485 4209 per
1518 4156 1654 4210 quos
1686 4143 1894 4211 palmas
1930 4143 2005 4195 vi-

429 4239 618 4293 ctoria:
658 4237 856 4293 Christi
900 4237 1133 4290 mundus
1166 4246 1505 4304 agnosceret.
1537 4234 1652 4290 Non
1688 4252 1816 4306 ergo
1852 4236 2003 4291 sum-

432 4332 508 4385 rit
562 4331 759 4401 populo
790 4330 882 4385 Dei
916 4346 1111 4399 aquam
1142 4328 1372 4387 Merrhaa
1400 4331 1609 4397 bibere,
1648 4331 1901 4401 quamvis
1948 4332 1998 4384 in

2124 490 2360 559 Moysem
2395 492 2578 545 dicens
2608 505 2623 543 :
2661 489 2878 543 Utinam
2914 488 3113 542 mortui
3142 486 3435 541 fuissemus
3462 488 3515 539 in
3554 495 3701 542 terra

2120 581 2377 654 Egypti,
2431 599 2554 637 cum
2600 583 2915 636 sederemus
2956 595 3121 649 super
3173 579 3309 633 ollas
3361 578 3588 643 carnis,
3642 587 3699 633 et

2123 676 2580 728 manducaremus
2610 687 2781 741 panes
2808 672 2874 724 ad
2902 671 3236 732 satietatem,
3268 671 3531 739 quoniam
3561 672 3694 725 edu-

2118 765 2243 818 xisti
2283 780 2381 818 nos
2414 765 2465 817 in
2498 766 2772 817 desertum
2804 761 2905 814 hoc
2926 801 2942 826 ,
2974 773 3172 813 necare
3204 774 3421 813 omnem
3456 774 3692 828 synago-

2118 874 2237 928 gam
2286 858 2443 911 fame.
2481 877 2499 907 ι
2537 856 2668 910 Esto
2716 860 2858 925 quod
2904 863 3130 922 propter
3170 853 3573 921 eorreptionem
3612 853 3691 907 le.

2116 950 2354 1019 gentium
2386 949 2657 1003 indicetur
2684 948 2861 1015 populi
2893 955 3194 1015 peccatum,
3220 944 3348 1012 quia
3382 958 3690 997 murmura-

2118 1040 2276 1103 vcrit,
2305 1049 2362 1093 et
2393 1041 2637 1107 ingratus
2671 1038 2833 1091 fuerit
2861 1037 3147 1091 beneﬁciis
3176 1035 3399 1097 divinis,
3429 1049 3553 1088 cum
3581 1049 3691 1089 caeo

2117 1133 2250 1186 leste
2284 1146 2481 1184 manna
2516 1131 2857 1197 susciperet;
2891 1129 3020 1197 quid
3055 1128 3219 1182 etiam
3254 1127 3370 1180 dies
3420 1126 3689 1180 describi—

2117 1232 2227 1285 tur,
2257 1222 2307 1274 iu
2344 1235 2447 1286 qua
2475 1219 2895 1272 murmuraverit
2931 1216 3201 1287 populus?
3232 1233 3251 1265 ι
3293 1215 3568 1278 Secundo,
3609 1215 3687 1268 in-

2114 1313 2255 1381 quit,
2285 1325 2490 1373 mense,
2530 1309 2931 1379 quintadeeima
2965 1309 3051 1363 die
3081 1307 3304 1361 mensis.
3336 1325 3355 1358 ι
3395 1304 3550 1371 Quod
3579 1306 3689 1359 uti.

2112 1420 2217 1474 que
2268 1420 2371 1457 nou
2422 1404 2626 1470 absque
2663 1401 2874 1455 ratione
2916 1399 3179 1469 scriptum
3226 1407 3328 1454 est.
3378 1397 3690 1453 Recordare

2112 1498 2177 1551 de
2206 1496 2415 1565 legibus
2446 1493 2663 1547 Pascha
2684 1507 2805 1562 qua:
2834 1492 3035 1561 scripta
3066 1500 3216 1553 sunt,
3243 1497 3296 1544 et
3320 1488 3563 1543 invenies
3591 1489 3688 1552 ibi,

2111 1588 2211 1642 hoc
2257 1603 2378 1641 esse
2411 1598 2625 1654 tempus
2656 1584 2800 1654 quod
2849 1583 3108 1637 statuitur
3150 1582 3215 1635 ad
3255 1580 3555 1636 secundum
3587 1579 3688 1634 Pa-

2111 1681 2240 1735 scha
2275 1680 2577 1733 faciendum
2619 1677 2701 1731 his
2729 1677 2819 1746 qui
2857 1676 3122 1731 immundi
3150 1676 3203 1728 in
3236 1675 3418 1728 anima
3457 1673 3687 1737 fuerint,

2115 1777 2199 1829 vel
2232 1776 2483 1841 occupati
2540 1774 2591 1827 in
2639 1773 2874 1844 negotiis
2920 1770 3251 1840 peregrinis.
3288 1767 3389 1836 Qui
3417 1784 3549 1839 ergo
3583 1784 3686 1823 non

2115 1866 2336 1919 luerunt
2362 1863 2623 1919 immundi
2658 1864 2711 1919 in
2742 1863 2944 1925 anima,
2988 1861 3073 1915 vel
3116 1876 3220 1915 non
3259 1860 3415 1927 longe
3446 1860 3687 1928 peregri-

2114 1960 2424 2021 nabantur,
2460 1954 2869 2026 quartadecima
2900 1954 2989 2007 die
3030 1952 3189 2022 primi
3236 1951 3440 2006 mensis
3479 1951 3686 2006 Pascha

2114 2052 2378 2103 fecerunt.
2412 2046 2513 2113 Qui
2542 2056 2719 2100 autem
2752 2045 2907 2113 longe
2941 2040 3457 2112 peregrinabantur,
3487 2052 3542 2095 et
3577 2042 3691 2094 im-

2112 2144 2295 2197 tnundi
2328 2150 2506 2207 erant,
2536 2140 2829 2194 secundum
2860 2135 3069 2190 Pascha
3098 2134 3153 2188 iu
3184 2134 3285 2188 hoc
3324 2143 3568 2203 tempore
3604 2133 3688 2187 fa-

2110 2234 2284 2295 ciunt,
2317 2248 2427 2302 quo
2466 2241 2521 2285 et
2549 2244 2743 2285 manna
2774 2229 2841 2283 de
2868 2227 3007 2281 coelo
3046 2225 3347 2279 descendit.
3380 2224 3436 2277 In
3466 2225 3553 2278 die
3576 2240 3685 2293 quo

2111 2327 2342 2394 primum
2377 2325 2584 2378 Pascha
2630 2323 2710 2386 tit,
2740 2335 2844 2375 non
2881 2318 3159 2374 descendit
3194 2332 3387 2370 manna
3425 2318 3492 2371 de
3520 2317 3681 2377 caelo,

2110 2416 2204 2470 sed
2255 2417 2307 2469 in
2345 2415 2447 2468 hoc
2490 2429 2598 2483 quo
2650 2409 2945 2467 secundum
3005 2406 3209 2461 Pascha
3260 2407 3337 2462 ﬁ-t.
3390 2407 3684 2461 Videamus

2109 2520 2237 2575 ergo
2286 2519 2428 2558 nunc
2463 2504 2585 2571 quis
2623 2502 2697 2556 sit
2741 2500 2792 2553 in
2828 2501 2913 2554 his
2948 2498 3083 2553 ordo
3128 2497 3393 2566 mysterii.
3436 2495 3683 2550 Primum

2107 2593 2313 2649 Pascha
2368 2594 2530 2663 primi
2584 2591 2767 2662 populi
2817 2598 2922 2645 est.
2950 2588 3265 2644 Secundum
3310 2585 3542 2651 Pascha,
3584 2601 3684 2640 no-

2108 2699 2282 2743 strum
2314 2696 2416 2740 est.
2448 2682 2558 2739 Nos
2588 2684 2732 2738 enim
2765 2682 2966 2735 fuimus
2992 2677 3254 2734 immundi
3275 2678 3327 2732 in
3352 2677 3561 2744 anima,
3587 2678 3681 2746 qui

2107 2781 2422 2834 colebamus
2448 2777 2651 2844 lignum
2682 2784 2737 2829 et
2766 2774 3021 2841 lapidem,
3053 2780 3105 2824 et
3137 2771 3451 2840 ignorantes
3486 2769 3681 2835 Deum,

2106 2870 2191 2924 his
2222 2870 2308 2937 qui
2338 2878 2529 2921 natura
2559 2883 2665 2919 non
2689 2872 2844 2917 erant
2874 2862 2946 2916 dii
2971 2859 3363 2915 serviebamus.
3387 2858 3497 2913 Nos
3515 2860 3679 2914 etiam

2108 2976 2347 3024 eramus,
2380 2960 2470 3028 qui
2498 2959 2654 3027 longe
2681 2955 3190 3026 peregrinahamur,
3228 2952 3295 3004 de
3327 2951 3523 3018 quibus
3550 2951 3683 3005 dicit

2108 3052 2399 3121 Apostolus
2427 3050 2471 3081 ’⁷
2500 3066 2515 3102 :
2545 3049 2671 3117 quia
2717 3046 2917 3099 fuimus
2968 3060 2986 3094 ι
3026 3042 3271 3110 hospites
3311 3052 3363 3097 et
3405 3040 3678 3111 peregrini

2109 3153 2553 3200 testamentorum
2584 3139 2695 3200 Dei.
2726 3153 2875 3205 spem
2899 3152 3004 3191 non
3033 3136 3316 3197 habentes,
3342 3143 3397 3188 et
3427 3134 3545 3187 sine
3573 3134 3681 3187 Deo

2108 3239 2161 3292 in
2204 3237 2305 3290 hoc
2338 3234 2537 3287 mundo
2586 3237 2861 3284 errantes.
2902 3247 2920 3280 ι
2957 3226 3339 3281 Verumtamen
3373 3240 3477 3279 non
3516 3226 3682 3278 datur

2107 3341 2304 3384 manna
2332 3327 2401 3381 de
2430 3326 2569 3380 caelo
2596 3323 2649 3376 in
2684 3322 2772 3375 illa
2804 3321 2912 3386 die,
2949 3334 3052 3389 qua
3082 3319 3313 3387 primum
3351 3317 3560 3371 PaScha
3596 3317 3677 3381 tit,

2105 3421 2202 3475 sed
2250 3419 2301 3473 in
2336 3418 2423 3471 illa
2454 3434 2556 3483 qua
2588 3418 2903 3471 secundum.
2948 3412 3112 3466 Panis
3149 3410 3291 3464 enim
3326 3410 3415 3477 qui
3443 3412 3509 3462 de
3538 3409 3679 3462 cmlo

2104 3510 2382 3565 descendit
2413 3509 2481 3571 ³⁸,
2508 3522 2609 3560 non
2640 3507 2787 3561 venit
2823 3504 2889 3559 ad
2925 3503 3065 3567 illos,
3096 3503 3185 3570 qui
3212 3502 3442 3570 primam
3476 3501 3677 3554 solent-

2106 3605 2327 3658 nitatem
2379 3599 2771 3664 celebrabant,
2818 3596 2911 3652 sed
2955 3596 3021 3649 ad
3076 3608 3212 3662 nos,
3248 3593 3341 3661 qui
3380 3592 3676 3646 secundant

2103 3694 2463 3765 suscepimus.
2494 3711 2511 3742 ι
2550 3689 2802 3745 Nostrum
2838 3688 2982 3741 enim
3016 3687 3218 3741 Pascha
3256 3685 3568 3739 immolatus
3592 3694 3676 3737 est

2104 3786 2352 3841 Christus
2384 3783 2429 3815 ⁹⁹
2458 3823 2471 3846 ,
2507 3801 2526 3833 ι
2563 3782 2653 3849 qui
2704 3795 2861 3834 verus
2917 3779 3075 3833 nobis
3109 3776 3263 3847 panis
3307 3779 3371 3830 de
3412 3776 3550 3829 coelo
3577 3776 3677 3828 de-

2104 3875 2329 3929 scendit.
2362 3872 2467 3926 Sed
2513 3870 2727 3923 interim
2764 3870 3038 3922 videamus
3077 3867 3207 3935 quid
3252 3874 3338 3920 est
3363 3908 3381 3928 ,
3419 3867 3561 3933 quod
3620 3864 3674 3918 in

2103 3966 2206 4020 hac
2249 3964 2334 4018 die
2378 3972 2585 4031 gestum
2641 3967 2992 4013 monstratur.
3050 3977 3070 4009 ι
3119 3956 3551 4024 Quiutadecima,
3587 3955 3674 4009 in-

2103 4057 2218 4126 quit
2242 4057 2281 4120 ί,
2318 4054 2402 4107 die
2451 4052 2653 4105 mensis
2700 4050 2923 4105 secundi
2955 4048 3311 4102 murmuravit
3339 4048 3589 4117 populus,
3619 4057 3675 4101 et

2102 4148 2280 4209 dixit,
2331 4145 2455 4215 quia
2503 4142 2696 4198 melius
2741 4140 2916 4195 fuerat
2964 4156 3064 4195 nos
3122 4140 3259 4193 mori
3310 4140 3362 4192 in
3412 4138 3672 4209 Egypto,

2104 4240 2319 4309 quando
2344 4236 2665 4292 sedebamus
2689 4248 2848 4302 super
2874 4234 3009 4287 ollas
3034 4234 3300 4287 carnium.
3333 4252 3350 4284 ι
3379 4231 3422 4286 Ο
3446 4231 3674 4300 populus

2109 4335 2352 4403 ingratus
2391 4330 2662 4384 desiderat
2710 4327 3036 4397 Egyptum,
3066 4326 3157 4395 qui
3204 4324 3493 4399 A'Igyptios
3542 4323 3675 4377 vidit

430 4423 768 4479 dulcedinem
798 4438 951 4477 versa
981 4423 1086 4489 sit;
1133 4427 1384 4495 quamvis
1416 4442 1514 4496 per
1548 4426 1753 4495 lignum
1784 4427 1905 4480 vita:
1943 4436 1997 4479 et
2030 4419 2072 4473 D
2103 4423 2651 4480 css:inctos!Carncs
2669 4418 2885 4490 Egypti
2914 4417 3162 4488 requirit,
3184 4418 3273 4485 qui
3296 4415 3671 4485 .Egyptiorum

431 4513 749 4583 mysterium
784 4514 962 4568 crucis
988 4514 1169 4568 omnis
1206 4515 1403 4571 litterae
1434 4517 1738 4571 amaritudo
1774 4516 1992 4584 depulsa

428 4605 522 4658 sit.
556 4603 742 4658 Solum
768 4617 925 4659 vetus
956 4605 1376 4660 instrumentum
1409 4623 1513 4661 non
1559 4605 1756 4660 sulIieit
1802 4606 1864 4658 ad
1915 4607 1995 4659 hic

429 4696 696 4756 bendum;
722 4696 812 4752 sed
836 4694 1156 4751 veniendum
1182 4696 1346 4749 estad
1366 4694 1577 4755 Novum
1598 4697 1995 4751 Testamentum

430 4789 496 4840 de
527 4802 634 4855 quo
667 4788 875 4857 absque
925 4788 1181 4855 scrupulo
1212 4789 1436 4852 bibitur,
1467 4789 1672 4856 absque
1719 4788 1823 4842 ulla
1864 4789 1999 4842 dilli-

427 4878 639 4933 cultate
672 4891 912 4948 potatur.
955 4878 1123 4933 Judaei
1179 4880 1341 4935 etiam
1384 4897 1522 4934 nunc
1552 4882 1692 4949 apud
1723 4881 1991 4935 Meri-ham

428 4978 577 5036 sunt,
615 4969 777 5021 etiam
806 4986 946 5025 nunc
992 4970 1147 5041 153
1191 4973 1429 5026 assident
1463 4973 1527 5025 ad
1554 4989 1727 5042 aquas
1756 4989 1990 5027 amaras.

432 5058 676 5113 Nondum
708 5064 852 5116 enim
897 5062 978 5117 eis
1022 5063 1163 5116 Deus
1194 5064 1434 5116 ostendit
1462 5064 1690 5133 lignum,
1723 5079 1818 5132 per
1852 5064 1992 5131 qttod

430 5150 614 5204 dulces
631 5151 820 5208 fierent
837 5170 987 5222 aqum
1005 5154 1265 5219 ipsorum.
1286 5152 1495 5207 Etenim
1523 5154 1768 5222 prazdixit
1787 5153 1865 5207 eis
1883 5168 1999 5222 pro-

430 5239 591 5304 pheta
617 5245 685 5308 ",
715 5244 867 5312 quiat
893 5241 997 5295 nisi
1017 5246 1381 5309 credideritis,
1407 5262 1577 5314 neque
1605 5246 1930 5316 intelligetis.
1974 5265 1993 5296 ο

501 5334 552 5386 4.
573 5335 703 5389 Post
734 5336 846 5389 luet:
869 5337 1125 5405 scriptum
1149 5347 1227 5389 est
1264 5338 1309 5369 "
1346 5357 1359 5393 :
1390 5356 1408 5388 ι
1435 5337 1490 5392 In
1532 5339 1769 5393 secundo
1794 5353 1997 5401 mense,

433 5425 626 5494 inquit,
707 5438 992 5497 postquam
1027 5430 1090 5483 de
1116 5427 1354 5499 Egypto
1379 5429 1603 5499 profecti
1639 5440 1785 5495 sunt,
1814 5431 1999 5498 quinta

501 5593 546 5623 ”
578 5592 747 5649 Exod.
780 5612 869 5659 xv,
902 5598 989 5651 ‘26.
1066 5598 1111 5628 ⁸³
1144 5596 1295 5659 ibid.,
1329 5597 1419 5650 ‘27.
1496 5598 1541 5629 ’³
1571 5598 1671 5652 lsa.
1703 5612 1774 5652 Vtt
1801 5642 1813 5663 ,
1849 5599 1903 5651 9.

429 5667 469 5697 ⁹⁹
505 5663 675 5725 lCor.
712 5680 771 5735 v,
805 5667 854 5723 ‘7.
929 5669 941 5699 ¹
973 5668 1143 5723 Exod.
1182 5681 1293 5733 μοι,
1342 5667 1391 5733 l,
1422 5667 1489 5734 ‘2,
1531 5669 1583 5721 5.

1992 5598 2036 5629 9‘
2069 5597 2237 5651 Exod.
2268 5614 2379 5661 xvr,
2416 5599 2465 5656 Ι.
2498 5598 2552 5659 2,
2580 5598 2630 5651 3.

1672 5671 1689 5697 ’
1734 5668 1894 5722 Nunt.
1944 5684 2051 5723 χχι.

2103 4533 2296 4572 carnes
2325 4516 2461 4569 vidit
2514 4512 2679 4567 maris
2722 4512 2959 4582 piscibus
2987 4519 3041 4563 et
3073 4510 3195 4563 mali
3246 4508 3463 4563 alitibus
3490 4510 3668 4562 datas.

2105 4610 2346 4663 Murmur
2359 4624 2485 4675 ergo
2505 4610 2789 4661 adversum
2807 4605 3062 4675 Moysem,
3084 4605 3489 4659 imoadversunt
3510 4604 3671 4657 Deum

2102 4700 2303 4754 levant.
2330 4698 2434 4753 Sed
2460 4698 2559 4751 hoc.
2583 4698 2757 4767 primo
2784 4698 3000 4765 quidem
3028 4697 3344 4767 ignoscitur,
3374 4696 3671 4765 ignoscitur

2101 4806 2156 4848 et
2182 4792 2440 4857 secundo,
2470 4792 2717 4844 fortassis
2745 4799 2799 4842 et
2828 4789 2984 4843 tertio
3013 4803 3027 4841 :
3077 4798 3447 4840 verumtamen
3482 4788 3525 4841 si
3565 4802 3669 4839 non

2103 4886 2372 4948 desinant,
2402 4886 2493 4937 sed
2520 4883 2836 4953 persistant,
2864 4881 2984 4934 audi
3014 4880 3141 4949 quid
3173 4881 3398 4948 posthac
3426 4893 3669 4930 murmu-

2104 4989 2314 5033 rantent
2344 4978 2594 5047 populum
2625 4984 3009 5043 consequatur.
3049 4974 3101 5027 In
3136 4974 3489 5027 Numerorum
3535 4972 3673 5024 libro

2102 5072 2335 5125 refertur
2364 5073 2407 5135 ’,
2433 5073 2574 5137 quod
2603 5078 2657 5121 et
2691 5067 2742 5121 in
2778 5068 2892 5121 suis
2928 5067 3218 5135 scripturis
3257 5066 3495 5119 retexuit
3526 5065 3673 5131 Apo-

2096 5162 2264 5216 stolus
2290 5162 2473 5215 dicens
2499 5161 2518 5191 ³
2551 5176 2565 5212 :
2599 5178 2617 5210 ι
2653 5157 2835 5225 Neque
2872 5159 3358 5223 murmuraveritis,
3387 5157 3526 5209 sicut
3552 5155 3670 5223 qui-

2097 5253 2219 5305 datn
2253 5266 2440 5304 eorum
2477 5258 2955 5302 murnturaverunt
2981 5287 2995 5312 ,
3025 5258 3080 5303 et
3114 5264 3143 5302 a
3187 5248 3529 5315 serpentibus
3562 5258 3677 5317 per.

2106 5340 2306 5396 ierunt.
2370 5360 2388 5392 »
2447 5341 2870 5395 Muruturantem
2936 5340 3191 5409 populum
3247 5348 3548 5392 venenatus
3615 5335 3671 5389 in

2098 5447 2284 5487 eremo
2326 5431 2632 5500 depascitur
2689 5432 3019 5501 serpentium
3080 5444 3314 5484 morsus.
3380 5427 3673 5483 Videamus

2719 5600 2761 5631 ⁹⁷
2794 5598 2926 5669 Eph.
2962 5614 3022 5665 tt,
3053 5598 3135 5655 12.
3212 5596 3257 5631 ⁹⁸
3287 5594 3442 5652 Joan.
3478 5611 3551 5662 vt,
3583 5595 3670 5649 55.

2140 5670 2158 5699 ³
2205 5668 2380 5724 lCor.
2432 5684 2499 5735 χ,
2542 5676 2620 5729 10,
