4122 6248
478 342 584 397 345

1688 335 1754 390 IN
1789 334 2075 392 EXODUM
2112 333 2396 391 HOMILIA
2422 333 2536 388 Vll.

3623 320 3729 377 546

482 473 616 523 nos,
666 455 758 526 (ιυί
796 456 911 509 hate
953 454 1216 520 audimus,
1263 464 1384 517 nos,
1424 452 1639 520 inquam
1665 495 1679 517 ,
1716 469 1816 522 pro
1858 455 2054 522 quibus
2083 456 2125 511 Α
2159 454 2285 507 alibi
2319 452 2662 522 pr0plteta’:
2696 469 2715 500 ι
2739 447 2937 503 Diebus
2966 446 3148 501 multis
3164 440 3537 500 sedebnntl‘tlii
3568 441 3731 496 Israel

481 548 685 614 scripta
715 551 874 598 sunt:
907 543 1011 596 illis
1033 543 1176 596 eniut
1207 544 1273 595 ad
1305 543 1699 597 correct’onem
1735 543 1874 597 facta
1900 553 2053 606 sunt,

483 638 686 706 scripta
717 644 841 690 sunt
869 645 1046 687 autem
1074 649 1296 704 propter
1322 650 1438 699 nos,
1474 654 1493 686 ι
1535 637 1587 689 itt
1614 651 1752 704 quos
1780 635 1915 690 fines
1950 650 2053 689 sre-

488 728 729 784 cttlornm
758 729 1095 780 devenerunt
1121 726 1163 779 δ.
1202 745 1223 778 ι
1260 726 1317 781 Si
1348 743 1452 780 non
1486 726 1786 780 desinimus
1814 740 2057 779 murmu-

487 834 641 883 rare,
668 818 709 871 si
744 832 846 869 non
873 832 1152 871 cessamus
1182 832 1213 869 a
1248 817 1484 887 querelis
1514 818 1717 872 nostris
1739 856 1752 877 ,
1784 831 1921 886 quas
1949 816 2058 869 fre-

483 919 712 978 quenter
738 909 1001 963 habemus
1044 914 1304 963 adversus
1337 909 1504 963 Deum
1536 948 1550 975 ,
1591 909 1945 963 observemus
1990 923 2055 963 ne

482 1002 658 1056 simile
702 1000 1017 1055 oﬂ‘ensionis
1071 1001 1416 1055 incurramus
1465 1000 1800 1071 exemplum.
1843 999 2054 1054 Etenim

483 1109 607 1147 cunt
634 1093 699 1146 de
722 1093 842 1148 cceli
871 1093 1215 1162 intemperie,
1239 1092 1305 1146 de
1332 1091 1725 1147 infecunditate
1758 1092 2056 1155 fructuum,

482 1185 549 1236 de
577 1183 799 1237 raritate
828 1182 1108 1245 imbrium,
1143 1184 1209 1237 de
1244 1182 1695 1251 prosperitatibus
1720 1184 1972 1247 aliorum,
2004 1192 2059 1235 et

485 1274 549 1327 de
585 1273 808 1325 aliorum
845 1272 1282 1341 improsperitate
1319 1285 1638 1331 causamur.
1680 1270 1782 1323 hoc
1821 1279 1905 1323 est
1961 1269 2059 1321 ad-

484 1380 670 1421 versus
700 1364 866 1419 Deum
896 1379 1145 1419 murmur
1173 1363 1447 1417 attollere.
1479 1361 1585 1416 Sed
1617 1362 1732 1416 haec
1776 1362 1925 1415 initia
1960 1362 2060 1415 Ita-

483 1455 733 1510 bentibns
762 1455 1095 1521 ignoscitur;
1132 1455 1183 1506 itt
1223 1467 1317 1507 eos
1346 1467 1502 1517 vero,
1527 1452 1619 1520 qui
1653 1467 1758 1505 non
1788 1452 2060 1516 desinunt,

484 1546 720 1614 graviter
756 1546 1089 1600 vindicatur.
1129 1544 1420 1597 Mittuntur
1456 1558 1694 1611 namque
1728 1543 1780 1596 itt
1827 1558 1921 1596 eos
1948 1558 2064 1597 ser-

483 1646 695 1703 pentes,
731 1635 782 1688 id
820 1644 905 1689 est
943 1634 1241 1687 immundis
1278 1631 1555 1700 spiritibus
1585 1633 1869 1686 traduntur
1901 1648 2060 1687 vene-

486 1727 740 1794 natisque
766 1724 1138 1789 daemonibus,
1180 1725 1271 1794 qui
1303 1739 1397 1779 eos
1429 1724 1696 1778 morsibus
1724 1723 1957 1777 occultis
1993 1739 2057 1777 ac

487 1788 781 1867 latentibus
817 1814 1117 1879 perimant,
1149 1788 1310 1879 atque
1353 1810 1579 1864 internis
1622 1819 1674 1863 et
1706 1809 1844 1862 intra
1873 1802 2056 1864 co'rdis
2088 1788 2130 1843 Β

490 1904 790 1972 penetralia
820 1902 1095 1958 conclusis
1140 1901 1562 1971 cogitationibus
1596 1901 1902 1955 absumant.
1952 1899 2058 1955 Sed

490 1998 715 2051 obsecro
760 2011 874 2059 vos,
907 1995 1115 2063 prosint
1158 1994 1310 2048 nobis
1358 1994 1653 2064 prtemissrc
1697 1994 2063 2061 correptionis

491 2087 773 2154 exempla:
812 2085 1026 2139 illorum
1063 2100 1255 2152 pecua,
1294 2084 1604 2138 emendatio
1632 2092 1815 2137 nostra
1846 2084 1936 2138 sit.
1973 2084 2065 2137 Di-

489 2180 556 2233 cit
590 2179 734 2233 enim
764 2179 934 2238 Deus,
966 2177 1089 2245 quia
1129 2195 1147 2226 ι
1187 2175 1370 2229 audivi
1403 2175 1893 2229 murmurationem
1920 2174 2064 2228 filio-

491 2284 608 2322 rum
656 2268 820 2322 Israel
853 2268 897 2323 ⁵.
933 2287 951 2317 ι
1009 2266 1215 2320 Videtis
1257 2265 1381 2334 quia
1417 2279 1521 2319 non
1570 2264 1701 2319 latet
1728 2265 1894 2319 Deum
1925 2280 2065 2318 mur-

490 2360 721 2415 muratio
760 2369 939 2413 nostra
974 2372 989 2412 :
1030 2359 1182 2412 audit
1220 2357 1428 2422 omnia,
1465 2366 1516 2412 et
1555 2359 1696 2428 quod
1738 2374 1841 2411 non
1877 2357 2062 2412 statim

489 2453 669 2522 pttnit,
743 2450 1122 2521 pmnitentiam
1180 2458 1380 2505 nostra:
1438 2448 1813 2504 conversionis
1870 2461 2064 2517 exspe-

489 2554 625 2599 ctal.

562 2634 617 2688 5.
654 2633 759 2688 Sed
796 2634 925 2703 quid
975 2642 1095 2702 post
1143 2634 1258 2688 lucc
1312 2633 1600 2688 recitatum
1641 2631 1767 2685 est?
1815 2648 1834 2682 t
1888 2628 2061 2695 Dixit,

494 2728 667 2796 inquit
691 2732 735 2791 ⁸,
769 2726 1027 2779 Dominus
1072 2726 1135 2779 ad
1165 2725 1400 2797 Moysem
1425 2740 1440 2779 :
1468 2725 1606 2779 Ecce
1632 2740 1731 2795 ego
1755 2725 1936 2792 pluam
1967 2739 2063 2777 vo-

494 2818 578 2873 bis
609 2832 777 2886 panes
818 2817 883 2869 de
914 2815 1053 2869 caelo
1077 2854 1091 2877 ,
1137 2826 1190 2869 et
1220 2816 1389 2868 exibit
1438 2814 1665 2884 populus
1694 2855 1709 2879 ,
1744 2824 1798 2868 et
1844 2814 2066 2882 colliget

497 2909 654 2964 unius
680 2908 784 2962 diei
818 2909 870 2960 itt
915 2908 1089 2971 diem,
1120 2916 1177 2960 ttt
1220 2915 1422 2961 tentent
1456 2906 1577 2961 illos
1621 2905 1665 2960 si
1697 2906 1977 2959 ambulant
2013 2906 2065 2957 in

500 3000 616 3071 lege
658 3016 803 3063 mea,
840 3015 908 3054 an
955 3015 1082 3054 non.
1113 3000 1177 3052 Et
1220 2998 1327 3052 erit
1373 2998 1425 3052 itt
1462 2998 1546 3053 die
1576 3009 1729 3052 sexto
1752 3039 1767 3063 ,
1797 2997 2067 3066 parabunt

496 3094 855 3162 quodcunque
896 3091 1172 3146 intulerint
1216 3089 1351 3162 (19),
1377 3099 1431 3144 et
1470 3091 1577 3143 erit
1619 3089 1839 3158 duplum
1890 3088 2066 3157 quod-

498 3199 714 3253 cunque
777 3182 1059 3236 intulerint
1128 3182 1499 3249 quotidianum
1575 3181 1627 3235 in
1696 3180 1804 3237 die.
1874 3198 1892 3231 ι
1953 3180 2067 3246 Ego

498 3278 717 3342 quidem
757 3290 919 3343 super
966 3277 1067 3329 hac
1116 3274 1381 3343 scriptura
1417 3273 1575 3327 velim
1617 3273 1791 3340 primo
1825 3287 1945 3327 eunt
1972 3271 2068 3327 Ju-

502 3368 631 3421 daeis
670 3366 867 3420 habere
907 3381 1250 3430 sermonem,
1298 3364 1496 3432 quibus
1561 3364 1769 3417 credita
1820 3364 2073 3418 dicuntur

503 3457 716 3524 eloquia
750 3458 843 3510 Dei
874 3457 921 3519 ",
945 3457 1073 3526 quid
1110 3456 1214 3509 illis
1230 3457 1479 3510 videatur
1500 3455 1566 3507 de
1589 3469 1653 3507 eo
1683 3454 1824 3523 quod
1855 3456 1985 3507 dicit
2006 3455 2028 3485 ⁸
2054 3474 2067 3509 :

509 3565 526 3596 ι
555 3545 659 3599 Sex
693 3546 881 3599 diebus
910 3545 1180 3598 continuis
1205 3542 1487 3611 colligetis.
1534 3560 1553 3592 ι
1593 3542 1687 3595 Die
1710 3552 1888 3596 autem
1911 3552 2070 3598 sexto

502 3635 724 3702 duplum
759 3634 1043 3704 eolligetis.
1076 3635 1307 3702 Apparet
1338 3642 1516 3684 autent
1552 3643 1762 3686 sextam
1796 3634 1937 3689 diem
1970 3650 2072 3690 no-

501 3725 699 3780 minari
747 3724 932 3789 illatn,
977 3739 1098 3793 qua:
1143 3734 1271 3778 ante
1310 3725 1607 3780 Sabhatum
1662 3727 1913 3791 ponitur.
1955 3743 2075 3796 qua:

503 3821 643 3886 apud
689 3832 788 3871 nos
822 3816 1125 3870 Parasceve
1168 3816 1487 3884 appellatur.
1534 3818 1832 3873 Sabbatttm
1872 3829 2072 3883 autent,

500 3910 726 3977 septima
752 3906 866 3959 dies
889 3916 991 3960 est.
1018 3904 1213 3970 Quaero
1230 3918 1362 3973 ergo
1385 3919 1488 3972 qua
1515 3906 1602 3959 die
1617 3906 1844 3973 cmperit
1878 3923 2073 3961 manna

502 4000 716 4056 caelitus
746 3996 886 4061 dari,
907 4005 960 4049 et
979 3996 1101 4050 volo
1123 4009 1446 4063 comparare
1475 3994 1807 4049 Dominicam
1829 4008 2073 4051 nostram

501 4108 624 4147 cum
659 4089 897 4145 Sabbato
930 4087 1261 4142 Judzcorum.
1302 4085 1377 4139 Ex
1414 4085 1615 4140 divinis
1650 4101 1885 4155 namque
1920 4088 2074 4143 Scri-

503 4179 1096 4254 pturisapparet,quod
1124 4178 1177 4231 itt
1213 4178 1300 4232 die
1333 4177 1610 4231 Dominica
1633 4178 1811 4246 prituo
1832 4179 1885 4231 in
1912 4181 2074 4235 terris

503 4283 686 4333 datum
718 4285 798 4332 est
832 4292 1049 4330 manna.
1087 4276 1142 4330 Si
1173 4277 1338 4338 enim,
1382 4286 1440 4330 ttt
1465 4274 1747 4344 Scriptura
1783 4275 1943 4336 dicit,
1978 4288 2074 4329 sex

505 4370 695 4422 diebus
724 4367 999 4423 continuis
1032 4366 1318 4421 collectum
1352 4375 1457 4429 est,
1485 4366 1715 4435 septima
1749 4371 1928 4417 autem
1960 4363 2074 4429 die,

2157 544 2275 597 sine
2305 559 2450 613 rege,
2477 543 2597 597 sine
2629 540 2900 610 principe,
2927 540 3043 592 sine
3072 538 3352 604 propheta,
3380 534 3498 587 sine
3531 533 3731 596 hostia,

2159 638 2278 690 sine
2318 636 2626 695 sacriﬁcio.
2675 637 2794 689 sine
2845 636 3149 688 sacerdOte.
3188 646 3206 679 ι
3259 629 3313 681 ltt
3360 639 3541 682 nostra
3584 626 3730 680 enim

2163 726 2438 779 Dominica
2466 727 2551 779 die
2576 739 2791 794 semper
2819 722 3077 777 Dominus
3100 719 3234 788 pluit
3263 732 3454 771 manna
3490 718 3552 770 de
3568 716 3730 770 caelo.

2159 818 2261 874 Sed
2290 829 2344 873 et
2382 819 2539 872 hodie
2569 832 2669 887 ego
2698 817 2853 879 dico,
2888 815 3014 884 quia
3063 812 3199 883 pluit
3231 810 3492 868 Dominus
3534 822 3730 860 manna

2158 912 2222 965 de
2248 910 2405 966 cmlo.
2439 910 2694 966 Ctelestia
2735 923 2970 975 namque
3011 916 3138 960 sunt
3174 902 3387 973 eloquia
3438 900 3573 961 ista,
3615 912 3734 965 quzc

2159 1003 2312 1056 nobis
2348 1003 2480 1056 lecta
2510 1011 2636 1055 sunt
2656 1040 2671 1065 ,
2712 1012 2763 1054 et
2795 1015 2823 1053 a
2855 999 2963 1052 Deo
2993 997 3396 1052 descenderunt
3427 990 3587 1045 verba
3614 1003 3735 1058 qua:

2160 1094 2315 1147 nobis
2371 1095 2596 1148 recitata
2649 1103 2815 1157 sunt,
2869 1100 2923 1145 et
2973 1090 3094 1143 ideo
3144 1102 3242 1141 nos
3290 1085 3475 1139 felices
3506 1083 3596 1151 qui
3631 1081 3737 1135 tale

2162 1202 2357 1239 manna
2387 1186 2747 1255 suscepimus.
2781 1185 3007 1251 Semper
3036 1196 3231 1236 manna
3280 1177 3438 1230 nobis
3482 1176 3643 1228 da'ur
3670 1173 3738 1227 de

2162 1277 2328 1340 caelo,
2366 1277 2440 1330 illi
2473 1276 2719 1330 infelices
2748 1277 2952 1337 dolent,
2984 1284 3039 1327 et
3073 1272 3370 1340 suspirant,
3404 1280 3459 1321 et
3483 1284 3540 1321 se
3578 1266 3737 1319 mise-

2165 1383 2255 1421 rus
2280 1367 2485 1429 dicunt,
2508 1365 2635 1432 quia
2669 1379 2886 1425 manna.
2918 1364 3061 1417 sicut
3093 1367 3414 1428 acceperunt
3443 1366 3626 1426 patres
3661 1356 3740 1422 ip—

2164 1474 2385 1519 sorum,
2431 1456 2533 1525 ipsi
2575 1471 2680 1510 non
2715 1467 2994 1509 uterentur
3035 1453 3303 1521 accipere.
3342 1449 3416 1502 Illi
3463 1458 3736 1514 nunquam

2165 1562 2361 1601 manna
2391 1546 2715 1600 manducant
2744 1564 2756 1599 :
2788 1559 2891 1596 non
2929 1543 3073 1596 enim
3105 1551 3329 1611 possunt
3355 1538 3481 1591 illttd
3513 1535 3738 1590 mandu-

2162 1652 2288 1690 care
2309 1676 2324 1699 ,
2360 1638 2504 1705 quod
2531 1645 2617 1689 est
2662 1636 2924 1689 minutum
2956 1634 3097 1688 sicut
3124 1647 3311 1686 semen
3346 1628 3612 1683 coriandri
3635 1668 3650 1693 ,
3683 1636 3741 1681 et

2161 1728 2454 1781 candidum
2482 1728 2624 1780 sicut
2649 1726 2860 1794 pruina.
2887 1722 3032 1777 Nihil
3061 1723 3204 1777 enim
3241 1722 3292 1774 itt
3318 1721 3483 1774 verbo
3522 1718 3613 1771 Dei
3641 1717 3742 1770 mi-

2161 1834 2349 1874 nutum
2378 1858 2394 1883 ,
2431 1819 2562 1871 nihil
2603 1817 2804 1872 subtile
2828 1856 2843 1880 ,
2875 1816 3010 1870 ttiltil
3053 1814 3299 1868 sentiunt
3336 1810 3615 1881 spiritale,
3647 1807 3740 1861 sed

2162 1921 2332 1965 totum
2376 1912 2573 1979 pingue
2602 1948 2618 1972 ,
2665 1918 2835 1960 totum
2873 1921 3117 1960 crassum
3159 1922 3171 1956 :
3214 1922 3232 1955 t
3267 1903 3629 1956 lncrassatutu
3656 1905 3743 1950 est.

2161 2003 2305 2057 enim
2337 2017 2432 2055 cor
2450 2000 2631 2068 populi
2658 2000 2802 2052 illius
2830 1998 2897 2049 ’°.
2944 2017 2962 2048 ι
3006 1995 3112 2050 Sed
3148 2004 3204 2049 et
3239 1989 3617 2059 interpretatio
3640 2002 3741 2042 no-

2164 2090 2327 2145 minis
2370 2089 2473 2143 ltoc
2516 2088 2657 2141 idem
2716 2096 2895 2139 sonat.
2929 2084 3125 2138 Manna
3176 2083 3322 2136 enim
3360 2082 3744 2146 interpretatur

2165 2181 2296 2252 quid
2325 2191 2399 2234 est
2433 2182 2529 2232 hoc
2561 2179 2718 2251 (20)?
2747 2175 2882 2231 Vide
2916 2176 2959 2230 si
2996 2191 3099 2229 non
3142 2174 3260 2241 ipsa
3308 2170 3545 2226 nominis
3575 2176 3744 2221 virtus

2165 2275 2231 2327 ad
2262 2273 2579 2326 discendum
2615 2279 2666 2323 te
2702 2276 2987 2340 provocat,
3021 2276 3099 2332 ttt,
3127 2280 3249 2319 cuttt
3279 2264 3436 2317 audis
3454 2262 3620 2331 legem
3650 2259 3742 2314 Dei

2167 2364 2384 2420 recitari
2414 2405 2428 2428 ,
2465 2362 2712 2430 inquiras
2754 2375 2972 2429 semper
2995 2397 3011 2421 ,
3047 2367 3102 2411 et
3152 2357 3481 2425 interroges,
3506 2362 3561 2407 et
3588 2352 3743 2406 dicas

2165 2457 2520 2512 doctoribus:
2559 2454 2699 2520 Quid
2730 2462 2814 2507 est
2849 2453 2950 2506 boc
2977 2452 3000 2504 ?
3030 2449 3143 2504 lloc
3178 2448 3324 2502 enim
3354 2456 3436 2501 est
3483 2445 3625 2516 quod
3662 2445 3744 2497 in-

2166 2550 2312 2605 dicat
2339 2564 2556 2603 manna.
2588 2546 2669 2600 'l'u
2702 2560 2835 2615 ergo
2866 2544 2910 2598 si
2941 2543 3021 2597 vis
3052 2542 3383 2596 manducare
3427 2551 3657 2602 manna,
3688 2534 3742 2590 id

2166 2653 2248 2699 est
2281 2642 2325 2695 si
2358 2641 2511 2708 cupis
2544 2638 2827 2706 suscipere
2865 2634 3090 2689 verbum
3144 2632 3261 2694 Dei,
3305 2630 3444 2685 scito
3486 2627 3612 2681 illud
3641 2626 3744 2680 mi-

2168 2743 2353 2788 nutuut
2383 2747 2502 2787 esse
2529 2741 2581 2785 ct
2617 2731 2771 2783 valde
2801 2728 2999 2783 subtile
3048 2727 3188 2780 sicut
3222 2738 3409 2778 semen
3444 2718 3739 2776 coriandri.

2169 2825 2343 2880 Ilabet
2372 2824 2514 2877 enim
2556 2822 2762 2893 aliquid
2801 2821 2852 2875 itt
2882 2835 2941 2874 se
2970 2818 3160 2879 oleris,
3189 2831 3296 2885 quo
3335 2813 3547 2867 nutrire
3573 2821 3627 2869 et
3660 2826 3746 2863 re-

2170 2934 2364 2974 creare
2416 2917 2592 2985 possit
2643 2916 2928 2975 infirmos,
2979 2910 3107 2980 quia
3165 2925 3183 2958 (
3225 2906 3316 2976 qui
3371 2903 3613 2957 infirmus
3638 2912 3744 2964 est.

2169 3013 2316 3067 olera
2343 3012 2634 3065 tnandueat
2656 3006 2720 3059 “.
2758 3023 2774 3054 ι
2808 3002 2979 3056 llabet
3009 2998 3209 3069 aliquid
3237 2999 3452 3068 rigoris,
3476 3006 3529 3051 cl
3551 2996 3746 3049 ideont

2172 3104 2363 3172 pruina
2413 3112 2514 3155 est.
2569 3096 2835 3153 Candoris
2881 3105 3061 3147 autem
3113 3101 3167 3145 et
3219 3090 3520 3144 dulcedinis
3577 3087 3745 3141 habet

2170 3195 2483 3262 plurimum.
2533 3189 2670 3256 Quid
2714 3188 2858 3242 enim
2911 3184 3216 3247 candidius,
3251 3182 3379 3251 quid
3412 3179 3747 3248 splendidius

2174 3281 2478 3338 eruditione
2512 3277 2745 3333 divina?
2791 3276 2931 3342 Quid
2984 3273 3235 3339 dulcius,
3282 3272 3480 3340 quidve
3529 3268 3748 3323 suavius

2170 3373 2399 3442 eloquiis
2441 3370 2650 3425 Domini
2679 3409 2697 3436 ,
2732 3383 2851 3437 quat
2882 3376 3008 3420 sunt
3038 3379 3199 3432 super
3233 3363 3335 3416 mel
3370 3372 3424 3415 et
3462 3362 3638 3413 favum
3664 3356 3749 3412 "2

2173 3466 2278 3520 Sed
2307 3462 2435 3532 quid
2464 3471 2548 3517 est
2571 3461 2715 3530 quod
2747 3459 2899 3523 dicit,
2929 3457 3062 3510 utin
3092 3456 3179 3510 die
3210 3465 3363 3507 sexto
3390 3452 3610 3521 dupltttn
3639 3449 3751 3503 col-

2174 3557 2369 3627 ligatur
2402 3556 2455 3607 in
2507 3550 2928 3622 repromissione
2959 3586 2974 3611 ,
3023 3554 3284 3616 quantum
3325 3543 3553 3598 sufficiat
3582 3542 3745 3596 etiam

2173 3645 2411 3699 Sabbato
2434 3642 2521 3696 ‘3?
2562 3641 2673 3695 Hoc
2714 3639 3012 3694 secundum
3046 3647 3284 3690 nostram
3332 3634 3745 3705 intelligentiam

2176 3751 2279 3788 non
2311 3734 2492 3797 otiosi,
2527 3746 2626 3785 nec
2654 3730 2836 3785 securi
2876 3727 3180 3797 praeterire,
3206 3727 3290 3780 vel
3324 3727 3557 3780 transire
3587 3725 3753 3779 debes

2175 3841 2312 3879 nnts.
2345 3823 2543 3879 Sextus
2574 3822 2691 3876 dies
2730 3831 2811 3875 est
2843 3821 2958 3875 lucc
2988 3818 3041 3870 in
3071 3832 3173 3886 qua
3207 3832 3349 3870 nunc
3374 3831 3564 3870 sumus
3590 3815 3700 3869 vita
3728 3829 3748 3872 :

2176 3917 2228 3968 itt
2279 3931 2373 3969 sex
2411 3914 2554 3968 enim
2583 3912 2774 3967 diebus
2808 3910 3066 3964 Dominus
3110 3908 3239 3962 fecit
3276 3910 3423 3964 hunc
3464 3910 3745 3965 mundum.

2175 4006 2286 4060 llac
2312 4020 2443 4074 ergo
2467 4004 2554 4058 die
2588 4015 2797 4058 tantum
2829 4018 3094 4072 reponere
3139 4013 3195 4057 et
3240 4001 3538 4056 recondere
3586 4000 3751 4054 debe-

2175 4115 2294 4153 ttttts
2319 4137 2334 4161 ,
2378 4105 2640 4166 quantum
2677 4096 2915 4150 sufficiat
2959 4104 3014 4150 et
3071 4096 3125 4150 itt
3171 4095 3353 4149 futuro
3390 4094 3496 4148 die.
3533 4093 3587 4147 Si
3618 4092 3746 4162 quid

2174 4192 2315 4246 enim
2350 4190 2436 4244 hic
2470 4190 2598 4245 boni
2629 4190 2811 4258 operis
2835 4190 3112 4258 acquiras,
3143 4189 3187 4243 si
3214 4188 3342 4258 quid
3368 4187 3615 4258 justitiae,
3647 4186 3751 4240 mi-

2175 4282 2485 4337 sericordia:
2514 4291 2568 4336 ct
2619 4280 2836 4349 pietatis
2878 4281 3166 4343 recondas,
3203 4283 3303 4333 hoc
3340 4280 3440 4332 tibi
3479 4279 3529 4332 in
3564 4276 3749 4330 futuro

2176 4374 2374 4428 sarculo
2415 4373 2516 4427 erit
2554 4372 2729 4425 cibus.
2782 4369 3033 4436 Nunquid
3073 4386 3179 4423 non
3238 4372 3309 4424 ita
3357 4370 3409 4423 itt
3455 4367 3749 4436 Evangelia

506 4475 624 4527 qua!
651 4468 733 4513 est
764 4457 983 4513 Sabbati
1010 4499 1024 4522 ,
1072 4455 1232 4527 155
1274 4466 1548 4510 cessatum
1590 4466 1705 4522 est,
1755 4456 1871 4510 sine
1908 4454 2072 4508 dubio

2178 4465 2425 4534 legimus,
2458 4462 2585 4533 quia
2613 4462 2703 4531 qui
2743 4460 3034 4529 acquisivit
3075 4462 3162 4515 hic
3191 4464 3377 4516 decent
3411 4460 3646 4526 talenta,
3675 4458 3747 4513 ibi

508 4551 723 4604 initium
762 4551 880 4617 ejus
911 4565 938 4603 a
977 4550 1064 4603 die
1105 4550 1309 4616 prima,
1349 4563 1469 4616 qua:
1500 4558 1578 4602 est
1614 4548 1730 4601 dies
1764 4546 2064 4608 Dominica,

477 4645 483 4653 '
510 4642 629 4694 fuit.
654 4639 805 4706 Quod
835 4640 877 4694 si
910 4654 975 4693 ex
1004 4638 1198 4692 divinis
1226 4637 1527 4705 Scriptnris
1550 4637 1651 4690 hoc
1677 4644 1911 4701 constat,
1930 4637 2071 4705 quod

510 4734 596 4786 die
628 4732 901 4786 Dominica
932 4730 1070 4784 Deus
1097 4731 1231 4800 pluit
1253 4746 1448 4785 manna
1474 4730 1541 4785 de
1574 4730 1732 4794 caelo,
1769 4738 1823 4784 et
1850 4730 1901 4782 in
1936 4729 2075 4783 Sab-

508 4825 637 4879 bato
662 4838 765 4876 non
789 4822 942 4891 pluit,
976 4822 1277 4893 intelligant
1308 4821 1474 4876 Judaei
1501 4820 1611 4889 jam
1644 4830 1771 4874 tunc
1795 4821 2073 4888 pra-latam

509 4931 629 4971 esse
649 4915 981 4969 Dominicatn
1006 4926 1246 4968 nostram
1269 4912 1497 4968 Judaico
1526 4914 1786 4978 Sabbato,
1810 4913 1922 4981 jam
1950 4923 2078 4968 tunc

512 5007 807 5061 iudicatum
835 5006 975 5073 quod
1008 5006 1059 5059 in
1089 5006 1327 5059 Sabbato
1366 5006 1625 5075 ipsorum,
1677 5006 1848 5074 gratia
1888 5004 1978 5059 Dei
2010 5004 2077 5059 ad

508 5113 602 5153 eos
637 5098 701 5151 dc
732 5099 875 5151 ctelo
912 5098 1057 5151 nulla
1089 5097 1467 5161 descenderit,
1514 5098 1669 5167 panis
1703 5096 1946 5151 cwlcstis
1984 5095 2075 5165 qui

510 5200 591 5244 est
618 5204 799 5244 sermo
828 5188 943 5253 Dei,
978 5189 1042 5242 ad
1070 5204 1163 5244 eos
1196 5191 1374 5244 nullus
1399 5190 1626 5243 venerit.
1673 5189 1816 5244 Dicit
1844 5190 1988 5243 enim
2026 5200 2078 5245 et

2177 4557 2384 4625 accepit
2412 4556 2595 4610 decent
2625 4554 2879 4610 civitates
2899 4596 2914 4621 ,
2944 4565 2997 4609 et
3037 4555 3126 4623 qui
3157 4553 3449 4623 acquisivit
3490 4561 3746 4622 quatuor.

2171 4650 2378 4718 accepit
2409 4657 2646 4717 quatuor
2686 4649 3051 4704 civitates”?
3104 4649 3215 4703 Hoc
3256 4656 3340 4702 est
3366 4648 3509 4716 quod
3554 4654 3607 4700 et
3653 4657 3750 4713 per

2171 4741 2331 4795 aliam
2353 4740 3095 4810 figuramApostolusdicit”
3124 4761 3135 4795 :
3172 4757 3192 4791 ι
3221 4740 3374 4804 Quod
3405 4737 3550 4790 enim
3585 4734 3749 4790 senti-

2178 4832 2386 4887 naverit
2432 4831 2612 4896 homo,
2651 4832 2753 4886 hoc
2801 4842 2855 4884 et
2905 4840 3093 4885 metet.
3131 4848 3149 4879 ι
3186 4829 3323 4894 Quid
3369 4841 3500 4896 ergo
3536 4826 3749 4895 agimus

2178 4941 2273 4979 nos
2295 4924 2385 4995 qui
2408 4939 2651 4977 amamus
2672 4924 2802 4977 illttd
2830 4924 3144 4987 recondere,
3172 4920 3314 4989 qttud
3345 4925 3747 4985 corrntttpatnr,

2179 5030 2282 5067 non
2318 5013 2457 5082 quod
2501 5020 2851 5082 permaneat,
2887 5021 2940 5066 et
2994 5012 3251 5077 perduret
3302 5009 3353 5060 itt
3407 5002 3750 5058 crastinum?

2179 5104 2383 5158 Divites
2432 5104 2591 5172 hujus
2639 5102 2821 5158 saeculi
2871 5117 2933 5156 ca
2964 5100 3267 5155 recondunt
3291 5114 3408 5167 qua:
3440 5096 3489 5150 in
3522 5095 3621 5149 ltoc
3646 5110 3748 5149 sa:-

2177 5193 2318 5256 culo,
2348 5194 2457 5247 into
2490 5208 2612 5245 cunt
2643 5193 2842 5248 saeculo
2875 5201 3319 5260 corrumpuntur.
3352 5187 3406 5243 Si
3440 5204 3544 5257 qua
3570 5195 3746 5241 autent

580 5297 785 5353 ‘lCor.
808 5295 970 5361 3,“.
1034 5297 1247 5367 'leod.
1276 5312 1385 5357 xvt,
1410 5296 1497 5350 I2.
1557 5298 1578 5328 ⁸
1599 5297 1727 5350 ibid.
1752 5298 1871 5361 4,5.
1924 5299 1943 5329 "
1978 5299 2131 5354 Rom.
2159 5315 2235 5353 ιχ.
2292 5301 2313 5331 ⁸
2334 5300 2498 5355 Exod.
2526 5301 2749 5367 xVI,26,
2776 5301 2867 5354 22.
2932 5301 2952 5332 ’
2980 5300 3104 5356 Ose.
3129 5316 3210 5364 ttt,
3242 5301 3297 5354 τι.
3364 5300 3408 5331 ⁸ο
3432 5298 3532 5353 lsa.
3554 5314 3629 5366 vt,
3664 5299 3744 5353 10.

512 5368 550 5401 ¹¹
577 5367 741 5430 Rom.
766 5383 875 5429 xtv,
910 5366 964 5420 9..

580 5458 692 5528 (I9)
727 5460 907 5522 Alias,
956 5476 975 5509 ι
1010 5460 1319 5528 quicunque
1366 5460 1679 5524 intulerint,
1718 5480 1737 5512 ι
1778 5463 1874 5516 sed
1905 5478 2061 5528 ntss.,

515 5546 535 5581 ι
573 5529 932 5597 quodcunque
967 5529 1261 5581 intulerint.
1304 5547 1323 5579 ι

583 5599 695 5666 (20)
727 5600 867 5663 Quid
893 5608 966 5651 est
992 5599 1085 5650 hoc
1110 5600 1134 5650 7
1163 5598 1280 5652 Filii
1324 5598 1485 5652 Israel
1516 5609 1806 5667 conspecto
1835 5602 2065 5667 primum

511 5668 1016 5749 ntannapdixernnt
1063 5678 1161 5749 mp
1179 5671 1290 5749 [73,
1344 5670 1470 5749 quid
1512 5680 1586 5721 est
1624 5670 1763 5721 hoc?
1799 5668 1933 5724 Hinc
1974 5687 2069 5749 ιιο;

512 5739 715 5792 tninum
748 5741 1070 5805 interpretes
1100 5738 1412 5795 det’ivarunt
1454 5754 1648 5793 nomen
1682 5754 1891 5794 manna.
1931 5738 2069 5811 quod

1045 5366 1087 5398 ¹¹
1114 5367 1255 5419 Psal.
1286 5382 1440 5428 xvut,
1468 5368 1553 5421 I0.
1616 5367 1658 5398 ⁸³
1684 5367 1849 5422 Exod.
1889 5386 1998 5434 χιιι,
2030 5369 2121 5426 22.
2192 5370 2235 5401 ⁸⁸
2262 5370 2449 5423 Matth.
2488 5386 2615 5424 xxv.

2697 5372 2740 5402 ¹⁸
2780 5370 2957 5424 Galat.
3005 5385 3087 5435 νι,
3136 5370 3186 5423 7.

2169 5464 2497 5518 recentiores
2544 5462 2747 5516 malunt
2791 5462 3058 5517 deducere
3106 5482 3133 5516 a
3183 5464 3345 5516 verbo
3376 5475 3516 5527 mia,
3542 5464 3593 5515 in
3634 5463 3745 5531 pilt.

2170 5535 2396 5602 paravt't,
2438 5535 2753 5602 praeparavit
2786 5535 2857 5586 ita
2911 5539 3078 5617 ιιιῖῃ,
3124 5551 3263 5599 man,
3293 5550 3481 5586 manna
3514 5534 3582 5587 sit
3613 5549 3747 5600 prir-

2212 5636 2394 5679 oratus
2422 5626 2564 5679 cibus
2596 5636 2687 5679 aut
2717 5639 3051 5693 comparatus
3086 5627 3199 5679 sine
3230 5626 3440 5693 labore,
3474 5634 3531 5681 ut
3569 5624 3744 5694 appel-

2174 5642 2394 5751 rarams
2422 5642 2564 5679 ctaus
2596 5642 2687 5679 aut
2717 5642 3049 5693 comparatus

2194 5706 2315 5753 alut‘
2340 5696 2633 5762 Sapientia:
2665 5712 2780 5767 cap.
2818 5712 2926 5763 xvi,
2959 5699 3049 5752 ‘20.
