4122 6248
344 284 448 340 347

1801 233 2120 335 OiliGENlS

3475 271 3578 322 5i8

345 405 481 453 bona
534 415 696 470 opera
752 399 1047 456 rec0ndunt
1075 438 1090 464 ,
1145 399 1232 453 illa
1266 408 1604 469 permanent
1649 415 1818 468 usque
1863 399 1915 451 in
1945 401 1992 456 Α
2023 395 2588 465 inveneruntangelos
2618 391 2738 449 eum
2781 393 2981 464 ingenti
3023 393 3272 447 claritate
3302 391 3368 444 ad
3402 396 3584 461 sepul-

341 495 667 548 crastinum.

415 585 468 639 6.
512 585 751 653 Denique
799 585 877 638 sic
909 583 1172 653 scriptum
1204 596 1319 647 est,
1356 585 1496 654 quod
1529 585 1621 652 qui
1671 585 1914 638 infideles

347 679 584 739 fuerunt,
625 695 642 726 ι
681 685 1054 734 servaverunt.
1091 677 1285 744 inquit,
1311 677 1378 729 de
1419 693 1637 739 manna,
1671 687 1721 732 et
1764 677 1948 731 ebul-~

344 765 627 820 lieruntex
657 779 722 818 eo
751 780 985 828 vermes.
1018 777 1070 819 et
1093 768 1425 827 computruit
1449 768 1546 820 ιδ.)
1575 768 1705 822 Illud
1737 783 1913 823 autem

344 859 485 928 quod
520 874 616 926 pro
656 859 744 913 die
769 860 998 913 Sabbati
1035 860 1426 926 reponebatur,
1459 877 1561 914 non
1601 870 1688 916 est
1731 877 1919 916 corru-

347 959 515 1016 ptum,
553 963 726 1016 neque
757 964 970 1002 vermes
998 949 1324 1004 ebullierunt
1361 952 1410 1004 in
1443 967 1528 1014 eo,
1555 953 1646 1007 sed
1676 968 1920 1022 perman-

347 1041 413 1091 sit
444 1039 551 1110 (:2!)
583 1040 874 1106 integrum.
905 1039 970 1093 Et
1007 1048 1059 1092 tu
1093 1055 1228 1109 ergo
1258 1042 1301 1094 si
1334 1052 1552 1111 propter
1596 1055 1916 1113 przesentem

346 1133 511 1184 vitam
551 1131 926 1184 tantummodo
962 1141 1015 1185 et
1057 1143 1278 1200 propter
1319 1148 1558 1188 amorem
1587 1135 1768 1188 smculi
1805 1138 1919 1189 the-

347 1222 605 1281 saurizes.
639 1221 894 1275 continuo
925 1237 1136 1276 vermes
1166 1224 1452 1278 ebulliunt.
1485 1226 1766 1290 Quomodo
1797 1242 1922 1280 ver~

349 1329 463 1366 mes
509 1312 818 1366 ebulliunt?
866 1314 1007 1367 Audi
1054 1315 1118 1368 de
1175 1317 1576 1384 peccatoribus,
1622 1329 1678 1371 et
1734 1319 1807 1372 iis
1827 1319 1954 1388 qui'

351 1420 587 1472 pnescns
625 1405 876 1460 sicculum
908 1407 1174 1476 diligunt,
1206 1424 1326 1477 qua:
1359 1409 1431 1463 sit
1474 1407 1750 1480 proph‘eta:
1796 1426 1921 1464 scn-

353 1497 549 1550 teattia:
585 1515 602 1546 ι
633 1496 844 1552 Vermis
866 1500 1032 1564 enim,
1057 1499 1254 1568 inqttit,
1278 1517 1467 1555 eorum
1498 1519 1603 1556 non
1639 1505 1918 1567 morietur,

350 1599 402 1640 et
432 1589 571 1656 ignis
587 1604 774 1642 eorum
800 1607 906 1644 non
925 1593 1381 1661 exstinguetur”.
1413 1614 1430 1645 ι
1452 1595 1540 1648 Isti
1564 1605 1688 1648 sunt
1717 1611 1924 1652 vermes
1957 1619 1961 1621 ·

350 1694 486 1747 quos
511 1692 733 1748 generat
757 1683 1008 1746 avaritia,
1033 1684 1119 1736 isti
1153 1696 1279 1737 sunt
1306 1701 1520 1740 vermes
1541 1703 1677 1756 quos
1700 1697 1924 1756 generat

353 1771 666 1824 divitiarum
700 1787 842 1827 caeca
879 1775 1148 1843 cupiditas
1183 1777 1248 1831 iis
1287 1778 1381 1846 qui
1415 1779 1617 1832 habent
1645 1781 1922 1848 pecunias,

352 1871 404 1914 ct
434 1862 680 1916 videntes
729 1864 784 1916 in
829 1867 1158 1922 necessitate
1208 1868 1408 1923 fratres
1460 1886 1586 1924 suos
1613 1913 1626 1936 ,
1670 1871 1963 1926 claudunt'

356 1953 422 2002 ab
461 1953 539 2005 ris
572 1953 780 2008 viscera
811 1971 930 2010 sua.
959 1959 1247 2027 Propterea
1272 1961 1332 2015 "et
1357 1961 1653 2032 Apostolus
1682 1963 1813 2017 dicit
1836 1963 1880 1994 “
1910 1981 1922 2018 :
1963 1991 1966 1994 -

360 2059 378 2090 ι
412 2043 674 2098 Divitibus
698 2057 878 2126 autem
903 2049 1062 2116 hujus
1093 2051 1274 2106 saeculi
1299 2055 1535 2122 przecipe
1562 2069 1664 2106 non
1701 2056 1931 2123 superbe

354 2151 550 2202 sapere
576 2179 591 2201 ,
647 2154 823 2207 neque
866 2157 1088 2210 sperare
1126 2145 1177 2197 iu
1223 2145 1433 2201 incerto
1467 2147 1805 2212 divitiarum,
1836 2149 1930 2200 sed

356 2227 549 2279 divites
575 2228 686 2281 sint
719 2230 769 2282 in
805 2231 1061 2299 operibus
1090 2236 1264 2297 bonis,
1300 2236 1462 2290 facile
1494 2238 1754 2303 tribuant,
1783 2253 1932 2292 com-

358 2317 668 2381 municent,
693 2327 748 2372 et
779 2321 1148 2377 thesaurizent
1189 2323 1289 2378 sibi
1327 2340 1512 2378 veram
1548 2326 1734 2380 vitam.
1768 2345 1786 2376 ι
1826 2325 1933 2379 Sed

358 2406 488 2460 dicit
536 2408 736 2474 aliquis
777 2426 789 2460 :
840 2411 895 2464 Si
951 2428 1150 2466 manna
1193 2415 1418 2468 verbum
1465 2415 1558 2468 Dei
1600 2430 1720 2471 esse
1769 2416 1931 2477 dicis,

360 2499 633 2564 quomodo
664 2516 879 2554 vermes
927 2503 1096 2557 facit?
1124 2504 1230 2559 Nec
1274 2506 1497 2560 aliunde
1535 2508 1672 2560 liunt
1722 2521 1936 2562 vermes

361 2586 414 2640 in
452 2589 626 2653 nobis,
653 2591 755 2644 nisi
788 2609 851 2646 ex
885 2595 1050 2648 verbo
1083 2596 1194 2650 Dei.
1234 2596 1324 2650 Sic
1352 2598 1493 2650 enim
1533 2599 1664 2652 dicit
1703 2600 1818 2667 ipse
1847 2601 1887 2633 ¹⁹
1919 2617 1932 2652 :

364 2696 384 2730 ι
415 2677 530 2735 Nisi
582 2685 847 2738 venissem
900 2698 955 2739 et
984 2687 1200 2743 locutus
1233 2690 1314 2743 eis
1365 2690 1623 2752 fuissem,
1657 2700 1936 2758 peceatum

364 2785 468 2823 non
501 2771 781 2828 haberent.
817 2794 834 2825 ι
871 2775 997 2831 Post
1024 2790 1330 2847 susceptum
1361 2795 1490 2850 ergo
1517 2780 1735 2835 verbum
1767 2783 1859 2838 Dei
1889 2785 1935 2839 si

363 2862 485 2929 quis
512 2874 732 2931 peccat,
764 2867 999 2922 efﬁcitur
1028 2871 1076 2924 ei
1116 2873 1288 2940 ipsum
1317 2875 1545 2928 verbum
1581 2876 1811 2940 vermis,
1843 2879 1936 2945 qui

364 2957 484 3026 ejus
505 2975 717 3027 semper
746 2962 1136 3016 conscientiam
1170 2963 1359 3030 fodiat,
1387 2976 1442 3019 et
1473 2981 1670 3021 arcana
1702 2971 1940 3037 pectoris

364 3046 482 3111 ejus
513 3045 684 3099 rodat.

441 3137 491 3191 7.
521 3138 626 3192 Sed
660 3141 786 3208 quid
816 3159 915 3196 nos
933 3144 1111 3198 adhuc
1143 3146 1374 3216 amplius
1404 3148 1561 3202 docet
1595 3163 1774 3205 sermo
1804 3151 1932 3206 divi-

370 3247 471 3283 nus
492 3231 568 3285 '°?
586 3250 606 3283 ι
635 3233 779 3288 Etad
803 3250 1103 3305 vesperam.
1127 3239 1324 3308 inquit,
1344 3241 1528 3297 scietis
1549 3245 1674 3314 quia
1696 3261 1796 3314 ego
1820 3259 1938 3300 sum

371 3327 667 3394 Dominus,
706 3346 868 3384 mane
919 3343 1102 3386 autem
1149 3335 1401 3390 videbitis
1453 3339 1788 3404 maiestatem
1841 3341 1944 3394 Do-

373 3419 526 3473 mini.
559 3439 578 3470 »
615 3422 678 3475 Et
702 3422 769 3476 de
809 3425 907 3477 hoc
949 3425 1106 3479 velim
1151 3427 1282 3480 tnihi
1316 3426 1486 3482 Jutlati
1531 3433 1941 3498 reSpondercnt,

372 3514 643 3579 quomodo
727 3518 792 3570 ad
877 3534 1163 3589 vesperam
1247 3523 1558 3590 agnoscitur
1637 3523 1941 3587 Dominus,

375 3621 534 3657 mane
582 3616 760 3661 autem
815 3611 1032 3664 videtur
1081 3613 1338 3682 majestas
1389 3615 1524 3679 ejus.
1578 3614 1676 3670 Ubi
1745 3616 1947 3670 Domi-

377 3711 476 3749 nus
501 3698 715 3765 agnitus
749 3709 830 3754 est
873 3702 938 3754 ad
969 3718 1272 3772 vestieram,
1302 3715 1357 3758 et
1395 3707 1511 3773 ejus
1544 3706 1800 3774 tnajestas
1832 3710 1943 3762 visa

374 3799 459 3842 est
508 3807 666 3846 mane
705 3793 728 3844 ?
774 3793 1119 3863 liesliondete
1183 3798 1340 3851 nobis
1405 3799 1496 3865 qui
1544 3799 1834 3853 erudimini
1879 3800 1946 3853 ah

377 3882 604 3936 infantia
671 3900 840 3952 usque
905 3888 969 3939 ad
1032 3897 1364 3940 senectutem
1407 3903 1622 3956 semper
1679 3889 1948 3944 discentes

379 3973 535 4044 155
561 3986 613 4029 et
649 3991 926 4042 nunquam
959 3979 1024 4030 ad
1052 3979 1334 4032 scientiam
1360 3978 1604 4032 veritatis
1626 3980 1951 4047 pervenien-

376 4068 516 4122 tes“
554 4085 567 4120 :
612 4068 792 4133 Quare
837 4084 941 4122 non
972 4070 1271 4139 intelligitis
1298 4071 1410 4124 hate
1441 4071 1756 4140 prophetico
1793 4073 1895 4126 dici
1927 4074 1950 4127 ?

377 4161 481 4214 Sed
521 4159 565 4212 si
597 4161 676 4213 vis
708 4161 807 4214 ista
842 4161 1162 4230 intelligere,
1198 4179 1301 4216 non
1337 4173 1487 4232 potes
1517 4165 1616 4220 nisi
1644 4181 1740 4235 per
1771 4168 1950 4222 Evan—

375 4254 592 4320 geliutn.
627 4254 702 4307 lbi
734 4270 968 4324 namque
999 4256 1238 4310 invenies
1270 4257 1529 4326 scriptum
1559 4260 1624 4326 ",
1647 4262 1770 4329 quia
1808 4280 1826 4314 t
1865 4280 1951 4318 ve-

376 4360 531 4412 spere
571 4346 814 4412 Sabbati,
841 4363 961 4417 qua:
989 4349 1211 4403 lucescit
1245 4350 1296 4402 in
1332 4351 1503 4418 prima
1535 4352 1780 4418 Sabbati,
1801 4356 1947 4409 venit

376 4438 542 4491 Maria
595 4441 905 4508 Magdalene
949 4452 1002 4494 et
1034 4441 1201 4494 Maria
1233 4441 1416 4495 Jacobi
1445 4443 1510 4494 ad
1555 4445 1858 4514 sepulcrum
1892 4459 1945 4500 et

379 4530 703 4583 invenerunt
739 4532 969 4600 lapidem
1003 4533 1302 4586 revolutum
1344 4549 1372 4586 ει
1418 4547 1788 4590 monumento.
1823 4555 1842 4588 ι
1872 4536 1945 4590 Ibi

377 4625 561 4677 audies
595 4633 754 4676 terra:
798 4635 1003 4676 motum
1043 4622 1264 4690 factum,
1299 4637 1648 4680 monumenta
1680 4627 1944 4700 disrupta,

375 4719 746 4773 centurionem
797 4729 849 4772 ct
909 4719 1104 4771 milites
1158 4720 1246 4787 qui
1302 4718 1366 4772 ad
1422 4720 1725 4774 custodiam
1786 4719 1947 4788 positi

375 4823 551 4875 erant,
611 4815 853 4867 dicentes
880 4813 961 4867 ’δε
1001 4831 1019 4864 t
1059 4813 1195 4867 Vere
1242 4813 1328 4866 hic
1377 4811 1546 4865 Filius
1595 4811 1686 4864 Dei
1737 4821 1875 4864 erat.
1921 4829 1939 4862 ι

375 4908 602 4977 Agnitus
621 4921 751 4976 ergo
779 4916 860 4959 est
886 4920 981 4974 per
1021 4906 1132 4958 hzue
1167 4905 1217 4958 in
1255 4919 1478 4972 vespera
1506 4903 1792 4966 Dominus,
1818 4904 1944 4972 quia

378 5000 492 5068 ipse
522 4997 778 5052 Dominus
806 5006 884 5050 cst
914 4996 1127 5065 agnitus
1161 4996 1210 5047 in
1256 4996 1455 5047 virtute
1507 4994 1940 5049 resurrectionis.

377 5093 483 5148 Sed
513 5093 783 5160 quomodo
827 5106 983 5145 mane
1032 5091 1201 5161 gloria
1236 5089 1351 5154 ejus
1385 5090 1496 5141 visa
1527 5087 1656 5141 est?
1680 5087 1812 5141 Cum
1854 5103 1945 5142 ve-

381 5187 725 5240 nissentalite
775 5187 1030 5241 mulieres
1063 5188 1234 5255 prima
1277 5182 1500 5239 Sabbati
1549 5183 1707 5238 valde
1763 5197 1943 5243 mane,

451 5332 492 5358 ""
533 5332 698 5384 Exod.
746 5347 858 5382 xvi.
889 5329 979 5381 20.
1057 5328 1096 5358 ¹⁷
1129 5327 1231 5382 lsa.
1269 5341 1424 5391 vat,
1458 5326 1549 5378 2i.

379 5404 420 5434 ’ί
463 5403 497 5451 il
529 5402 666 5454 Ἰ’ἰιιι.
695 5418 776 5457 Ill.
823 5402 876 5452 7.

382 5487 546 5526 sunt
575 5514 588 5535 ,
633 5474 685 5526 6.
763 5472 807 5502 ’⁵
843 5469 1011 5524 Exod.
1043 5483 1154 5532 svi,
1188 5469 1265 5524 l2.
1344 5469 1388 5496 ’δ
1419 5466 1568 5521 Juan.
1609 5483 1645 5530 t,
1687 5467 1764 5520 ii.

450 5591 563 5660 (2i)
589 5592 757 5654 Alias,
791 5610 809 5639 ι
843 5598 1138 5658 pcru‘tattet.
1170 5608 1186 5638 ι

453 5657 564 5730 (22)
601 5660 694 5715 Sic
727 5657 891 5723 tnss.;
934 5660 1067 5712 alias
1115 5675 1240 5713 vero
1285 5678 1299 5709 ι
1342 5657 1730 5724 suscipiant....
1763 5670 1941 5710 conte-

383 5736 602 5794 tlant....
643 5732 967 5786 manducent
997 5731 1018 5780 ?
1057 5749 1072 5779 ι

1627 5327 1669 5356 ¹⁸
1709 5324 1890 5377 ΙΤὶιιι.
1947 5338 2020 5383 vt.
2047 5321 2108 5373 Π
2132 5361 2148 5384 ,
2188 5317 2288 5377 18,
2323 5313 2407 5366 19.

951 5399 994 5428 ²¹
1039 5396 1226 5450 Matth.
1261 5413 1453 5457 xxviii,
1512 5399 1568 5460 l;
1606 5396 1769 5449 Male.
1817 5411 1924 5450 xvi.
1972 5394 2033 5455 l;
2099 5394 2225 5442 Luc.
2290 5401 2340 5437 x1

951 5469 1011 5522 ιιΙ.
1043 5483 1154 5522 svt.
1188 5469 1265 5522 l2.
1344 5469 1388 5496 ’δ
1419 5466 1568 5521 Juan.
1609 5483 1645 5522 ι.
1687 5467 1764 5520 i-i.
1845 5465 1886 5494 ’⁷
1923 5461 2117 5516 lJoan.
2163 5475 2220 5522 ll,
2260 5457 2340 5509 19.

2015 503 2166 542 crum
2215 489 2489 552 sedentes,
2537 498 2591 542 et
2643 488 2890 542 dicentes
2917 488 3000 538 ’δε
3036 506 3054 537 ι
3100 485 3211 538 Non
3242 493 3324 538 est
3359 485 3471 550 hic,
3504 501 3588 541 re-

2017 580 2249 634 surrexit
2279 595 2306 633 a
2345 581 2591 635 mortuis.
2625 579 2820 634 Venite
2851 588 2904 631 et
2947 579 3126 631 videte
3165 577 3340 630 locum
3372 577 3461 630 tibi
3491 593 3588 646 po-

2019 673 2157 727 situs
2189 684 2328 737 erat,
2351 684 2407 727 ct
2437 675 2528 737 ite,
2565 673 2726 728 dicite
2754 672 3042 741 tlis‘cipulis
3080 670 3196 738 ejus
3243 671 3364 739 quia
3402 685 3585 724 resur-

2021 767 2178 830 rexit,
2209 777 2264 820 et
2300 769 2566 836 praecedet
2602 781 2696 820 vos
2728 767 2780 819 in
2809 764 3109 820 Galilaeam.
3149 783 3166 814 ι
3201 763 3326 818 Visa
3350 774 3432 819 est
3459 779 3590 834 ergo

2020 872 2176 910 mane
2205 858 2457 924 maiestas
2512 857 2748 920 Domini,
2777 871 2900 911 cum
2951 869 3047 924 per
3097 854 3317 926 angelos
3350 869 3590 909 resurre-

2021 951 2131 1003 ctio
2158 952 2403 1003 nuntiata
2436 945 2540 1004 est“.
2603 964 2607 966 ·

2068 1044 2130 1095 8.
2173 1042 2401 1096 Additur
2426 1035 2604 1096 autem
2635 1042 2686 1095 in
2728 1042 3185 1109 consequentibus
3220 1057 3233 1092 :
3277 1059 3295 1092 ι
3331 1038 3586 1111 Vespere,

2023 1132 2196 1201 inquit
2245 1135 2311 1197 ",
2357 1124 2756 1187 manducabitis
2805 1147 3048 1198 carnem,
3080 1143 3137 1186 et
3171 1147 3326 1186 mane
3362 1132 3589 1201 replebi-

2026 1225 2154 1277 mini
2189 1226 2438 1294 panibus.
2472 1244 2491 1277 ι
2521 1225 2590 1278 Et
2621 1225 2688 1279 dc
2721 1224 2822 1278 hoc
2851 1224 3008 1277 velim
3037 1224 3198 1288 scire,
3227 1224 3371 1292 quali
3401 1225 3592 1279 ordine

2022 1311 2194 1372 Judaei
2232 1317 2508 1386 propheta:
2541 1304 2681 1370 dicta
2729 1317 3061 1386 suscipiatis.
3102 1315 3239 1382 Quid
3287 1317 3428 1368 enim
3459 1332 3593 1375 con-9

2024 1409 2321 1476 sequentia:
2348 1408 2634 1468 videbitur,
2667 1417 2725 1461 ut
2748 1416 2839 1462 aut
2867 1422 3093 1476 vespere
3126 1423 3322 1462 carnes
3350 1408 3467 1462 sine
3495 1422 3592 1477 pa-

2027 1499 2186 1552 nibus
2224 1500 2522 1554 comedatis
2567 1498 2699 1568 (‘22).
2729 1509 2822 1551 aut
2851 1514 3010 1552 mane
3043 1514 3212 1566 panes
3234 1502 3439 1567 absque
3474 1499 3592 1562 pul-

2027 1591 2196 1644 menti
2242 1589 2544 1659 adjectione
2594 1591 2935 1644 manducetis
2980 1589 3004 1643 ‘3
3039 1590 3178 1656 Quid
3215 1592 3265 1644 in
3297 1590 3396 1644 hoc
3425 1591 3593 1646 divini

2029 1673 2290 1761 muneris,
2324 1681 2452 1749 quid
2490 1681 2902 1750 temperamenti
2926 1681 3118 1750 gratia:
3147 1682 3386 1737 caelestis
3413 1693 3595 1736 osten-

2029 1775 2205 1830 ditis?
2235 1774 2470 1829 lloccine
2514 1786 2596 1828 est
2649 1775 2698 1828 in
2747 1790 2854 1843 quo
2897 1775 3119 1844 agnosci
3155 1775 3323 1835 Deum
3373 1776 3594 1844 ponitis,

2031 1851 2172 1936 quod
2202 1866 2466 1920 earnesin
2501 1881 2721 1934 vespera
2759 1865 2875 1920 sine
2919 1865 3148 1934 panibus
3183 1869 3540 1922 comedanlur
3571 1867 3596 1920 τ

2032 1959 2097 2012 Et
2124 1959 2466 2028 majestatem
2514 1958 2604 2012 Dei
2650 1958 2830 2011 dicitis
2863 1971 3142 2026 apparere,
3173 1957 3217 2011 si
3263 1973 3470 2012 rursum
3503 1973 3599 2027 pa-

2034 2061 2129 2105 nes
2154 2051 2273 2104 sine
2302 2049 2560 2104 carnibus
2602 2049 2956 2102 comedantur
2983 2048 3007 2101 ’ἶ
3034 2047 3138 2102 Sed
3169 2049 3320 2102 vobis
3353 2049 3454 2104 ista
3486 2064 3598 2102 scr-

2034 2152 2177 2204 vate,
2205 2143 2347 2196 etiis
2371 2145 2459 2210 qui
2485 2141 2832 2209 acquiescunt
2858 2141 3030 2203 vobis,
3063 2149 3116 2193 et
3153 2139 3205 2192 in
3231 2141 3598 2196 coturnicibus

2035 2235 2256 2304 agnosci
2307 2248 2470 2303 posse
2501 2231 2667 2286 Deum
2705 2241 2913 2300 putant.
2943 2229 3050 2284 Nos
3085 2243 3262 2285 autem
3312 2232 3507 2300 quibus
3546 2233 3596 2286 in

2037 2329 2144 2382 line
2174 2325 2376 2389 saeculi,
2408 2325 2490 2380 vel
2514 2325 2580 2379 ad
2606 2338 2888 2392 vesperam
2920 2322 3126 2388 tnundi,
3159 2342 3175 2373 ι
3211 2322 3444 2376 Verhmn
3473 2339 3600 2378 caro

2037 2419 2240 2474 factum
2271 2417 2435 2482 est",
2461 2436 2481 2470 ι
2506 2419 2556 2470 in
2589 2416 2674 2469 illa
2707 2429 2870 2469 carne
2894 2414 3112 2482 agnosci
3145 2415 3374 2469 dicimus
3409 2415 3599 2482 Dcmn,

2037 2527 2198 2580 quam
2250 2511 2488 2579 suscepit
2527 2525 2594 2564 ex
2643 2509 2888 2573 Virgine.
2925 2509 3065 2565 Istas
3112 2511 3253 2564 enim
3294 2509 3454 2564 Verbi
3509 2509 3600 2563 Dei

2040 2617 2256 2666 carnes,
2283 2617 2454 2670 neque
2487 2615 2645 2655 mane
2673 2592 2884 2671 aliquis,
2914 2615 3088 2671 neque
3117 2602 3341 2656 meridie
3371 2603 3600 2655 mandu-

2041 2696 2196 2757 cavit,
2230 2696 2322 2750 sed
2360 2694 2426 2746 ad
2470 2707 2769 2762 vesperam.
2801 2689 3079 2746 Adventus
3102 2692 3244 2746 enim
3301 2689 3507 2744 Domini
3550 2692 3600 2744 in

2040 2797 2206 2839 carne
2233 2783 2298 2837 ad
2328 2797 2606 2852 vesperam
2644 2781 2822 2834 factus
2847 2789 2930 2834 est
2956 2797 2969 2833 :
3000 2781 3143 2835 sicut
3190 2790 3242 2836 et
3269 2779 3503 2834 Joannes
3531 2779 3606 2834 di-

2041 2875 2114 2931 cit
2137 2878 2180 2907 "
2214 2895 2227 2931 :
2262 2892 2281 2928 t
2317 2873 2498 2938 Pueri,
2520 2875 2814 2929 novissima
2839 2873 2968 2928 hora
2992 2883 3094 2927 est.
3121 2892 3139 2924 ι
3159 2872 3266 2926 Sed
3290 2891 3308 2922 ι
3339 2881 3394 2927 et
3424 2887 3600 2938 mane,

2046 2969 2237 3038 inquit,
2284 2965 2615 3035 replebimini
2661 2964 2908 3034 panibus.
2941 2983 2959 3016 ι
2995 2963 3158 3018 Nobis
3193 2974 3244 3018 et
3280 2963 3456 3032 panis,
3491 2977 3607 3015 ver-

1963 3075 2009 3134 c
2043 3063 2166 3117 btttn
2200 3059 2291 3114 Dei
2325 3070 2406 3114 est
2457 3058 2589 3130 (‘23).
2637 3058 2752 3126 Ipse
2800 3058 2941 3110 enim
2989 3057 3145 3124 panis
3194 3057 3368 3118 vivus,
3399 3057 3487 3124 qui
3543 3057 3609 3109 de

2044 3154 2180 3210 etelo
2235 3153 2531 3216 descendit,
2565 3161 2619 3206 et
2653 3151 2817 3204 vitam
2859 3149 2949 3203 dat
2999 3151 3124 3203 huic
3177 3149 3375 3202 mundo
3405 3145 3470 3200 ’⁸.
3503 3139 3606 3200 SM!

2047 3247 2319 3317 quomodo
2367 3247 2503 3300 dicit
2553 3259 2710 3298 tnatie
2745 3243 2865 3296 dari
2902 3243 3044 3295 hunc
3077 3256 3288 3309 panem.
3333 3255 3454 3294 cmn
3513 3241 3610 3293 ad-

2044 3349 2266 3393 ventum
2297 3336 2412 3406 ejus
2447 3337 2498 3390 in
2528 3351 2694 3391 carne
2729 3334 2927 3388 factum
2973 3333 3275 3388 dixerimus
3310 3334 3374 3386 ad
3418 3349 3609 3403 vespe-

2049 3448 2162 3486 ram
2192 3432 2216 3485 ?
2246 3430 2357 3485 Hoc
2390 3429 2546 3484 modo
2590 3427 2997 3497 intelligendum
3041 3439 3188 3496 puto,
3217 3428 3357 3496 quod
3405 3427 3471 3479 ad
3521 3441 3612 3479 ve-

2048 3540 2263 3594 speram
2307 3522 2522 3591 quidem
2560 3519 2834 3589 vergentis
2887 3518 3072 3570 mundi
3129 3527 3185 3572 et
3235 3533 3400 3588 prope
3453 3518 3610 3570 linem

2048 3633 2239 3674 cursus
2269 3619 2348 3670 sui
2376 3616 2533 3687 positi
2564 3617 2819 3668 Dominus
2843 3616 3074 3676 venerit,
3097 3615 3189 3668 sed
3229 3617 3464 3668 adventu
3494 3627 3614 3681 suo,

2050 3710 2304 3780 quoniam
2329 3711 2442 3780 ipse
2469 3721 2550 3763 est
2581 3709 2658 3763 sol
2677 3709 2918 3777 justitite,
2940 3722 3134 3760 novum
3161 3707 3502 3759 credentibus
3529 3720 3612 3758 re-

2051 3802 2324 3872 paraverit
2356 3803 2519 3855 diem.
2569 3802 2702 3867 Quia
2750 3815 2879 3869 ergo
2914 3814 3108 3852 novum
3143 3797 3338 3849 mundo
3376 3795 3616 3850 scientiae

2051 3897 2232 3948 lumen
2291 3893 2556 3955 aet-endit,
2605 3893 2744 3944 diem
2779 3891 2890 3961 (24)
2929 3907 3082 3943 suum
3109 3889 3504 3958 quodammodo
3533 3887 3616 3940 ef-

2055 3989 2179 4042 fecit
2205 3996 2259 4040 et
2294 4001 2448 4039 suum
2483 3999 2641 4036 mane
2677 3995 2932 4053 tanquam
2961 3981 3186 4052 iustitia:
3227 3983 3304 4036 sol
3340 3981 3614 4049 produxit,

2051 4091 2106 4134 et
2137 4081 2186 4133 in
2224 4079 2323 4132 hoc
2355 4092 2509 4130 tuane
2563 4075 2838 4143 replentur
2888 4075 3118 4144 panibus
3171 4075 3260 4142 qui
3316 4074 3432 4141 ejus
3482 4089 3619 4140 prm-

2052 4179 2204 4238 cepta
2235 4165 2554 4234 suscipiunt.
2590 4162 2702 4218 Nec
2751 4163 2966 4217 mireris
2998 4164 3121 4232 quia
3171 4165 3391 4219 verbum
3441 4164 3529 4218 Dei
3567 4172 3622 4217 et

2051 4275 2180 4315 care
2211 4260 2432 4322 dicitur,
2473 4267 2523 4312 el
2557 4256 2729 4325 panis,
2757 4265 2811 4308 et
2851 4254 2938 4310 lac
2981 4256 3198 4322 dicitur,
3225 4264 3279 4310 et
3310 4256 3454 4310 olera
3481 4254 3621 4309 dicio

2057 4365 2162 4417 lnr,
2199 4363 2251 4407 et
2287 4369 2383 4420 pro
2425 4365 2679 4403 mensura
2733 4347 3100 4411 credentium,
3129 4347 3230 4402 vel'
3266 4349 3623 4418 possibilitate

2051 4447 2377 4501 sumentium
2415 4443 2626 4494 diverse
2661 4441 2990 4492 nominatur.
3019 4438 3204 4493 Potest
3231 4448 3410 4493 tamen
3438 4449 3491 4492 et
3520 4439 3624 4492 hoc

2050 4535 2299 4604 intelligi,
2363 4533 2504 4601 quod
2554 4523 2673 4600 post
2732 4529 3179 4584 resurrectionem
3241 4545 3391 4584 suam
3456 4545 3616 4599 quant

2051 4642 2212 4681 mane
2245 4623 2584 4678 ostendimus
2620 4621 2840 4687 factam,
2874 4621 3153 4675 credentes
3201 4620 3490 4690 repleverit
3531 4637 3623 4692 pa-

2055 4719 2236 4779 nibus,
2277 4731 2372 4784 pro
2419 4729 2484 4768 eo
2529 4715 2669 4782 quod
2721 4711 2889 4766 libros
2942 4711 3075 4783 legis
3126 4723 3180 4766 et
3238 4711 3621 4782 prophetarum

2057 4811 2270 4880 ignotos
2295 4806 2444 4875 prius
2471 4815 2526 4858 et
2570 4803 2874 4870 incognitas
2919 4802 3120 4856 dederit
3154 4802 3326 4866 nobis,
3360 4811 3413 4856 et
3437 4803 3501 4856 ad
3540 4799 3624 4854 in-

2055 4902 2412 4959 structionem
2437 4907 2679 4950 nostram
2708 4898 2819 4948 haec
2839 4893 3093 4949 Ecciesim
3119 4893 3474 4950 instrumenta
3495 4910 3625 4951 aon-

2055 4993 2298 5055 cesserit,
2335 5001 2389 5044 ut
2420 4991 2534 5058 ipse
2569 4989 2639 5042 sit
2666 4989 2817 5056 panis
2854 4989 2904 5040 in
2938 4986 3464 5057 Evangeliozcteteri
3500 5002 3627 5040 vero

2056 5088 2175 5140 libri
2197 5084 2328 5154 legis
2356 5082 2438 5135 vel
2483 5081 2892 5150 prophetarum,
2928 5079 3009 5131 vel
3045 5079 3414 5141 historiarum,
3447 5079 3629 5148 plures

2055 5174 2308 5247 appellati
2360 5180 2484 5224 sunt
2527 5183 2713 5238 panes,
2748 5182 2814 5221 ex
2864 5167 3058 5234 quibus
3102 5168 3410 5237 repleantur
3441 5164 3531 5234 qui
3561 5177 3627 5216 ex

2519 5310 2561 5340 ι’
2592 5309 2747 5360 Joan.
2779 5321 2870 5369 xv,
2903 5305 2993 5359 εξ.
3068 5307 3112 5337 ²⁰
3149 5303 3320 5358 Exod.
3352 5318 3466 5356 xvt.
3492 5303 3544 5364 6,
3577 5301 3626 5360 7.

2290 5398 2448 5440 χχιιι.
2479 5380 2532 5432 2.
2631 5379 2676 5408 ’³
2714 5375 2902 5428 Matth.
2953 5391 3126 5441 xxvtt,
3174 5375 3261 5428 54.
3357 5375 3404 5405 ³⁸⁵
3439 5374 3628 5431 Matth.

2419 5449 2462 5482 ’⁸
2488 5449 2642 5504 Joan.
2677 5463 2750 5510 vt,
2776 5445 2864 5500 55.

2099 5391 2225 5442 Lut'.

2129 5577 2241 5647 (‘23)
2287 5574 2451 5631 Alias,
2485 5589 2502 5620 ι
2548 5569 2703 5647 pultis
2734 5566 2784 5618 itt
2831 5561 3177 5647 quopositus
3198 5573 3276 5647 est
3310 5559 3482 5647 panis,
3505 5571 3631 5612 τετε

2056 5639 2180 5703 bum
2216 5647 2302 5698 ltci
2339 5654 2441 5695 est.
2482 5659 2496 5692 ι
2547 5639 2651 5692 Sed
2689 5652 2814 5688 mss.
2854 5641 2910 5684 ut
2948 5639 3001 5685 in
3036 5642 3222 5684 nostro
3248 5639 3418 5686 textu.

2128 5718 2239 5788 (Ἡ)
2284 5714 2432 5778 Mss,
2473 5730 2489 5763 t
2531 5711 2692 5765 diem.
2728 5727 2744 5757 ι
2775 5704 2943 5766 Alias,
2981 5721 2997 5754 t
3027 5717 3204 5757 tuane.
3239 5717 3257 5752 ι
