4122 6248
433 339 536 401 539

1641 335 1704 390 IN
1745 333 2033 392 EXODUM
2073 333 2356 391 HOMILIA
2397 333 2532 390 Vill.

3581 324 3683 382 5'30

436 465 691 533 gentibus
718 463 961 518 credunt.
990 460 1145 528 Quod
1180 468 1364 513 tamen
1412 474 1517 514 non
1546 459 1666 512 sine
1695 460 2008 528 praphetica
2039 466 2084 521 Α
2116 470 2286 513 strum
2333 458 2534 511 ardens
2584 464 2703 508 erat
2734 452 2875 505 intra
2915 466 3044 515 nos.
3081 467 3200 506 cum
3241 450 3478 518 aperiret
3536 450 3693 503 nobis

435 559 765 612 auctoritate
826 555 1024 609 factum
1074 553 1353 607 docemus.
1403 550 1736 605 Praedixerat
1784 565 2017 618 namque

440 647 610 700 Isaias
649 644 902 712 propheta
935 644 1036 698 hoc
1069 641 1227 696 modo
1250 644 1294 674 ’τ’
1324 658 1338 695 :
1380 659 1397 692 ι
1429 640 1748 695 .Ascendent
1775 641 1827 694 in
1859 655 2017 694 mon-

444 753 571 803 tem,
611 737 795 792 bibent
838 737 1059 802 viuum,
1089 745 1368 808 negent-ur
1422 742 1718 803 unguento.
1767 752 1786 784 ι
1842 732 2018 790 Trade

440 830 552 884 lucc
580 829 757 883 omnia
788 829 1038 897 gentibus
1073 845 1086 881 :
1117 826 1409 884 consilium
1461 822 1605 877 enim
1639 823 1855 878 Domini
1897 841 2016 878 om-

437 922 732 990 nipotentis
760 922 992 976 esthoc.
1032 921 1091 976 Si
1142 935 1274 990 ergo
1319 926 1692 988 competenter
1721 928 1775 972 et
1825 932 2016 971 carnes

438 1014 503 1068 ad
529 1028 810 1083 vesperam
843 1015 1245 1083 accepimus,et
1267 1012 1499 1083 panibus
1532 1012 1806 1079 replemur
1836 1028 2014 1076 mane,

435 1108 557 1176 quia
592 1121 692 1160 nec
742 1106 1002 1175 possibile
1044 1117 1164 1163 erat
1215 1108 1372 1162 nobis
1402 1119 1563 1159 mane
1601 1119 1802 1159 carnes
1831 1104 2013 1167 edere,

436 1201 669 1252 nondtttn
698 1199 841 1253 enim
878 1208 1088 1269 tempus
1119 1209 1262 1266 erat,
1291 1199 1384 1254 sed
1417 1214 1518 1253 nec
1549 1196 1775 1252 meridie
1800 1206 2014 1264 potera-

433 1306 572 1345 mus.
615 1289 713 1344 Vix
748 1291 892 1345 enim
935 1292 1110 1362 angeli
1134 1292 1303 1345 edunt
1348 1305 1544 1344 carnes
1575 1289 1823 1351 meridie,
1860 1299 1913 1342 et
1941 1289 2015 1342 illi

433 1382 684 1437 fortassis
738 1383 917 1436 ordini
975 1383 1336 1437 meridianum
1401 1381 1723 1436 conceditur
1787 1389 2018 1446 tempus.

430 1472 702 1527 Pra-tcrea
738 1473 792 1527 ct
827 1474 956 1527 illml
1014 1475 1317 1540 intelligere
1372 1487 1658 1540 possumus
1705 1471 1850 1538 quod
1895 1470 2014 1520 uui-

430 1567 627 1635 cnique
660 1579 907 1619 nosmtm
934 1581 1092 1618 mane
1116 1575 1220 1628 est,
1253 1574 1306 1616 et
1330 1564 1547 1616 initium
1583 1563 1690 1614 diei
1729 1553 1857 1615 iliud
1885 1575 2022 1614 ten.-

434 1675 553 1727 pus,
583 1672 695 1725 quo
724 1646 959 1724 primum
987 1655 1376 1719 illuminamur,
1396 1662 1449 1706 et
1471 1654 1538 1707 ad
1572 1654 1740 1706 lucem
1777 1654 1894 1704 li.lei
1930 1670 2020 1704 uc.-

433 1747 770 1803 cedimuan
789 1747 896 1801 hoc
913 1760 1043 1816 ergo
1063 1757 1324 1814 tempore,
1347 1759 1450 1810 quo
1470 1742 1642 1794 mlhuc
1659 1740 1713 1793 in
1735 1743 2016 1812 principiis

436 1839 560 1892 lidei
590 1839 704 1908 (ΞΒ)
764 1853 973 1902 sumus,
1007 1853 1198 1892 carnes
1233 1837 1386 1890 Verbi
1423 1835 1518 1888 Dei
1573 1837 1855 1888 comedere
1908 1853 2013 1889 non

438 1947 748 2002 possumus,
779 1932 829 1985 id
855 1940 934 1984 est
967 1931 1219 2000 perfecta:
1254 1938 1307 1981 et
1331 1938 1726 1982 consummata:
1757 1929 2016 1981 doctrinae

437 2025 676 2077 nondum
725 2036 952 2091 capaces
1007 2020 1342 2075 exsistimns.
1380 2019 1485 2074 Sed
1511 2030 1630 2090 post
1663 2021 1819 2088 longa
1856 2034 2016 2072 exer-

435 2116 584 2178 citia,
617 2124 737 2184 post
781 2112 1082 2182 profectum
1117 2112 1436 2181 plurin‘dun,
1475 2128 1600 2166 cum
1631 2113 1740 2180 jam
1788 2111 2016 2180 proximi

433 2221 626 2260 sumus
662 2207 728 2257 ad
757 2219 1062 2272 vesperam,
1107 2214 1162 2256 et
1207 2204 1277 2255 ad
1307 2203 1482 2272 ipsum
1522 2203 1682 2257 linem
1729 2203 2018 2271 perfectio-

431 2297 517 2352 nis
546 2306 821 2364 urgemur‘,
859 2305 986 2349 tunc
1013 2295 1226 2348 demum
1251 2294 1530 2348 solidioris
1572 2295 1678 2350 cibi
1705 2306 1760 2350 et
1790 2295 2018 2365 perfecti

431 2390 580 2445 verbi
635 2404 863 2458 capaces
917 2386 1037 2441 ﬁeri
1076 2401 1381 2456 possumus.
1427 2386 1582 2442 Nunc
1623 2403 1752 2458 ergo
1796 2387 2022 2443 festiue-

432 2499 552 2537 mus
580 2481 806 2536 cwleste
830 2495 1030 2534 manna
1061 2481 1344 2548 suscipere
1369 2496 1388 2532 τ
1435 2479 1580 2532 istud
1611 2481 1755 2534 enim
1797 2497 2015 2547 manna,

432 2589 592 2650 prout
645 2578 761 2633 vult
808 2579 1060 2647 quisque,
1108 2577 1270 2630 talem
1314 2591 1565 2647 saporem
1619 2575 1799 2632 reddit
1837 2577 2020 2633 inore

431 2675 570 2740 ejus.
613 2673 750 2726 Audi
783 2673 925 2726 enim
959 2682 1009 2726 et
1063 2671 1349 2725 Dominum
1391 2671 1659 2727 dicentem
1705 2670 1772 2726 iis
1804 2670 1896 2740 qui
1928 2686 2020 2726 ac-

432 2767 630 2821 cedunt
658 2765 724 2818 ad
753 2779 810 2818 se
832 2764 878 2794 ³ο
911 2781 923 2816 :
957 2782 974 2814 ι
1007 2761 1125 2816 Fiat
1153 2763 1252 2818 tibi
1288 2763 1586 2816 secundum
1620 2761 1778 2817 iidem
1809 2774 2012 2816 tuam.»

436 2856 500 2912 Et
528 2866 580 2910 tu
607 2872 736 2928 ergo
767 2855 810 2910 si
845 2855 1068 2908 verbum
1118 2854 1238 2918 Dei,
1269 2853 1413 2922 quod
1447 2853 1502 2907 in
1535 2853 1782 2908 Ecclesia
1823 2855 2020 2921 praedi-

433 2958 612 3011 catur,
656 2957 766 3001 tota
803 2946 927 3010 ﬁde,
974 2954 1082 2999 tota
1131 2944 1424 3000 devotione
1454 2944 1750 3013 snseipies,
1799 2943 1890 2997 llet
1923 2945 2017 2999 tibi

436 3043 607 3107 ipsum
657 3041 900 3103 verbum,
932 3037 1294 3107 quodcunque
1340 3037 1642 3092 desideras.
1679 3034 1839 3089 Verbi
1893 3050 2019 3105 gra-

436 3133 531 3194 tia,
591 3131 633 3184 si
685 3129 987 3186 tribularis.
1023 3129 1338 3183 consolatur
1389 3140 1440 3184 te
1489 3129 1678 3185 dicens
1725 3127 1768 3158 ³¹
1805 3144 1820 3180 :
1855 3146 1872 3178 ι
1913 3127 2019 3182 Cor

436 3223 730 3278 contritum
790 3230 843 3275 et
895 3220 1233 3273 humiliatum
1282 3220 1423 3275 Dens
1472 3237 1578 3274 non
1636 3221 1865 3288 spernit.
1900 3240 1918 3268 ι
1957 3218 2012 3273 Si

440 3313 640 3368 lzetaris
660 3329 755 3381 pro
773 3329 865 3383 spe
895 3312 1099 3376 futura,
1118 3313 1358 3365 cumulat
1375 3313 1469 3364 tibi
1500 3313 1693 3381 gaudia
1723 3315 1909 3366 dicens
1932 3312 2011 3364 ³²ε

443 3425 463 3459 ι
500 3405 782 3461 Lzetamini
813 3405 866 3458 in
909 3404 1137 3459 Domino
1185 3413 1241 3458 et
1275 3405 1542 3458 ex5ultate
1578 3406 1731 3473 justi.
1773 3425 1789 3455 ι
1827 3406 1880 3457 Si
1909 3406 2018 3458 ira.

435 3500 647 3553 cundus
689 3512 767 3564 es,
808 3497 1021 3565 mitigat
1072 3504 1127 3550 te
1172 3497 1359 3551 dicens
1386 3496 1429 3528 ³³
1464 3515 1477 3550 :
1518 3515 1536 3547 ι
1576 3498 1768 3552 Desine
1810 3500 1878 3551 ab
1913 3499 2013 3561 ira,

433 3601 490 3645 et
548 3589 860 3659 derelinqne
901 3588 1353 3657 indignationem.
1392 3608 1410 3641 ι
1442 3589 1500 3642 Si
1525 3590 1578 3644 in
1605 3589 1905 3656 doloribus,
1930 3604 2018 3642 sa-

434 3690 529 3733 nat
555 3689 606 3732 te
637 3679 824 3733 dicens
855 3677 902 3708 ⁸⁸
937 3693 950 3730 :
993 3678 1252 3732 Dominus
1294 3697 1312 3729 ι
1353 3688 1510 3732 Sanat
1550 3694 1742 3733 onmcs
1791 3679 2016 3748 langth-

433 3786 523 3826 rcs
559 3781 698 3824 tuos.
739 3788 757 3821 ι
791 3768 846 3824 Si
882 3779 1210 3839 paupertate
1237 3771 1598 3834 consumeris,
1629 3769 1941 3824 consolatur
1968 3781 2018 3823 te

433 3863 622 3916 dicens
656 3861 700 3892 ³⁸
737 3885 746 3916 :
778 3860 1038 3915 Dominus
1061 3877 1080 3911 σ
1107 3860 1304 3914 allevat
1326 3861 1391 3914 de
1421 3870 1562 3914 terra
1593 3861 1754 3932 156
1779 3862 2013 3930 inepem,

433 3964 486 4008 ct
503 3955 568 4007 de
589 3964 832 4008 stercore
849 3953 1012 4021 erigit
1031 3965 1342 4020 pauperem.
1357 3969 1376 4004 ›
1391 3951 1483 4005 Sic
1502 3966 1630 4022 ergo
1653 3968 1846 4006 manna
1869 3951 2011 4006 verbi

434 4045 528 4103 Dei
557 4046 724 4100 reddit
754 4045 807 4098 in
831 4059 926 4100 ore
953 4055 1046 4098 tuo
1077 4059 1327 4114 saporem
1349 4057 1728 4113 quemcunque
1756 4044 2012 4098 volueris.

438 4135 552 4192 Hoc
587 4147 763 4192 tamen
797 4137 841 4191 si
871 4136 993 4207 quis
1017 4136 1303 4191 infideliter
1329 4139 1610 4208 suscipiat,
1637 4145 1690 4189 et
1726 4152 1830 4190 non
1869 4151 2014 4192 com-

433 4229 578 4292 edat,
612 4229 704 4282 sed
749 4227 1069 4291 abscondat,
1105 4243 1319 4283 vermes
1366 4243 1432 4283 ex
1485 4245 1550 4284 eo
1576 4226 1859 4284 ebulliunt.
1909 4229 2016 4282 Pu-

435 4329 591 4373 tasne
651 4333 893 4389 cousque
943 4319 1317 4376 deducendum
1377 4329 1462 4376 est
1513 4325 1738 4376 verbum
1791 4321 1908 4385 Dei,
1958 4330 2016 4375 ut

432 4412 594 4465 etiam
630 4410 830 4465 vermis
884 4409 998 4465 ﬁeri
1043 4421 1264 4481 putetur
1297 4412 1458 4467 ?Non
1497 4422 1546 4466 te
1590 4413 1677 4468 hic
1711 4411 1887 4467 turbet
1916 4428 2015 4466 au-

436 4503 600 4565 ditus,
638 4501 760 4556 audi
794 4501 1121 4571 Prophetam
1172 4517 1236 4555 ex
1289 4518 1516 4570 persona
1571 4503 1783 4558 Domini
1832 4503 2016 4558 dicen-

438 4602 543 4646 tem
567 4593 652 4646 ":
692 4612 708 4643 ι
753 4593 863 4663 Ego
901 4603 1078 4646 autem
1130 4609 1249 4646 sunt
1299 4592 1498 4646 vermis
1538 4604 1591 4648 et
1637 4609 1741 4648 non
1773 4593 1955 4648 homo.
1987 4615 2005 4647 ι

437 4684 588 4737 Sicut
622 4685 764 4736 enim
792 4686 905 4752 ipse
943 4685 1136 4754 estqui
1167 4685 1224 4738 lit
1253 4684 1378 4738 aliis
1420 4685 1470 4737 in
1507 4686 1742 4750 ruinam,
1773 4685 1894 4741 aliis
1920 4703 2016 4740 au-

436 4786 542 4828 tem
571 4775 623 4828 in
655 4779 1104 4831 resurrectionem
1137 4795 1150 4841 ;
1187 4777 1259 4832 ita
1289 4787 1345 4831 et
1389 4778 1503 4846 ipse
1535 4787 1618 4831 est
1647 4779 1738 4847 qui
1784 4795 1928 4832 nune
1959 4779 2010 4833 in

436 4884 632 4922 manna
666 4868 914 4923 ﬁdelibus
948 4869 1165 4938 quidem
1199 4871 1426 4925 uulcedo
1458 4870 1659 4935 mellis,
1699 4871 2012 4924 infidelibus

433 4972 609 5015 autem
647 4964 848 5016 vermis
886 4961 1145 5014 ellicitur.
1179 4962 1296 5031 ipse
1331 4973 1413 5018 est
1470 4964 1614 5018 enim
1668 4977 1848 5016 sermo
1889 4961 2011 5026 Dei,

433 5053 522 5119 qui
565 5053 872 5121 iniquorum
910 5061 1116 5105 mentes
1148 5053 1346 5121 arguit,
1375 5061 1429 5106 et
1467 5051 1872 5123 correptionum
1903 5052 2013 5124 spi-

433 5144 569 5196 culis
599 5152 942 5213 pcccatorum
973 5143 1336 5198 conscientias
1367 5150 1626 5200 terebrat.
1656 5147 1776 5216 ipse
1811 5152 1895 5200 est
1917 5144 2011 5214 qui

431 5244 486 5286 et
535 5234 675 5303 ignis
723 5233 955 5287 efﬁcitur
1006 5233 1058 5287 in
1114 5237 1368 5291 cordibus
1407 5239 1646 5304 illormn,
1682 5241 1882 5309 quibus
1913 5239 2008 5292 ad-

432 5327 608 5393 apcrit
649 5325 981 5395 Scripturas,
1014 5328 1104 5395 qui
1153 5329 1339 5383 dicunt
1366 5331 1408 5360 ³⁷
1450 5349 1463 5384 :
1505 5349 1522 5381 ι
1567 5330 1760 5385 Nonne
1792 5347 1886 5386 cor
1917 5346 2013 5385 no—

936 5439 978 5470 ³ο
1007 5439 1193 5495 Matth.
1225 5457 1340 5505 vni,
1390 5445 1472 5501 15.
1550 5444 1590 5475 ³⁸
1620 5444 1762 5498 Psal.
1792 5463 1845 5508 1.,
1881 5446 1966 5499 I7.

436 5509 480 5542 ³⁵
524 5509 638 5560 Psal
695 5526 826 5569 Cx”.
877 5511 928 5562 Ἰ.
1009 5513 1053 5542 ³⁵
1086 5513 1227 5566 l’sal.
1276 5530 1385 5569 ut.
1419 5516 1472 5568 7.

435 5579 528 5643 5|,
582 5580 668 5633 32.
747 5582 789 5611 “
841 5582 1015 5637 Calai.
1061 5600 1142 5647 tv,
1197 5583 1284 5637 26.

517 5676 631 5758 (25)
670 5677 803 5758 Vox,
855 5698 871 5728 ι
931 5679 1070 5745 fidei,
1115 5700 1131 5731 ι
1179 5681 1327 5736 ιῐςοδῑ
1381 5682 1431 5734 in
1481 5693 1638 5739 antea
1680 5686 1884 5753 editis,
1924 5686 2014 5742 sed

445 5748 673 5803 habetur
709 5751 760 5802 iu
789 5766 916 5805 mss.

506 5441 553 5471 ³ο
596 5440 696 5492 lsa.
726 5456 856 5494 LVII.

2052 1812 2089 1865 Β

2047 3165 2088 3222 C

2121 548 2476 618 Scripturas?
2509 567 2527 599 ι
2557 545 2623 600 Et
2657 545 2782 599 aliis
2809 543 2924 612 ipse
2956 543 3096 610 ignis
3139 552 3246 605 est,
3273 541 3366 610 qui
3394 540 3700 610 conliagrat

2117 641 2306 709 spinas
2337 640 2404 694 de
2461 647 2604 692 terra
2640 634 2805 699 mala,
2842 634 2893 688 id
2935 643 3020 687 est
3071 631 3162 700 qui
3203 632 3464 700 malignas
3493 632 3702 702 COgil3-:

2120 733 2294 786 tiones
2326 731 2379 784 in
2397 729 2568 784 corde
2592 726 2887 783 consumit.
2913 725 2982 780 Et
3019 724 3143 779 ideo
3173 723 3546 794 peccatoribus
3573 723 3703 791 qui-.

2117 825 2260 886 dem,
2288 836 2469 892 neque
2511 819 2712 876 vermis
2751 831 2986 890 arguens
3013 831 3250 886 unquam
3295 813 3414 882 (‘26)
3441 815 3690 878 moritur,

2118 930 2292 983 neque
2319 914 2457 982 ignis
2493 926 2734 966 exurens
2763 910 3060 980 aliquando
3092 907 3452 976 restinguitur
3483 923 3497 969 ;
3533 905 3692 974 iustis

2116 1019 2294 1062 autem
2325 1016 2379 1060 et
2410 1005 2656 1059 ﬁdelibus
2693 1011 2973 1072 permanet
3023 999 3197 1054 dulcis
3226 1007 3279 1053 et
3306 997 3513 1052 suavis.
3541 1017 3558 1047 ι
3587 997 3707 1050 Gu-.

2118 1109 2255 1153 state
2271 1098 2414 1152 enim
2433 1107 2488 1151 et
2507 1097 2704 1157 videte,
2724 1095 2980 1161 quoniam
2998 1090 3182 1146 suavis
3202 1099 3288 1144 est
3308 1089 3570 1144 Dominus
3588 1088 3654 1147 ³⁸,
3671 1105 3688 1137 ι

2121 1192 2233 1260 ipse
2265 1190 2524 1246 Dominus
2552 1199 2605 1242 et
2635 1187 2890 1242 Salvator
2919 1193 3107 1239 uoster
3129 1181 3290 1236 Jesus
3313 1181 3580 1240 Christus,
3605 1179 3694 1233 cui

2117 1293 2200 1339 est
2225 1282 2390 1355 gloria
2419 1291 2476 1336 et
2497 1281 2785 1350 imperium
2819 1278 2870 1330 iu
2897 1275 3096 1329 stecula
3128 1271 3474 1328 seculorum.
3493 1270 3692 1324 Amen.

2685 1389 2964 1446 HOMILIA
2992 1387 3127 1443 Vill.

2619 1485 2692 1538 De
2733 1484 2886 1536 initio
2928 1479 3198 1549 Decalogi.

2193 1582 2242 1632 i.
2271 1579 2462 1634 Omnis
2503 1577 2594 1645 qui
2651 1573 2844 1628 didicit
2871 1582 3222 1626 contemnere
3259 1583 3496 1638 praesens
3521 1581 3696 1621 sacu-

2120 1671 2252 1731 lum,
2280 1670 2421 1739 quod
2477 1666 2776 1736 lignraliter
2823 1663 3090 1733 [Egyptus
3133 1659 3458 1730 appellatur,
3501 1669 3560 1713 et
3587 1673 3688 1726 per

2120 1765 2342 1816 verbum
2377 1760 2495 1822 Dei.
2528 1769 2584 1812 ut
2617 1757 2910 1811 secundum
2953 1753 3266 1821 Scripturas
3296 1753 3698 1815 dicam,trans-

2118 1857 2256 1909 latus
2278 1863 2379 1914 est,
2407 1861 2460 1906 et
2490 1867 2594 1904 non
2635 1848 2932 1910 invenitur,
2963 1847 3090 1916 quia
3123 1847 3188 1899 ad
3237 1843 3494 1898 sacculum
3550 1842 3698 1896 futu-

2120 1962 2237 2000 rttm
2281 1943 2507 1997 festinat
2555 1957 2619 1994 ac
2672 1940 2868 2001 tendit,
2899 1938 2966 1990 de
2999 1936 3308 2005 ltujusntodi
3343 1935 3523 1987 anima
3567 1932 3698 1985 dicit

2123 2037 2381 2092 Dominus
2413 2035 2456 2065 ³⁸
2493 2049 2506 2085 :
2560 2049 2577 2082 ι
2618 2031 2728 2099 Ego
2771 2047 2889 2082 sum
2939 2028 3199 2081 Dominus
3232 2026 3376 2079 Dens
3420 2033 3564 2086 tuus,
3605 2023 3696 2090 qui

2119 2130 2280 2186 eduxi
2319 2137 2369 2180 te
2393 2127 2459 2180 de
2489 2135 2628 2178 terra
2652 2120 2894 2191 1Egypti,
2921 2123 2986 2174 de
3015 2125 3173 2174 demo
3201 2117 3501 2172 servitutis.
3536 2132 3556 2166 ι
3583 2113 3696 2167 Non

2119 2238 2251 2290 ergo
2288 2221 2402 2273 haec
2425 2217 2492 2270 ad
2523 2216 2644 2268 illos
2681 2224 2891 2267 tantum
2933 2211 3206 2275 dicuntur,
3233 2208 3324 2278 qui
3360 2208 3426 2261 de
3472 2203 3700 2275 zEgypto

2121 2312 2342 2383 profecti
2377 2318 2522 2374 sunt,
2546 2307 2638 2361 sed
2665 2305 2833 2359 multo
2858 2305 3029 2372 magis
3047 2302 3113 2356 ad
3149 2312 3218 2363 te,
3249 2299 3340 2369 qui
3371 2313 3513 2352 nunc
3540 2296 3700 2350 audis

2119 2408 2246 2470 ista,
2276 2405 2318 2459 si
2349 2390 2547 2457 tamen
2574 2398 2940 2467 proﬁciscaris
2966 2411 3029 2450 ex
3061 2392 3319 2464 IEgypto,
3337 2401 3392 2446 et
3426 2389 3698 2460 zEgyptiis

2119 2503 2259 2556 ultra
2293 2484 2397 2553 non
2430 2494 2654 2554 servias,
2681 2491 2815 2545 dicit
2851 2490 2964 2543 hsce
2993 2489 3164 2543 Deus:
3190 2506 3207 2538 ι
3243 2487 3351 2556 Ego
3377 2481 3697 2539 sumDomi-

2120 2610 2222 2650 nus
2244 2594 2383 2646 Deus
2415 2600 2558 2647 tuus,
2578 2587 2670 2655 qui
2688 2585 2844 2639 eduxi
2866 2593 2917 2635 te
2942 2582 3010 2635 "de
3033 2592 3176 2634 terra
3199 2579 3433 2650 IEgypIi,
3450 2577 3515 2631 de
3539 2576 3697 2631 domo

2120 2682 2421 2739 servitutis.
2463 2699 2482 2732 ι
2530 2678 2664 2732 Vide
2708 2676 2749 2730 si
2806 2691 2911 2728 non
2965 2673 3179 2743 negotia
3228 2669 3430 2733 saeculi,
3460 2677 3513 2722 et
3543 2675 3697 2722 actus

2119 2777 2326 2840 carnis,
2359 2774 2553 2827 domus
2592 2779 2675 2823 est
2710 2769 2997 2822 servitutis
3047 2784 3061 2820 :
3101 2766 3240 2819 sicut
3285 2778 3499 2816 rursum
3530 2775 3697 2814 econ-

2122 2868 2287 2923 trario
2319 2867 2628 2933 relinquere
2659 2860 2966 2922 smcularia,
3006 2869 3058 2912 ct
3086 2856 3383 2912 secundum
3429 2853 3594 2907 Deum
3619 2851 3701 2904 vi.

2119 2977 2269 3025 vere,
2327 2961 2520 3014 demus
2580 2964 2662 3008 est
2712 2953 3001 3014 libertatis,
3043 2951 3182 3005 sicut
3229 2956 3288 3002 et
3339 2946 3600 3001 Dominus
3645 2943 3699 2996 in

2120 3053 2411 3122 Evangelio
2437 3049 2569 3104 dicit
2592 3047 2636 3078 ⁸ο
2659 3065 2670 3100 :
2693 3064 2711 3096 ι
2752 3045 2808 3100 Si
2835 3043 3246 3116 permanseritis
3271 3041 3325 3094 itt
3361 3039 3526 3092 verbo
3555 3031 3709 3102 meo,

2124 3163 2220 3201 vos
2241 3144 2546 3214 agnoscetis
2574 3143 2885 3203 veritatem,
2929 3145 2983 3190 ct
3018 3135 3220 3188 veritas
3247 3131 3501 3187 liberabit
3543 3146 3694 3184 vos.»

2124 3239 2264 3308 Ergo
2296 3237 2561 3306 Egyptus
2587 3235 2778 3289 domus
2814 3240 2898 3285 est
2939 3228 3238 3291 servitutis,
3268 3225 3451 3279 Iudaea
3494 3237 3622 3276 vero
3645 3230 3702 3274 et

2123 3326 2449 3391 Jerusalem,
2482 3325 2676 3377 dmnus
2713 3331 2796 3376 est
2827 3319 3111 3374 libertatis.
3137 3317 3273 3371 Audi
3303 3325 3356 3369 et
3383 3315 3699 3382 Apostolnm

2124 3419 2188 3471 de
2241 3417 2324 3468 his
2373 3413 2669 3467 secundum
2731 3410 3052 3478 sapientiam
3081 3423 3199 3473 quae
3223 3407 3270 3460 ei
3297 3405 3352 3457 in
3396 3401 3702 3457 ministerio

2123 3505 2245 3558 data
2282 3504 2477 3563 fuerat,
2510 3500 2953 3568 pronuntiantem
2987 3513 3000 3549 :
3038 3515 3055 3548 ι
3096 3497 3222 3562 Qua:
3251 3505 3429 3548 autem
3473 3508 3691 3547 sursum

2122 3605 2223 3655 est,
2253 3595 2424 3664 inquit
2446 3594 2513 3656 “,
2549 3589 2912 3651 Hierusalem.
2942 3589 3108 3642 libera
3133 3597 3234 3653 est,
3264 3602 3382 3657 qtae
3408 3595 3492 3640 est
3526 3594 3702 3640 mater

2123 3685 2364 3738 omnium
2392 3695 2656 3737 nostrum.
2685 3705 2702 3736 ι
2723 3685 2869 3738 Sicut
2888 3696 3019 3748 ergo
3039 3679 3324 3749 1Egyptus,
3347 3679 3448 3732 ista
3481 3687 3697 3731 terrena

2125 3777 2424 3846 provincia,
2469 3774 2593 3830 ﬁliis
2627 3776 2792 3831 Israel
2845 3775 3037 3827 domus
3072 3773 3270 3826 dicitur
3306 3771 3602 3834 servitutis,
3633 3767 3700 3820 ad

2124 3869 2586 3938 comparationem
2611 3867 2811 3922 Judaae
2850 3875 2903 3919 et
2947 3862 3309 3924 Hierusalem,
3344 3877 3464 3930 qua:
3494 3860 3573 3913 eis
3607 3859 3705 3911 do-

2124 3978 2243 4015 mus
2267 3959 2497 4016 cliicitur
2525 3959 2791 4013 libertatis
2827 3974 2840 4008 :
2873 3956 2947 4009 ita
2987 3957 3053 4010 ad
3103 3953 3559 4022 comparationem
3584 3963 3702 4004 caa-

2125 4049 2275 4104 leStis
2311 4050 2676 4111 Hierusalem,
2711 4065 2850 4119 quae,
2891 4059 2949 4100 ut
2979 4050 3053 4101 ita
3098 4046 3294 4104 dicant.
3331 4052 3504 4095 mater
3529 4050 3611 4095 est
3638 4039 3702 4093 li-

2123 4143 2371 4208 bertatis,
2406 4153 2547 4196 totus
2605 4144 2693 4196 hic
2742 4142 2998 4204 mundus,
3041 4150 3094 4192 et
3137 4137 3316 4190 omnia
3352 4150 3472 4205 quae
3513 4133 3566 4188 in
3596 4133 3703 4188 hoc

2127 4235 2327 4289 nmndo
2365 4245 2512 4297 sunt,
2549 4235 2741 4287 domus
2787 4243 2870 4286 est
2912 4231 3214 4284 servitutis.
3254 4229 3317 4282 Et
3345 4228 3602 4298 quoniam
3635 4225 3703 4281 de

2123 4326 2375 4393 paradiso
2407 4324 2673 4378 libertatis
2700 4338 2796 4388 pro
2836 4336 2993 4390 poma
3046 4322 3255 4389 peccati
3287 4321 3351 4374 ad
3394 4317 3700 4386 bujusmodi

2123 4426 2343 4469 ventum
2375 4413 2563 4466 fuerat
2617 4413 2960 4476 servitutem,
3003 4412 3209 4466 idcirco
3262 4409 3468 4478 primus
3516 4422 3702 4461 sermo

2050 4523 2094 4578 υ
2129 4507 2398 4576 Decalogi,
2443 4507 2492 4558 id
2525 4517 2606 4559 est
2636 4505 2810 4574 prima
2847 4505 3228 4558 mamlatornm
3259 4503 3349 4556 Dei
3401 4518 3503 4554 vox
3538 4501 3603 4555 de
3640 4499 3704 4553 li-

1550 5515 1591 5544 ³⁷
1619 5515 1745 5570 an.
1784 5533 1930 5582 xxiv,
1981 5515 2067 5570 δε.

2119 4600 2326 4654 bertate
2359 4597 2654 4666 profertur,
2685 4596 2904 4649 dicens:
2937 4616 2953 4646 ι
2980 4595 3088 4664 Ego
3122 4612 3240 4648 sum
3269 4594 3528 4647 Dominus
3560 4594 3704 4647 Deus

2119 4701 2263 4754 ttms,
2303 4690 2392 4758 qui
2421 4689 2581 4742 eduxi
2617 4698 2667 4742 te
2689 4689 2754 4742 de
2788 4701 2929 4743 terra
2956 4685 3197 4757 .Egypti,
3231 4685 3295 4738 de
3340 4684 3500 4735 domo
3532 4679 3703 4735 servi-

2119 4781 2267 4836 tutis.
2306 4800 2322 4833 ι
2365 4780 2512 4833 Hane
2539 4795 2726 4833 vocem
2759 4781 2809 4831 in
2842 4777 3083 4847 IEgypto
3134 4777 3341 4841 positus
3379 4773 3568 4825 audire
3597 4787 3701 4823 non

2119 4871 2601 4944 poteras,etiamsi
2653 4871 2750 4924 tibi
2807 4871 3121 4938 injungatur
3167 4874 3224 4918 ut
3274 4863 3475 4917 Pascha
3513 4863 3700 4926 facias,

2120 4964 2328 5019 etiamsi
2364 4963 2666 5031 accingaris
2699 4961 2947 5022 lumbos,
2990 4967 3044 5011 et
3088 4956 3334 5010 sandalia
3383 4954 3619 5023 accipias
3650 4952 3702 5004 in

2120 5059 2362 5130 pedibus,
2398 5058 2609 5110 etiamsi
2640 5055 2846 5124 virgam
2903 5064 3091 5108 teneas
3131 5052 3183 5103 in
3219 5066 3401 5112 manu,
3439 5059 3492 5103 ct
3515 5061 3702 5117 azyma

2120 5167 2241 5204 cmn
2268 5149 2631 5203 amaritudine
2663 5147 2937 5201 comedas.
2969 5145 3031 5198 Et
3060 5143 3188 5211 quid
3220 5142 3340 5195 dico
3379 5143 3431 5194 in
3469 5139 3704 5210 Aigypto

2122 5239 2326 5310 positus
2354 5239 2469 5291 hzcc
2507 5238 2695 5291 audire
2751 5251 2854 5288 non
2892 5245 3108 5305 poteras
3140 5233 3161 5286 ?
3192 5232 3296 5288 Sed
3333 5248 3400 5288 ne
3432 5234 3555 5286 inde
3584 5231 3704 5300 qui-

2121 5332 2243 5386 dem
2273 5329 2544 5400 profectus
2575 5329 2626 5382 in
2662 5327 2835 5397 prima
2860 5328 3044 5381 statim
3073 5326 3354 5382 mansione
3375 5326 3488 5379 lucc
3516 5322 3703 5377 audire

3279 5443 3327 5476 ³⁸
3350 5442 3488 5499 Psal.
3519 5458 3614 5505 cu.
3643 5441 3701 5499 ὃ.

3295 5515 3338 5548 ⁸ο
3384 5515 3536 5570 Joan.
3569 5527 3664 5571 vlt!
3681 5550 3700 5582 ,

2671 5443 2715 5474 ³³
2742 5442 2888 5496 l’sal.
2920 5460 3084 5498 xxxvi
3105 5485 3120 5506 ,
3151 5444 3203 5496 8.

2755 5514 2796 5545 ³³
2831 5515 2999 5569 Exod.
3041 5531 3133 5582 xx,
3161 5513 3194 5568 ξ’).

2127 5444 2270 5497 l‘saI.
2305 5459 2456 5505 XXXI,
2507 5443 2588 5496 ll.

2147 5515 2189 5546 ³⁸
2218 5513 2361 5569 Psal.
2398 5529 2593 5579 χχχιιι,
2621 5513 2677 5569 8.

2197 5683 2306 5754 (26)
2344 5683 2510 5750 Alias,
2552 5702 2570 5736 ι
2615 5700 2846 5755 arguens
2882 5684 3086 5756 iniqua.
3121 5702 3140 5738 ι
