  <div class='ocr_page' id='page_1' title='image "/cluster/home/n/w/nwhite01/storage/ocr_20150623/12/hvd.32044052796216/181.png"; bbox 0 0 4122 6248; ppageno 0'>
   <div class='ocr_carea' id='block_1_1' title="bbox 374 286 468 343">
    <p class='ocr_par' dir='ltr' id='par_1_1' title="bbox 374 286 468 343">
     <span class='ocr_line' id='line_1_1' title="bbox 374 286 468 343; baseline 0.032 -4"><span class='ocrx_word' id='word_1_1' title='bbox 374 286 468 343; x_wconf 73' lang='grc' dir='ltr'><strong>5“ζ1</strong></span> 
     </span>
    </p>
   </div>
   <div class='ocr_carea' id='block_1_2' title="bbox 1849 274 2169 333">
    <p class='ocr_par' dir='ltr' id='par_1_2' title="bbox 1849 274 2169 333">
     <span class='ocr_line' id='line_1_2' title="bbox 1849 274 2169 333; baseline -0.009 0"><span class='ocrx_word' id='word_1_2' title='bbox 1849 274 2169 333; x_wconf 72' lang='lat' dir='ltr'><strong>ORIGENIS</strong></span> 
     </span>
    </p>
   </div>
   <div class='ocr_carea' id='block_1_3' title="bbox 3526 260 3633 320">
    <p class='ocr_par' dir='ltr' id='par_1_3' title="bbox 3526 260 3633 320">
     <span class='ocr_line' id='line_1_3' title="bbox 3526 260 3633 320; baseline -0.047 0"><span class='ocrx_word' id='word_1_3' title='bbox 3526 260 3633 320; x_wconf 62' lang='lat'><strong>3&#39;32</strong></span> 
     </span>
    </p>
   </div>
   <div class='ocr_carea' id='block_1_4' title="bbox 372 388 3639 477">
    <p class='ocr_par' dir='ltr' id='par_1_4' title="bbox 372 388 3639 477">
     <span class='ocr_line' id='line_1_4' title="bbox 372 388 3639 477; baseline -0.006 -14"><span class='ocrx_word' id='word_1_4' title='bbox 372 409 618 477; x_wconf 83' lang='lat' dir='ltr'><strong>potuisti.</strong></span> <span class='ocrx_word' id='word_1_5' title='bbox 656 420 755 461; x_wconf 83' lang='lat' dir='ltr'><strong>nec</strong></span> <span class='ocrx_word' id='word_1_6' title='bbox 793 406 842 459; x_wconf 91' lang='lat' dir='ltr'><strong>in</strong></span> <span class='ocrx_word' id='word_1_7' title='bbox 891 402 1126 458; x_wconf 87' lang='lat' dir='ltr'><strong>secunda</strong></span> <span class='ocrx_word' id='word_1_8' title='bbox 1152 443 1167 465; x_wconf 91' lang='lat'><strong>,</strong></span> <span class='ocrx_word' id='word_1_9' title='bbox 1203 415 1303 456; x_wconf 90' lang='lat' dir='ltr'><strong>nec</strong></span> <span class='ocrx_word' id='word_1_10' title='bbox 1340 402 1391 455; x_wconf 91' lang='lat' dir='ltr'><strong>in</strong></span> <span class='ocrx_word' id='word_1_11' title='bbox 1442 401 1623 466; x_wconf 85' lang='lat' dir='ltr'><strong>tertia,</strong></span> <span class='ocrx_word' id='word_1_12' title='bbox 1676 415 1774 454; x_wconf 86' lang='lat' dir='ltr'><strong>nee</strong></span> <span class='ocrx_word' id='word_1_13' title='bbox 1829 417 1951 453; x_wconf 81' lang='lat' dir='ltr'><strong>cum</strong></span> <span class='ocrx_word' id='word_1_14' title='bbox 1987 402 2031 456; x_wconf 78' lang='grc' dir='ltr'><strong>Α</strong></span> <span class='ocrx_word' id='word_1_15' title='bbox 2060 410 2217 465; x_wconf 86' lang='lat' dir='ltr'><strong>quem</strong></span> <span class='ocrx_word' id='word_1_16' title='bbox 2273 393 2476 456; x_wconf 88' lang='lat' dir='ltr'><strong>omnia,</strong></span> <span class='ocrx_word' id='word_1_17' title='bbox 2515 403 2568 448; x_wconf 90' lang='lat' dir='ltr'><strong>et</strong></span> <span class='ocrx_word' id='word_1_18' title='bbox 2598 408 2694 448; x_wconf 89' lang='lat' dir='ltr'><strong>nos</strong></span> <span class='ocrx_word' id='word_1_19' title='bbox 2744 408 2837 463; x_wconf 91' lang='lat' dir='ltr'><strong>per</strong></span> <span class='ocrx_word' id='word_1_20' title='bbox 2865 393 3100 462; x_wconf 62' lang='lat' dir='ltr'><strong>ipsum.»</strong></span> <span class='ocrx_word' id='word_1_21' title='bbox 3146 389 3254 444; x_wconf 79' lang='lat' dir='ltr'><strong>Sed</strong></span> <span class='ocrx_word' id='word_1_22' title='bbox 3278 398 3332 443; x_wconf 89' lang='lat' dir='ltr'><strong>et</strong></span> <span class='ocrx_word' id='word_1_23' title='bbox 3370 388 3422 442; x_wconf 92' lang='lat' dir='ltr'><strong>in</strong></span> <span class='ocrx_word' id='word_1_24' title='bbox 3452 388 3639 443; x_wconf 77' lang='lat' dir='ltr'><strong>multis</strong></span> 
     </span>
    </p>
   </div>
   <div class='ocr_carea' id='block_1_5' title="bbox 376 493 1951 560">
    <p class='ocr_par' dir='ltr' id='par_1_5' title="bbox 376 493 1951 560">
     <span class='ocr_line' id='line_1_5' title="bbox 376 493 1951 560; baseline -0.005 -7"><span class='ocrx_word' id='word_1_25' title='bbox 376 502 637 553; x_wconf 86' lang='lat' dir='ltr'><strong>transires</strong></span> <span class='ocrx_word' id='word_1_26' title='bbox 677 498 914 550; x_wconf 72' lang='lat' dir='ltr'><strong>lhibrum</strong></span> <span class='ocrx_word' id='word_1_27' title='bbox 950 510 1117 560; x_wconf 90' lang='lat' dir='ltr'><strong>mare,</strong></span> <span class='ocrx_word' id='word_1_28' title='bbox 1146 493 1361 548; x_wconf 88' lang='lat' dir='ltr'><strong>etiamsi</strong></span> <span class='ocrx_word' id='word_1_29' title='bbox 1385 494 1451 547; x_wconf 91' lang='lat' dir='ltr'><strong>ad</strong></span> <span class='ocrx_word' id='word_1_30' title='bbox 1490 494 1759 547; x_wconf 80' lang='lat' dir='ltr'><strong>Merrbam</strong></span> <span class='ocrx_word' id='word_1_31' title='bbox 1794 507 1951 545; x_wconf 85' lang='lat' dir='ltr'><strong>vene-</strong></span> 
     </span>
    </p>
   </div>
   <div class='ocr_carea' id='block_1_6' title="bbox 375 585 1953 657">
    <p class='ocr_par' dir='ltr' id='par_1_6' title="bbox 375 585 1953 657">
     <span class='ocr_line' id='line_1_6' title="bbox 375 585 1953 657; baseline -0.004 -14"><span class='ocrx_word' id='word_1_32' title='bbox 375 591 474 657; x_wconf 86' lang='lat' dir='ltr'><strong>ris,</strong></span> <span class='ocrx_word' id='word_1_33' title='bbox 512 600 567 644; x_wconf 90' lang='lat' dir='ltr'><strong>et</strong></span> <span class='ocrx_word' id='word_1_34' title='bbox 609 589 771 642; x_wconf 91' lang='lat' dir='ltr'><strong>fuerit</strong></span> <span class='ocrx_word' id='word_1_35' title='bbox 809 588 879 641; x_wconf 91' lang='lat' dir='ltr'><strong>ibi</strong></span> <span class='ocrx_word' id='word_1_36' title='bbox 934 587 1245 641; x_wconf 77' lang='lat' dir='ltr'><strong>amaritudo</strong></span> <span class='ocrx_word' id='word_1_37' title='bbox 1276 585 1330 639; x_wconf 91' lang='lat' dir='ltr'><strong>in</strong></span> <span class='ocrx_word' id='word_1_38' title='bbox 1379 585 1722 639; x_wconf 75' lang='lat' dir='ltr'><strong>dulcedinem</strong></span> <span class='ocrx_word' id='word_1_39' title='bbox 1773 600 1953 648; x_wconf 89' lang='lat' dir='ltr'><strong>versa,</strong></span> 
     </span>
    </p>
   </div>
   <div class='ocr_carea' id='block_1_7' title="bbox 375 676 1955 745">
    <p class='ocr_par' dir='ltr' id='par_1_7' title="bbox 375 676 1955 745">
     <span class='ocr_line' id='line_1_7' title="bbox 375 676 1955 745; baseline -0.003 -11"><span class='ocrx_word' id='word_1_40' title='bbox 375 680 587 734; x_wconf 87' lang='lat' dir='ltr'><strong>etiamsi</strong></span> <span class='ocrx_word' id='word_1_41' title='bbox 619 680 672 733; x_wconf 92' lang='lat' dir='ltr'><strong>in</strong></span> <span class='ocrx_word' id='word_1_42' title='bbox 712 678 883 731; x_wconf 88' lang='lat' dir='ltr'><strong>IIelim</strong></span> <span class='ocrx_word' id='word_1_43' title='bbox 912 678 1131 732; x_wconf 76' lang='lat' dir='ltr'><strong>veneris</strong></span> <span class='ocrx_word' id='word_1_44' title='bbox 1160 677 1227 730; x_wconf 90' lang='lat' dir='ltr'><strong>ad</strong></span> <span class='ocrx_word' id='word_1_45' title='bbox 1257 677 1541 731; x_wconf 88' lang='lat' dir='ltr'><strong>duodecim</strong></span> <span class='ocrx_word' id='word_1_46' title='bbox 1577 676 1757 730; x_wconf 87' lang='lat' dir='ltr'><strong>fontes</strong></span> <span class='ocrx_word' id='word_1_47' title='bbox 1787 693 1955 745; x_wconf 87' lang='lat' dir='ltr'><strong>aqua-</strong></span> 
     </span>
    </p>
   </div>
   <div class='ocr_carea' id='block_1_8' title="bbox 376 768 1955 839">
    <p class='ocr_par' dir='ltr' id='par_1_8' title="bbox 376 768 1955 839">
     <span class='ocr_line' id='line_1_8' title="bbox 376 768 1955 839; baseline -0.002 -16"><span class='ocrx_word' id='word_1_48' title='bbox 376 786 515 833; x_wconf 90' lang='lat' dir='ltr'><strong>rum,</strong></span> <span class='ocrx_word' id='word_1_49' title='bbox 539 780 593 823; x_wconf 90' lang='lat' dir='ltr'><strong>et</strong></span> <span class='ocrx_word' id='word_1_50' title='bbox 621 770 967 839; x_wconf 88' lang='lat' dir='ltr'><strong>septuaginta</strong></span> <span class='ocrx_word' id='word_1_51' title='bbox 1001 769 1225 823; x_wconf 85' lang='lat' dir='ltr'><strong>arbores</strong></span> <span class='ocrx_word' id='word_1_52' title='bbox 1248 769 1574 837; x_wconf 89' lang='lat' dir='ltr'><strong>palmarum,</strong></span> <span class='ocrx_word' id='word_1_53' title='bbox 1602 768 1815 822; x_wconf 89' lang='lat' dir='ltr'><strong>etiamsi</strong></span> <span class='ocrx_word' id='word_1_54' title='bbox 1847 768 1955 820; x_wconf 80' lang='lat' dir='ltr'><strong>Ba-</strong></span> 
     </span>
    </p>
   </div>
   <div class='ocr_carea' id='block_1_9' title="bbox 375 857 1955 929">
    <p class='ocr_par' dir='ltr' id='par_1_9' title="bbox 375 857 1955 929">
     <span class='ocr_line' id='line_1_9' title="bbox 375 857 1955 929; baseline -0.001 -17"><span class='ocrx_word' id='word_1_55' title='bbox 375 859 579 928; x_wconf 88' lang='lat' dir='ltr'><strong>phidim</strong></span> <span class='ocrx_word' id='word_1_56' title='bbox 636 859 1010 929; x_wconf 68' lang='lat' dir='ltr'><strong>praeterieris,</strong></span> <span class='ocrx_word' id='word_1_57' title='bbox 1058 868 1397 927; x_wconf 73' lang='lat' dir='ltr'><strong>cmlerosqne</strong></span> <span class='ocrx_word' id='word_1_58' title='bbox 1441 857 1714 927; x_wconf 84' lang='lat' dir='ltr'><strong>profectus</strong></span> <span class='ocrx_word' id='word_1_59' title='bbox 1764 872 1955 911; x_wconf 85' lang='lat' dir='ltr'><strong>ascen-</strong></span> 
     </span>
    </p>
   </div>
   <div class='ocr_carea' id='block_1_10' title="bbox 374 949 1955 1018">
    <p class='ocr_par' dir='ltr' id='par_1_10' title="bbox 374 949 1955 1018">
     <span class='ocr_line' id='line_1_10' title="bbox 374 949 1955 1018; baseline 0 -14"><span class='ocrx_word' id='word_1_60' title='bbox 374 949 521 1004; x_wconf 86' lang='lat' dir='ltr'><strong>deris</strong></span> <span class='ocrx_word' id='word_1_61' title='bbox 569 966 583 1003; x_wconf 90' lang='lat'><strong>:</strong></span> <span class='ocrx_word' id='word_1_62' title='bbox 637 951 875 1003; x_wconf 91' lang='lat' dir='ltr'><strong>nondum</strong></span> <span class='ocrx_word' id='word_1_63' title='bbox 932 951 999 1002; x_wconf 88' lang='lat' dir='ltr'><strong>ad</strong></span> <span class='ocrx_word' id='word_1_64' title='bbox 1066 949 1441 1018; x_wconf 84' lang='lat' dir='ltr'><strong>hujuscemodi</strong></span> <span class='ocrx_word' id='word_1_65' title='bbox 1496 950 1663 1003; x_wconf 87' lang='lat' dir='ltr'><strong>verba</strong></span> <span class='ocrx_word' id='word_1_66' title='bbox 1727 951 1955 1004; x_wconf 89' lang='lat' dir='ltr'><strong>idoneus</strong></span> 
     </span>
    </p>
   </div>
   <div class='ocr_carea' id='block_1_11' title="bbox 367 1042 1950 1112">
    <p class='ocr_par' dir='ltr' id='par_1_11' title="bbox 367 1042 1950 1112">
     <span class='ocr_line' id='line_1_11' title="bbox 367 1042 1950 1112; baseline 0.002 -20"><span class='ocrx_word' id='word_1_67' title='bbox 367 1042 654 1108; x_wconf 79' lang='lat' dir='ltr'><strong>jndicaris,</strong></span> <span class='ocrx_word' id='word_1_68' title='bbox 703 1044 798 1097; x_wconf 85' lang='lat' dir='ltr'><strong>sed</strong></span> <span class='ocrx_word' id='word_1_69' title='bbox 840 1057 960 1097; x_wconf 90' lang='lat' dir='ltr'><strong>cum</strong></span> <span class='ocrx_word' id='word_1_70' title='bbox 1017 1042 1336 1112; x_wconf 80' lang='lat' dir='ltr'><strong>perveneris</strong></span> <span class='ocrx_word' id='word_1_71' title='bbox 1390 1042 1458 1095; x_wconf 91' lang='lat' dir='ltr'><strong>ad</strong></span> <span class='ocrx_word' id='word_1_72' title='bbox 1505 1053 1740 1096; x_wconf 81' lang='lat' dir='ltr'><strong>montem</strong></span> <span class='ocrx_word' id='word_1_73' title='bbox 1799 1042 1950 1096; x_wconf 89' lang='lat' dir='ltr'><strong>Sina.</strong></span> 
     </span>
    </p>
   </div>
   <div class='ocr_carea' id='block_1_12' title="bbox 375 1134 1955 1204">
    <p class='ocr_par' dir='ltr' id='par_1_12' title="bbox 375 1134 1955 1204">
     <span class='ocr_line' id='line_1_12' title="bbox 375 1134 1955 1204; baseline 0 -16"><span class='ocrx_word' id='word_1_74' title='bbox 375 1134 553 1190; x_wconf 80' lang='lat' dir='ltr'><strong>Multis</strong></span> <span class='ocrx_word' id='word_1_75' title='bbox 583 1150 713 1202; x_wconf 88' lang='lat' dir='ltr'><strong>ergo</strong></span> <span class='ocrx_word' id='word_1_76' title='bbox 742 1146 870 1188; x_wconf 91' lang='lat' dir='ltr'><strong>ante</strong></span> <span class='ocrx_word' id='word_1_77' title='bbox 911 1134 1191 1189; x_wconf 83' lang='lat' dir='ltr'><strong>laboribus</strong></span> <span class='ocrx_word' id='word_1_78' title='bbox 1234 1135 1495 1204; x_wconf 81' lang='lat' dir='ltr'><strong>peractis,</strong></span> <span class='ocrx_word' id='word_1_79' title='bbox 1543 1136 1725 1189; x_wconf 90' lang='lat' dir='ltr'><strong>multis</strong></span> <span class='ocrx_word' id='word_1_80' title='bbox 1758 1151 1955 1189; x_wconf 65' lang='lat' dir='ltr'><strong>terum-</strong></span> 
     </span>
    </p>
   </div>
   <div class='ocr_carea' id='block_1_13' title="bbox 376 1224 1955 1294">
    <p class='ocr_par' dir='ltr' id='par_1_13' title="bbox 376 1224 1955 1294">
     <span class='ocr_line' id='line_1_13' title="bbox 376 1224 1955 1294; baseline 0 -16"><span class='ocrx_word' id='word_1_81' title='bbox 376 1227 460 1279; x_wconf 90' lang='lat' dir='ltr'><strong>uis</strong></span> <span class='ocrx_word' id='word_1_82' title='bbox 498 1236 555 1279; x_wconf 91' lang='lat' dir='ltr'><strong>et</strong></span> <span class='ocrx_word' id='word_1_83' title='bbox 604 1224 996 1280; x_wconf 87' lang='lat' dir='ltr'><strong>tentatiunibus</strong></span> <span class='ocrx_word' id='word_1_84' title='bbox 1042 1226 1334 1294; x_wconf 90' lang='lat' dir='ltr'><strong>superatis,</strong></span> <span class='ocrx_word' id='word_1_85' title='bbox 1379 1227 1466 1279; x_wconf 87' lang='lat' dir='ltr'><strong>vix</strong></span> <span class='ocrx_word' id='word_1_86' title='bbox 1522 1226 1812 1294; x_wconf 89' lang='lat' dir='ltr'><strong>aliquando</strong></span> <span class='ocrx_word' id='word_1_87' title='bbox 1843 1242 1955 1279; x_wconf 82' lang='lat' dir='ltr'><strong>me—</strong></span> 
     </span>
    </p>
   </div>
   <div class='ocr_carea' id='block_1_14' title="bbox 383 1318 1952 1387">
    <p class='ocr_par' dir='ltr' id='par_1_14' title="bbox 383 1318 1952 1387">
     <span class='ocr_line' id='line_1_14' title="bbox 383 1318 1952 1387; baseline 0.001 -17"><span class='ocrx_word' id='word_1_88' title='bbox 383 1318 591 1371; x_wconf 82' lang='lat' dir='ltr'><strong>reberis</strong></span> <span class='ocrx_word' id='word_1_89' title='bbox 621 1327 889 1386; x_wconf 68' lang='lat' dir='ltr'><strong>praecepta</strong></span> <span class='ocrx_word' id='word_1_90' title='bbox 938 1319 1216 1387; x_wconf 80' lang='lat' dir='ltr'><strong>suscipere</strong></span> <span class='ocrx_word' id='word_1_91' title='bbox 1259 1319 1550 1384; x_wconf 84' lang='lat' dir='ltr'><strong>libertatis,</strong></span> <span class='ocrx_word' id='word_1_92' title='bbox 1597 1328 1651 1372; x_wconf 90' lang='lat' dir='ltr'><strong>et</strong></span> <span class='ocrx_word' id='word_1_93' title='bbox 1705 1319 1890 1373; x_wconf 89' lang='lat' dir='ltr'><strong>audire</strong></span> <span class='ocrx_word' id='word_1_94' title='bbox 1923 1334 1952 1371; x_wconf 90' lang='lat' dir='ltr'><strong>a</strong></span> 
     </span>
    </p>
   </div>
   <div class='ocr_carea' id='block_1_15' title="bbox 376 1407 1951 1478">
    <p class='ocr_par' dir='ltr' id='par_1_15' title="bbox 376 1407 1951 1478">
     <span class='ocr_line' id='line_1_15' title="bbox 376 1407 1951 1478; baseline 0.003 -19"><span class='ocrx_word' id='word_1_95' title='bbox 376 1407 641 1461; x_wconf 86' lang='lat' dir='ltr'><strong>Domino:</strong></span> <span class='ocrx_word' id='word_1_96' title='bbox 677 1426 695 1458; x_wconf 76' lang='grc' dir='ltr'>ι</span> <span class='ocrx_word' id='word_1_97' title='bbox 732 1407 844 1476; x_wconf 82' lang='lat' dir='ltr'><strong>Ego</strong></span> <span class='ocrx_word' id='word_1_98' title='bbox 873 1423 993 1461; x_wconf 89' lang='lat' dir='ltr'><strong>sum</strong></span> <span class='ocrx_word' id='word_1_99' title='bbox 1019 1409 1275 1463; x_wconf 89' lang='lat' dir='ltr'><strong>Dominus</strong></span> <span class='ocrx_word' id='word_1_100' title='bbox 1298 1411 1437 1465; x_wconf 88' lang='lat' dir='ltr'><strong>Deus</strong></span> <span class='ocrx_word' id='word_1_101' title='bbox 1473 1419 1618 1474; x_wconf 91' lang='lat' dir='ltr'><strong>tuus,</strong></span> <span class='ocrx_word' id='word_1_102' title='bbox 1664 1409 1756 1478; x_wconf 92' lang='lat' dir='ltr'><strong>qui</strong></span> <span class='ocrx_word' id='word_1_103' title='bbox 1791 1409 1951 1463; x_wconf 81' lang='lat' dir='ltr'><strong>eduxi</strong></span> 
     </span>
    </p>
   </div>
   <div class='ocr_carea' id='block_1_16' title="bbox 379 1497 1953 1568">
    <p class='ocr_par' dir='ltr' id='par_1_16' title="bbox 379 1497 1953 1568">
     <span class='ocr_line' id='line_1_16' title="bbox 379 1497 1953 1568; baseline 0.003 -18"><span class='ocrx_word' id='word_1_104' title='bbox 379 1508 430 1550; x_wconf 87' lang='lat' dir='ltr'><strong>te</strong></span> <span class='ocrx_word' id='word_1_105' title='bbox 458 1499 525 1551; x_wconf 92' lang='lat' dir='ltr'><strong>de</strong></span> <span class='ocrx_word' id='word_1_106' title='bbox 551 1509 693 1552; x_wconf 86' lang='lat' dir='ltr'><strong>terra</strong></span> <span class='ocrx_word' id='word_1_107' title='bbox 717 1497 961 1568; x_wconf 61' lang='lat' dir='ltr'><strong>Egypti,</strong></span> <span class='ocrx_word' id='word_1_108' title='bbox 988 1497 1054 1552; x_wconf 91' lang='lat' dir='ltr'><strong>de</strong></span> <span class='ocrx_word' id='word_1_109' title='bbox 1081 1500 1240 1553; x_wconf 92' lang='lat' dir='ltr'><strong>domo</strong></span> <span class='ocrx_word' id='word_1_110' title='bbox 1265 1501 1563 1555; x_wconf 80' lang='lat' dir='ltr'><strong>servitutis.</strong></span> <span class='ocrx_word' id='word_1_111' title='bbox 1598 1520 1617 1552; x_wconf 74' lang='grc' dir='ltr'><strong><em>ι</em></strong></span> <span class='ocrx_word' id='word_1_112' title='bbox 1642 1499 1837 1554; x_wconf 83' lang='lat' dir='ltr'><strong>Verum</strong></span> <span class='ocrx_word' id='word_1_113' title='bbox 1869 1501 1953 1554; x_wconf 92' lang='lat' dir='ltr'><strong>hic</strong></span> 
     </span>
    </p>
   </div>
   <div class='ocr_carea' id='block_1_17' title="bbox 374 1589 1951 1657">
    <p class='ocr_par' dir='ltr' id='par_1_17' title="bbox 374 1589 1951 1657">
     <span class='ocr_line' id='line_1_17' title="bbox 374 1589 1951 1657; baseline 0.002 -17"><span class='ocrx_word' id='word_1_114' title='bbox 374 1602 554 1642; x_wconf 90' lang='lat' dir='ltr'><strong>sermo</strong></span> <span class='ocrx_word' id='word_1_115' title='bbox 578 1589 815 1642; x_wconf 83' lang='lat' dir='ltr'><strong>nondum</strong></span> <span class='ocrx_word' id='word_1_116' title='bbox 848 1601 1032 1642; x_wconf 84' lang='lat' dir='ltr'><strong>sermo</strong></span> <span class='ocrx_word' id='word_1_117' title='bbox 1078 1589 1317 1642; x_wconf 84' lang='lat' dir='ltr'><strong>mandati</strong></span> <span class='ocrx_word' id='word_1_118' title='bbox 1351 1600 1453 1654; x_wconf 90' lang='lat' dir='ltr'><strong>est,</strong></span> <span class='ocrx_word' id='word_1_119' title='bbox 1483 1589 1577 1645; x_wconf 89' lang='lat' dir='ltr'><strong>sed</strong></span> <span class='ocrx_word' id='word_1_120' title='bbox 1605 1591 1727 1655; x_wconf 83' lang='lat' dir='ltr'><strong>quis</strong></span> <span class='ocrx_word' id='word_1_121' title='bbox 1765 1590 1837 1644; x_wconf 92' lang='lat' dir='ltr'><strong>sit</strong></span> <span class='ocrx_word' id='word_1_122' title='bbox 1860 1590 1951 1657; x_wconf 88' lang='lat' dir='ltr'><strong>qui</strong></span> 
     </span>
    </p>
   </div>
   <div class='ocr_carea' id='block_1_18' title="bbox 380 1679 1953 1750">
    <p class='ocr_par' dir='ltr' id='par_1_18' title="bbox 380 1679 1953 1750">
     <span class='ocr_line' id='line_1_18' title="bbox 380 1679 1953 1750; baseline 0.002 -20"><span class='ocrx_word' id='word_1_123' title='bbox 380 1679 618 1744; x_wconf 86' lang='lat' dir='ltr'><strong>mandat,</strong></span> <span class='ocrx_word' id='word_1_124' title='bbox 655 1680 917 1733; x_wconf 87' lang='lat' dir='ltr'><strong>ostendit.</strong></span> <span class='ocrx_word' id='word_1_125' title='bbox 950 1680 1104 1734; x_wconf 84' lang='lat' dir='ltr'><strong>Nunc</strong></span> <span class='ocrx_word' id='word_1_126' title='bbox 1142 1696 1274 1750; x_wconf 90' lang='lat' dir='ltr'><strong>ergo</strong></span> <span class='ocrx_word' id='word_1_127' title='bbox 1303 1680 1583 1735; x_wconf 82' lang='lat' dir='ltr'><strong>videamus</strong></span> <span class='ocrx_word' id='word_1_128' title='bbox 1603 1681 1730 1750; x_wconf 91' lang='lat' dir='ltr'><strong>quid</strong></span> <span class='ocrx_word' id='word_1_129' title='bbox 1756 1681 1826 1734; x_wconf 90' lang='lat' dir='ltr'><strong>sit</strong></span> <span class='ocrx_word' id='word_1_130' title='bbox 1853 1682 1953 1734; x_wconf 89' lang='lat' dir='ltr'><strong>ini-</strong></span> 
     </span>
    </p>
   </div>
   <div class='ocr_carea' id='block_1_19' title="bbox 381 1768 1959 1841">
    <p class='ocr_par' dir='ltr' id='par_1_19' title="bbox 381 1768 1959 1841">
     <span class='ocr_line' id='line_1_19' title="bbox 381 1768 1959 1841; baseline 0.001 -21"><span class='ocrx_word' id='word_1_131' title='bbox 381 1768 514 1821; x_wconf 90' lang='lat' dir='ltr'><strong>tium</strong></span> <span class='ocrx_word' id='word_1_132' title='bbox 540 1770 728 1825; x_wconf 86' lang='lat' dir='ltr'><strong>decem</strong></span> <span class='ocrx_word' id='word_1_133' title='bbox 760 1772 1137 1825; x_wconf 88' lang='lat' dir='ltr'><strong>mandatorum</strong></span> <span class='ocrx_word' id='word_1_134' title='bbox 1190 1771 1323 1841; x_wconf 81' lang='lat' dir='ltr'><strong>legis</strong></span> <span class='ocrx_word' id='word_1_135' title='bbox 1352 1788 1365 1824; x_wconf 90' lang='lat'><strong>:</strong></span> <span class='ocrx_word' id='word_1_136' title='bbox 1400 1779 1454 1824; x_wconf 89' lang='lat' dir='ltr'><strong>et</strong></span> <span class='ocrx_word' id='word_1_137' title='bbox 1496 1770 1539 1824; x_wconf 92' lang='lat' dir='ltr'><strong>si</strong></span> <span class='ocrx_word' id='word_1_138' title='bbox 1572 1785 1679 1823; x_wconf 89' lang='lat' dir='ltr'><strong>non</strong></span> <span class='ocrx_word' id='word_1_139' title='bbox 1712 1770 1959 1824; x_wconf 88' lang='lat' dir='ltr'><strong>occurri-</strong></span> 
     </span>
    </p>
   </div>
   <div class='ocr_carea' id='block_1_20' title="bbox 373 1861 1957 1932">
    <p class='ocr_par' dir='ltr' id='par_1_20' title="bbox 373 1861 1957 1932">
     <span class='ocr_line' id='line_1_20' title="bbox 373 1861 1957 1932; baseline 0.001 -19"><span class='ocrx_word' id='word_1_140' title='bbox 373 1876 494 1915; x_wconf 87' lang='lat' dir='ltr'><strong>mus</strong></span> <span class='ocrx_word' id='word_1_141' title='bbox 525 1862 591 1914; x_wconf 91' lang='lat' dir='ltr'><strong>ad</strong></span> <span class='ocrx_word' id='word_1_142' title='bbox 628 1862 808 1916; x_wconf 87' lang='lat' dir='ltr'><strong>omnia</strong></span> <span class='ocrx_word' id='word_1_143' title='bbox 831 1902 848 1926; x_wconf 89' lang='lat'><strong>,</strong></span> <span class='ocrx_word' id='word_1_144' title='bbox 882 1864 1035 1917; x_wconf 90' lang='lat' dir='ltr'><strong>initia</strong></span> <span class='ocrx_word' id='word_1_145' title='bbox 1058 1863 1272 1928; x_wconf 88' lang='lat' dir='ltr'><strong>saltem,</strong></span> <span class='ocrx_word' id='word_1_146' title='bbox 1302 1871 1459 1932; x_wconf 86' lang='lat' dir='ltr'><strong>prout</strong></span> <span class='ocrx_word' id='word_1_147' title='bbox 1483 1861 1743 1918; x_wconf 88' lang='lat' dir='ltr'><strong>Dominus</strong></span> <span class='ocrx_word' id='word_1_148' title='bbox 1790 1862 1957 1916; x_wconf 81' lang='lat' dir='ltr'><strong>dede-</strong></span> 
     </span>
    </p>
   </div>
   <div class='ocr_carea' id='block_1_21' title="bbox 376 1954 858 2024">
    <p class='ocr_par' dir='ltr' id='par_1_21' title="bbox 376 1954 858 2024">
     <span class='ocr_line' id='line_1_21' title="bbox 376 1954 858 2024; baseline 0.002 -17"><span class='ocrx_word' id='word_1_149' title='bbox 376 1954 468 2018; x_wconf 81' lang='lat' dir='ltr'><strong>rit,</strong></span> <span class='ocrx_word' id='word_1_150' title='bbox 506 1956 858 2024; x_wconf 86' lang='lat' dir='ltr'><strong>explicemus.</strong></span> 
     </span>
    </p>
   </div>
   <div class='ocr_carea' id='block_1_22' title="bbox 440 2045 1958 2118">
    <p class='ocr_par' dir='ltr' id='par_1_22' title="bbox 440 2045 1958 2118">
     <span class='ocr_line' id='line_1_22' title="bbox 440 2045 1958 2118; baseline 0.002 -21"><span class='ocrx_word' id='word_1_151' title='bbox 440 2046 497 2101; x_wconf 73' lang='grc'><strong>2.</strong></span> <span class='ocrx_word' id='word_1_152' title='bbox 532 2045 770 2101; x_wconf 87' lang='lat' dir='ltr'><strong>Primum</strong></span> <span class='ocrx_word' id='word_1_153' title='bbox 802 2062 929 2118; x_wconf 85' lang='lat' dir='ltr'><strong>ergo</strong></span> <span class='ocrx_word' id='word_1_154' title='bbox 978 2046 1289 2101; x_wconf 87' lang='lat' dir='ltr'><strong>mandatum</strong></span> <span class='ocrx_word' id='word_1_155' title='bbox 1320 2056 1404 2100; x_wconf 90' lang='lat' dir='ltr'><strong>est</strong></span> <span class='ocrx_word' id='word_1_156' title='bbox 1451 2047 1495 2077; x_wconf 69' lang='grc' dir='ltr'><strong>δ’</strong></span> <span class='ocrx_word' id='word_1_157' title='bbox 1524 2063 1540 2101; x_wconf 89' lang='lat'><strong>:</strong></span> <span class='ocrx_word' id='word_1_158' title='bbox 1571 2064 1589 2098; x_wconf 71' lang='grc' dir='ltr'><strong><em>ι</em></strong></span> <span class='ocrx_word' id='word_1_159' title='bbox 1627 2045 1742 2100; x_wconf 83' lang='lat' dir='ltr'><strong>Non</strong></span> <span class='ocrx_word' id='word_1_160' title='bbox 1797 2055 1958 2100; x_wconf 86' lang='lat' dir='ltr'><strong>erunt</strong></span> 
     </span>
    </p>
   </div>
   <div class='ocr_carea' id='block_1_23' title="bbox 373 2136 1951 2207">
    <p class='ocr_par' dir='ltr' id='par_1_23' title="bbox 373 2136 1951 2207">
     <span class='ocr_line' id='line_1_23' title="bbox 373 2136 1951 2207; baseline 0 -18"><span class='ocrx_word' id='word_1_161' title='bbox 373 2136 465 2190; x_wconf 80' lang='lat' dir='ltr'><strong>til-i</strong></span> <span class='ocrx_word' id='word_1_162' title='bbox 501 2137 572 2191; x_wconf 92' lang='lat' dir='ltr'><strong>dii</strong></span> <span class='ocrx_word' id='word_1_163' title='bbox 604 2136 717 2200; x_wconf 89' lang='lat' dir='ltr'><strong>alii,</strong></span> <span class='ocrx_word' id='word_1_164' title='bbox 747 2148 940 2207; x_wconf 56' lang='lat' dir='ltr'><strong>praeter</strong></span> <span class='ocrx_word' id='word_1_165' title='bbox 966 2153 1071 2192; x_wconf 89' lang='lat' dir='ltr'><strong>me.</strong></span> <span class='ocrx_word' id='word_1_166' title='bbox 1115 2158 1133 2187; x_wconf 73' lang='grc' dir='ltr'><strong><em>ι</em></strong></span> <span class='ocrx_word' id='word_1_167' title='bbox 1171 2138 1236 2192; x_wconf 83' lang='grc' dir='ltr'><strong>Ει</strong></span> <span class='ocrx_word' id='word_1_168' title='bbox 1266 2147 1386 2206; x_wconf 90' lang='lat' dir='ltr'><strong>post</strong></span> <span class='ocrx_word' id='word_1_169' title='bbox 1412 2139 1514 2193; x_wconf 91' lang='lat' dir='ltr'><strong>hoc</strong></span> <span class='ocrx_word' id='word_1_170' title='bbox 1542 2138 1786 2207; x_wconf 82' lang='lat' dir='ltr'><strong>sequitur</strong></span> <span class='ocrx_word' id='word_1_171' title='bbox 1814 2137 1901 2195; x_wconf 73' lang='lat' dir='ltr'><strong>&quot;t</strong></span> <span class='ocrx_word' id='word_1_172' title='bbox 1933 2156 1951 2189; x_wconf 75' lang='grc' dir='ltr'><strong><em>ι</em></strong></span> 
     </span>
    </p>
   </div>
   <div class='ocr_carea' id='block_1_24' title="bbox 374 2227 1956 2298">
    <p class='ocr_par' dir='ltr' id='par_1_24' title="bbox 374 2227 1956 2298">
     <span class='ocr_line' id='line_1_24' title="bbox 374 2227 1956 2298; baseline 0.004 -20"><span class='ocrx_word' id='word_1_173' title='bbox 374 2244 397 2278; x_wconf 72' lang='grc' dir='ltr'><strong><em>ο</em></strong></span> <span class='ocrx_word' id='word_1_174' title='bbox 438 2227 551 2280; x_wconf 86' lang='lat' dir='ltr'><strong>Non</strong></span> <span class='ocrx_word' id='word_1_175' title='bbox 586 2228 757 2281; x_wconf 89' lang='lat' dir='ltr'><strong>facies</strong></span> <span class='ocrx_word' id='word_1_176' title='bbox 790 2227 902 2298; x_wconf 66' lang='lat'><strong>(&#39;27)</strong></span> <span class='ocrx_word' id='word_1_177' title='bbox 953 2229 1049 2282; x_wconf 92' lang='lat' dir='ltr'><strong>tibi</strong></span> <span class='ocrx_word' id='word_1_178' title='bbox 1106 2227 1333 2292; x_wconf 88' lang='lat' dir='ltr'><strong>idolum,</strong></span> <span class='ocrx_word' id='word_1_179' title='bbox 1366 2244 1539 2297; x_wconf 79' lang='lat' dir='ltr'><strong>neque</strong></span> <span class='ocrx_word' id='word_1_180' title='bbox 1568 2230 1727 2282; x_wconf 87' lang='lat' dir='ltr'><strong>ullam</strong></span> <span class='ocrx_word' id='word_1_181' title='bbox 1765 2230 1956 2285; x_wconf 85' lang='lat' dir='ltr'><strong>simili-</strong></span> 
     </span>
    </p>
   </div>
   <div class='ocr_carea' id='block_1_25' title="bbox 375 2318 1956 2391">
    <p class='ocr_par' dir='ltr' id='par_1_25' title="bbox 375 2318 1956 2391">
     <span class='ocr_line' id='line_1_25' title="bbox 375 2318 1956 2391; baseline 0.004 -20"><span class='ocrx_word' id='word_1_182' title='bbox 375 2319 643 2378; x_wconf 85' lang='lat' dir='ltr'><strong>tudinem,</strong></span> <span class='ocrx_word' id='word_1_183' title='bbox 675 2334 1014 2387; x_wconf 69' lang='lat' dir='ltr'><strong>quaecunque</strong></span> <span class='ocrx_word' id='word_1_184' title='bbox 1052 2318 1106 2372; x_wconf 92' lang='lat' dir='ltr'><strong>in</strong></span> <span class='ocrx_word' id='word_1_185' title='bbox 1136 2318 1275 2373; x_wconf 77' lang='lat' dir='ltr'><strong>coelo</strong></span> <span class='ocrx_word' id='word_1_186' title='bbox 1306 2334 1524 2373; x_wconf 87' lang='lat' dir='ltr'><strong>sursum</strong></span> <span class='ocrx_word' id='word_1_187' title='bbox 1562 2330 1783 2386; x_wconf 87' lang='lat' dir='ltr'><strong>sunt,et</strong></span> <span class='ocrx_word' id='word_1_188' title='bbox 1809 2339 1956 2391; x_wconf 70' lang='lat' dir='ltr'><strong>quae-</strong></span> 
     </span>
    </p>
   </div>
   <div class='ocr_carea' id='block_1_26' title="bbox 371 2402 1957 2479">
    <p class='ocr_par' dir='ltr' id='par_1_26' title="bbox 371 2402 1957 2479">
     <span class='ocr_line' id='line_1_26' title="bbox 371 2402 1957 2479; baseline 0.005 -21"><span class='ocrx_word' id='word_1_189' title='bbox 371 2421 584 2475; x_wconf 84' lang='lat' dir='ltr'><strong>eunqtte</strong></span> <span class='ocrx_word' id='word_1_190' title='bbox 615 2406 667 2459; x_wconf 88' lang='lat' dir='ltr'><strong>in</strong></span> <span class='ocrx_word' id='word_1_191' title='bbox 704 2402 847 2461; x_wconf 80' lang='lat' dir='ltr'><strong>terra</strong></span> <span class='ocrx_word' id='word_1_192' title='bbox 887 2407 1138 2462; x_wconf 82' lang='lat' dir='ltr'><strong>deorsum</strong></span> <span class='ocrx_word' id='word_1_193' title='bbox 1171 2418 1318 2475; x_wconf 91' lang='lat' dir='ltr'><strong>sunt,</strong></span> <span class='ocrx_word' id='word_1_194' title='bbox 1354 2417 1408 2462; x_wconf 86' lang='lat' dir='ltr'><strong>et</strong></span> <span class='ocrx_word' id='word_1_195' title='bbox 1447 2425 1783 2479; x_wconf 67' lang='lat' dir='ltr'><strong>quaecunque</strong></span> <span class='ocrx_word' id='word_1_196' title='bbox 1828 2423 1957 2466; x_wconf 89' lang='lat' dir='ltr'><strong>sunt</strong></span> 
     </span>
    </p>
   </div>
   <div class='ocr_carea' id='block_1_27' title="bbox 372 2496 1954 2570">
    <p class='ocr_par' dir='ltr' id='par_1_27' title="bbox 372 2496 1954 2570">
     <span class='ocr_line' id='line_1_27' title="bbox 372 2496 1954 2570; baseline 0.004 -20"><span class='ocrx_word' id='word_1_197' title='bbox 372 2498 424 2550; x_wconf 93' lang='lat' dir='ltr'><strong>in</strong></span> <span class='ocrx_word' id='word_1_198' title='bbox 454 2496 608 2565; x_wconf 89' lang='lat' dir='ltr'><strong>aquis</strong></span> <span class='ocrx_word' id='word_1_199' title='bbox 640 2498 829 2550; x_wconf 89' lang='lat' dir='ltr'><strong>subtus</strong></span> <span class='ocrx_word' id='word_1_200' title='bbox 858 2505 1079 2558; x_wconf 87' lang='lat' dir='ltr'><strong>terram,</strong></span> <span class='ocrx_word' id='word_1_201' title='bbox 1101 2506 1155 2551; x_wconf 92' lang='lat' dir='ltr'><strong>et</strong></span> <span class='ocrx_word' id='word_1_202' title='bbox 1197 2513 1302 2551; x_wconf 89' lang='lat' dir='ltr'><strong>non</strong></span> <span class='ocrx_word' id='word_1_203' title='bbox 1337 2498 1592 2552; x_wconf 82' lang='lat' dir='ltr'><strong>adorabis</strong></span> <span class='ocrx_word' id='word_1_204' title='bbox 1617 2498 1703 2551; x_wconf 86' lang='lat' dir='ltr'><strong>illa</strong></span> <span class='ocrx_word' id='word_1_205' title='bbox 1730 2540 1746 2565; x_wconf 91' lang='lat'><strong>,</strong></span> <span class='ocrx_word' id='word_1_206' title='bbox 1778 2515 1954 2570; x_wconf 84' lang='lat' dir='ltr'><strong>neque</strong></span> 
     </span>
    </p>
   </div>
   <div class='ocr_carea' id='block_1_28' title="bbox 370 2583 1949 2657">
    <p class='ocr_par' dir='ltr' id='par_1_28' title="bbox 370 2583 1949 2657">
     <span class='ocr_line' id='line_1_28' title="bbox 370 2583 1949 2657; baseline 0.005 -20"><span class='ocrx_word' id='word_1_207' title='bbox 370 2583 514 2639; x_wconf 88' lang='lat' dir='ltr'><strong>coles</strong></span> <span class='ocrx_word' id='word_1_208' title='bbox 570 2584 678 2639; x_wconf 89' lang='lat' dir='ltr'><strong>illa.</strong></span> <span class='ocrx_word' id='word_1_209' title='bbox 744 2585 855 2653; x_wconf 84' lang='lat' dir='ltr'><strong>Ego</strong></span> <span class='ocrx_word' id='word_1_210' title='bbox 894 2586 1036 2639; x_wconf 89' lang='lat' dir='ltr'><strong>enim</strong></span> <span class='ocrx_word' id='word_1_211' title='bbox 1096 2603 1213 2640; x_wconf 87' lang='lat' dir='ltr'><strong>su.n</strong></span> <span class='ocrx_word' id='word_1_212' title='bbox 1276 2588 1535 2642; x_wconf 85' lang='lat' dir='ltr'><strong>Dominus</strong></span> <span class='ocrx_word' id='word_1_213' title='bbox 1593 2588 1737 2644; x_wconf 89' lang='lat' dir='ltr'><strong>Deus</strong></span> <span class='ocrx_word' id='word_1_214' title='bbox 1793 2600 1949 2657; x_wconf 88' lang='lat' dir='ltr'><strong>tuus,</strong></span> 
     </span>
    </p>
   </div>
   <div class='ocr_carea' id='block_1_29' title="bbox 372 2672 1949 2747">
    <p class='ocr_par' dir='ltr' id='par_1_29' title="bbox 372 2672 1949 2747">
     <span class='ocr_line' id='line_1_29' title="bbox 372 2672 1949 2747; baseline 0.004 -19"><span class='ocrx_word' id='word_1_215' title='bbox 372 2672 513 2728; x_wconf 82' lang='lat' dir='ltr'><strong>Deus</strong></span> <span class='ocrx_word' id='word_1_216' title='bbox 534 2675 736 2741; x_wconf 86' lang='lat' dir='ltr'><strong>zelaus,</strong></span> <span class='ocrx_word' id='word_1_217' title='bbox 767 2676 856 2745; x_wconf 90' lang='lat' dir='ltr'><strong>qui</strong></span> <span class='ocrx_word' id='word_1_218' title='bbox 893 2678 1058 2731; x_wconf 89' lang='lat' dir='ltr'><strong>reddo</strong></span> <span class='ocrx_word' id='word_1_219' title='bbox 1106 2688 1326 2746; x_wconf 87' lang='lat' dir='ltr'><strong>peccata</strong></span> <span class='ocrx_word' id='word_1_220' title='bbox 1364 2688 1577 2747; x_wconf 87' lang='lat' dir='ltr'><strong>patrum</strong></span> <span class='ocrx_word' id='word_1_221' title='bbox 1616 2680 1666 2735; x_wconf 93' lang='lat' dir='ltr'><strong>in</strong></span> <span class='ocrx_word' id='word_1_222' title='bbox 1701 2681 1865 2745; x_wconf 90' lang='lat' dir='ltr'><strong>lilios,</strong></span> <span class='ocrx_word' id='word_1_223' title='bbox 1896 2682 1949 2735; x_wconf 93' lang='lat' dir='ltr'><strong>in</strong></span> 
     </span>
    </p>
   </div>
   <div class='ocr_carea' id='block_1_30' title="bbox 371 2770 1954 2840">
    <p class='ocr_par' dir='ltr' id='par_1_30' title="bbox 371 2770 1954 2840">
     <span class='ocr_line' id='line_1_30' title="bbox 371 2770 1954 2840; baseline 0.003 -17"><span class='ocrx_word' id='word_1_224' title='bbox 371 2770 585 2823; x_wconf 80' lang='lat' dir='ltr'><strong>tertiam</strong></span> <span class='ocrx_word' id='word_1_225' title='bbox 636 2779 690 2822; x_wconf 90' lang='lat' dir='ltr'><strong>et</strong></span> <span class='ocrx_word' id='word_1_226' title='bbox 747 2782 997 2838; x_wconf 87' lang='lat' dir='ltr'><strong>quartam</strong></span> <span class='ocrx_word' id='word_1_227' title='bbox 1055 2774 1369 2840; x_wconf 79' lang='lat' dir='ltr'><strong>progeniem</strong></span> <span class='ocrx_word' id='word_1_228' title='bbox 1439 2772 1504 2827; x_wconf 89' lang='lat' dir='ltr'><strong>iis</strong></span> <span class='ocrx_word' id='word_1_229' title='bbox 1569 2770 1662 2839; x_wconf 86' lang='lat' dir='ltr'><strong>qui</strong></span> <span class='ocrx_word' id='word_1_230' title='bbox 1723 2772 1954 2827; x_wconf 85' lang='lat' dir='ltr'><strong>oderunt</strong></span> 
     </span>
    </p>
   </div>
   <div class='ocr_carea' id='block_1_31' title="bbox 372 2861 1949 2932">
    <p class='ocr_par' dir='ltr' id='par_1_31' title="bbox 372 2861 1949 2932">
     <span class='ocr_line' id='line_1_31' title="bbox 372 2861 1949 2932; baseline 0.003 -19"><span class='ocrx_word' id='word_1_231' title='bbox 372 2876 496 2923; x_wconf 91' lang='lat' dir='ltr'><strong>me,</strong></span> <span class='ocrx_word' id='word_1_232' title='bbox 538 2872 593 2916; x_wconf 84' lang='lat' dir='ltr'><strong>et</strong></span> <span class='ocrx_word' id='word_1_233' title='bbox 648 2862 857 2916; x_wconf 89' lang='lat' dir='ltr'><strong>faciens</strong></span> <span class='ocrx_word' id='word_1_234' title='bbox 916 2861 1348 2917; x_wconf 88' lang='lat' dir='ltr'><strong>misericordiam</strong></span> <span class='ocrx_word' id='word_1_235' title='bbox 1391 2862 1443 2915; x_wconf 93' lang='lat' dir='ltr'><strong>in</strong></span> <span class='ocrx_word' id='word_1_236' title='bbox 1492 2861 1698 2930; x_wconf 89' lang='lat' dir='ltr'><strong>millia,</strong></span> <span class='ocrx_word' id='word_1_237' title='bbox 1745 2863 1810 2917; x_wconf 92' lang='lat' dir='ltr'><strong>iis</strong></span> <span class='ocrx_word' id='word_1_238' title='bbox 1856 2864 1949 2932; x_wconf 85' lang='lat' dir='ltr'><strong>qui</strong></span> 
     </span>
    </p>
   </div>
   <div class='ocr_carea' id='block_1_32' title="bbox 370 2942 1951 3023">
    <p class='ocr_par' dir='ltr' id='par_1_32' title="bbox 370 2942 1951 3023">
     <span class='ocr_line' id='line_1_32' title="bbox 370 2942 1951 3023; baseline 0.003 -21"><span class='ocrx_word' id='word_1_239' title='bbox 370 2942 597 3019; x_wconf 86' lang='lat' dir='ltr'><strong>diligunt</strong></span> <span class='ocrx_word' id='word_1_240' title='bbox 641 2968 728 3007; x_wconf 88' lang='lat' dir='ltr'><strong>me</strong></span> <span class='ocrx_word' id='word_1_241' title='bbox 771 2962 825 3007; x_wconf 89' lang='lat' dir='ltr'><strong>et</strong></span> <span class='ocrx_word' id='word_1_242' title='bbox 855 2952 947 3022; x_wconf 90' lang='lat' dir='ltr'><strong>qui</strong></span> <span class='ocrx_word' id='word_1_243' title='bbox 991 2962 1211 3007; x_wconf 89' lang='lat' dir='ltr'><strong>servant</strong></span> <span class='ocrx_word' id='word_1_244' title='bbox 1258 2963 1525 3023; x_wconf 68' lang='lat' dir='ltr'><strong>praecepta</strong></span> <span class='ocrx_word' id='word_1_245' title='bbox 1557 2968 1697 3010; x_wconf 89' lang='lat' dir='ltr'><strong>mea.</strong></span> <span class='ocrx_word' id='word_1_246' title='bbox 1754 2972 1773 3005; x_wconf 73' lang='grc' dir='ltr'><strong><em>ι</em></strong></span> <span class='ocrx_word' id='word_1_247' title='bbox 1827 2953 1951 3007; x_wconf 66' lang='lat' dir='ltr'><strong>Ilaec</strong></span> 
     </span>
    </p>
   </div>
   <div class='ocr_carea' id='block_1_33' title="bbox 2056 481 3632 554">
    <p class='ocr_par' dir='ltr' id='par_1_33' title="bbox 2056 481 3632 554">
     <span class='ocr_line' id='line_1_33' title="bbox 2056 481 3632 554; baseline -0.003 -14"><span class='ocrx_word' id='word_1_248' title='bbox 2056 487 2176 540; x_wconf 87' lang='lat' dir='ltr'><strong>aliis</strong></span> <span class='ocrx_word' id='word_1_249' title='bbox 2210 486 2455 540; x_wconf 89' lang='lat' dir='ltr'><strong>invenies</strong></span> <span class='ocrx_word' id='word_1_250' title='bbox 2487 486 2784 554; x_wconf 67' lang='lat' dir='ltr'><strong>Scriptura:</strong></span> <span class='ocrx_word' id='word_1_251' title='bbox 2815 484 2947 538; x_wconf 86' lang='lat' dir='ltr'><strong>locis</strong></span> <span class='ocrx_word' id='word_1_252' title='bbox 2984 484 3115 538; x_wconf 90' lang='lat' dir='ltr'><strong>deos</strong></span> <span class='ocrx_word' id='word_1_253' title='bbox 3146 481 3437 545; x_wconf 83' lang='lat' dir='ltr'><strong>nominari,</strong></span> <span class='ocrx_word' id='word_1_254' title='bbox 3493 481 3632 535; x_wconf 78' lang='lat' dir='ltr'><strong>sicut</strong></span> 
     </span>
    </p>
   </div>
   <div class='ocr_carea' id='block_1_34' title="bbox 2055 576 3631 644">
    <p class='ocr_par' dir='ltr' id='par_1_34' title="bbox 2055 576 3631 644">
     <span class='ocr_line' id='line_1_34' title="bbox 2055 576 3631 644; baseline -0.004 -13"><span class='ocrx_word' id='word_1_255' title='bbox 2055 588 2109 631; x_wconf 90' lang='lat' dir='ltr'><strong>et</strong></span> <span class='ocrx_word' id='word_1_256' title='bbox 2138 578 2270 632; x_wconf 88' lang='lat' dir='ltr'><strong>alibi</strong></span> <span class='ocrx_word' id='word_1_257' title='bbox 2303 578 2435 631; x_wconf 69' lang='lat' dir='ltr'><strong>dicit</strong></span> <span class='ocrx_word' id='word_1_258' title='bbox 2460 578 2502 609; x_wconf 81' lang='lat'><strong>&quot;’</strong></span> <span class='ocrx_word' id='word_1_259' title='bbox 2536 595 2548 631; x_wconf 87' lang='lat'><strong>:</strong></span> <span class='ocrx_word' id='word_1_260' title='bbox 2588 577 2890 644; x_wconf 78' lang='lat' dir='ltr'><strong>thoniam</strong></span> <span class='ocrx_word' id='word_1_261' title='bbox 2925 576 3180 629; x_wconf 90' lang='lat' dir='ltr'><strong>Dominus</strong></span> <span class='ocrx_word' id='word_1_262' title='bbox 3210 589 3474 634; x_wconf 87' lang='lat' dir='ltr'><strong>summus,</strong></span> <span class='ocrx_word' id='word_1_263' title='bbox 3521 582 3631 624; x_wconf 81' lang='lat' dir='ltr'><strong>ter-</strong></span> 
     </span>
    </p>
   </div>
   <div class='ocr_carea' id='block_1_35' title="bbox 2058 663 3629 738">
    <p class='ocr_par' dir='ltr' id='par_1_35' title="bbox 2058 663 3629 738">
     <span class='ocr_line' id='line_1_35' title="bbox 2058 663 3629 738; baseline -0.004 -13"><span class='ocrx_word' id='word_1_264' title='bbox 2058 673 2254 735; x_wconf 89' lang='lat' dir='ltr'><strong>ribilis,</strong></span> <span class='ocrx_word' id='word_1_265' title='bbox 2287 680 2340 725; x_wconf 90' lang='lat' dir='ltr'><strong>et</strong></span> <span class='ocrx_word' id='word_1_266' title='bbox 2370 687 2466 724; x_wconf 77' lang='lat' dir='ltr'><strong>rex</strong></span> <span class='ocrx_word' id='word_1_267' title='bbox 2518 685 2749 737; x_wconf 89' lang='lat' dir='ltr'><strong>magnus</strong></span> <span class='ocrx_word' id='word_1_268' title='bbox 2778 684 2942 738; x_wconf 87' lang='lat' dir='ltr'><strong>super</strong></span> <span class='ocrx_word' id='word_1_269' title='bbox 2980 682 3170 721; x_wconf 87' lang='lat' dir='ltr'><strong>omnes</strong></span> <span class='ocrx_word' id='word_1_270' title='bbox 3211 675 3380 727; x_wconf 86' lang='lat' dir='ltr'><strong>deos;</strong></span> <span class='ocrx_word' id='word_1_271' title='bbox 3409 684 3428 715; x_wconf 71' lang='grc' dir='ltr'>ι</span> <span class='ocrx_word' id='word_1_272' title='bbox 3462 673 3517 717; x_wconf 93' lang='lat' dir='ltr'><strong>et</strong></span> <span class='ocrx_word' id='word_1_273' title='bbox 3542 663 3629 718; x_wconf 62' lang='grc' dir='ltr'><strong>ης</strong></span> 
     </span>
    </p>
   </div>
   <div class='ocr_carea' id='block_1_36' title="bbox 2060 754 3632 819">
    <p class='ocr_par' dir='ltr' id='par_1_36' title="bbox 2060 754 3632 819">
     <span class='ocr_line' id='line_1_36' title="bbox 2060 754 3632 819; baseline -0.002 -6"><span class='ocrx_word' id='word_1_274' title='bbox 2060 780 2078 813; x_wconf 69' lang='grc' dir='ltr'>ς</span> <span class='ocrx_word' id='word_1_275' title='bbox 2109 762 2249 816; x_wconf 89' lang='lat' dir='ltr'><strong>Dens</strong></span> <span class='ocrx_word' id='word_1_276' title='bbox 2280 762 2501 815; x_wconf 91' lang='lat' dir='ltr'><strong>deorum</strong></span> <span class='ocrx_word' id='word_1_277' title='bbox 2535 760 2798 813; x_wconf 87' lang='lat' dir='ltr'><strong>Dominus</strong></span> <span class='ocrx_word' id='word_1_278' title='bbox 2830 759 3041 813; x_wconf 85' lang='lat' dir='ltr'><strong>loeutus</strong></span> <span class='ocrx_word' id='word_1_279' title='bbox 3069 767 3188 819; x_wconf 88' lang='lat' dir='ltr'><strong>est;</strong></span> <span class='ocrx_word' id='word_1_280' title='bbox 3214 775 3233 807; x_wconf 71' lang='grc' dir='ltr'><strong><em>ι</em></strong></span> <span class='ocrx_word' id='word_1_281' title='bbox 3271 764 3326 808; x_wconf 90' lang='lat' dir='ltr'><strong>et</strong></span> <span class='ocrx_word' id='word_1_282' title='bbox 3400 754 3443 787; x_wconf 76' lang='lat'>&quot;</span> <span class='ocrx_word' id='word_1_283' title='bbox 3476 770 3489 783; x_wconf 83' lang='lat'>&#39;</span> <span class='ocrx_word' id='word_1_284' title='bbox 3531 772 3551 807; x_wconf 75' lang='grc' dir='ltr'>ι</span> <span class='ocrx_word' id='word_1_285' title='bbox 3575 755 3632 810; x_wconf 76' lang='lat' dir='ltr'><strong>In</strong></span> 
     </span>
    </p>
   </div>
   <div class='ocr_carea' id='block_1_37' title="bbox 2057 846 3633 905">
    <p class='ocr_par' dir='ltr' id='par_1_37' title="bbox 2057 846 3633 905">
     <span class='ocr_line' id='line_1_37' title="bbox 2057 846 3633 905; baseline -0.003 -1"><span class='ocrx_word' id='word_1_286' title='bbox 2057 853 2236 905; x_wconf 89' lang='lat' dir='ltr'><strong>medio</strong></span> <span class='ocrx_word' id='word_1_287' title='bbox 2292 860 2474 905; x_wconf 89' lang='lat' dir='ltr'><strong>autem</strong></span> <span class='ocrx_word' id='word_1_288' title='bbox 2528 851 2660 905; x_wconf 90' lang='lat' dir='ltr'><strong>deos</strong></span> <span class='ocrx_word' id='word_1_289' title='bbox 2712 849 3037 903; x_wconf 65' lang='lat' dir='ltr'><strong>discernit.»</strong></span> <span class='ocrx_word' id='word_1_290' title='bbox 3100 846 3174 898; x_wconf 91' lang='lat' dir='ltr'><strong>De</strong></span> <span class='ocrx_word' id='word_1_291' title='bbox 3215 846 3447 901; x_wconf 88' lang='lat' dir='ltr'><strong>dominis</strong></span> <span class='ocrx_word' id='word_1_292' title='bbox 3492 846 3633 899; x_wconf 78' lang='lat' dir='ltr'><strong>idem</strong></span> 
     </span>
    </p>
   </div>
   <div class='ocr_carea' id='block_1_38' title="bbox 2055 937 3632 1014">
    <p class='ocr_par' dir='ltr' id='par_1_38' title="bbox 2055 937 3632 1014">
     <span class='ocr_line' id='line_1_38' title="bbox 2055 937 3632 1014; baseline -0.004 -17"><span class='ocrx_word' id='word_1_293' title='bbox 2055 944 2345 1014; x_wconf 78' lang='lat' dir='ltr'><strong>Apostolus</strong></span> <span class='ocrx_word' id='word_1_294' title='bbox 2376 942 2508 997; x_wconf 89' lang='lat' dir='ltr'><strong>dicit</strong></span> <span class='ocrx_word' id='word_1_295' title='bbox 2534 942 2579 974; x_wconf 83' lang='grc' dir='ltr'><strong>⁵ο</strong></span> <span class='ocrx_word' id='word_1_296' title='bbox 2612 958 2628 995; x_wconf 91' lang='lat'><strong>:</strong></span> <span class='ocrx_word' id='word_1_297' title='bbox 2669 959 2686 991; x_wconf 75' lang='grc' dir='ltr'>ι</span> <span class='ocrx_word' id='word_1_298' title='bbox 2715 939 2841 994; x_wconf 87' lang='lat' dir='ltr'><strong>Sive</strong></span> <span class='ocrx_word' id='word_1_299' title='bbox 2884 937 3085 1001; x_wconf 82' lang='lat' dir='ltr'><strong>throni,</strong></span> <span class='ocrx_word' id='word_1_300' title='bbox 3138 938 3252 991; x_wconf 85' lang='lat' dir='ltr'><strong>sive</strong></span> <span class='ocrx_word' id='word_1_301' title='bbox 3303 937 3632 990; x_wconf 82' lang='lat' dir='ltr'><strong>dominatio-</strong></span> 
     </span>
    </p>
   </div>
   <div class='ocr_carea' id='block_1_39' title="bbox 2057 1028 3635 1102">
    <p class='ocr_par' dir='ltr' id='par_1_39' title="bbox 2057 1028 3635 1102">
     <span class='ocr_line' id='line_1_39' title="bbox 2057 1028 3635 1102; baseline -0.006 -13"><span class='ocrx_word' id='word_1_302' title='bbox 2057 1050 2174 1097; x_wconf 89' lang='lat' dir='ltr'><strong>nes,</strong></span> <span class='ocrx_word' id='word_1_303' title='bbox 2226 1035 2341 1088; x_wconf 86' lang='lat' dir='ltr'><strong>sive</strong></span> <span class='ocrx_word' id='word_1_304' title='bbox 2392 1041 2712 1102; x_wconf 87' lang='lat' dir='ltr'><strong>potestates,</strong></span> <span class='ocrx_word' id='word_1_305' title='bbox 2758 1030 2938 1085; x_wconf 84' lang='lat' dir='ltr'><strong>omnia</strong></span> <span class='ocrx_word' id='word_1_306' title='bbox 2989 1044 3084 1097; x_wconf 90' lang='lat' dir='ltr'><strong>per</strong></span> <span class='ocrx_word' id='word_1_307' title='bbox 3125 1030 3319 1095; x_wconf 91' lang='lat' dir='ltr'><strong>ipsum,</strong></span> <span class='ocrx_word' id='word_1_308' title='bbox 3350 1028 3484 1081; x_wconf 91' lang='lat' dir='ltr'><strong>etin</strong></span> <span class='ocrx_word' id='word_1_309' title='bbox 3516 1028 3635 1095; x_wconf 85' lang='lat' dir='ltr'><strong>ipso</strong></span> 
     </span>
    </p>
   </div>
   <div class='ocr_carea' id='block_1_40' title="bbox 2054 1120 3631 1181">
    <p class='ocr_par' dir='ltr' id='par_1_40' title="bbox 2054 1120 3631 1181">
     <span class='ocr_line' id='line_1_40' title="bbox 2054 1120 3631 1181; baseline -0.006 0"><span class='ocrx_word' id='word_1_310' title='bbox 2054 1127 2237 1181; x_wconf 89' lang='lat' dir='ltr'><strong>omnia</strong></span> <span class='ocrx_word' id='word_1_311' title='bbox 2297 1136 2481 1180; x_wconf 90' lang='lat' dir='ltr'><strong>creata</strong></span> <span class='ocrx_word' id='word_1_312' title='bbox 2530 1134 2675 1179; x_wconf 89' lang='lat' dir='ltr'><strong>sunt.</strong></span> <span class='ocrx_word' id='word_1_313' title='bbox 2714 1143 2734 1176; x_wconf 70' lang='grc' dir='ltr'>ι</span> <span class='ocrx_word' id='word_1_314' title='bbox 2798 1123 3205 1177; x_wconf 91' lang='lat' dir='ltr'><strong>Dominatioues</strong></span> <span class='ocrx_word' id='word_1_315' title='bbox 3258 1130 3439 1175; x_wconf 90' lang='lat' dir='ltr'><strong>autem</strong></span> <span class='ocrx_word' id='word_1_316' title='bbox 3498 1120 3631 1173; x_wconf 84' lang='lat' dir='ltr'><strong>nihil</strong></span> 
     </span>
    </p>
   </div>
   <div class='ocr_carea' id='block_1_41' title="bbox 2055 1211 3629 1285">
    <p class='ocr_par' dir='ltr' id='par_1_41' title="bbox 2055 1211 3629 1285">
     <span class='ocr_line' id='line_1_41' title="bbox 2055 1211 3629 1285; baseline -0.006 -13"><span class='ocrx_word' id='word_1_317' title='bbox 2055 1218 2198 1272; x_wconf 88' lang='lat' dir='ltr'><strong>aliud</strong></span> <span class='ocrx_word' id='word_1_318' title='bbox 2226 1228 2376 1280; x_wconf 89' lang='lat' dir='ltr'><strong>sunt,</strong></span> <span class='ocrx_word' id='word_1_319' title='bbox 2424 1233 2586 1285; x_wconf 89' lang='lat' dir='ltr'><strong>quam</strong></span> <span class='ocrx_word' id='word_1_320' title='bbox 2638 1215 2773 1269; x_wconf 87' lang='lat' dir='ltr'><strong>ordo</strong></span> <span class='ocrx_word' id='word_1_321' title='bbox 2806 1214 3028 1283; x_wconf 86' lang='lat' dir='ltr'><strong>quidam</strong></span> <span class='ocrx_word' id='word_1_322' title='bbox 3060 1223 3113 1266; x_wconf 90' lang='lat' dir='ltr'><strong>et</strong></span> <span class='ocrx_word' id='word_1_323' title='bbox 3144 1211 3429 1265; x_wconf 91' lang='lat' dir='ltr'><strong>multitudo</strong></span> <span class='ocrx_word' id='word_1_324' title='bbox 3459 1211 3629 1264; x_wconf 81' lang='lat' dir='ltr'><strong>domi-</strong></span> 
     </span>
    </p>
   </div>
   <div class='ocr_carea' id='block_1_42' title="bbox 2055 1305 3634 1379">
    <p class='ocr_par' dir='ltr' id='par_1_42' title="bbox 2055 1305 3634 1379">
     <span class='ocr_line' id='line_1_42' title="bbox 2055 1305 3634 1379; baseline -0.003 -16"><span class='ocrx_word' id='word_1_325' title='bbox 2055 1327 2271 1365; x_wconf 85' lang='lat' dir='ltr'><strong>norum.</strong></span> <span class='ocrx_word' id='word_1_326' title='bbox 2314 1309 2369 1363; x_wconf 88' lang='lat' dir='ltr'><strong>In</strong></span> <span class='ocrx_word' id='word_1_327' title='bbox 2401 1326 2534 1379; x_wconf 88' lang='lat' dir='ltr'><strong>quo,</strong></span> <span class='ocrx_word' id='word_1_328' title='bbox 2585 1318 2643 1361; x_wconf 93' lang='lat' dir='ltr'><strong>ut</strong></span> <span class='ocrx_word' id='word_1_329' title='bbox 2676 1308 2805 1362; x_wconf 87' lang='lat' dir='ltr'><strong>mihi</strong></span> <span class='ocrx_word' id='word_1_330' title='bbox 2841 1308 3080 1369; x_wconf 88' lang='lat' dir='ltr'><strong>videtur,</strong></span> <span class='ocrx_word' id='word_1_331' title='bbox 3138 1322 3356 1360; x_wconf 90' lang='lat' dir='ltr'><strong>sensum</strong></span> <span class='ocrx_word' id='word_1_332' title='bbox 3389 1305 3527 1375; x_wconf 84' lang='lat' dir='ltr'><strong>legis</strong></span> <span class='ocrx_word' id='word_1_333' title='bbox 3553 1305 3634 1358; x_wconf 85' lang='lat' dir='ltr'><strong>lu-</strong></span> 
     </span>
    </p>
   </div>
   <div class='ocr_carea' id='block_1_43' title="bbox 2054 1397 3635 1469">
    <p class='ocr_par' dir='ltr' id='par_1_43' title="bbox 2054 1397 3635 1469">
     <span class='ocr_line' id='line_1_43' title="bbox 2054 1397 3635 1469; baseline -0.003 -12"><span class='ocrx_word' id='word_1_334' title='bbox 2054 1403 2320 1457; x_wconf 90' lang='lat' dir='ltr'><strong>cidiorem</strong></span> <span class='ocrx_word' id='word_1_335' title='bbox 2350 1400 2475 1454; x_wconf 86' lang='lat' dir='ltr'><strong>fecit</strong></span> <span class='ocrx_word' id='word_1_336' title='bbox 2504 1400 2782 1469; x_wconf 87' lang='lat' dir='ltr'><strong>apostolus</strong></span> <span class='ocrx_word' id='word_1_337' title='bbox 2817 1398 3035 1453; x_wconf 84' lang='lat' dir='ltr'><strong>Paulus.</strong></span> <span class='ocrx_word' id='word_1_338' title='bbox 3065 1399 3193 1454; x_wconf 85' lang='lat' dir='ltr'><strong>Tale</strong></span> <span class='ocrx_word' id='word_1_339' title='bbox 3215 1407 3303 1452; x_wconf 87' lang='lat' dir='ltr'><strong>est</strong></span> <span class='ocrx_word' id='word_1_340' title='bbox 3324 1397 3466 1453; x_wconf 92' lang='lat' dir='ltr'><strong>enim</strong></span> <span class='ocrx_word' id='word_1_341' title='bbox 3488 1398 3635 1464; x_wconf 89' lang='lat' dir='ltr'><strong>quod</strong></span> 
     </span>
    </p>
   </div>
   <div class='ocr_carea' id='block_1_44' title="bbox 2057 1487 3636 1559">
    <p class='ocr_par' dir='ltr' id='par_1_44' title="bbox 2057 1487 3636 1559">
     <span class='ocr_line' id='line_1_44' title="bbox 2057 1487 3636 1559; baseline -0.003 -13"><span class='ocrx_word' id='word_1_342' title='bbox 2057 1494 2239 1548; x_wconf 83' lang='lat' dir='ltr'><strong>dicit:</strong></span> <span class='ocrx_word' id='word_1_343' title='bbox 2287 1491 2438 1547; x_wconf 86' lang='lat' dir='ltr'><strong>Licet</strong></span> <span class='ocrx_word' id='word_1_344' title='bbox 2462 1491 2573 1546; x_wconf 89' lang='lat' dir='ltr'><strong>sint</strong></span> <span class='ocrx_word' id='word_1_345' title='bbox 2616 1491 2768 1545; x_wconf 92' lang='lat' dir='ltr'><strong>multi</strong></span> <span class='ocrx_word' id='word_1_346' title='bbox 2820 1491 3021 1546; x_wconf 89' lang='lat' dir='ltr'><strong>domini</strong></span> <span class='ocrx_word' id='word_1_347' title='bbox 3074 1490 3164 1559; x_wconf 89' lang='lat' dir='ltr'><strong>qui</strong></span> <span class='ocrx_word' id='word_1_348' title='bbox 3221 1489 3344 1544; x_wconf 89' lang='lat' dir='ltr'><strong>aliis</strong></span> <span class='ocrx_word' id='word_1_349' title='bbox 3385 1487 3636 1557; x_wconf 74' lang='lat' dir='ltr'><strong>gentibus</strong></span> 
     </span>
    </p>
   </div>
   <div class='ocr_carea' id='block_1_45' title="bbox 2055 1579 3637 1653">
    <p class='ocr_par' dir='ltr' id='par_1_45' title="bbox 2055 1579 3637 1653">
     <span class='ocr_line' id='line_1_45' title="bbox 2055 1579 3637 1653; baseline -0.003 -17"><span class='ocrx_word' id='word_1_350' title='bbox 2055 1583 2425 1645; x_wconf 85' lang='lat' dir='ltr'><strong>dominentur,</strong></span> <span class='ocrx_word' id='word_1_351' title='bbox 2457 1590 2512 1636; x_wconf 90' lang='lat' dir='ltr'><strong>et</strong></span> <span class='ocrx_word' id='word_1_352' title='bbox 2546 1582 2621 1636; x_wconf 93' lang='lat' dir='ltr'><strong>dii</strong></span> <span class='ocrx_word' id='word_1_353' title='bbox 2656 1582 2808 1636; x_wconf 92' lang='lat' dir='ltr'><strong>multi</strong></span> <span class='ocrx_word' id='word_1_354' title='bbox 2846 1583 2936 1653; x_wconf 85' lang='lat' dir='ltr'><strong>qui</strong></span> <span class='ocrx_word' id='word_1_355' title='bbox 2969 1584 3036 1637; x_wconf 87' lang='lat' dir='ltr'><strong>ab</strong></span> <span class='ocrx_word' id='word_1_356' title='bbox 3071 1582 3196 1635; x_wconf 90' lang='lat' dir='ltr'><strong>aliis</strong></span> <span class='ocrx_word' id='word_1_357' title='bbox 3236 1579 3505 1644; x_wconf 87' lang='lat' dir='ltr'><strong>colantur,</strong></span> <span class='ocrx_word' id='word_1_358' title='bbox 3537 1584 3637 1636; x_wconf 86' lang='lat' dir='ltr'><strong>sed</strong></span> 
     </span>
    </p>
   </div>
   <div class='ocr_carea' id='block_1_46' title="bbox 2058 1672 3631 1739">
    <p class='ocr_par' dir='ltr' id='par_1_46' title="bbox 2058 1672 3631 1739">
     <span class='ocr_line' id='line_1_46' title="bbox 2058 1672 3631 1739; baseline -0.003 -13"><span class='ocrx_word' id='word_1_359' title='bbox 2058 1672 2214 1728; x_wconf 90' lang='lat' dir='ltr'><strong>nobis</strong></span> <span class='ocrx_word' id='word_1_360' title='bbox 2246 1689 2382 1727; x_wconf 85' lang='lat' dir='ltr'><strong>unus</strong></span> <span class='ocrx_word' id='word_1_361' title='bbox 2415 1673 2575 1735; x_wconf 89' lang='lat' dir='ltr'><strong>Deus,</strong></span> <span class='ocrx_word' id='word_1_362' title='bbox 2630 1688 2767 1727; x_wconf 91' lang='lat' dir='ltr'><strong>unus</strong></span> <span class='ocrx_word' id='word_1_363' title='bbox 2797 1672 3081 1726; x_wconf 83' lang='lat' dir='ltr'><strong>Dominus.</strong></span> <span class='ocrx_word' id='word_1_364' title='bbox 3123 1672 3261 1739; x_wconf 85' lang='lat' dir='ltr'><strong>Quid</strong></span> <span class='ocrx_word' id='word_1_365' title='bbox 3289 1682 3469 1725; x_wconf 90' lang='lat' dir='ltr'><strong>autem</strong></span> <span class='ocrx_word' id='word_1_366' title='bbox 3501 1686 3631 1724; x_wconf 86' lang='lat' dir='ltr'><strong>cau-</strong></span> 
     </span>
    </p>
   </div>
   <div class='ocr_carea' id='block_1_47' title="bbox 2062 1762 3633 1830">
    <p class='ocr_par' dir='ltr' id='par_1_47' title="bbox 2062 1762 3633 1830">
     <span class='ocr_line' id='line_1_47' title="bbox 2062 1762 3633 1830; baseline -0.004 -9"><span class='ocrx_word' id='word_1_367' title='bbox 2062 1782 2135 1821; x_wconf 71' lang='lat' dir='ltr'><strong>sa:</strong></span> <span class='ocrx_word' id='word_1_368' title='bbox 2164 1767 2237 1820; x_wconf 88' lang='lat' dir='ltr'><strong>sit</strong></span> <span class='ocrx_word' id='word_1_369' title='bbox 2274 1768 2325 1819; x_wconf 91' lang='lat' dir='ltr'><strong>iu</strong></span> <span class='ocrx_word' id='word_1_370' title='bbox 2359 1766 2467 1820; x_wconf 90' lang='lat' dir='ltr'><strong>diis</strong></span> <span class='ocrx_word' id='word_1_371' title='bbox 2499 1766 2701 1830; x_wconf 85' lang='lat' dir='ltr'><strong>multis,</strong></span> <span class='ocrx_word' id='word_1_372' title='bbox 2738 1764 2821 1817; x_wconf 90' lang='lat' dir='ltr'><strong>vel</strong></span> <span class='ocrx_word' id='word_1_373' title='bbox 2859 1764 3093 1819; x_wconf 86' lang='lat' dir='ltr'><strong>dominis</strong></span> <span class='ocrx_word' id='word_1_374' title='bbox 3120 1763 3324 1830; x_wconf 92' lang='lat' dir='ltr'><strong>multis,</strong></span> <span class='ocrx_word' id='word_1_375' title='bbox 3354 1764 3398 1818; x_wconf 90' lang='lat' dir='ltr'><strong>si</strong></span> <span class='ocrx_word' id='word_1_376' title='bbox 3431 1762 3633 1816; x_wconf 88' lang='lat' dir='ltr'><strong>intente</strong></span> 
     </span>
    </p>
   </div>
   <div class='ocr_carea' id='block_1_48' title="bbox 2061 1854 3635 1927">
    <p class='ocr_par' dir='ltr' id='par_1_48' title="bbox 2061 1854 3635 1927">
     <span class='ocr_line' id='line_1_48' title="bbox 2061 1854 3635 1927; baseline -0.003 -15"><span class='ocrx_word' id='word_1_377' title='bbox 2061 1868 2113 1912; x_wconf 91' lang='lat' dir='ltr'><strong>et</strong></span> <span class='ocrx_word' id='word_1_378' title='bbox 2147 1859 2415 1927; x_wconf 88' lang='lat' dir='ltr'><strong>patienter</strong></span> <span class='ocrx_word' id='word_1_379' title='bbox 2448 1856 2668 1919; x_wconf 90' lang='lat' dir='ltr'><strong>auditis,</strong></span> <span class='ocrx_word' id='word_1_380' title='bbox 2703 1856 2816 1925; x_wconf 87' lang='lat' dir='ltr'><strong>ipsa</strong></span> <span class='ocrx_word' id='word_1_381' title='bbox 2843 1872 2942 1910; x_wconf 86' lang='lat' dir='ltr'><strong>nos</strong></span> <span class='ocrx_word' id='word_1_382' title='bbox 2971 1854 3249 1923; x_wconf 86' lang='lat' dir='ltr'><strong>Scriptura</strong></span> <span class='ocrx_word' id='word_1_383' title='bbox 3280 1855 3478 1924; x_wconf 86' lang='lat' dir='ltr'><strong>poterit</strong></span> <span class='ocrx_word' id='word_1_384' title='bbox 3511 1854 3635 1908; x_wconf 75' lang='lat' dir='ltr'><strong>edo-</strong></span> 
     </span>
    </p>
   </div>
   <div class='ocr_carea' id='block_1_49' title="bbox 2060 1947 3630 2005">
    <p class='ocr_par' dir='ltr' id='par_1_49' title="bbox 2060 1947 3630 2005">
     <span class='ocr_line' id='line_1_49' title="bbox 2060 1947 3630 2005; baseline -0.002 -2"><span class='ocrx_word' id='word_1_385' title='bbox 2060 1963 2207 2003; x_wconf 90' lang='lat' dir='ltr'><strong>cere.</strong></span> <span class='ocrx_word' id='word_1_386' title='bbox 2244 1949 2333 2002; x_wconf 83' lang='lat' dir='ltr'><strong>Ait</strong></span> <span class='ocrx_word' id='word_1_387' title='bbox 2364 1950 2508 2004; x_wconf 89' lang='lat' dir='ltr'><strong>enim</strong></span> <span class='ocrx_word' id='word_1_388' title='bbox 2558 1950 2698 2005; x_wconf 89' lang='lat' dir='ltr'><strong>idem</strong></span> <span class='ocrx_word' id='word_1_389' title='bbox 2732 1947 2906 2002; x_wconf 77' lang='lat' dir='ltr'><strong>Moses</strong></span> <span class='ocrx_word' id='word_1_390' title='bbox 2957 1948 3010 2001; x_wconf 92' lang='lat' dir='ltr'><strong>in</strong></span> <span class='ocrx_word' id='word_1_391' title='bbox 3044 1947 3447 2002; x_wconf 89' lang='lat' dir='ltr'><strong>Deuteronomii</strong></span> <span class='ocrx_word' id='word_1_392' title='bbox 3496 1962 3630 2002; x_wconf 74' lang='lat' dir='ltr'><strong>ran-</strong></span> 
     </span>
    </p>
   </div>
   <div class='ocr_carea' id='block_1_50' title="bbox 2062 2040 3647 2111">
    <p class='ocr_par' dir='ltr' id='par_1_50' title="bbox 2062 2040 3647 2111">
     <span class='ocr_line' id='line_1_50' title="bbox 2062 2040 3647 2111; baseline 0.001 -17"><span class='ocrx_word' id='word_1_393' title='bbox 2062 2042 2165 2094; x_wconf 73' lang='lat' dir='ltr'><strong>tico</strong></span> <span class='ocrx_word' id='word_1_394' title='bbox 2187 2042 2273 2095; x_wconf 70' lang='grc' dir='ltr'><strong>διε</strong></span> <span class='ocrx_word' id='word_1_395' title='bbox 2309 2058 2328 2092; x_wconf 72' lang='grc' dir='ltr'>ι</span> <span class='ocrx_word' id='word_1_396' title='bbox 2370 2041 2505 2096; x_wconf 85' lang='lat' dir='ltr'><strong>Cum</strong></span> <span class='ocrx_word' id='word_1_397' title='bbox 2546 2041 2831 2102; x_wconf 90' lang='lat' dir='ltr'><strong>divideret,</strong></span> <span class='ocrx_word' id='word_1_398' title='bbox 2878 2040 3072 2108; x_wconf 88' lang='lat' dir='ltr'><strong>inquit,</strong></span> <span class='ocrx_word' id='word_1_399' title='bbox 3121 2040 3380 2095; x_wconf 85' lang='lat' dir='ltr'><strong>Excelsus</strong></span> <span class='ocrx_word' id='word_1_400' title='bbox 3420 2052 3647 2111; x_wconf 50' lang='lat' dir='ltr'><strong>gentes,</strong></span> 
     </span>
    </p>
   </div>
   <div class='ocr_carea' id='block_1_51' title="bbox 2059 2132 3633 2203">
    <p class='ocr_par' dir='ltr' id='par_1_51' title="bbox 2059 2132 3633 2203">
     <span class='ocr_line' id='line_1_51' title="bbox 2059 2132 3633 2203; baseline 0 -18"><span class='ocrx_word' id='word_1_401' title='bbox 2059 2144 2111 2186; x_wconf 85' lang='lat' dir='ltr'><strong>et</strong></span> <span class='ocrx_word' id='word_1_402' title='bbox 2144 2133 2471 2203; x_wconf 78' lang='lat' dir='ltr'><strong>dispergeret</strong></span> <span class='ocrx_word' id='word_1_403' title='bbox 2505 2132 2645 2186; x_wconf 87' lang='lat' dir='ltr'><strong>filios</strong></span> <span class='ocrx_word' id='word_1_404' title='bbox 2676 2132 2822 2195; x_wconf 65' lang='lat' dir='ltr'><strong>Adae,</strong></span> <span class='ocrx_word' id='word_1_405' title='bbox 2855 2132 3336 2186; x_wconf 78' lang='lat' dir='ltr'><strong>statuiuerminos</strong></span> <span class='ocrx_word' id='word_1_406' title='bbox 3361 2132 3633 2201; x_wconf 79' lang='lat' dir='ltr'><strong>gentium,</strong></span> 
     </span>
    </p>
   </div>
   <div class='ocr_carea' id='block_1_52' title="bbox 2060 2222 3632 2289">
    <p class='ocr_par' dir='ltr' id='par_1_52' title="bbox 2060 2222 3632 2289">
     <span class='ocr_line' id='line_1_52' title="bbox 2060 2222 3632 2289; baseline 0 -13"><span class='ocrx_word' id='word_1_407' title='bbox 2060 2222 2357 2277; x_wconf 87' lang='lat' dir='ltr'><strong>secundum</strong></span> <span class='ocrx_word' id='word_1_408' title='bbox 2414 2237 2700 2276; x_wconf 89' lang='lat' dir='ltr'><strong>numerum</strong></span> <span class='ocrx_word' id='word_1_409' title='bbox 2750 2222 3062 2289; x_wconf 87' lang='lat' dir='ltr'><strong>angelorum</strong></span> <span class='ocrx_word' id='word_1_410' title='bbox 3096 2223 3209 2289; x_wconf 85' lang='lat' dir='ltr'><strong>Dei,</strong></span> <span class='ocrx_word' id='word_1_411' title='bbox 3256 2234 3314 2278; x_wconf 91' lang='lat' dir='ltr'><strong>et</strong></span> <span class='ocrx_word' id='word_1_412' title='bbox 3356 2222 3495 2278; x_wconf 87' lang='lat' dir='ltr'><strong>facta</strong></span> <span class='ocrx_word' id='word_1_413' title='bbox 3547 2233 3632 2277; x_wconf 86' lang='lat' dir='ltr'><strong>est</strong></span> 
     </span>
    </p>
   </div>
   <div class='ocr_carea' id='block_1_53' title="bbox 2060 2311 3627 2381">
    <p class='ocr_par' dir='ltr' id='par_1_53' title="bbox 2060 2311 3627 2381">
     <span class='ocr_line' id='line_1_53' title="bbox 2060 2311 3627 2381; baseline 0.002 -17"><span class='ocrx_word' id='word_1_414' title='bbox 2060 2312 2235 2380; x_wconf 86' lang='lat' dir='ltr'><strong>portio</strong></span> <span class='ocrx_word' id='word_1_415' title='bbox 2262 2311 2472 2366; x_wconf 87' lang='lat' dir='ltr'><strong>Domini</strong></span> <span class='ocrx_word' id='word_1_416' title='bbox 2505 2312 2736 2380; x_wconf 87' lang='lat' dir='ltr'><strong>populus</strong></span> <span class='ocrx_word' id='word_1_417' title='bbox 2765 2311 2883 2381; x_wconf 90' lang='lat' dir='ltr'><strong>ejus</strong></span> <span class='ocrx_word' id='word_1_418' title='bbox 2914 2312 3104 2378; x_wconf 73' lang='lat' dir='ltr'><strong>Iacob,</strong></span> <span class='ocrx_word' id='word_1_419' title='bbox 3156 2312 3431 2367; x_wconf 81' lang='lat' dir='ltr'><strong>funiculus</strong></span> <span class='ocrx_word' id='word_1_420' title='bbox 3457 2312 3627 2367; x_wconf 63' lang='lat' dir='ltr'><strong>hatre-</strong></span> 
     </span>
    </p>
   </div>
   <div class='ocr_carea' id='block_1_54' title="bbox 2057 2400 3632 2473">
    <p class='ocr_par' dir='ltr' id='par_1_54' title="bbox 2057 2400 3632 2473">
     <span class='ocr_line' id='line_1_54' title="bbox 2057 2400 3632 2473; baseline 0.002 -18"><span class='ocrx_word' id='word_1_421' title='bbox 2057 2400 2240 2455; x_wconf 90' lang='lat' dir='ltr'><strong>ditatis</strong></span> <span class='ocrx_word' id='word_1_422' title='bbox 2265 2400 2382 2469; x_wconf 87' lang='lat' dir='ltr'><strong>ejus</strong></span> <span class='ocrx_word' id='word_1_423' title='bbox 2410 2400 2594 2453; x_wconf 89' lang='lat' dir='ltr'><strong>Israel.</strong></span> <span class='ocrx_word' id='word_1_424' title='bbox 2621 2418 2640 2452; x_wconf 73' lang='grc' dir='ltr'><strong>ι</strong></span> <span class='ocrx_word' id='word_1_425' title='bbox 2684 2400 2917 2471; x_wconf 78' lang='lat' dir='ltr'><strong>Angelos</strong></span> <span class='ocrx_word' id='word_1_426' title='bbox 2962 2401 3128 2472; x_wconf 87' lang='lat' dir='ltr'><strong>igitur</strong></span> <span class='ocrx_word' id='word_1_427' title='bbox 3157 2402 3294 2473; x_wconf 73' lang='lat'><strong>(29),</strong></span> <span class='ocrx_word' id='word_1_428' title='bbox 3322 2403 3515 2471; x_wconf 90' lang='lat' dir='ltr'><strong>quibus</strong></span> <span class='ocrx_word' id='word_1_429' title='bbox 3545 2418 3632 2458; x_wconf 79' lang='lat' dir='ltr'><strong>re-</strong></span> 
     </span>
    </p>
   </div>
   <div class='ocr_carea' id='block_1_55' title="bbox 2056 2492 3633 2565">
    <p class='ocr_par' dir='ltr' id='par_1_55' title="bbox 2056 2492 3633 2565">
     <span class='ocr_line' id='line_1_55' title="bbox 2056 2492 3633 2565; baseline 0.004 -22"><span class='ocrx_word' id='word_1_430' title='bbox 2056 2492 2262 2561; x_wconf 88' lang='lat' dir='ltr'><strong>gendas</strong></span> <span class='ocrx_word' id='word_1_431' title='bbox 2306 2501 2495 2559; x_wconf 91' lang='lat' dir='ltr'><strong>gentes</strong></span> <span class='ocrx_word' id='word_1_432' title='bbox 2541 2493 2813 2548; x_wconf 91' lang='lat' dir='ltr'><strong>commisit</strong></span> <span class='ocrx_word' id='word_1_433' title='bbox 2850 2493 3131 2558; x_wconf 79' lang='lat' dir='ltr'><strong>Excelsus,</strong></span> <span class='ocrx_word' id='word_1_434' title='bbox 3167 2495 3249 2550; x_wconf 89' lang='lat' dir='ltr'><strong>vel</strong></span> <span class='ocrx_word' id='word_1_435' title='bbox 3289 2494 3420 2551; x_wconf 90' lang='lat' dir='ltr'><strong>deos</strong></span> <span class='ocrx_word' id='word_1_436' title='bbox 3450 2494 3633 2565; x_wconf 87' lang='lat' dir='ltr'><strong>appel-</strong></span> 
     </span>
    </p>
   </div>
   <div class='ocr_carea' id='block_1_56' title="bbox 2056 2580 3631 2654">
    <p class='ocr_par' dir='ltr' id='par_1_56' title="bbox 2056 2580 3631 2654">
     <span class='ocr_line' id='line_1_56' title="bbox 2056 2580 3631 2654; baseline 0.006 -21"><span class='ocrx_word' id='word_1_437' title='bbox 2056 2582 2175 2647; x_wconf 90' lang='lat' dir='ltr'><strong>lari,</strong></span> <span class='ocrx_word' id='word_1_438' title='bbox 2202 2593 2257 2636; x_wconf 90' lang='lat' dir='ltr'><strong>et</strong></span> <span class='ocrx_word' id='word_1_439' title='bbox 2288 2580 2538 2638; x_wconf 83' lang='lat' dir='ltr'><strong>dominos</strong></span> <span class='ocrx_word' id='word_1_440' title='bbox 2589 2593 2837 2651; x_wconf 89' lang='lat' dir='ltr'><strong>constat;</strong></span> <span class='ocrx_word' id='word_1_441' title='bbox 2871 2584 3000 2639; x_wconf 88' lang='lat' dir='ltr'><strong>deos</strong></span> <span class='ocrx_word' id='word_1_442' title='bbox 3026 2586 3184 2654; x_wconf 88' lang='lat' dir='ltr'><strong>quasi</strong></span> <span class='ocrx_word' id='word_1_443' title='bbox 3233 2602 3262 2640; x_wconf 91' lang='lat' dir='ltr'><strong>a</strong></span> <span class='ocrx_word' id='word_1_444' title='bbox 3313 2586 3421 2641; x_wconf 90' lang='lat' dir='ltr'><strong>Deo</strong></span> <span class='ocrx_word' id='word_1_445' title='bbox 3451 2588 3631 2651; x_wconf 79' lang='lat' dir='ltr'><strong>datos,</strong></span> 
     </span>
    </p>
   </div>
   <div class='ocr_carea' id='block_1_57' title="bbox 2053 2674 3625 2747">
    <p class='ocr_par' dir='ltr' id='par_1_57' title="bbox 2053 2674 3625 2747">
     <span class='ocr_line' id='line_1_57' title="bbox 2053 2674 3625 2747; baseline 0.003 -20"><span class='ocrx_word' id='word_1_446' title='bbox 2053 2683 2108 2727; x_wconf 90' lang='lat' dir='ltr'><strong>et</strong></span> <span class='ocrx_word' id='word_1_447' title='bbox 2140 2674 2387 2729; x_wconf 89' lang='lat' dir='ltr'><strong>dominos</strong></span> <span class='ocrx_word' id='word_1_448' title='bbox 2412 2675 2567 2744; x_wconf 88' lang='lat' dir='ltr'><strong>quasi</strong></span> <span class='ocrx_word' id='word_1_449' title='bbox 2600 2689 2629 2728; x_wconf 88' lang='lat' dir='ltr'><strong>a</strong></span> <span class='ocrx_word' id='word_1_450' title='bbox 2662 2674 2889 2730; x_wconf 92' lang='lat' dir='ltr'><strong>Domino</strong></span> <span class='ocrx_word' id='word_1_451' title='bbox 2917 2677 3093 2731; x_wconf 90' lang='lat' dir='ltr'><strong>sortiti</strong></span> <span class='ocrx_word' id='word_1_452' title='bbox 3126 2676 3234 2730; x_wconf 89' lang='lat' dir='ltr'><strong>sint</strong></span> <span class='ocrx_word' id='word_1_453' title='bbox 3283 2687 3625 2747; x_wconf 88' lang='lat' dir='ltr'><strong>potestatem.</strong></span> 
     </span>
    </p>
   </div>
   <div class='ocr_carea' id='block_1_58' title="bbox 2058 2764 3632 2839">
    <p class='ocr_par' dir='ltr' id='par_1_58' title="bbox 2058 2764 3632 2839">
     <span class='ocr_line' id='line_1_58' title="bbox 2058 2764 3632 2839; baseline 0.001 -18"><span class='ocrx_word' id='word_1_454' title='bbox 2058 2764 2212 2821; x_wconf 86' lang='lat' dir='ltr'><strong>Unde</strong></span> <span class='ocrx_word' id='word_1_455' title='bbox 2259 2774 2312 2819; x_wconf 92' lang='lat' dir='ltr'><strong>et</strong></span> <span class='ocrx_word' id='word_1_456' title='bbox 2339 2765 2599 2820; x_wconf 90' lang='lat' dir='ltr'><strong>Dominus</strong></span> <span class='ocrx_word' id='word_1_457' title='bbox 2642 2766 2861 2821; x_wconf 87' lang='lat' dir='ltr'><strong>dicebat</strong></span> <span class='ocrx_word' id='word_1_458' title='bbox 2892 2768 2960 2821; x_wconf 86' lang='lat' dir='ltr'><strong>ad</strong></span> <span class='ocrx_word' id='word_1_459' title='bbox 3005 2767 3225 2837; x_wconf 84' lang='lat' dir='ltr'><strong>angelos</strong></span> <span class='ocrx_word' id='word_1_460' title='bbox 3250 2769 3341 2839; x_wconf 93' lang='lat' dir='ltr'><strong>qui</strong></span> <span class='ocrx_word' id='word_1_461' title='bbox 3376 2785 3481 2823; x_wconf 91' lang='lat' dir='ltr'><strong>non</strong></span> <span class='ocrx_word' id='word_1_462' title='bbox 3514 2784 3632 2824; x_wconf 80' lang='lat' dir='ltr'><strong>ser-</strong></span> 
     </span>
    </p>
   </div>
   <div class='ocr_carea' id='block_1_59' title="bbox 2055 2857 3626 2929">
    <p class='ocr_par' dir='ltr' id='par_1_59' title="bbox 2055 2857 3626 2929">
     <span class='ocr_line' id='line_1_59' title="bbox 2055 2857 3626 2929; baseline 0.001 -18"><span class='ocrx_word' id='word_1_463' title='bbox 2055 2865 2321 2911; x_wconf 86' lang='lat' dir='ltr'><strong>vaverunt</strong></span> <span class='ocrx_word' id='word_1_464' title='bbox 2368 2872 2524 2911; x_wconf 91' lang='lat' dir='ltr'><strong>suum</strong></span> <span class='ocrx_word' id='word_1_465' title='bbox 2574 2857 2938 2926; x_wconf 89' lang='lat' dir='ltr'><strong>principatum</strong></span> <span class='ocrx_word' id='word_1_466' title='bbox 2958 2858 3005 2889; x_wconf 84' lang='grc'><strong>⁸²</strong></span> <span class='ocrx_word' id='word_1_467' title='bbox 3059 2874 3073 2912; x_wconf 89' lang='lat'><strong>:</strong></span> <span class='ocrx_word' id='word_1_468' title='bbox 3131 2877 3149 2909; x_wconf 71' lang='grc' dir='ltr'><em>α</em></span> <span class='ocrx_word' id='word_1_469' title='bbox 3178 2858 3287 2929; x_wconf 85' lang='lat' dir='ltr'><strong>Ego</strong></span> <span class='ocrx_word' id='word_1_470' title='bbox 3328 2860 3436 2913; x_wconf 82' lang='lat' dir='ltr'><strong>dixi</strong></span> <span class='ocrx_word' id='word_1_471' title='bbox 3483 2877 3498 2913; x_wconf 87' lang='lat'><strong>:</strong></span> <span class='ocrx_word' id='word_1_472' title='bbox 3543 2859 3626 2914; x_wconf 80' lang='lat' dir='ltr'><strong>Dii</strong></span> 
     </span>
    </p>
   </div>
   <div class='ocr_carea' id='block_1_60' title="bbox 2052 2945 3628 3010">
    <p class='ocr_par' dir='ltr' id='par_1_60' title="bbox 2052 2945 3628 3010">
     <span class='ocr_line' id='line_1_60' title="bbox 2052 2945 3628 3010; baseline 0.002 -11"><span class='ocrx_word' id='word_1_473' title='bbox 2052 2945 2206 3010; x_wconf 84' lang='lat' dir='ltr'><strong>estis,</strong></span> <span class='ocrx_word' id='word_1_474' title='bbox 2257 2956 2312 3001; x_wconf 92' lang='lat' dir='ltr'><strong>et</strong></span> <span class='ocrx_word' id='word_1_475' title='bbox 2342 2946 2435 2999; x_wconf 85' lang='lat' dir='ltr'><strong>filii</strong></span> <span class='ocrx_word' id='word_1_476' title='bbox 2471 2946 2681 3002; x_wconf 83' lang='lat' dir='ltr'><strong>Excelsi</strong></span> <span class='ocrx_word' id='word_1_477' title='bbox 2716 2962 2931 3003; x_wconf 89' lang='lat' dir='ltr'><strong>omnes.</strong></span> <span class='ocrx_word' id='word_1_478' title='bbox 2974 2946 3082 3002; x_wconf 85' lang='lat' dir='ltr'><strong>Vos</strong></span> <span class='ocrx_word' id='word_1_479' title='bbox 3119 2958 3298 3003; x_wconf 88' lang='lat' dir='ltr'><strong>autem</strong></span> <span class='ocrx_word' id='word_1_480' title='bbox 3345 2958 3406 3003; x_wconf 92' lang='lat' dir='ltr'><strong>ut</strong></span> <span class='ocrx_word' id='word_1_481' title='bbox 3460 2949 3628 3004; x_wconf 82' lang='lat' dir='ltr'><strong>homi-</strong></span> 
     </span>
    </p>
   </div>
   <div class='ocr_carea' id='block_1_61' title="bbox 370 3038 3630 3123">
    <p class='ocr_par' dir='ltr' id='par_1_61' title="bbox 370 3038 3630 3123">
     <span class='ocr_line' id='line_1_61' title="bbox 370 3038 3630 3123; baseline 0.001 -31"><span class='ocrx_word' id='word_1_482' title='bbox 370 3043 552 3096; x_wconf 83' lang='lat' dir='ltr'><strong>omnia</strong></span> <span class='ocrx_word' id='word_1_483' title='bbox 602 3042 783 3107; x_wconf 90' lang='lat' dir='ltr'><strong>simul,</strong></span> <span class='ocrx_word' id='word_1_484' title='bbox 826 3042 1067 3096; x_wconf 90' lang='lat' dir='ltr'><strong>nonnulli</strong></span> <span class='ocrx_word' id='word_1_485' title='bbox 1107 3053 1299 3113; x_wconf 88' lang='lat' dir='ltr'><strong>putant</strong></span> <span class='ocrx_word' id='word_1_486' title='bbox 1341 3058 1462 3098; x_wconf 90' lang='lat' dir='ltr'><strong>esse</strong></span> <span class='ocrx_word' id='word_1_487' title='bbox 1508 3059 1676 3098; x_wconf 91' lang='lat' dir='ltr'><strong>unum</strong></span> <span class='ocrx_word' id='word_1_488' title='bbox 1728 3045 1949 3098; x_wconf 85' lang='lat' dir='ltr'><strong>manda-</strong></span> <span class='ocrx_word' id='word_1_489' title='bbox 1978 3065 2020 3123; x_wconf 71' lang='grc' dir='ltr'>ο</span> <span class='ocrx_word' id='word_1_490' title='bbox 2057 3052 2156 3092; x_wconf 82' lang='lat' dir='ltr'><strong>nes</strong></span> <span class='ocrx_word' id='word_1_491' title='bbox 2188 3038 2517 3101; x_wconf 83' lang='lat' dir='ltr'><strong>moriemini.</strong></span> <span class='ocrx_word' id='word_1_492' title='bbox 2568 3046 2623 3093; x_wconf 85' lang='lat' dir='ltr'><strong>ct</strong></span> <span class='ocrx_word' id='word_1_493' title='bbox 2653 3039 2796 3094; x_wconf 86' lang='lat' dir='ltr'><strong>sicut</strong></span> <span class='ocrx_word' id='word_1_494' title='bbox 2825 3055 2967 3094; x_wconf 89' lang='lat' dir='ltr'><strong>unus</strong></span> <span class='ocrx_word' id='word_1_495' title='bbox 3000 3040 3066 3095; x_wconf 89' lang='lat' dir='ltr'><strong>de</strong></span> <span class='ocrx_word' id='word_1_496' title='bbox 3108 3040 3447 3110; x_wconf 88' lang='lat' dir='ltr'><strong>principibus</strong></span> <span class='ocrx_word' id='word_1_497' title='bbox 3473 3042 3630 3096; x_wconf 84' lang='lat' dir='ltr'><strong>cade-</strong></span> 
     </span>
    </p>
   </div>
   <div class='ocr_carea' id='block_1_62' title="bbox 374 3131 1949 3207">
    <p class='ocr_par' dir='ltr' id='par_1_62' title="bbox 374 3131 1949 3207">
     <span class='ocr_line' id='line_1_62' title="bbox 374 3131 1949 3207; baseline 0.008 -26"><span class='ocrx_word' id='word_1_498' title='bbox 374 3139 507 3184; x_wconf 87' lang='lat' dir='ltr'><strong>tum.</strong></span> <span class='ocrx_word' id='word_1_499' title='bbox 557 3131 710 3198; x_wconf 87' lang='lat' dir='ltr'><strong>Quod</strong></span> <span class='ocrx_word' id='word_1_500' title='bbox 748 3133 792 3188; x_wconf 90' lang='lat' dir='ltr'><strong>si</strong></span> <span class='ocrx_word' id='word_1_501' title='bbox 839 3133 907 3187; x_wconf 89' lang='lat' dir='ltr'><strong>ita</strong></span> <span class='ocrx_word' id='word_1_502' title='bbox 944 3144 1184 3205; x_wconf 89' lang='lat' dir='ltr'><strong>putetur,</strong></span> <span class='ocrx_word' id='word_1_503' title='bbox 1220 3149 1327 3189; x_wconf 92' lang='lat' dir='ltr'><strong>non</strong></span> <span class='ocrx_word' id='word_1_504' title='bbox 1369 3135 1739 3204; x_wconf 90' lang='lat' dir='ltr'><strong>complebitur</strong></span> <span class='ocrx_word' id='word_1_505' title='bbox 1791 3136 1949 3207; x_wconf 81' lang='lat'><strong>157</strong></span> 
     </span>
    </p>
   </div>
   <div class='ocr_carea' id='block_1_63' title="bbox 371 3219 1952 3297">
    <p class='ocr_par' dir='ltr' id='par_1_63' title="bbox 371 3219 1952 3297">
     <span class='ocr_line' id='line_1_63' title="bbox 371 3219 1952 3297; baseline 0.007 -25"><span class='ocrx_word' id='word_1_506' title='bbox 371 3219 555 3275; x_wconf 86' lang='lat' dir='ltr'><strong>decem</strong></span> <span class='ocrx_word' id='word_1_507' title='bbox 601 3238 859 3277; x_wconf 90' lang='lat' dir='ltr'><strong>numerus</strong></span> <span class='ocrx_word' id='word_1_508' title='bbox 896 3226 1297 3282; x_wconf 88' lang='lat' dir='ltr'><strong>mandatorum.</strong></span> <span class='ocrx_word' id='word_1_509' title='bbox 1337 3225 1402 3279; x_wconf 81' lang='lat' dir='ltr'><strong>Et</strong></span> <span class='ocrx_word' id='word_1_510' title='bbox 1446 3226 1535 3279; x_wconf 92' lang='lat' dir='ltr'><strong>ubi</strong></span> <span class='ocrx_word' id='word_1_511' title='bbox 1558 3227 1669 3297; x_wconf 87' lang='lat' dir='ltr'><strong>jam</strong></span> <span class='ocrx_word' id='word_1_512' title='bbox 1716 3228 1819 3282; x_wconf 88' lang='lat' dir='ltr'><strong>erit</strong></span> <span class='ocrx_word' id='word_1_513' title='bbox 1853 3230 1952 3283; x_wconf 89' lang='lat' dir='ltr'><strong>De-</strong></span> 
     </span>
    </p>
   </div>
   <div class='ocr_carea' id='block_1_64' title="bbox 369 3310 1952 3388">
    <p class='ocr_par' dir='ltr' id='par_1_64' title="bbox 369 3310 1952 3388">
     <span class='ocr_line' id='line_1_64' title="bbox 369 3310 1952 3388; baseline 0.006 -24"><span class='ocrx_word' id='word_1_514' title='bbox 369 3310 545 3381; x_wconf 81' lang='lat' dir='ltr'><strong>ealogi</strong></span> <span class='ocrx_word' id='word_1_515' title='bbox 599 3314 835 3368; x_wconf 89' lang='lat' dir='ltr'><strong>veritas?</strong></span> <span class='ocrx_word' id='word_1_516' title='bbox 871 3314 976 3369; x_wconf 91' lang='lat' dir='ltr'><strong>Sed</strong></span> <span class='ocrx_word' id='word_1_517' title='bbox 1018 3316 1065 3370; x_wconf 88' lang='lat' dir='ltr'><strong>si</strong></span> <span class='ocrx_word' id='word_1_518' title='bbox 1116 3330 1181 3370; x_wconf 91' lang='lat' dir='ltr'><strong>eo</strong></span> <span class='ocrx_word' id='word_1_519' title='bbox 1216 3316 1373 3371; x_wconf 91' lang='lat' dir='ltr'><strong>modo</strong></span> <span class='ocrx_word' id='word_1_520' title='bbox 1421 3317 1725 3384; x_wconf 84' lang='lat' dir='ltr'><strong>dirimatur,</strong></span> <span class='ocrx_word' id='word_1_521' title='bbox 1759 3334 1867 3388; x_wconf 91' lang='lat' dir='ltr'><strong>quo</strong></span> <span class='ocrx_word' id='word_1_522' title='bbox 1897 3331 1952 3373; x_wconf 91' lang='lat' dir='ltr'><strong>et</strong></span> 
     </span>
    </p>
   </div>
   <div class='ocr_carea' id='block_1_65' title="bbox 372 3402 1952 3475">
    <p class='ocr_par' dir='ltr' id='par_1_65' title="bbox 372 3402 1952 3475">
     <span class='ocr_line' id='line_1_65' title="bbox 372 3402 1952 3475; baseline 0.005 -21"><span class='ocrx_word' id='word_1_523' title='bbox 372 3417 473 3457; x_wconf 86' lang='lat' dir='ltr'><strong>nos</strong></span> <span class='ocrx_word' id='word_1_524' title='bbox 522 3402 574 3455; x_wconf 92' lang='lat' dir='ltr'><strong>in</strong></span> <span class='ocrx_word' id='word_1_525' title='bbox 609 3404 880 3473; x_wconf 89' lang='lat' dir='ltr'><strong>superiori</strong></span> <span class='ocrx_word' id='word_1_526' title='bbox 927 3405 1373 3475; x_wconf 89' lang='lat' dir='ltr'><strong>pronuntiatione</strong></span> <span class='ocrx_word' id='word_1_527' title='bbox 1402 3407 1771 3473; x_wconf 78' lang='lat' dir='ltr'><strong>distinximus,</strong></span> <span class='ocrx_word' id='word_1_528' title='bbox 1809 3409 1952 3462; x_wconf 88' lang='lat' dir='ltr'><strong>inte-</strong></span> 
     </span>
    </p>
   </div>
   <div class='ocr_carea' id='block_1_66' title="bbox 373 3493 1951 3567">
    <p class='ocr_par' dir='ltr' id='par_1_66' title="bbox 373 3493 1951 3567">
     <span class='ocr_line' id='line_1_66' title="bbox 373 3493 1951 3567; baseline 0.005 -22"><span class='ocrx_word' id='word_1_529' title='bbox 373 3507 469 3560; x_wconf 86' lang='lat' dir='ltr'><strong>ger</strong></span> <span class='ocrx_word' id='word_1_530' title='bbox 521 3493 705 3548; x_wconf 88' lang='lat' dir='ltr'><strong>decem</strong></span> <span class='ocrx_word' id='word_1_531' title='bbox 758 3496 1134 3551; x_wconf 87' lang='lat' dir='ltr'><strong>mandatorum</strong></span> <span class='ocrx_word' id='word_1_532' title='bbox 1186 3512 1443 3551; x_wconf 91' lang='lat' dir='ltr'><strong>numerus</strong></span> <span class='ocrx_word' id='word_1_533' title='bbox 1496 3501 1795 3567; x_wconf 85' lang='lat' dir='ltr'><strong>apparebit.</strong></span> <span class='ocrx_word' id='word_1_534' title='bbox 1860 3500 1951 3554; x_wconf 80' lang='lat' dir='ltr'><strong>Est</strong></span> 
     </span>
    </p>
   </div>
   <div class='ocr_carea' id='block_1_67' title="bbox 373 3584 1948 3651">
    <p class='ocr_par' dir='ltr' id='par_1_67' title="bbox 373 3584 1948 3651">
     <span class='ocr_line' id='line_1_67' title="bbox 373 3584 1948 3651; baseline 0.005 -15"><span class='ocrx_word' id='word_1_535' title='bbox 373 3598 503 3651; x_wconf 87' lang='lat' dir='ltr'><strong>ergo</strong></span> <span class='ocrx_word' id='word_1_536' title='bbox 555 3584 784 3651; x_wconf 87' lang='lat' dir='ltr'><strong>primum</strong></span> <span class='ocrx_word' id='word_1_537' title='bbox 840 3588 1151 3641; x_wconf 86' lang='lat' dir='ltr'><strong>mandatum</strong></span> <span class='ocrx_word' id='word_1_538' title='bbox 1175 3587 1266 3640; x_wconf 57' lang='grc' dir='ltr'><strong>διε</strong></span> <span class='ocrx_word' id='word_1_539' title='bbox 1319 3606 1335 3638; x_wconf 73' lang='grc' dir='ltr'>ί</span> <span class='ocrx_word' id='word_1_540' title='bbox 1365 3586 1479 3641; x_wconf 88' lang='lat' dir='ltr'><strong>Non</strong></span> <span class='ocrx_word' id='word_1_541' title='bbox 1529 3599 1688 3642; x_wconf 83' lang='lat' dir='ltr'><strong>erunt</strong></span> <span class='ocrx_word' id='word_1_542' title='bbox 1731 3589 1825 3643; x_wconf 89' lang='lat' dir='ltr'><strong>tibi</strong></span> <span class='ocrx_word' id='word_1_543' title='bbox 1875 3591 1948 3644; x_wconf 91' lang='lat' dir='ltr'><strong>dii</strong></span> 
     </span>
    </p>
   </div>
   <div class='ocr_carea' id='block_1_68' title="bbox 373 3674 1952 3745">
    <p class='ocr_par' dir='ltr' id='par_1_68' title="bbox 373 3674 1952 3745">
     <span class='ocr_line' id='line_1_68' title="bbox 373 3674 1952 3745; baseline 0.007 -19"><span class='ocrx_word' id='word_1_544' title='bbox 373 3674 462 3727; x_wconf 86' lang='lat' dir='ltr'><strong>alii</strong></span> <span class='ocrx_word' id='word_1_545' title='bbox 513 3687 709 3745; x_wconf 68' lang='lat' dir='ltr'><strong>praeter</strong></span> <span class='ocrx_word' id='word_1_546' title='bbox 762 3694 882 3744; x_wconf 89' lang='lat' dir='ltr'><strong>me;</strong></span> <span class='ocrx_word' id='word_1_547' title='bbox 910 3698 928 3731; x_wconf 77' lang='grc' dir='ltr'><strong><em>ι</em></strong></span> <span class='ocrx_word' id='word_1_548' title='bbox 971 3681 1266 3733; x_wconf 88' lang='lat' dir='ltr'><strong>secundum</strong></span> <span class='ocrx_word' id='word_1_549' title='bbox 1298 3696 1430 3735; x_wconf 87' lang='lat' dir='ltr'><strong>vero</strong></span> <span class='ocrx_word' id='word_1_550' title='bbox 1455 3680 1550 3734; x_wconf 49' lang='grc'><strong>⁸³4</strong></span> <span class='ocrx_word' id='word_1_551' title='bbox 1592 3700 1610 3733; x_wconf 69' lang='grc' dir='ltr'>ι</span> <span class='ocrx_word' id='word_1_552' title='bbox 1636 3680 1751 3735; x_wconf 83' lang='lat' dir='ltr'><strong>Non</strong></span> <span class='ocrx_word' id='word_1_553' title='bbox 1787 3683 1952 3737; x_wconf 86' lang='lat' dir='ltr'><strong>facies</strong></span> 
     </span>
    </p>
   </div>
   <div class='ocr_carea' id='block_1_69' title="bbox 375 3768 1950 3839">
    <p class='ocr_par' dir='ltr' id='par_1_69' title="bbox 375 3768 1950 3839">
     <span class='ocr_line' id='line_1_69' title="bbox 375 3768 1950 3839; baseline 0.006 -21"><span class='ocrx_word' id='word_1_554' title='bbox 375 3768 470 3821; x_wconf 78' lang='lat' dir='ltr'><strong>tibi</strong></span> <span class='ocrx_word' id='word_1_555' title='bbox 505 3768 725 3833; x_wconf 89' lang='lat' dir='ltr'><strong>idolum,</strong></span> <span class='ocrx_word' id='word_1_556' title='bbox 778 3786 952 3839; x_wconf 86' lang='lat' dir='ltr'><strong>neque</strong></span> <span class='ocrx_word' id='word_1_557' title='bbox 986 3772 1149 3824; x_wconf 87' lang='lat' dir='ltr'><strong>ullam</strong></span> <span class='ocrx_word' id='word_1_558' title='bbox 1180 3772 1613 3839; x_wconf 86' lang='lat' dir='ltr'><strong>similitudinem,</strong></span> <span class='ocrx_word' id='word_1_559' title='bbox 1644 3794 1663 3826; x_wconf 71' lang='grc' dir='ltr'>ι</span> <span class='ocrx_word' id='word_1_560' title='bbox 1711 3784 1818 3829; x_wconf 87' lang='lat' dir='ltr'><strong>etc.</strong></span> <span class='ocrx_word' id='word_1_561' title='bbox 1860 3775 1950 3828; x_wconf 86' lang='lat' dir='ltr'><strong>In-</strong></span> 
     </span>
    </p>
   </div>
   <div class='ocr_carea' id='block_1_70' title="bbox 370 3858 1949 3935">
    <p class='ocr_par' dir='ltr' id='par_1_70' title="bbox 370 3858 1949 3935">
     <span class='ocr_line' id='line_1_70' title="bbox 370 3858 1949 3935; baseline 0.004 -24"><span class='ocrx_word' id='word_1_562' title='bbox 370 3858 637 3926; x_wconf 88' lang='lat' dir='ltr'><strong>cipiamus</strong></span> <span class='ocrx_word' id='word_1_563' title='bbox 690 3875 819 3931; x_wconf 86' lang='lat' dir='ltr'><strong>ergo</strong></span> <span class='ocrx_word' id='word_1_564' title='bbox 858 3878 887 3913; x_wconf 74' lang='grc' dir='ltr'><strong>ει</strong></span> <span class='ocrx_word' id='word_1_565' title='bbox 944 3864 1120 3929; x_wconf 90' lang='lat' dir='ltr'><strong>primo</strong></span> <span class='ocrx_word' id='word_1_566' title='bbox 1152 3864 1424 3917; x_wconf 88' lang='lat' dir='ltr'><strong>mandato.</strong></span> <span class='ocrx_word' id='word_1_567' title='bbox 1479 3866 1584 3919; x_wconf 90' lang='lat' dir='ltr'><strong>Sed</strong></span> <span class='ocrx_word' id='word_1_568' title='bbox 1631 3876 1687 3918; x_wconf 90' lang='lat' dir='ltr'><strong>et</strong></span> <span class='ocrx_word' id='word_1_569' title='bbox 1721 3883 1822 3935; x_wconf 85' lang='lat' dir='ltr'><strong>ego</strong></span> <span class='ocrx_word' id='word_1_570' title='bbox 1852 3882 1949 3918; x_wconf 85' lang='lat' dir='ltr'><strong>an-</strong></span> 
     </span>
    </p>
   </div>
   <div class='ocr_carea' id='block_1_71' title="bbox 373 3951 1953 4026">
    <p class='ocr_par' dir='ltr' id='par_1_71' title="bbox 373 3951 1953 4026">
     <span class='ocr_line' id='line_1_71' title="bbox 373 3951 1953 4026; baseline 0.004 -21"><span class='ocrx_word' id='word_1_571' title='bbox 373 3951 503 4005; x_wconf 85' lang='lat' dir='ltr'><strong>xilio</strong></span> <span class='ocrx_word' id='word_1_572' title='bbox 552 3953 768 4020; x_wconf 85' lang='lat' dir='ltr'><strong>indigeo</strong></span> <span class='ocrx_word' id='word_1_573' title='bbox 821 3954 991 4022; x_wconf 85' lang='lat' dir='ltr'><strong>ipsius</strong></span> <span class='ocrx_word' id='word_1_574' title='bbox 1025 3954 1118 4024; x_wconf 90' lang='lat' dir='ltr'><strong>qui</strong></span> <span class='ocrx_word' id='word_1_575' title='bbox 1170 3956 1282 4010; x_wconf 59' lang='lat' dir='ltr'><strong>hate</strong></span> <span class='ocrx_word' id='word_1_576' title='bbox 1318 3958 1577 4026; x_wconf 73' lang='lat' dir='ltr'><strong>przecepit</strong></span> <span class='ocrx_word' id='word_1_577' title='bbox 1632 3957 1743 4019; x_wconf 90' lang='lat' dir='ltr'><strong>Dei,</strong></span> <span class='ocrx_word' id='word_1_578' title='bbox 1778 3961 1844 4013; x_wconf 91' lang='lat' dir='ltr'><strong>ad</strong></span> <span class='ocrx_word' id='word_1_579' title='bbox 1873 3960 1953 4011; x_wconf 81' lang='lat' dir='ltr'><strong>di-</strong></span> 
     </span>
    </p>
   </div>
   <div class='ocr_carea' id='block_1_72' title="bbox 371 4044 1952 4117">
    <p class='ocr_par' dir='ltr' id='par_1_72' title="bbox 371 4044 1952 4117">
     <span class='ocr_line' id='line_1_72' title="bbox 371 4044 1952 4117; baseline 0.003 -22"><span class='ocrx_word' id='word_1_580' title='bbox 371 4044 631 4107; x_wconf 87' lang='lat' dir='ltr'><strong>ccndum,</strong></span> <span class='ocrx_word' id='word_1_581' title='bbox 665 4054 718 4095; x_wconf 86' lang='lat' dir='ltr'><strong>et</strong></span> <span class='ocrx_word' id='word_1_582' title='bbox 748 4060 842 4097; x_wconf 78' lang='lat' dir='ltr'><strong>vos</strong></span> <span class='ocrx_word' id='word_1_583' title='bbox 872 4045 1275 4113; x_wconf 85' lang='lat' dir='ltr'><strong>purgatioribus</strong></span> <span class='ocrx_word' id='word_1_584' title='bbox 1303 4048 1473 4117; x_wconf 82' lang='lat' dir='ltr'><strong>egetis</strong></span> <span class='ocrx_word' id='word_1_585' title='bbox 1500 4050 1724 4101; x_wconf 87' lang='lat' dir='ltr'><strong>auribus</strong></span> <span class='ocrx_word' id='word_1_586' title='bbox 1752 4050 1818 4102; x_wconf 90' lang='lat' dir='ltr'><strong>ad</strong></span> <span class='ocrx_word' id='word_1_587' title='bbox 1856 4064 1952 4101; x_wconf 80' lang='lat' dir='ltr'><strong>an-</strong></span> 
     </span>
    </p>
   </div>
   <div class='ocr_carea' id='block_1_73' title="bbox 373 4132 1951 4206">
    <p class='ocr_par' dir='ltr' id='par_1_73' title="bbox 373 4132 1951 4206">
     <span class='ocr_line' id='line_1_73' title="bbox 373 4132 1951 4206; baseline 0.004 -22"><span class='ocrx_word' id='word_1_588' title='bbox 373 4132 652 4185; x_wconf 82' lang='lat' dir='ltr'><strong>diendum.</strong></span> <span class='ocrx_word' id='word_1_589' title='bbox 696 4132 753 4187; x_wconf 84' lang='lat' dir='ltr'><strong>Si</strong></span> <span class='ocrx_word' id='word_1_590' title='bbox 802 4135 923 4203; x_wconf 88' lang='lat' dir='ltr'><strong>quis</strong></span> <span class='ocrx_word' id='word_1_591' title='bbox 975 4152 1105 4206; x_wconf 88' lang='lat' dir='ltr'><strong>ergo</strong></span> <span class='ocrx_word' id='word_1_592' title='bbox 1154 4147 1393 4191; x_wconf 89' lang='lat' dir='ltr'><strong>vestrum</strong></span> <span class='ocrx_word' id='word_1_593' title='bbox 1442 4140 1606 4192; x_wconf 88' lang='lat' dir='ltr'><strong>habet</strong></span> <span class='ocrx_word' id='word_1_594' title='bbox 1652 4154 1809 4192; x_wconf 88' lang='lat' dir='ltr'><strong>aures</strong></span> <span class='ocrx_word' id='word_1_595' title='bbox 1854 4155 1951 4191; x_wconf 85' lang='lat' dir='ltr'><strong>au-</strong></span> 
     </span>
    </p>
   </div>
   <div class='ocr_carea' id='block_1_74' title="bbox 373 4224 1952 4295">
    <p class='ocr_par' dir='ltr' id='par_1_74' title="bbox 373 4224 1952 4295">
     <span class='ocr_line' id='line_1_74' title="bbox 373 4224 1952 4295; baseline 0.004 -17"><span class='ocrx_word' id='word_1_596' title='bbox 373 4224 579 4287; x_wconf 90' lang='lat' dir='ltr'><strong>diendi,</strong></span> <span class='ocrx_word' id='word_1_597' title='bbox 631 4226 815 4279; x_wconf 86' lang='lat' dir='ltr'><strong>audiat</strong></span> <span class='ocrx_word' id='word_1_598' title='bbox 845 4228 1115 4295; x_wconf 90' lang='lat' dir='ltr'><strong>quomodo</strong></span> <span class='ocrx_word' id='word_1_599' title='bbox 1162 4229 1362 4281; x_wconf 87' lang='lat' dir='ltr'><strong>dictum</strong></span> <span class='ocrx_word' id='word_1_600' title='bbox 1413 4239 1498 4284; x_wconf 88' lang='lat' dir='ltr'><strong>est</strong></span> <span class='ocrx_word' id='word_1_601' title='bbox 1545 4247 1558 4283; x_wconf 91' lang='lat'>:</span> <span class='ocrx_word' id='word_1_602' title='bbox 1597 4229 1752 4283; x_wconf 72' lang='lat' dir='ltr'><strong>«Non</strong></span> <span class='ocrx_word' id='word_1_603' title='bbox 1789 4240 1952 4285; x_wconf 87' lang='lat' dir='ltr'><strong>erunt</strong></span> 
     </span>
    </p>
   </div>
   <div class='ocr_carea' id='block_1_75' title="bbox 376 4314 1947 4386">
    <p class='ocr_par' dir='ltr' id='par_1_75' title="bbox 376 4314 1947 4386">
     <span class='ocr_line' id='line_1_75' title="bbox 376 4314 1947 4386; baseline 0.007 -20"><span class='ocrx_word' id='word_1_604' title='bbox 376 4314 470 4367; x_wconf 90' lang='lat' dir='ltr'><strong>tibi</strong></span> <span class='ocrx_word' id='word_1_605' title='bbox 514 4316 584 4369; x_wconf 96' lang='lat' dir='ltr'><strong>dii</strong></span> <span class='ocrx_word' id='word_1_606' title='bbox 634 4317 723 4371; x_wconf 90' lang='lat' dir='ltr'><strong>alii</strong></span> <span class='ocrx_word' id='word_1_607' title='bbox 758 4330 953 4386; x_wconf 78' lang='lat' dir='ltr'><strong>przeter</strong></span> <span class='ocrx_word' id='word_1_608' title='bbox 990 4334 1136 4373; x_wconf 65' lang='lat' dir='ltr'><strong>me.»</strong></span> <span class='ocrx_word' id='word_1_609' title='bbox 1184 4317 1241 4374; x_wconf 92' lang='lat' dir='ltr'><strong>Si</strong></span> <span class='ocrx_word' id='word_1_610' title='bbox 1291 4320 1537 4385; x_wconf 85' lang='lat' dir='ltr'><strong>dixisset,</strong></span> <span class='ocrx_word' id='word_1_611' title='bbox 1572 4321 1685 4375; x_wconf 77' lang='lat' dir='ltr'><strong>Non</strong></span> <span class='ocrx_word' id='word_1_612' title='bbox 1716 4332 1843 4376; x_wconf 89' lang='lat' dir='ltr'><strong>sunt</strong></span> <span class='ocrx_word' id='word_1_613' title='bbox 1874 4322 1947 4377; x_wconf 92' lang='lat' dir='ltr'><strong>dii</strong></span> 
     </span>
    </p>
   </div>
   <div class='ocr_carea' id='block_1_76' title="bbox 2056 3128 3628 3201">
    <p class='ocr_par' dir='ltr' id='par_1_76' title="bbox 2056 3128 3628 3201">
     <span class='ocr_line' id='line_1_76' title="bbox 2056 3128 3628 3201; baseline 0.004 -22"><span class='ocrx_word' id='word_1_614' title='bbox 2056 3130 2204 3193; x_wconf 69' lang='lat' dir='ltr'><strong>tis;»</strong></span> <span class='ocrx_word' id='word_1_615' title='bbox 2262 3128 2542 3183; x_wconf 88' lang='lat' dir='ltr'><strong>imitantes</strong></span> <span class='ocrx_word' id='word_1_616' title='bbox 2609 3128 2821 3183; x_wconf 87' lang='lat' dir='ltr'><strong>scilicet</strong></span> <span class='ocrx_word' id='word_1_617' title='bbox 2871 3130 3167 3196; x_wconf 88' lang='lat' dir='ltr'><strong>diabolum,</strong></span> <span class='ocrx_word' id='word_1_618' title='bbox 3233 3131 3322 3198; x_wconf 88' lang='lat' dir='ltr'><strong>qui</strong></span> <span class='ocrx_word' id='word_1_619' title='bbox 3377 3131 3628 3201; x_wconf 89' lang='lat' dir='ltr'><strong>princeps</strong></span> 
     </span>
    </p>
   </div>
   <div class='ocr_carea' id='block_1_77' title="bbox 2051 3219 3627 3290">
    <p class='ocr_par' dir='ltr' id='par_1_77' title="bbox 2051 3219 3627 3290">
     <span class='ocr_line' id='line_1_77' title="bbox 2051 3219 3627 3290; baseline 0.002 -19"><span class='ocrx_word' id='word_1_620' title='bbox 2051 3221 2294 3273; x_wconf 88' lang='lat' dir='ltr'><strong>omnium</strong></span> <span class='ocrx_word' id='word_1_621' title='bbox 2345 3219 2526 3275; x_wconf 85' lang='lat' dir='ltr'><strong>factus</strong></span> <span class='ocrx_word' id='word_1_622' title='bbox 2566 3230 2650 3274; x_wconf 89' lang='lat' dir='ltr'><strong>est</strong></span> <span class='ocrx_word' id='word_1_623' title='bbox 2681 3222 2745 3274; x_wconf 90' lang='lat' dir='ltr'><strong>ad</strong></span> <span class='ocrx_word' id='word_1_624' title='bbox 2792 3221 3024 3275; x_wconf 86' lang='lat' dir='ltr'><strong>ruinam.</strong></span> <span class='ocrx_word' id='word_1_625' title='bbox 3069 3220 3221 3277; x_wconf 85' lang='lat' dir='ltr'><strong>Unde</strong></span> <span class='ocrx_word' id='word_1_626' title='bbox 3247 3230 3461 3278; x_wconf 89' lang='lat' dir='ltr'><strong>constat</strong></span> <span class='ocrx_word' id='word_1_627' title='bbox 3485 3224 3627 3290; x_wconf 90' lang='lat' dir='ltr'><strong>quod</strong></span> 
     </span>
    </p>
   </div>
   <div class='ocr_carea' id='block_1_78' title="bbox 2052 3311 3622 3381">
    <p class='ocr_par' dir='ltr' id='par_1_78' title="bbox 2052 3311 3622 3381">
     <span class='ocr_line' id='line_1_78' title="bbox 2052 3311 3622 3381; baseline 0.001 -16"><span class='ocrx_word' id='word_1_628' title='bbox 2052 3312 2419 3366; x_wconf 89' lang='lat' dir='ltr'><strong>exsecrabiles</strong></span> <span class='ocrx_word' id='word_1_629' title='bbox 2466 3311 2586 3366; x_wconf 88' lang='lat' dir='ltr'><strong>illos</strong></span> <span class='ocrx_word' id='word_1_630' title='bbox 2637 3311 2766 3367; x_wconf 87' lang='lat' dir='ltr'><strong>fecit</strong></span> <span class='ocrx_word' id='word_1_631' title='bbox 2815 3312 3208 3381; x_wconf 70' lang='lat' dir='ltr'><strong>praevaricatio,</strong></span> <span class='ocrx_word' id='word_1_632' title='bbox 3258 3328 3363 3367; x_wconf 93' lang='lat' dir='ltr'><strong>non</strong></span> <span class='ocrx_word' id='word_1_633' title='bbox 3409 3322 3622 3367; x_wconf 84' lang='lat' dir='ltr'><strong>natura.</strong></span> 
     </span>
    </p>
   </div>
   <div class='ocr_carea' id='block_1_79' title="bbox 2052 3402 3626 3474">
    <p class='ocr_par' dir='ltr' id='par_1_79' title="bbox 2052 3402 3626 3474">
     <span class='ocr_line' id='line_1_79' title="bbox 2052 3402 3626 3474; baseline 0.002 -18"><span class='ocrx_word' id='word_1_634' title='bbox 2052 3403 2171 3456; x_wconf 87' lang='lat' dir='ltr'><strong>Tibi</strong></span> <span class='ocrx_word' id='word_1_635' title='bbox 2204 3418 2358 3472; x_wconf 81' lang='lat' dir='ltr'><strong>ergo,</strong></span> <span class='ocrx_word' id='word_1_636' title='bbox 2406 3418 2439 3457; x_wconf 94' lang='lat' dir='ltr'><strong>o</strong></span> <span class='ocrx_word' id='word_1_637' title='bbox 2466 3402 2697 3471; x_wconf 89' lang='lat' dir='ltr'><strong>populus</strong></span> <span class='ocrx_word' id='word_1_638' title='bbox 2743 3418 2896 3456; x_wconf 92' lang='lat' dir='ltr'><strong>meus</strong></span> <span class='ocrx_word' id='word_1_639' title='bbox 2926 3402 3114 3465; x_wconf 86' lang='lat' dir='ltr'><strong>Israel,</strong></span> <span class='ocrx_word' id='word_1_640' title='bbox 3144 3405 3236 3473; x_wconf 90' lang='lat' dir='ltr'><strong>qui</strong></span> <span class='ocrx_word' id='word_1_641' title='bbox 3264 3419 3390 3474; x_wconf 89' lang='lat' dir='ltr'><strong>pars</strong></span> <span class='ocrx_word' id='word_1_642' title='bbox 3420 3405 3511 3458; x_wconf 87' lang='lat' dir='ltr'><strong>Dei</strong></span> <span class='ocrx_word' id='word_1_643' title='bbox 3541 3421 3626 3470; x_wconf 88' lang='lat' dir='ltr'><strong>es,</strong></span> 
     </span>
    </p>
   </div>
   <div class='ocr_carea' id='block_1_80' title="bbox 2051 3493 3619 3564">
    <p class='ocr_par' dir='ltr' id='par_1_80' title="bbox 2051 3493 3619 3564">
     <span class='ocr_line' id='line_1_80' title="bbox 2051 3493 3619 3564; baseline 0.003 -19"><span class='ocrx_word' id='word_1_644' title='bbox 2051 3496 2143 3564; x_wconf 87' lang='lat' dir='ltr'><strong>qui</strong></span> <span class='ocrx_word' id='word_1_645' title='bbox 2196 3494 2464 3549; x_wconf 82' lang='lat' dir='ltr'><strong>liiuiculus</strong></span> <span class='ocrx_word' id='word_1_646' title='bbox 2512 3494 2843 3549; x_wconf 71' lang='lat' dir='ltr'><strong>lnereditatis</strong></span> <span class='ocrx_word' id='word_1_647' title='bbox 2888 3493 3003 3562; x_wconf 87' lang='lat' dir='ltr'><strong>ejus</strong></span> <span class='ocrx_word' id='word_1_648' title='bbox 3063 3493 3288 3550; x_wconf 70' lang='lat' dir='ltr'><strong>effectus</strong></span> <span class='ocrx_word' id='word_1_649' title='bbox 3330 3510 3409 3560; x_wconf 88' lang='lat' dir='ltr'><strong>es,</strong></span> <span class='ocrx_word' id='word_1_650' title='bbox 3470 3512 3619 3550; x_wconf 67' lang='lat' dir='ltr'><strong>«non</strong></span> 
     </span>
    </p>
   </div>
   <div class='ocr_carea' id='block_1_81' title="bbox 2050 3586 3626 3656">
    <p class='ocr_par' dir='ltr' id='par_1_81' title="bbox 2050 3586 3626 3656">
     <span class='ocr_line' id='line_1_81' title="bbox 2050 3586 3626 3656; baseline 0.001 -15"><span class='ocrx_word' id='word_1_651' title='bbox 2050 3597 2248 3653; x_wconf 90' lang='lat' dir='ltr'><strong>erunt,</strong></span> <span class='ocrx_word' id='word_1_652' title='bbox 2309 3587 2482 3655; x_wconf 92' lang='lat' dir='ltr'><strong>inquit</strong></span> <span class='ocrx_word' id='word_1_653' title='bbox 2524 3586 2591 3651; x_wconf 82' lang='grc'><strong>⁸⁵³,</strong></span> <span class='ocrx_word' id='word_1_654' title='bbox 2644 3586 2737 3640; x_wconf 90' lang='lat' dir='ltr'><strong>alii</strong></span> <span class='ocrx_word' id='word_1_655' title='bbox 2773 3586 2842 3640; x_wconf 92' lang='lat' dir='ltr'><strong>dii</strong></span> <span class='ocrx_word' id='word_1_656' title='bbox 2897 3595 3092 3655; x_wconf 73' lang='lat' dir='ltr'><strong>przeter</strong></span> <span class='ocrx_word' id='word_1_657' title='bbox 3127 3601 3240 3653; x_wconf 90' lang='lat' dir='ltr'><strong>me;</strong></span> <span class='ocrx_word' id='word_1_658' title='bbox 3288 3606 3305 3639; x_wconf 78' lang='grc' dir='ltr'>ι</span> <span class='ocrx_word' id='word_1_659' title='bbox 3332 3589 3456 3656; x_wconf 90' lang='lat' dir='ltr'><strong>quia</strong></span> <span class='ocrx_word' id='word_1_660' title='bbox 3498 3603 3626 3642; x_wconf 85' lang='lat' dir='ltr'><strong>vere</strong></span> 
     </span>
    </p>
   </div>
   <div class='ocr_carea' id='block_1_82' title="bbox 2054 3678 3627 3751">
    <p class='ocr_par' dir='ltr' id='par_1_82' title="bbox 2054 3678 3627 3751">
     <span class='ocr_line' id='line_1_82' title="bbox 2054 3678 3627 3751; baseline 0.001 -19"><span class='ocrx_word' id='word_1_661' title='bbox 2054 3679 2193 3733; x_wconf 87' lang='lat' dir='ltr'><strong>Deus</strong></span> <span class='ocrx_word' id='word_1_662' title='bbox 2222 3696 2359 3733; x_wconf 90' lang='lat' dir='ltr'><strong>unus</strong></span> <span class='ocrx_word' id='word_1_663' title='bbox 2388 3689 2469 3732; x_wconf 91' lang='lat' dir='ltr'><strong>est</strong></span> <span class='ocrx_word' id='word_1_664' title='bbox 2506 3678 2663 3741; x_wconf 89' lang='lat' dir='ltr'><strong>Deus,</strong></span> <span class='ocrx_word' id='word_1_665' title='bbox 2698 3686 2752 3732; x_wconf 86' lang='lat' dir='ltr'><strong>et</strong></span> <span class='ocrx_word' id='word_1_666' title='bbox 2789 3693 2914 3751; x_wconf 81' lang='lat' dir='ltr'><strong>vero</strong></span> <span class='ocrx_word' id='word_1_667' title='bbox 2946 3678 3203 3733; x_wconf 89' lang='lat' dir='ltr'><strong>Dominus</strong></span> <span class='ocrx_word' id='word_1_668' title='bbox 3235 3696 3371 3733; x_wconf 93' lang='lat' dir='ltr'><strong>unus</strong></span> <span class='ocrx_word' id='word_1_669' title='bbox 3408 3689 3492 3734; x_wconf 86' lang='lat' dir='ltr'><strong>est</strong></span> <span class='ocrx_word' id='word_1_670' title='bbox 3525 3681 3627 3734; x_wconf 86' lang='lat' dir='ltr'><strong>Do-</strong></span> 
     </span>
    </p>
   </div>
   <div class='ocr_carea' id='block_1_83' title="bbox 2053 3770 3624 3839">
    <p class='ocr_par' dir='ltr' id='par_1_83' title="bbox 2053 3770 3624 3839">
     <span class='ocr_line' id='line_1_83' title="bbox 2053 3770 3624 3839; baseline 0.001 -17"><span class='ocrx_word' id='word_1_671' title='bbox 2053 3772 2250 3826; x_wconf 89' lang='lat' dir='ltr'><strong>minus.</strong></span> <span class='ocrx_word' id='word_1_672' title='bbox 2287 3770 2512 3824; x_wconf 66' lang='lat' dir='ltr'><strong>(laeteris</strong></span> <span class='ocrx_word' id='word_1_673' title='bbox 2564 3785 2714 3836; x_wconf 84' lang='lat' dir='ltr'><strong>vero,</strong></span> <span class='ocrx_word' id='word_1_674' title='bbox 2764 3770 2855 3839; x_wconf 95' lang='lat' dir='ltr'><strong>qui</strong></span> <span class='ocrx_word' id='word_1_675' title='bbox 2888 3771 2955 3823; x_wconf 88' lang='lat' dir='ltr'><strong>ah</strong></span> <span class='ocrx_word' id='word_1_676' title='bbox 2988 3770 3102 3838; x_wconf 91' lang='lat' dir='ltr'><strong>ipso</strong></span> <span class='ocrx_word' id='word_1_677' title='bbox 3123 3773 3293 3825; x_wconf 88' lang='lat' dir='ltr'><strong>creati</strong></span> <span class='ocrx_word' id='word_1_678' title='bbox 3318 3781 3464 3835; x_wconf 90' lang='lat' dir='ltr'><strong>sunt,</strong></span> <span class='ocrx_word' id='word_1_679' title='bbox 3496 3787 3624 3824; x_wconf 83' lang='lat' dir='ltr'><strong>con-</strong></span> 
     </span>
    </p>
   </div>
   <div class='ocr_carea' id='block_1_84' title="bbox 2054 3861 3625 3930">
    <p class='ocr_par' dir='ltr' id='par_1_84' title="bbox 2054 3861 3625 3930">
     <span class='ocr_line' id='line_1_84' title="bbox 2054 3861 3625 3930; baseline 0.003 -18"><span class='ocrx_word' id='word_1_680' title='bbox 2054 3862 2174 3915; x_wconf 86' lang='lat' dir='ltr'><strong>tulit</strong></span> <span class='ocrx_word' id='word_1_681' title='bbox 2205 3877 2397 3915; x_wconf 89' lang='lat' dir='ltr'><strong>nomen</strong></span> <span class='ocrx_word' id='word_1_682' title='bbox 2447 3861 2595 3915; x_wconf 91' lang='lat' dir='ltr'><strong>istud</strong></span> <span class='ocrx_word' id='word_1_683' title='bbox 2626 3875 2731 3914; x_wconf 92' lang='lat' dir='ltr'><strong>nou</strong></span> <span class='ocrx_word' id='word_1_684' title='bbox 2779 3870 2992 3926; x_wconf 83' lang='lat' dir='ltr'><strong>natura,</strong></span> <span class='ocrx_word' id='word_1_685' title='bbox 3046 3862 3139 3916; x_wconf 90' lang='lat' dir='ltr'><strong>sed</strong></span> <span class='ocrx_word' id='word_1_686' title='bbox 3188 3865 3382 3930; x_wconf 86' lang='lat' dir='ltr'><strong>gratia.</strong></span> <span class='ocrx_word' id='word_1_687' title='bbox 3429 3862 3625 3917; x_wconf 87' lang='lat' dir='ltr'><strong>Verum</strong></span> 
     </span>
    </p>
   </div>
   <div class='ocr_carea' id='block_1_85' title="bbox 2053 3951 3625 4023">
    <p class='ocr_par' dir='ltr' id='par_1_85' title="bbox 2053 3951 3625 4023">
     <span class='ocr_line' id='line_1_85' title="bbox 2053 3951 3625 4023; baseline 0.002 -17"><span class='ocrx_word' id='word_1_688' title='bbox 2053 3967 2121 4006; x_wconf 90' lang='lat' dir='ltr'><strong>ne</strong></span> <span class='ocrx_word' id='word_1_689' title='bbox 2161 3953 2442 4006; x_wconf 81' lang='lat' dir='ltr'><strong>existimes</strong></span> <span class='ocrx_word' id='word_1_690' title='bbox 2492 3952 2606 4005; x_wconf 73' lang='lat' dir='ltr'><strong>lizec</strong></span> <span class='ocrx_word' id='word_1_691' title='bbox 2645 3960 2849 4005; x_wconf 89' lang='lat' dir='ltr'><strong>tantum</strong></span> <span class='ocrx_word' id='word_1_692' title='bbox 2882 3952 2948 4005; x_wconf 90' lang='lat' dir='ltr'><strong>ad</strong></span> <span class='ocrx_word' id='word_1_693' title='bbox 3000 3951 3145 4005; x_wconf 80' lang='lat' dir='ltr'><strong>illum</strong></span> <span class='ocrx_word' id='word_1_694' title='bbox 3173 3955 3275 4006; x_wconf 90' lang='lat' dir='ltr'><strong>dici</strong></span> <span class='ocrx_word' id='word_1_695' title='bbox 3315 3953 3497 4017; x_wconf 88' lang='lat' dir='ltr'><strong>Israel,</strong></span> <span class='ocrx_word' id='word_1_696' title='bbox 3532 3956 3625 4023; x_wconf 91' lang='lat' dir='ltr'><strong>qui</strong></span> 
     </span>
    </p>
   </div>
   <div class='ocr_carea' id='block_1_86' title="bbox 2052 4042 3626 4112">
    <p class='ocr_par' dir='ltr' id='par_1_86' title="bbox 2052 4042 3626 4112">
     <span class='ocr_line' id='line_1_86' title="bbox 2052 4042 3626 4112; baseline 0.001 -15"><span class='ocrx_word' id='word_1_697' title='bbox 2052 4044 2348 4098; x_wconf 87' lang='lat' dir='ltr'><strong>secundum</strong></span> <span class='ocrx_word' id='word_1_698' title='bbox 2397 4058 2616 4097; x_wconf 89' lang='lat' dir='ltr'><strong>carnem</strong></span> <span class='ocrx_word' id='word_1_699' title='bbox 2655 4053 2815 4098; x_wconf 89' lang='lat' dir='ltr'><strong>natus</strong></span> <span class='ocrx_word' id='word_1_700' title='bbox 2847 4052 2949 4097; x_wconf 90' lang='lat' dir='ltr'><strong>est.</strong></span> <span class='ocrx_word' id='word_1_701' title='bbox 2994 4042 3158 4098; x_wconf 83' lang='lat' dir='ltr'><strong>Multo</strong></span> <span class='ocrx_word' id='word_1_702' title='bbox 3208 4046 3379 4112; x_wconf 88' lang='lat' dir='ltr'><strong>magis</strong></span> <span class='ocrx_word' id='word_1_703' title='bbox 3409 4046 3522 4099; x_wconf 66' lang='lat' dir='ltr'><strong>haec</strong></span> <span class='ocrx_word' id='word_1_704' title='bbox 3557 4046 3626 4099; x_wconf 87' lang='lat' dir='ltr'><strong>ad</strong></span> 
     </span>
    </p>
   </div>
   <div class='ocr_carea' id='block_1_87' title="bbox 2054 4133 3628 4205">
    <p class='ocr_par' dir='ltr' id='par_1_87' title="bbox 2054 4133 3628 4205">
     <span class='ocr_line' id='line_1_87' title="bbox 2054 4133 3628 4205; baseline 0.001 -15"><span class='ocrx_word' id='word_1_705' title='bbox 2054 4146 2105 4191; x_wconf 89' lang='lat' dir='ltr'><strong>te</strong></span> <span class='ocrx_word' id='word_1_706' title='bbox 2137 4137 2411 4201; x_wconf 91' lang='lat' dir='ltr'><strong>dicuntur,</strong></span> <span class='ocrx_word' id='word_1_707' title='bbox 2453 4135 2542 4205; x_wconf 91' lang='lat' dir='ltr'><strong>qui</strong></span> <span class='ocrx_word' id='word_1_708' title='bbox 2594 4134 2760 4190; x_wconf 88' lang='lat' dir='ltr'><strong>Israel</strong></span> <span class='ocrx_word' id='word_1_709' title='bbox 2804 4133 3025 4191; x_wconf 74' lang='lat' dir='ltr'><strong>effectus</strong></span> <span class='ocrx_word' id='word_1_710' title='bbox 3047 4152 3109 4191; x_wconf 91' lang='lat' dir='ltr'><strong>es</strong></span> <span class='ocrx_word' id='word_1_711' title='bbox 3147 4147 3323 4191; x_wconf 86' lang='lat' dir='ltr'><strong>mente</strong></span> <span class='ocrx_word' id='word_1_712' title='bbox 3349 4138 3511 4192; x_wconf 90' lang='lat' dir='ltr'><strong>Deum</strong></span> <span class='ocrx_word' id='word_1_713' title='bbox 3546 4138 3628 4191; x_wconf 87' lang='lat' dir='ltr'><strong>vi-</strong></span> 
     </span>
    </p>
   </div>
   <div class='ocr_carea' id='block_1_88' title="bbox 2052 4228 3627 4294">
    <p class='ocr_par' dir='ltr' id='par_1_88' title="bbox 2052 4228 3627 4294">
     <span class='ocr_line' id='line_1_88' title="bbox 2052 4228 3627 4294; baseline 0.001 -11"><span class='ocrx_word' id='word_1_714' title='bbox 2052 4229 2249 4294; x_wconf 87' lang='lat' dir='ltr'><strong>dendo,</strong></span> <span class='ocrx_word' id='word_1_715' title='bbox 2278 4239 2332 4284; x_wconf 91' lang='lat' dir='ltr'><strong>et</strong></span> <span class='ocrx_word' id='word_1_716' title='bbox 2354 4228 2715 4284; x_wconf 86' lang='lat' dir='ltr'><strong>circumcisus</strong></span> <span class='ocrx_word' id='word_1_717' title='bbox 2753 4242 2811 4282; x_wconf 90' lang='lat' dir='ltr'><strong>es</strong></span> <span class='ocrx_word' id='word_1_718' title='bbox 2839 4229 3022 4294; x_wconf 89' lang='lat' dir='ltr'><strong>corde,</strong></span> <span class='ocrx_word' id='word_1_719' title='bbox 3048 4245 3152 4282; x_wconf 90' lang='lat' dir='ltr'><strong>non</strong></span> <span class='ocrx_word' id='word_1_720' title='bbox 3183 4243 3370 4284; x_wconf 88' lang='lat' dir='ltr'><strong>carne.</strong></span> <span class='ocrx_word' id='word_1_721' title='bbox 3412 4229 3545 4284; x_wconf 83' lang='lat' dir='ltr'><strong>Nam</strong></span> <span class='ocrx_word' id='word_1_722' title='bbox 3569 4239 3627 4286; x_wconf 87' lang='lat' dir='ltr'><strong>et</strong></span> 
     </span>
    </p>
   </div>
   <div class='ocr_carea' id='block_1_89' title="bbox 2051 4320 3623 4391">
    <p class='ocr_par' dir='ltr' id='par_1_89' title="bbox 2051 4320 3623 4391">
     <span class='ocr_line' id='line_1_89' title="bbox 2051 4320 3623 4391; baseline 0.003 -17"><span class='ocrx_word' id='word_1_723' title='bbox 2051 4320 2094 4374; x_wconf 90' lang='lat' dir='ltr'><strong>si</strong></span> <span class='ocrx_word' id='word_1_724' title='bbox 2128 4321 2179 4374; x_wconf 91' lang='lat' dir='ltr'><strong>in</strong></span> <span class='ocrx_word' id='word_1_725' title='bbox 2230 4336 2396 4375; x_wconf 87' lang='lat' dir='ltr'><strong>carne</strong></span> <span class='ocrx_word' id='word_1_726' title='bbox 2432 4333 2623 4391; x_wconf 87' lang='lat' dir='ltr'><strong>gentes</strong></span> <span class='ocrx_word' id='word_1_727' title='bbox 2651 4336 2859 4386; x_wconf 90' lang='lat' dir='ltr'><strong>sumus,</strong></span> <span class='ocrx_word' id='word_1_728' title='bbox 2907 4320 2958 4373; x_wconf 93' lang='lat' dir='ltr'><strong>in</strong></span> <span class='ocrx_word' id='word_1_729' title='bbox 3000 4323 3191 4391; x_wconf 90' lang='lat' dir='ltr'><strong>spiritu</strong></span> <span class='ocrx_word' id='word_1_730' title='bbox 3227 4322 3392 4379; x_wconf 89' lang='lat' dir='ltr'><strong>Israel</strong></span> <span class='ocrx_word' id='word_1_731' title='bbox 3420 4341 3623 4387; x_wconf 89' lang='lat' dir='ltr'><strong>sumus,</strong></span> 
     </span>
    </p>
   </div>
   <div class='ocr_carea' id='block_1_90' title="bbox 374 4408 3624 4481">
    <p class='ocr_par' dir='ltr' id='par_1_90' title="bbox 374 4408 3624 4481">
     <span class='ocr_line' id='line_1_90' title="bbox 374 4408 3624 4481; baseline 0.004 -24"><span class='ocrx_word' id='word_1_732' title='bbox 374 4415 569 4473; x_wconf 74' lang='lat' dir='ltr'><strong>pra-ter</strong></span> <span class='ocrx_word' id='word_1_733' title='bbox 616 4422 721 4471; x_wconf 90' lang='lat' dir='ltr'><strong>me,</strong></span> <span class='ocrx_word' id='word_1_734' title='bbox 756 4408 1059 4463; x_wconf 90' lang='lat' dir='ltr'><strong>absolutior</strong></span> <span class='ocrx_word' id='word_1_735' title='bbox 1110 4425 1293 4465; x_wconf 88' lang='lat' dir='ltr'><strong>sermo</strong></span> <span class='ocrx_word' id='word_1_736' title='bbox 1323 4412 1617 4466; x_wconf 89' lang='lat' dir='ltr'><strong>videretur.</strong></span> <span class='ocrx_word' id='word_1_737' title='bbox 1672 4411 1824 4467; x_wconf 82' lang='lat' dir='ltr'><strong>Nunc</strong></span> <span class='ocrx_word' id='word_1_738' title='bbox 1857 4429 1952 4466; x_wconf 91' lang='lat' dir='ltr'><strong>au-</strong></span> <span class='ocrx_word' id='word_1_739' title='bbox 1983 4411 2027 4467; x_wconf 87' lang='lat' dir='ltr'><strong>D</strong></span> <span class='ocrx_word' id='word_1_740' title='bbox 2058 4419 2277 4478; x_wconf 84' lang='lat' dir='ltr'><strong>propter</strong></span> <span class='ocrx_word' id='word_1_741' title='bbox 2318 4426 2439 4465; x_wconf 89' lang='lat' dir='ltr'><strong>eum</strong></span> <span class='ocrx_word' id='word_1_742' title='bbox 2489 4412 2578 4481; x_wconf 91' lang='lat' dir='ltr'><strong>qui</strong></span> <span class='ocrx_word' id='word_1_743' title='bbox 2624 4412 2761 4468; x_wconf 89' lang='lat' dir='ltr'><strong>dixit</strong></span> <span class='ocrx_word' id='word_1_744' title='bbox 2784 4409 2833 4442; x_wconf 75' lang='lat'><strong>“</strong></span> <span class='ocrx_word' id='word_1_745' title='bbox 2865 4428 2878 4465; x_wconf 90' lang='lat'><strong>:</strong></span> <span class='ocrx_word' id='word_1_746' title='bbox 2914 4410 3078 4467; x_wconf 68' lang='lat' dir='ltr'><strong>«Pete</strong></span> <span class='ocrx_word' id='word_1_747' title='bbox 3106 4429 3135 4466; x_wconf 90' lang='lat' dir='ltr'><strong>a</strong></span> <span class='ocrx_word' id='word_1_748' title='bbox 3169 4429 3252 4468; x_wconf 90' lang='lat' dir='ltr'><strong>me</strong></span> <span class='ocrx_word' id='word_1_749' title='bbox 3274 4425 3327 4470; x_wconf 86' lang='lat' dir='ltr'><strong>et</strong></span> <span class='ocrx_word' id='word_1_750' title='bbox 3353 4415 3493 4471; x_wconf 87' lang='lat' dir='ltr'><strong>dabo</strong></span> <span class='ocrx_word' id='word_1_751' title='bbox 3529 4418 3624 4471; x_wconf 89' lang='lat' dir='ltr'><strong>tibi</strong></span> 
     </span>
    </p>
   </div>
   <div class='ocr_carea' id='block_1_91' title="bbox 373 4498 1952 4571">
    <p class='ocr_par' dir='ltr' id='par_1_91' title="bbox 373 4498 1952 4571">
     <span class='ocr_line' id='line_1_91' title="bbox 373 4498 1952 4571; baseline 0.007 -23"><span class='ocrx_word' id='word_1_752' title='bbox 373 4506 480 4549; x_wconf 90' lang='lat' dir='ltr'><strong>tem</strong></span> <span class='ocrx_word' id='word_1_753' title='bbox 535 4498 660 4566; x_wconf 92' lang='lat' dir='ltr'><strong>quia</strong></span> <span class='ocrx_word' id='word_1_754' title='bbox 711 4500 842 4552; x_wconf 89' lang='lat' dir='ltr'><strong>dicit</strong></span> <span class='ocrx_word' id='word_1_755' title='bbox 893 4518 906 4553; x_wconf 90' lang='lat'><strong>:</strong></span> <span class='ocrx_word' id='word_1_756' title='bbox 965 4500 1125 4553; x_wconf 72' lang='lat' dir='ltr'><strong>«Non</strong></span> <span class='ocrx_word' id='word_1_757' title='bbox 1174 4510 1334 4555; x_wconf 91' lang='lat' dir='ltr'><strong>erunt</strong></span> <span class='ocrx_word' id='word_1_758' title='bbox 1369 4503 1462 4556; x_wconf 93' lang='lat' dir='ltr'><strong>tibi</strong></span> <span class='ocrx_word' id='word_1_759' title='bbox 1511 4503 1582 4556; x_wconf 91' lang='lat' dir='ltr'><strong>dii</strong></span> <span class='ocrx_word' id='word_1_760' title='bbox 1628 4502 1719 4555; x_wconf 87' lang='lat' dir='ltr'><strong>alii</strong></span> <span class='ocrx_word' id='word_1_761' title='bbox 1757 4514 1952 4571; x_wconf 71' lang='lat' dir='ltr'><strong>przeter</strong></span> 
     </span>
    </p>
   </div>
   <div class='ocr_carea' id='block_1_92' title="bbox 374 4589 1951 4664">
    <p class='ocr_par' dir='ltr' id='par_1_92' title="bbox 374 4589 1951 4664">
     <span class='ocr_line' id='line_1_92' title="bbox 374 4589 1951 4664; baseline 0.006 -22"><span class='ocrx_word' id='word_1_762' title='bbox 374 4604 460 4643; x_wconf 90' lang='lat' dir='ltr'><strong>me</strong></span> <span class='ocrx_word' id='word_1_763' title='bbox 486 4589 622 4659; x_wconf 71' lang='lat'><strong>(28),</strong></span> <span class='ocrx_word' id='word_1_764' title='bbox 648 4609 666 4640; x_wconf 73' lang='grc' dir='ltr'><strong>ι</strong></span> <span class='ocrx_word' id='word_1_765' title='bbox 703 4607 807 4645; x_wconf 90' lang='lat' dir='ltr'><strong>non</strong></span> <span class='ocrx_word' id='word_1_766' title='bbox 844 4593 1056 4662; x_wconf 88' lang='lat' dir='ltr'><strong>negavit</strong></span> <span class='ocrx_word' id='word_1_767' title='bbox 1083 4595 1206 4664; x_wconf 88' lang='lat' dir='ltr'><strong>quia</strong></span> <span class='ocrx_word' id='word_1_768' title='bbox 1230 4595 1360 4657; x_wconf 87' lang='lat' dir='ltr'><strong>sint,</strong></span> <span class='ocrx_word' id='word_1_769' title='bbox 1391 4595 1484 4649; x_wconf 91' lang='lat' dir='ltr'><strong>sed</strong></span> <span class='ocrx_word' id='word_1_770' title='bbox 1516 4611 1583 4649; x_wconf 92' lang='lat' dir='ltr'><strong>ne</strong></span> <span class='ocrx_word' id='word_1_771' title='bbox 1615 4594 1689 4647; x_wconf 91' lang='lat' dir='ltr'><strong>illi</strong></span> <span class='ocrx_word' id='word_1_772' title='bbox 1720 4596 1828 4650; x_wconf 87' lang='lat' dir='ltr'><strong>sint</strong></span> <span class='ocrx_word' id='word_1_773' title='bbox 1862 4597 1951 4651; x_wconf 90' lang='lat' dir='ltr'><strong>cui</strong></span> 
     </span>
    </p>
   </div>
   <div class='ocr_carea' id='block_1_93' title="bbox 372 4681 1950 4755">
    <p class='ocr_par' dir='ltr' id='par_1_93' title="bbox 372 4681 1950 4755">
     <span class='ocr_line' id='line_1_93' title="bbox 372 4681 1950 4755; baseline 0.005 -22"><span class='ocrx_word' id='word_1_774' title='bbox 372 4681 491 4735; x_wconf 75' lang='lat' dir='ltr'><strong>hrec</strong></span> <span class='ocrx_word' id='word_1_775' title='bbox 522 4682 701 4735; x_wconf 90' lang='lat' dir='ltr'><strong>omnia</strong></span> <span class='ocrx_word' id='word_1_776' title='bbox 751 4694 1014 4754; x_wconf 60' lang='lat' dir='ltr'><strong>praecepta</strong></span> <span class='ocrx_word' id='word_1_777' title='bbox 1067 4687 1287 4750; x_wconf 89' lang='lat' dir='ltr'><strong>dantur,</strong></span> <span class='ocrx_word' id='word_1_778' title='bbox 1335 4685 1593 4739; x_wconf 89' lang='lat' dir='ltr'><strong>inhibuit.</strong></span> <span class='ocrx_word' id='word_1_779' title='bbox 1636 4686 1771 4740; x_wconf 24' lang='lat' dir='ltr'><strong>I’Iinc</strong></span> <span class='ocrx_word' id='word_1_780' title='bbox 1820 4698 1950 4755; x_wconf 88' lang='lat' dir='ltr'><strong>puto</strong></span> 
     </span>
    </p>
   </div>
   <div class='ocr_carea' id='block_1_94' title="bbox 372 4773 1950 4847">
    <p class='ocr_par' dir='ltr' id='par_1_94' title="bbox 372 4773 1950 4847">
     <span class='ocr_line' id='line_1_94' title="bbox 372 4773 1950 4847; baseline 0.006 -23"><span class='ocrx_word' id='word_1_781' title='bbox 372 4775 671 4843; x_wconf 85' lang='lat' dir='ltr'><strong>apostolum</strong></span> <span class='ocrx_word' id='word_1_782' title='bbox 707 4773 931 4829; x_wconf 84' lang='lat' dir='ltr'><strong>Paulum</strong></span> <span class='ocrx_word' id='word_1_783' title='bbox 981 4776 1281 4845; x_wconf 86' lang='lat' dir='ltr'><strong>sumpsisse</strong></span> <span class='ocrx_word' id='word_1_784' title='bbox 1325 4777 1475 4841; x_wconf 90' lang='lat' dir='ltr'><strong>illud,</strong></span> <span class='ocrx_word' id='word_1_785' title='bbox 1532 4779 1674 4847; x_wconf 85' lang='lat' dir='ltr'><strong>quod</strong></span> <span class='ocrx_word' id='word_1_786' title='bbox 1726 4780 1791 4832; x_wconf 87' lang='lat' dir='ltr'><strong>ad</strong></span> <span class='ocrx_word' id='word_1_787' title='bbox 1844 4780 1950 4833; x_wconf 78' lang='lat' dir='ltr'><strong>Co-</strong></span> 
     </span>
    </p>
   </div>
   <div class='ocr_carea' id='block_1_95' title="bbox 373 4865 1952 4940">
    <p class='ocr_par' dir='ltr' id='par_1_95' title="bbox 373 4865 1952 4940">
     <span class='ocr_line' id='line_1_95' title="bbox 373 4865 1952 4940; baseline 0.004 -23"><span class='ocrx_word' id='word_1_788' title='bbox 373 4865 606 4919; x_wconf 90' lang='lat' dir='ltr'><strong>rinthios</strong></span> <span class='ocrx_word' id='word_1_789' title='bbox 658 4867 896 4935; x_wconf 90' lang='lat' dir='ltr'><strong>scripsit,</strong></span> <span class='ocrx_word' id='word_1_790' title='bbox 945 4867 1134 4922; x_wconf 90' lang='lat' dir='ltr'><strong>dicens</strong></span> <span class='ocrx_word' id='word_1_791' title='bbox 1160 4868 1206 4899; x_wconf 76' lang='lat'><strong>“</strong></span> <span class='ocrx_word' id='word_1_792' title='bbox 1240 4886 1253 4922; x_wconf 88' lang='lat'>:</span> <span class='ocrx_word' id='word_1_793' title='bbox 1298 4886 1317 4921; x_wconf 87' lang='grc'><em>‹</em></span> <span class='ocrx_word' id='word_1_794' title='bbox 1347 4868 1402 4924; x_wconf 92' lang='lat' dir='ltr'><strong>Si</strong></span> <span class='ocrx_word' id='word_1_795' title='bbox 1439 4870 1654 4938; x_wconf 90' lang='lat' dir='ltr'><strong>quidem</strong></span> <span class='ocrx_word' id='word_1_796' title='bbox 1689 4881 1813 4925; x_wconf 92' lang='lat' dir='ltr'><strong>sunt</strong></span> <span class='ocrx_word' id='word_1_797' title='bbox 1859 4872 1952 4940; x_wconf 91' lang='lat' dir='ltr'><strong>qui</strong></span> 
     </span>
    </p>
   </div>
   <div class='ocr_carea' id='block_1_96' title="bbox 373 4956 1955 5023">
    <p class='ocr_par' dir='ltr' id='par_1_96' title="bbox 373 4956 1955 5023">
     <span class='ocr_line' id='line_1_96' title="bbox 373 4956 1955 5023; baseline 0.005 -16"><span class='ocrx_word' id='word_1_798' title='bbox 373 4956 631 5010; x_wconf 90' lang='lat' dir='ltr'><strong>dicuntur</strong></span> <span class='ocrx_word' id='word_1_799' title='bbox 659 4956 755 5023; x_wconf 89' lang='lat' dir='ltr'><strong>dii,</strong></span> <span class='ocrx_word' id='word_1_800' title='bbox 795 4958 910 5013; x_wconf 90' lang='lat' dir='ltr'><strong>sive</strong></span> <span class='ocrx_word' id='word_1_801' title='bbox 962 4959 1015 5013; x_wconf 91' lang='lat' dir='ltr'><strong>in</strong></span> <span class='ocrx_word' id='word_1_802' title='bbox 1044 4959 1205 5023; x_wconf 67' lang='lat' dir='ltr'><strong>caelo,</strong></span> <span class='ocrx_word' id='word_1_803' title='bbox 1236 4960 1348 5015; x_wconf 88' lang='lat' dir='ltr'><strong>sive</strong></span> <span class='ocrx_word' id='word_1_804' title='bbox 1399 4960 1451 5013; x_wconf 94' lang='lat' dir='ltr'><strong>iu</strong></span> <span class='ocrx_word' id='word_1_805' title='bbox 1485 4969 1651 5014; x_wconf 88' lang='lat' dir='ltr'><strong>terra.</strong></span> <span class='ocrx_word' id='word_1_806' title='bbox 1678 4978 1698 5012; x_wconf 71' lang='grc' dir='ltr'><strong><em>ι</em></strong></span> <span class='ocrx_word' id='word_1_807' title='bbox 1763 4961 1829 5015; x_wconf 89' lang='lat' dir='ltr'><strong>Et</strong></span> <span class='ocrx_word' id='word_1_808' title='bbox 1858 4961 1955 5015; x_wconf 85' lang='lat' dir='ltr'><strong>ad-</strong></span> 
     </span>
    </p>
   </div>
   <div class='ocr_carea' id='block_1_97' title="bbox 376 5045 1957 5116">
    <p class='ocr_par' dir='ltr' id='par_1_97' title="bbox 376 5045 1957 5116">
     <span class='ocr_line' id='line_1_97' title="bbox 376 5045 1957 5116; baseline 0.008 -22"><span class='ocrx_word' id='word_1_809' title='bbox 376 5045 454 5097; x_wconf 89' lang='lat' dir='ltr'><strong>dit</strong></span> <span class='ocrx_word' id='word_1_810' title='bbox 487 5066 498 5100; x_wconf 91' lang='lat'><strong>:</strong></span> <span class='ocrx_word' id='word_1_811' title='bbox 534 5065 552 5096; x_wconf 76' lang='lat' dir='ltr'><strong>r</strong></span> <span class='ocrx_word' id='word_1_812' title='bbox 584 5046 648 5101; x_wconf 86' lang='lat' dir='ltr'><strong>Et</strong></span> <span class='ocrx_word' id='word_1_813' title='bbox 680 5046 823 5101; x_wconf 91' lang='lat' dir='ltr'><strong>sicut</strong></span> <span class='ocrx_word' id='word_1_814' title='bbox 858 5058 985 5102; x_wconf 89' lang='lat' dir='ltr'><strong>sunt</strong></span> <span class='ocrx_word' id='word_1_815' title='bbox 1018 5049 1089 5103; x_wconf 93' lang='lat' dir='ltr'><strong>dii</strong></span> <span class='ocrx_word' id='word_1_816' title='bbox 1120 5050 1295 5115; x_wconf 90' lang='lat' dir='ltr'><strong>multi,</strong></span> <span class='ocrx_word' id='word_1_817' title='bbox 1323 5060 1377 5105; x_wconf 90' lang='lat' dir='ltr'><strong>et</strong></span> <span class='ocrx_word' id='word_1_818' title='bbox 1411 5051 1612 5104; x_wconf 92' lang='lat' dir='ltr'><strong>domini</strong></span> <span class='ocrx_word' id='word_1_819' title='bbox 1648 5051 1822 5116; x_wconf 91' lang='lat' dir='ltr'><strong>multi,</strong></span> <span class='ocrx_word' id='word_1_820' title='bbox 1860 5067 1957 5107; x_wconf 75' lang='lat' dir='ltr'><strong>no-</strong></span> 
     </span>
    </p>
   </div>
   <div class='ocr_carea' id='block_1_98' title="bbox 375 5135 1956 5212">
    <p class='ocr_par' dir='ltr' id='par_1_98' title="bbox 375 5135 1956 5212">
     <span class='ocr_line' id='line_1_98' title="bbox 375 5135 1956 5212; baseline 0.007 -26"><span class='ocrx_word' id='word_1_821' title='bbox 375 5135 458 5187; x_wconf 86' lang='lat' dir='ltr'><strong>bis</strong></span> <span class='ocrx_word' id='word_1_822' title='bbox 505 5148 681 5192; x_wconf 92' lang='lat' dir='ltr'><strong>tamen</strong></span> <span class='ocrx_word' id='word_1_823' title='bbox 738 5155 880 5195; x_wconf 91' lang='lat' dir='ltr'><strong>unus</strong></span> <span class='ocrx_word' id='word_1_824' title='bbox 910 5139 1050 5196; x_wconf 89' lang='lat' dir='ltr'><strong>Deus</strong></span> <span class='ocrx_word' id='word_1_825' title='bbox 1076 5141 1258 5209; x_wconf 86' lang='lat' dir='ltr'><strong>Pater,</strong></span> <span class='ocrx_word' id='word_1_826' title='bbox 1291 5158 1355 5197; x_wconf 84' lang='lat' dir='ltr'><strong>ex</strong></span> <span class='ocrx_word' id='word_1_827' title='bbox 1395 5157 1504 5212; x_wconf 90' lang='lat' dir='ltr'><strong>quo</strong></span> <span class='ocrx_word' id='word_1_828' title='bbox 1540 5143 1746 5209; x_wconf 87' lang='lat' dir='ltr'><strong>onmia,</strong></span> <span class='ocrx_word' id='word_1_829' title='bbox 1776 5153 1831 5197; x_wconf 91' lang='lat' dir='ltr'><strong>et</strong></span> <span class='ocrx_word' id='word_1_830' title='bbox 1858 5159 1956 5197; x_wconf 91' lang='lat' dir='ltr'><strong>nos</strong></span> 
     </span>
    </p>
   </div>
   <div class='ocr_carea' id='block_1_99' title="bbox 376 5227 1959 5304">
    <p class='ocr_par' dir='ltr' id='par_1_99' title="bbox 376 5227 1959 5304">
     <span class='ocr_line' id='line_1_99' title="bbox 376 5227 1959 5304; baseline 0.007 -27"><span class='ocrx_word' id='word_1_831' title='bbox 376 5239 474 5292; x_wconf 87' lang='lat' dir='ltr'><strong>per</strong></span> <span class='ocrx_word' id='word_1_832' title='bbox 506 5227 705 5296; x_wconf 91' lang='lat' dir='ltr'><strong>ipsum,</strong></span> <span class='ocrx_word' id='word_1_833' title='bbox 745 5239 801 5284; x_wconf 88' lang='lat' dir='ltr'><strong>et</strong></span> <span class='ocrx_word' id='word_1_834' title='bbox 846 5246 988 5286; x_wconf 87' lang='lat' dir='ltr'><strong>unus</strong></span> <span class='ocrx_word' id='word_1_835' title='bbox 1036 5233 1296 5287; x_wconf 87' lang='lat' dir='ltr'><strong>Dominus</strong></span> <span class='ocrx_word' id='word_1_836' title='bbox 1341 5233 1501 5288; x_wconf 82' lang='lat' dir='ltr'><strong>.lesus</strong></span> <span class='ocrx_word' id='word_1_837' title='bbox 1548 5233 1814 5299; x_wconf 81' lang='lat' dir='ltr'><strong>Christus,</strong></span> <span class='ocrx_word' id='word_1_838' title='bbox 1864 5248 1959 5304; x_wconf 89' lang='lat' dir='ltr'><strong>per</strong></span> 
     </span>
    </p>
   </div>
   <div class='ocr_carea' id='block_1_100' title="bbox 446 5344 1476 5415">
    <p class='ocr_par' dir='ltr' id='par_1_100' title="bbox 446 5344 1476 5415">
     <span class='ocr_line' id='line_1_100' title="bbox 446 5344 1476 5415; baseline 0.008 -17"><span class='ocrx_word' id='word_1_839' title='bbox 446 5344 489 5415; x_wconf 62' lang='grc' dir='ltr'><strong>ξ’</strong></span> <span class='ocrx_word' id='word_1_840' title='bbox 526 5346 696 5402; x_wconf 74' lang='lat' dir='ltr'><strong>Exod.</strong></span> <span class='ocrx_word' id='word_1_841' title='bbox 723 5366 815 5411; x_wconf 79' lang='lat' dir='ltr'><strong>xx,</strong></span> <span class='ocrx_word' id='word_1_842' title='bbox 848 5352 902 5406; x_wconf 83' lang='lat'><strong>5.</strong></span> <span class='ocrx_word' id='word_1_843' title='bbox 1008 5350 1053 5383; x_wconf 73' lang='grc'>⁸³</span> <span class='ocrx_word' id='word_1_844' title='bbox 1082 5352 1212 5406; x_wconf 89' lang='lat' dir='ltr'><strong>ibid.</strong></span> <span class='ocrx_word' id='word_1_845' title='bbox 1245 5353 1301 5415; x_wconf 63' lang='grc' dir='ltr'><strong>ὁ.</strong></span> <span class='ocrx_word' id='word_1_846' title='bbox 1340 5352 1397 5414; x_wconf 86' lang='lat'><strong>5,</strong></span> <span class='ocrx_word' id='word_1_847' title='bbox 1421 5352 1476 5408; x_wconf 91' lang='lat'><strong>6.</strong></span> 
     </span>
    </p>
   </div>
   <div class='ocr_carea' id='block_1_101' title="bbox 375 5412 1969 5491">
    <p class='ocr_par' dir='ltr' id='par_1_101' title="bbox 375 5412 1969 5491">
     <span class='ocr_line' id='line_1_101' title="bbox 375 5412 1969 5491; baseline 0.007 -25"><span class='ocrx_word' id='word_1_848' title='bbox 375 5412 423 5444; x_wconf 68' lang='grc'><strong>⁸⁸</strong></span> <span class='ocrx_word' id='word_1_849' title='bbox 450 5413 592 5491; x_wconf 53' lang='grc' dir='ltr'><strong>Ρξιιι.</strong></span> <span class='ocrx_word' id='word_1_850' title='bbox 623 5434 767 5491; x_wconf 55' lang='lat' dir='ltr'><strong>sux.</strong></span> <span class='ocrx_word' id='word_1_851' title='bbox 798 5422 846 5474; x_wconf 87' lang='lat' dir='ltr'><strong>I.</strong></span> <span class='ocrx_word' id='word_1_852' title='bbox 928 5421 971 5453; x_wconf 75' lang='lat'><strong>&quot;</strong></span> <span class='ocrx_word' id='word_1_853' title='bbox 998 5419 1141 5475; x_wconf 86' lang='lat' dir='ltr'><strong>Psal.</strong></span> <span class='ocrx_word' id='word_1_854' title='bbox 1169 5412 1355 5488; x_wconf 51' lang='lat' dir='ltr'><strong>lxxiii,</strong></span> <span class='ocrx_word' id='word_1_855' title='bbox 1384 5412 1431 5477; x_wconf 87' lang='lat' dir='ltr'><strong>I.</strong></span> <span class='ocrx_word' id='word_1_856' title='bbox 1509 5424 1556 5455; x_wconf 76' lang='grc'><strong>⁵⁸</strong></span> <span class='ocrx_word' id='word_1_857' title='bbox 1579 5423 1789 5479; x_wconf 79' lang='lat' dir='ltr'><strong>Coloss.</strong></span> <span class='ocrx_word' id='word_1_858' title='bbox 1822 5440 1855 5491; x_wconf 90' lang='lat' dir='ltr'><strong>I,</strong></span> <span class='ocrx_word' id='word_1_859' title='bbox 1886 5412 1969 5478; x_wconf 62' lang='lat' dir='ltr'><strong>Ili.</strong></span> 
     </span>
    </p>
   </div>
   <div class='ocr_carea' id='block_1_102' title="bbox 379 5486 1570 5559">
    <p class='ocr_par' dir='ltr' id='par_1_102' title="bbox 379 5486 1570 5559">
     <span class='ocr_line' id='line_1_102' title="bbox 379 5486 1570 5559; baseline 0.007 -23"><span class='ocrx_word' id='word_1_860' title='bbox 379 5499 473 5548; x_wconf 80' lang='lat' dir='ltr'><strong>xx,</strong></span> <span class='ocrx_word' id='word_1_861' title='bbox 497 5486 550 5538; x_wconf 79' lang='lat'><strong>5.</strong></span> <span class='ocrx_word' id='word_1_862' title='bbox 625 5488 672 5518; x_wconf 73' lang='lat'>”</span> <span class='ocrx_word' id='word_1_863' title='bbox 701 5490 840 5544; x_wconf 82' lang='lat' dir='ltr'><strong>l‘sal.</strong></span> <span class='ocrx_word' id='word_1_864' title='bbox 870 5507 928 5557; x_wconf 91' lang='lat' dir='ltr'><strong>n,</strong></span> <span class='ocrx_word' id='word_1_865' title='bbox 951 5494 1005 5546; x_wconf 83' lang='lat'><strong>8.</strong></span> <span class='ocrx_word' id='word_1_866' title='bbox 1080 5492 1125 5523; x_wconf 81' lang='grc'><strong><em>⁵⁵</em></strong></span> <span class='ocrx_word' id='word_1_867' title='bbox 1147 5491 1302 5545; x_wconf 85' lang='lat' dir='ltr'><strong>.loau.</strong></span> <span class='ocrx_word' id='word_1_868' title='bbox 1334 5486 1461 5559; x_wconf 74' lang='lat' dir='ltr'><strong>m,</strong></span> <span class='ocrx_word' id='word_1_869' title='bbox 1493 5494 1570 5549; x_wconf 86' lang='lat' dir='ltr'><strong>IO.</strong></span> 
     </span>
    </p>
   </div>
   <div class='ocr_carea' id='block_1_103' title="bbox 450 5580 1251 5649">
    <p class='ocr_par' dir='ltr' id='par_1_103' title="bbox 450 5580 1251 5649">
     <span class='ocr_line' id='line_1_103' title="bbox 450 5580 1251 5649; baseline 0.007 -17"><span class='ocrx_word' id='word_1_870' title='bbox 450 5580 564 5649; x_wconf 75' lang='lat'><strong>(9.7)</strong></span> <span class='ocrx_word' id='word_1_871' title='bbox 605 5583 770 5648; x_wconf 75' lang='lat' dir='ltr'><strong>Alias,</strong></span> <span class='ocrx_word' id='word_1_872' title='bbox 813 5604 832 5635; x_wconf 70' lang='grc' dir='ltr'><strong><em>ι</em></strong></span> <span class='ocrx_word' id='word_1_873' title='bbox 868 5605 971 5641; x_wconf 89' lang='lat' dir='ltr'><strong>non</strong></span> <span class='ocrx_word' id='word_1_874' title='bbox 1013 5588 1198 5642; x_wconf 82' lang='lat' dir='ltr'><strong>facias.</strong></span> <span class='ocrx_word' id='word_1_875' title='bbox 1234 5607 1251 5638; x_wconf 75' lang='grc' dir='ltr'>ι</span> 
     </span>
    </p>
   </div>
   <div class='ocr_carea' id='block_1_104' title="bbox 452 5653 1175 5724">
    <p class='ocr_par' dir='ltr' id='par_1_104' title="bbox 452 5653 1175 5724">
     <span class='ocr_line' id='line_1_104' title="bbox 452 5653 1175 5724; baseline 0.001 -17"><span class='ocrx_word' id='word_1_876' title='bbox 452 5653 567 5724; x_wconf 76' lang='lat'><strong>(‘28)</strong></span> <span class='ocrx_word' id='word_1_877' title='bbox 592 5654 764 5723; x_wconf 84' lang='lat' dir='ltr'><strong>Alias,</strong></span> <span class='ocrx_word' id='word_1_878' title='bbox 798 5674 815 5707; x_wconf 74' lang='grc' dir='ltr'>ι</span> <span class='ocrx_word' id='word_1_879' title='bbox 842 5657 913 5712; x_wconf 90' lang='lat' dir='ltr'><strong>dii</strong></span> <span class='ocrx_word' id='word_1_880' title='bbox 949 5657 1127 5713; x_wconf 84' lang='lat' dir='ltr'><strong>alieni.</strong></span> <span class='ocrx_word' id='word_1_881' title='bbox 1158 5676 1175 5708; x_wconf 75' lang='grc' dir='ltr'><strong>ι</strong></span> 
     </span>
    </p>
   </div>
   <div class='ocr_carea' id='block_1_105' title="bbox 1553 5352 2643 5491">
    <p class='ocr_par' dir='ltr' id='par_1_105' title="bbox 1553 5352 2643 5491">
     <span class='ocr_line' id='line_1_105' title="bbox 1553 5352 2643 5418; baseline 0 -11"><span class='ocrx_word' id='word_1_882' title='bbox 1553 5354 1599 5385; x_wconf 57' lang='grc'><strong>⁸⁸</strong></span> <span class='ocrx_word' id='word_1_883' title='bbox 1648 5353 1818 5411; x_wconf 74' lang='lat' dir='ltr'><strong>Exod.</strong></span> <span class='ocrx_word' id='word_1_884' title='bbox 1875 5368 1967 5418; x_wconf 77' lang='lat' dir='ltr'><strong>xx,</strong></span> <span class='ocrx_word' id='word_1_885' title='bbox 1992 5352 2046 5407; x_wconf 77' lang='grc'><strong>3.</strong></span> <span class='ocrx_word' id='word_1_886' title='bbox 2124 5354 2169 5384; x_wconf 72' lang='grc'><strong>⁸⁸</strong></span> <span class='ocrx_word' id='word_1_887' title='bbox 2196 5353 2325 5408; x_wconf 92' lang='lat' dir='ltr'><strong>ibid.</strong></span> <span class='ocrx_word' id='word_1_888' title='bbox 2350 5353 2402 5406; x_wconf 69' lang='grc' dir='ltr'><strong>ι.</strong></span> <span class='ocrx_word' id='word_1_889' title='bbox 2480 5353 2524 5384; x_wconf 74' lang='grc'><strong>⁸⁸</strong></span> <span class='ocrx_word' id='word_1_890' title='bbox 2551 5353 2565 5405; x_wconf 95' lang='lat' dir='ltr'><strong>I</strong></span> <span class='ocrx_word' id='word_1_891' title='bbox 2597 5352 2643 5407; x_wconf 51' lang='lat' dir='ltr'><strong>Ci</strong></span> 
     </span>
     <span class='ocr_line' id='line_1_106' title="bbox 1553 5423 2643 5491; baseline 0.001 -13"><span class='ocrx_word' id='word_1_892' title='bbox 1553 5423 1789 5479; x_wconf 80' lang='lat' dir='ltr'><strong>’Coloss.</strong></span> <span class='ocrx_word' id='word_1_893' title='bbox 1822 5440 1855 5491; x_wconf 90' lang='lat' dir='ltr'><strong>I,</strong></span> <span class='ocrx_word' id='word_1_894' title='bbox 1886 5424 1969 5478; x_wconf 82' lang='lat' dir='ltr'><strong>lti.</strong></span> <span class='ocrx_word' id='word_1_895' title='bbox 2046 5425 2088 5455; x_wconf 76' lang='grc'><strong>⁵³</strong></span> <span class='ocrx_word' id='word_1_896' title='bbox 2116 5423 2273 5479; x_wconf 89' lang='lat' dir='ltr'><strong>Deut.</strong></span> <span class='ocrx_word' id='word_1_897' title='bbox 2307 5439 2479 5491; x_wconf 79' lang='lat' dir='ltr'><strong>xxxii,</strong></span> <span class='ocrx_word' id='word_1_898' title='bbox 2505 5424 2560 5489; x_wconf 91' lang='lat'><strong>8,</strong></span> <span class='ocrx_word' id='word_1_899' title='bbox 2587 5425 2643 5479; x_wconf 90' lang='lat'><strong>9.</strong></span> 
     </span>
    </p>
   </div>
   <div class='ocr_carea' id='block_1_106' title="bbox 2054 4504 3625 4575">
    <p class='ocr_par' dir='ltr' id='par_1_106' title="bbox 2054 4504 3625 4575">
     <span class='ocr_line' id='line_1_107' title="bbox 2054 4504 3625 4575; baseline 0.002 -18"><span class='ocrx_word' id='word_1_900' title='bbox 2054 4512 2242 4572; x_wconf 88' lang='lat' dir='ltr'><strong>gentes</strong></span> <span class='ocrx_word' id='word_1_901' title='bbox 2296 4504 2667 4560; x_wconf 64' lang='lat' dir='ltr'><strong>baareditatem</strong></span> <span class='ocrx_word' id='word_1_902' title='bbox 2717 4515 2886 4571; x_wconf 91' lang='lat' dir='ltr'><strong>tuam,</strong></span> <span class='ocrx_word' id='word_1_903' title='bbox 2931 4514 2985 4561; x_wconf 90' lang='lat' dir='ltr'><strong>et</strong></span> <span class='ocrx_word' id='word_1_904' title='bbox 3038 4507 3435 4575; x_wconf 50' lang='lat' dir='ltr'><strong>possesrionem</strong></span> <span class='ocrx_word' id='word_1_905' title='bbox 3481 4518 3625 4563; x_wconf 88' lang='lat' dir='ltr'><strong>tuam</strong></span> 
     </span>
    </p>
   </div>
   <div class='ocr_carea' id='block_1_107' title="bbox 2056 4596 3629 4669">
    <p class='ocr_par' dir='ltr' id='par_1_107' title="bbox 2056 4596 3629 4669">
     <span class='ocr_line' id='line_1_108' title="bbox 2056 4596 3629 4669; baseline 0.004 -21"><span class='ocrx_word' id='word_1_906' title='bbox 2056 4596 2317 4650; x_wconf 90' lang='lat' dir='ltr'><strong>terminos</strong></span> <span class='ocrx_word' id='word_1_907' title='bbox 2366 4605 2586 4653; x_wconf 65' lang='lat' dir='ltr'><strong>terrae.)</strong></span> <span class='ocrx_word' id='word_1_908' title='bbox 2628 4598 2695 4652; x_wconf 88' lang='lat' dir='ltr'><strong>Et</strong></span> <span class='ocrx_word' id='word_1_909' title='bbox 2726 4608 2948 4669; x_wconf 90' lang='lat' dir='ltr'><strong>propter</strong></span> <span class='ocrx_word' id='word_1_910' title='bbox 2994 4612 3116 4653; x_wconf 90' lang='lat' dir='ltr'><strong>cum</strong></span> <span class='ocrx_word' id='word_1_911' title='bbox 3168 4600 3258 4668; x_wconf 94' lang='lat' dir='ltr'><strong>qui</strong></span> <span class='ocrx_word' id='word_1_912' title='bbox 3308 4600 3505 4655; x_wconf 90' lang='lat' dir='ltr'><strong>iterum</strong></span> <span class='ocrx_word' id='word_1_913' title='bbox 3553 4600 3629 4654; x_wconf 88' lang='lat' dir='ltr'><strong>di-</strong></span> 
     </span>
    </p>
   </div>
   <div class='ocr_carea' id='block_1_108' title="bbox 2057 4686 3626 4758">
    <p class='ocr_par' dir='ltr' id='par_1_108' title="bbox 2057 4686 3626 4758">
     <span class='ocr_line' id='line_1_109' title="bbox 2057 4686 3626 4758; baseline 0.003 -17"><span class='ocrx_word' id='word_1_914' title='bbox 2057 4686 2204 4741; x_wconf 81' lang='lat' dir='ltr'><strong>xit&quot;</strong></span> <span class='ocrx_word' id='word_1_915' title='bbox 2237 4706 2250 4742; x_wconf 88' lang='lat'><strong>:</strong></span> <span class='ocrx_word' id='word_1_916' title='bbox 2286 4687 2510 4753; x_wconf 67' lang='lat' dir='ltr'><strong>«Pater,</strong></span> <span class='ocrx_word' id='word_1_917' title='bbox 2557 4690 2741 4744; x_wconf 90' lang='lat' dir='ltr'><strong>omnia</strong></span> <span class='ocrx_word' id='word_1_918' title='bbox 2788 4706 2904 4744; x_wconf 90' lang='lat' dir='ltr'><strong>mea</strong></span> <span class='ocrx_word' id='word_1_919' title='bbox 2952 4699 3040 4743; x_wconf 86' lang='lat' dir='ltr'><strong>tua</strong></span> <span class='ocrx_word' id='word_1_920' title='bbox 3094 4701 3240 4758; x_wconf 88' lang='lat' dir='ltr'><strong>sunt,</strong></span> <span class='ocrx_word' id='word_1_921' title='bbox 3296 4702 3350 4747; x_wconf 90' lang='lat' dir='ltr'><strong>et</strong></span> <span class='ocrx_word' id='word_1_922' title='bbox 3381 4702 3470 4746; x_wconf 90' lang='lat' dir='ltr'><strong>tua</strong></span> <span class='ocrx_word' id='word_1_923' title='bbox 3508 4707 3626 4746; x_wconf 88' lang='lat' dir='ltr'><strong>mea</strong></span> 
     </span>
    </p>
   </div>
   <div class='ocr_carea' id='block_1_109' title="bbox 2054 4779 3626 4852">
    <p class='ocr_par' dir='ltr' id='par_1_109' title="bbox 2054 4779 3626 4852">
     <span class='ocr_line' id='line_1_110' title="bbox 2054 4779 3626 4852; baseline 0.001 -19"><span class='ocrx_word' id='word_1_924' title='bbox 2054 4788 2201 4844; x_wconf 86' lang='lat' dir='ltr'><strong>sunt,</strong></span> <span class='ocrx_word' id='word_1_925' title='bbox 2225 4791 2276 4833; x_wconf 91' lang='lat' dir='ltr'><strong>et</strong></span> <span class='ocrx_word' id='word_1_926' title='bbox 2302 4779 2634 4847; x_wconf 80' lang='lat' dir='ltr'><strong>glorificatus</strong></span> <span class='ocrx_word' id='word_1_927' title='bbox 2661 4795 2779 4834; x_wconf 91' lang='lat' dir='ltr'><strong>sum</strong></span> <span class='ocrx_word' id='word_1_928' title='bbox 2805 4782 2857 4835; x_wconf 91' lang='lat' dir='ltr'><strong>in</strong></span> <span class='ocrx_word' id='word_1_929' title='bbox 2892 4782 2996 4846; x_wconf 88' lang='lat' dir='ltr'><strong>his,</strong></span> <span class='ocrx_word' id='word_1_930' title='bbox 3024 4800 3042 4833; x_wconf 73' lang='grc' dir='ltr'><strong><em>ι</em></strong></span> <span class='ocrx_word' id='word_1_931' title='bbox 3073 4783 3117 4836; x_wconf 86' lang='lat' dir='ltr'><strong>si</strong></span> <span class='ocrx_word' id='word_1_932' title='bbox 3149 4792 3327 4837; x_wconf 88' lang='lat' dir='ltr'><strong>tamen</strong></span> <span class='ocrx_word' id='word_1_933' title='bbox 3360 4783 3430 4836; x_wconf 90' lang='lat' dir='ltr'><strong>ita</strong></span> <span class='ocrx_word' id='word_1_934' title='bbox 3472 4800 3626 4852; x_wconf 78' lang='lat' dir='ltr'><strong>agas,</strong></span> 
     </span>
    </p>
   </div>
   <div class='ocr_carea' id='block_1_110' title="bbox 2060 4870 3629 4940">
    <p class='ocr_par' dir='ltr' id='par_1_110' title="bbox 2060 4870 3629 4940">
     <span class='ocr_line' id='line_1_111' title="bbox 2060 4870 3629 4940; baseline 0.003 -18"><span class='ocrx_word' id='word_1_935' title='bbox 2060 4879 2117 4922; x_wconf 92' lang='lat' dir='ltr'><strong>ut</strong></span> <span class='ocrx_word' id='word_1_936' title='bbox 2152 4870 2345 4940; x_wconf 84' lang='lat' dir='ltr'><strong>dignus</strong></span> <span class='ocrx_word' id='word_1_937' title='bbox 2378 4872 2455 4926; x_wconf 90' lang='lat' dir='ltr'><strong>sis</strong></span> <span class='ocrx_word' id='word_1_938' title='bbox 2484 4886 2610 4939; x_wconf 89' lang='lat' dir='ltr'><strong>pars</strong></span> <span class='ocrx_word' id='word_1_939' title='bbox 2640 4885 2762 4926; x_wconf 86' lang='lat' dir='ltr'><strong>esse</strong></span> <span class='ocrx_word' id='word_1_940' title='bbox 2800 4872 2914 4936; x_wconf 85' lang='lat' dir='ltr'><strong>Dei,</strong></span> <span class='ocrx_word' id='word_1_941' title='bbox 2948 4881 3003 4926; x_wconf 87' lang='lat' dir='ltr'><strong>et</strong></span> <span class='ocrx_word' id='word_1_942' title='bbox 3038 4872 3088 4925; x_wconf 93' lang='lat' dir='ltr'><strong>iu</strong></span> <span class='ocrx_word' id='word_1_943' title='bbox 3132 4872 3374 4927; x_wconf 88' lang='lat' dir='ltr'><strong>funiculo</strong></span> <span class='ocrx_word' id='word_1_944' title='bbox 3401 4874 3629 4928; x_wconf 74' lang='lat' dir='ltr'><strong>Incredi-</strong></span> 
     </span>
    </p>
   </div>
   <div class='ocr_carea' id='block_1_111' title="bbox 2056 4960 3630 5033">
    <p class='ocr_par' dir='ltr' id='par_1_111' title="bbox 2056 4960 3630 5033">
     <span class='ocr_line' id='line_1_112' title="bbox 2056 4960 3630 5033; baseline 0.003 -20"><span class='ocrx_word' id='word_1_945' title='bbox 2056 4960 2183 5016; x_wconf 81' lang='lat' dir='ltr'><strong>tatis</strong></span> <span class='ocrx_word' id='word_1_946' title='bbox 2222 4960 2339 5031; x_wconf 86' lang='lat' dir='ltr'><strong>ejus</strong></span> <span class='ocrx_word' id='word_1_947' title='bbox 2368 4961 2567 5015; x_wconf 89' lang='lat' dir='ltr'><strong>metiri.</strong></span> <span class='ocrx_word' id='word_1_948' title='bbox 2607 4961 2820 5032; x_wconf 84' lang='lat' dir='ltr'><strong>Alioqui</strong></span> <span class='ocrx_word' id='word_1_949' title='bbox 2850 4962 2894 5017; x_wconf 90' lang='lat' dir='ltr'><strong>si</strong></span> <span class='ocrx_word' id='word_1_950' title='bbox 2939 4963 3157 5033; x_wconf 88' lang='lat' dir='ltr'><strong>indigne</strong></span> <span class='ocrx_word' id='word_1_951' title='bbox 3192 4979 3346 5033; x_wconf 89' lang='lat' dir='ltr'><strong>agas,</strong></span> <span class='ocrx_word' id='word_1_952' title='bbox 3382 4964 3630 5033; x_wconf 86' lang='lat' dir='ltr'><strong>exemplo</strong></span> 
     </span>
    </p>
   </div>
   <div class='ocr_carea' id='block_1_112' title="bbox 2056 5051 3629 5123">
    <p class='ocr_par' dir='ltr' id='par_1_112' title="bbox 2056 5051 3629 5123">
     <span class='ocr_line' id='line_1_113' title="bbox 2056 5051 3629 5123; baseline 0.003 -18"><span class='ocrx_word' id='word_1_953' title='bbox 2056 5051 2167 5105; x_wconf 90' lang='lat' dir='ltr'><strong>sint</strong></span> <span class='ocrx_word' id='word_1_954' title='bbox 2196 5051 2293 5106; x_wconf 86' lang='lat' dir='ltr'><strong>tibi</strong></span> <span class='ocrx_word' id='word_1_955' title='bbox 2340 5052 2436 5119; x_wconf 92' lang='lat' dir='ltr'><strong>illi,</strong></span> <span class='ocrx_word' id='word_1_956' title='bbox 2492 5052 2584 5123; x_wconf 92' lang='lat' dir='ltr'><strong>qui</strong></span> <span class='ocrx_word' id='word_1_957' title='bbox 2633 5053 2700 5106; x_wconf 89' lang='lat' dir='ltr'><strong>ad</strong></span> <span class='ocrx_word' id='word_1_958' title='bbox 2735 5054 2837 5109; x_wconf 89' lang='lat' dir='ltr'><strong>hoc</strong></span> <span class='ocrx_word' id='word_1_959' title='bbox 2864 5055 3040 5109; x_wconf 86' lang='lat' dir='ltr'><strong>vocati</strong></span> <span class='ocrx_word' id='word_1_960' title='bbox 3072 5054 3307 5122; x_wconf 89' lang='lat' dir='ltr'><strong>fuerant,</strong></span> <span class='ocrx_word' id='word_1_961' title='bbox 3359 5065 3419 5109; x_wconf 93' lang='lat' dir='ltr'><strong>ut</strong></span> <span class='ocrx_word' id='word_1_962' title='bbox 3447 5064 3629 5110; x_wconf 87' lang='lat' dir='ltr'><strong>essent</strong></span> 
     </span>
    </p>
   </div>
   <div class='ocr_carea' id='block_1_113' title="bbox 2057 5142 3626 5214">
    <p class='ocr_par' dir='ltr' id='par_1_113' title="bbox 2057 5142 3626 5214">
     <span class='ocr_line' id='line_1_114' title="bbox 2057 5142 3626 5214; baseline 0.004 -20"><span class='ocrx_word' id='word_1_963' title='bbox 2057 5157 2183 5212; x_wconf 86' lang='lat' dir='ltr'><strong>pars</strong></span> <span class='ocrx_word' id='word_1_964' title='bbox 2214 5142 2329 5210; x_wconf 90' lang='lat' dir='ltr'><strong>Dei,</strong></span> <span class='ocrx_word' id='word_1_965' title='bbox 2375 5154 2430 5199; x_wconf 90' lang='lat' dir='ltr'><strong>et</strong></span> <span class='ocrx_word' id='word_1_966' title='bbox 2471 5146 2710 5214; x_wconf 86' lang='lat' dir='ltr'><strong>peccatis</strong></span> <span class='ocrx_word' id='word_1_967' title='bbox 2740 5146 2856 5201; x_wconf 87' lang='lat' dir='ltr'><strong>suis</strong></span> <span class='ocrx_word' id='word_1_968' title='bbox 2904 5149 3003 5202; x_wconf 90' lang='lat' dir='ltr'><strong>hoc</strong></span> <span class='ocrx_word' id='word_1_969' title='bbox 3044 5158 3381 5212; x_wconf 90' lang='lat' dir='ltr'><strong>meruerunt,</strong></span> <span class='ocrx_word' id='word_1_970' title='bbox 3415 5156 3473 5201; x_wconf 89' lang='lat' dir='ltr'><strong>ut</strong></span> <span class='ocrx_word' id='word_1_971' title='bbox 3510 5149 3626 5202; x_wconf 81' lang='lat' dir='ltr'><strong>dis-</strong></span> 
     </span>
    </p>
   </div>
   <div class='ocr_carea' id='block_1_114' title="bbox 2057 5240 3631 5310">
    <p class='ocr_par' dir='ltr' id='par_1_114' title="bbox 2057 5240 3631 5310">
     <span class='ocr_line' id='line_1_115' title="bbox 2057 5240 3631 5310; baseline 0.004 -21"><span class='ocrx_word' id='word_1_972' title='bbox 2057 5244 2415 5306; x_wconf 88' lang='lat' dir='ltr'><strong>pergerentur</strong></span> <span class='ocrx_word' id='word_1_973' title='bbox 2440 5251 2535 5306; x_wconf 83' lang='lat' dir='ltr'><strong>per</strong></span> <span class='ocrx_word' id='word_1_974' title='bbox 2568 5252 2757 5293; x_wconf 89' lang='lat' dir='ltr'><strong>omnes</strong></span> <span class='ocrx_word' id='word_1_975' title='bbox 2784 5249 2992 5308; x_wconf 88' lang='lat' dir='ltr'><strong>gentes.</strong></span> <span class='ocrx_word' id='word_1_976' title='bbox 3045 5240 3110 5294; x_wconf 85' lang='lat' dir='ltr'><strong>Et</strong></span> <span class='ocrx_word' id='word_1_977' title='bbox 3144 5240 3233 5310; x_wconf 91' lang='lat' dir='ltr'><strong>qui</strong></span> <span class='ocrx_word' id='word_1_978' title='bbox 3264 5240 3414 5310; x_wconf 88' lang='lat' dir='ltr'><strong>prius</strong></span> <span class='ocrx_word' id='word_1_979' title='bbox 3445 5241 3631 5296; x_wconf 84' lang='lat' dir='ltr'><strong>educti</strong></span> 
     </span>
    </p>
   </div>
   <div class='ocr_carea' id='block_1_115' title="bbox 2124 5352 3626 5421">
    <p class='ocr_par' dir='ltr' id='par_1_115' title="bbox 2124 5352 3626 5421">
     <span class='ocr_line' id='line_1_116' title="bbox 2124 5352 3626 5421; baseline 0.001 -15"><span class='ocrx_word' id='word_1_980' title='bbox 2124 5354 2169 5384; x_wconf 79' lang='lat'>&quot;</span> <span class='ocrx_word' id='word_1_981' title='bbox 2196 5353 2325 5408; x_wconf 92' lang='lat' dir='ltr'><strong>ibid.</strong></span> <span class='ocrx_word' id='word_1_982' title='bbox 2350 5353 2402 5406; x_wconf 69' lang='grc' dir='ltr'><strong>ι.</strong></span> <span class='ocrx_word' id='word_1_983' title='bbox 2480 5353 2524 5384; x_wconf 75' lang='grc'><strong>⁸⁸</strong></span> <span class='ocrx_word' id='word_1_984' title='bbox 2551 5353 2565 5405; x_wconf 95' lang='lat' dir='ltr'><strong>I</strong></span> <span class='ocrx_word' id='word_1_985' title='bbox 2597 5352 2721 5408; x_wconf 90' lang='lat' dir='ltr'><strong>Cor.</strong></span> <span class='ocrx_word' id='word_1_986' title='bbox 2773 5370 2890 5417; x_wconf 83' lang='lat' dir='ltr'><strong>vui,</strong></span> <span class='ocrx_word' id='word_1_987' title='bbox 2913 5356 2969 5421; x_wconf 84' lang='lat'><strong>5,</strong></span> <span class='ocrx_word' id='word_1_988' title='bbox 2994 5355 3049 5410; x_wconf 86' lang='lat'><strong>6.</strong></span> <span class='ocrx_word' id='word_1_989' title='bbox 3127 5356 3169 5388; x_wconf 77' lang='lat'><strong>&quot;</strong></span> <span class='ocrx_word' id='word_1_990' title='bbox 3194 5355 3336 5410; x_wconf 84' lang='lat' dir='ltr'><strong>Psal.</strong></span> <span class='ocrx_word' id='word_1_991' title='bbox 3382 5370 3529 5418; x_wconf 75' lang='lat' dir='ltr'><strong>XLVI,</strong></span> <span class='ocrx_word' id='word_1_992' title='bbox 3568 5354 3626 5408; x_wconf 76' lang='grc'><strong>3.</strong></span> 
     </span>
    </p>
   </div>
   <div class='ocr_carea' id='block_1_116' title="bbox 2717 5423 3629 5497">
    <p class='ocr_par' dir='ltr' id='par_1_116' title="bbox 2717 5423 3629 5497">
     <span class='ocr_line' id='line_1_117' title="bbox 2717 5423 3629 5497; baseline 0.001 -18"><span class='ocrx_word' id='word_1_993' title='bbox 2717 5424 2928 5480; x_wconf 76' lang='lat' dir='ltr'><strong>&quot;I’sal.</strong></span> <span class='ocrx_word' id='word_1_994' title='bbox 2956 5441 3141 5497; x_wconf 81' lang='lat' dir='ltr'><strong>Lxxxi,</strong></span> <span class='ocrx_word' id='word_1_995' title='bbox 3175 5427 3228 5496; x_wconf 88' lang='lat'><strong>6,</strong></span> <span class='ocrx_word' id='word_1_996' title='bbox 3259 5426 3311 5482; x_wconf 89' lang='lat'><strong>7.</strong></span> <span class='ocrx_word' id='word_1_997' title='bbox 3388 5423 3435 5459; x_wconf 83' lang='grc'><strong><em>⁸³</em></strong></span> <span class='ocrx_word' id='word_1_998' title='bbox 3456 5424 3629 5482; x_wconf 69' lang='lat' dir='ltr'><strong>Exod.</strong></span> 
     </span>
    </p>
   </div>
   <div class='ocr_carea' id='block_1_117' title="bbox 2124 5587 3038 5662">
    <p class='ocr_par' dir='ltr' id='par_1_117' title="bbox 2124 5587 3038 5662">
     <span class='ocr_line' id='line_1_118' title="bbox 2124 5587 3038 5662; baseline 0.005 -19"><span class='ocrx_word' id='word_1_999' title='bbox 2124 5590 2233 5657; x_wconf 67' lang='grc' dir='ltr'><strong>(ΞΟ)</strong></span> <span class='ocrx_word' id='word_1_1000' title='bbox 2263 5587 2397 5647; x_wconf 77' lang='lat' dir='ltr'><strong>Vide</strong></span> <span class='ocrx_word' id='word_1_1001' title='bbox 2433 5590 2524 5647; x_wconf 84' lang='lat' dir='ltr'><strong>lib.</strong></span> <span class='ocrx_word' id='word_1_1002' title='bbox 2552 5606 2588 5646; x_wconf 89' lang='lat' dir='ltr'><strong>II</strong></span> <span class='ocrx_word' id='word_1_1003' title='bbox 2630 5591 2841 5662; x_wconf 79' lang='lat' dir='ltr'><strong>Origen.</strong></span> <span class='ocrx_word' id='word_1_1004' title='bbox 2869 5606 2959 5661; x_wconf 85' lang='lat' dir='ltr'><strong>qu.</strong></span> <span class='ocrx_word' id='word_1_1005' title='bbox 2986 5592 3038 5648; x_wconf 82' lang='lat'><strong>5.</strong></span> 
     </span>
    </p>
   </div>
  </div>
