4122 6248
408 235 512 292 353

1612 232 1679 289 IN
1722 233 2008 289 ΕΧοΒοΜ
2052 233 2339 289 IIOMILIA
2381 234 2510 291 VIII.

3573 244 3681 301 354

407 364 628 417 fuerant
654 361 720 414 de
754 360 912 412 domo
936 358 1231 423 servitutis,
1267 374 1411 412 miuc
1438 374 1649 412 rursum
1679 357 1827 428 (quia
1860 376 1878 409 ι
1903 360 1992 426 qui
2025 363 2068 417 Α
2101 358 2211 413 lure
2261 360 2443 413 sciens
2478 361 2789 430 Apostolus,
2843 363 2973 415 dicit.
3000 363 3064 427 ⁶¹,
3102 382 3117 413 ι
3140 363 3263 432 quia
3300 361 3499 416 idolum
3544 362 3683 419 nihil

407 463 626 523 peccat,
677 467 871 507 servus
917 462 997 505 est
1030 452 1233 519 peccati
1260 451 1375 515 “oi
1424 467 1530 503 non
1575 452 1686 519 jam
1724 449 1994 520 (Egyptiis

408 545 569 606 solis,
605 548 700 599 sed
749 544 1005 597 omnibus
1036 542 1287 611 gentibus
1321 543 1585 596 serviunt.
1629 542 1769 610 Ergo
1794 542 1995 596 dicitur

410 646 467 691 et
498 638 619 698 tibi.
667 638 757 705 qui
791 652 887 705 per
915 634 1097 688 Jesum
1127 633 1405 687 Christqu
1444 632 1604 687 existi
1636 633 1702 688 de
1732 632 1993 704 Egypto,

412 728 559 782 etde
593 730 748 782 domo
788 728 1067 780 servitutis
1098 729 1330 781 eductus
1359 740 1419 779 es
1447 740 1462 778 :
1509 743 1528 774 ι
1553 723 1668 780 Non
1710 735 1872 780 erunt
1898 725 1991 780 tibi

414 820 487 873 dii
517 818 603 871 alii
633 828 829 885 praeter
862 834 944 871 me
970 819 1037 871 ⁸⁷.
1066 838 1084 869 ι
1782 834 1783 837 η

481 912 516 963 5
570 910 695 963 Post
742 911 855 963 haec
906 910 1184 963 videmnus
1214 910 1342 979 quid
1375 909 1539 963 etiam
1586 910 1882 964 secundum
1914 908 1993 962 vi-

413 1005 566 1056 detur
614 1003 894 1056 continere
926 1005 1264 1056 mandatum.
1313 1003 1469 1057 «Non
1524 1003 1694 1058 facies
1746 1003 1837 1057 tibi
1885 1002 1989 1071 ipsi

413 1094 635 1157 idolum,
689 1108 865 1161 neque
912 1109 1129 1147 onlnem
1181 1095 1598 1150 similitudinem
1634 1111 1820 1150 eorum
1870 1110 1992 1164 quae

411 1199 537 1241 sum
587 1188 635 1240 in
670 1188 830 1251 etelo,
886 1188 969 1241 vel
1024 1204 1145 1256 quae
1194 1190 1244 1242 in
1277 1199 1438 1251 terra,
1470 1191 1550 1243 vel
1579 1207 1700 1260 qme
1727 1192 1777 1244 in
1810 1193 1988 1260 aquis,

408 1288 464 1333 et
503 1295 620 1347 qum
667 1280 855 1332 subtus
888 1288 1092 1334 terram
1117 1281 1183 1335 ⁵⁸.
1211 1301 1229 1332 ι
1275 1280 1457 1349 Longe
1495 1283 1640 1335 aliud
1668 1293 1791 1336 sunt
1825 1284 1989 1348 idola,

405 1382 461 1425 ct
490 1372 634 1425 aliud
674 1373 766 1435 dii,
802 1373 946 1427 sicut
994 1372 1111 1441 ipse
1160 1389 1259 1427 nos
1306 1374 1661 1427 nihilominus
1698 1374 1992 1441 Apostolus

405 1466 584 1517 docet.
625 1462 756 1516 Nam
789 1465 855 1517 de
882 1464 988 1518 diis
1015 1465 1158 1519 dixit
1180 1466 1223 1497 ”
1258 1482 1271 1517 :
1305 1483 1323 1515 ‹
1350 1464 1506 1519 Sicut
1551 1476 1679 1519 sunt
1708 1467 1779 1519 dii
1815 1467 1989 1530 multi,

403 1568 459 1609 et
487 1558 691 1609 domini
745 1556 922 1612 multi.
946 1575 963 1607 ι
1012 1557 1085 1610 De
1134 1558 1295 1610 idolis
1329 1569 1510 1611 autem
1558 1558 1779 1622 dicit”,
1817 1578 1835 1609 ι
1863 1560 1988 1627 quia

408 1649 539 1702 nihil
561 1659 645 1702 est
673 1648 868 1701 idolum
902 1649 954 1700 iu
987 1648 1209 1701 mundo.
1239 1668 1257 1699 ι
1296 1647 1444 1703 Unde
1476 1649 1602 1702 mihi
1633 1649 1844 1702 videtur
1877 1666 1984 1703 non

407 1741 724 1793 transiturie
767 1742 883 1793 haec
931 1739 1130 1808 legisse
1184 1756 1301 1807 qua:
1346 1742 1429 1795 lex
1467 1742 1616 1795 dicit.
1658 1739 1805 1795 Vidit
1837 1742 1982 1796 enim

409 1830 768 1885 diﬂ'ereutiam
796 1834 1045 1893 deorum,
1085 1842 1135 1884 et
1168 1832 1431 1885 idolorum
1455 1848 1468 1894 ;
1499 1841 1552 1886 et
1581 1848 1795 1887 rursum
1823 1833 1984 1888 «ιδπε-

412 1923 639 1976 rentiam
696 1922 983 1987 idolorum,
1035 1933 1089 1976 et
1127 1923 1560 1978 similitudinum.
1614 1924 1747 1979 Nam
1783 1926 1873 1995 qui
1920 1927 1985 1981 de

411 2010 565 2065 idolis
590 2012 729 2065 dixit
760 2012 885 2080 quia
918 2027 1022 2064 nou
1064 2020 1208 2075 sunt,
1243 2028 1346 2065 non
1387 2013 1536 2068 addit
1564 2015 1691 2085 quia
1727 2016 1984 2071 similitu-

407 2103 559 2156 dines
588 2118 690 2156 non
724 2110 865 2155 sunt.
906 2101 1006 2154 llic.
1036 2111 1216 2154 autem
1254 2103 1431 2157 dicit:

410 2195 514 2248 «Οὐ
542 2195 786 2265 ποιήσεις
811 2194 921 2262 (50)
946 2194 1156 2264 σεαυτῷ

401 2285 620 2340 εἴδωλον
651 2327 665 2351 ,
743 2286 862 2339 οὐδὲ
953 2287 1156 2351 παντὸς

401 2378 668 2450 ἐμοίωμα.
728 2399 746 2430 ι
797 2378 957 2431 ’Ἄλλο
996 2380 1152 2433 εἴδω-

395 2472 508 2536 λον,
536 2474 632 2526 καὶ
665 2472 850 2545 ἕτερον
877 2473 1149 2544 ὁμοίωμα.

410 2566 689 2637 Ὀμοὶωμα
726 2569 823 2638 μὲν
854 2568 962 2638 γάρ
985 2569 1153 2631 ἐστιν,

398 2659 493 2715 ἐὰν
515 2663 674 2730 ποιῇς
700 2659 900 2729 ἰχθύος,
920 2660 951 2730 ἢ
970 2677 1159 2732 τετρα-

398 2749 580 2813 πόὸου,
632 2752 665 2820 ἢ
703 2750 891 2821 Θηρίου
934 2751 1021 2804 διὰ
1062 2769 1153 2805 τε·-

397 2843 707 2914 χνουργὶας,
745 2844 777 2915 ἦ
812 2843 899 2897 διὰ
934 2846 1154 2916 ζωγρα·

397 2933 521 3004 φίας
574 2933 845 3006 ὁμοίωμα.
924 2937 1153 2991 Εῐδωλον

392 3025 470 3089 δὲ,
523 3029 622 3081 ὅσα
666 3029 1015 3083 ἀνατυποῦσα
1045 3031 1149 3101 ψυ-

1231 2196 1269 2263 τ
1289 2213 1306 2245 ι
1333 2195 1445 2249 Νοιι
1463 2196 1627 2251 facies
1646 2198 1738 2251 tibi
1755 2199 1853 2267 ipsi
1870 2199 1983 2253 ido-

1230 2284 1358 2347 lum,
1380 2300 1554 2355 neque
1571 2287 1980 2342 similitudinem

1229 2382 1491 2434 omnium.
1516 2400 1535 2432 ι
1569 2381 1725 2435 Aliud
1748 2392 1829 2436 est
1853 2397 1982 2453 ergo

1233 2472 1415 2527 facere
1460 2474 1686 2539 idolum,
1733 2475 1876 2528 aliud
1907 2477 1983 2528 si-

1231 2567 1614 2624 militudinem.
1696 2568 1760 2622 Et
1812 2569 1983 2638 siqui-

1230 2659 1348 2711 dem
1384 2659 1643 2713 Dominus
1691 2677 1787 2715 nos
1817 2663 1882 2712 ad
1915 2676 1980 2715 ra

1227 2768 1344 2821 qum
1370 2754 1597 2807 dicenda
1625 2765 1750 2808 sunt
1781 2755 1983 2808 illumi-

1227 2862 1359 2901 nare
1383 2849 1655 2916 dignetur,
1681 2864 1780 2917 ego
1799 2850 1876 2902 sic
1896 2866 1979 2902 ar-

1228 2942 1782 3011 bitroraccipietnlum
1813 2945 1976 3012 quod,

2095 460 2177 502 est
2213 450 2264 503 in
2298 452 2519 504 mundo.
2548 471 2565 503 ι
2605 451 2719 505 Νοιι
2755 452 2900 506 enim
2935 453 3112 522 aliqua
3158 468 3222 507 ex
3262 455 3421 507 rebus
3461 466 3682 509 exstan-

2098 542 2241 597 tilms
2287 544 2589 599 assumitur
2638 544 2869 613 species,
2901 546 2995 597 sed
3027 546 3166 611 quod
3204 546 3313 612 ipsa
3351 547 3450 599 sibi
3503 545 3676 600 otiosa

2097 651 2255 690 mens
2295 644 2350 687 et
2396 635 2614 689 curiosa
2672 637 2959 704 repererit.
3026 636 3337 689 Similitudo
3387 652 3519 690 vero
3570 648 3675 698 est,

2094 743 2215 782 cum
2267 726 2474 795 aliquid
2530 743 2595 779 ex
2654 726 2739 780 his
2791 741 2913 794 qua:
2960 736 3088 779 sunt
3124 726 3204 779 vel
3259 727 3481 779 ineon
3510 727 3590 780 Vel
3624 728 3675 781 in

2095 832 2261 883 terra,
2304 820 2384 873 vel
2414 820 2465 871 in
2499 819 2677 887 aquis,
2730 816 3018 878 formatur,
3053 818 3196 871 sicut
3240 817 3489 886 seper-ius
3536 818 3676 869 disi-

2095 929 2232 966 mus.
2281 913 2663 965 \'erumtameu
2703 926 2807 962 non
2858 908 3003 961 sicut
3050 908 3119 962 de
3172 908 3238 961 iis
3270 922 3391 977 qua:
3439 907 3493 959 iu
3536 916 3678 958 terra

2092 1014 2218 1059 sunt
2247 1004 2329 1057 vel
2359 1004 2412 1057 iu
2438 1002 2572 1057 mari
2599 1000 3052 1054 snuilitudinibus
3075 999 3129 1052 iu
3163 1005 3417 1068 promptu
3446 1010 3526 1050 est
3554 1012 3683 1067 pro-

2094 1096 2370 1158 nuntiare,
2405 1095 2477 1147 ita
2510 1095 2673 1147 etiam
2704 1093 2769 1146 de
2818 1090 3138 1145 caelestibus
3171 1103 3187 1142 :
3220 1089 3320 1142 nisi
3371 1089 3418 1142 si
3447 1090 3571 1156 quis
3597 1088 3680 1143 di-

2092 1199 2180 1243 cat
2220 1189 2285 1242 de
2315 1186 2449 1249 sole,
2478 1196 2534 1239 et
2565 1185 2713 1247 luna,
2750 1194 2805 1237 et
2835 1183 3006 1237 stellis
3038 1183 3140 1236 hoc
3175 1196 3334 1248 posse
3362 1180 3572 1234 sentiri.
3614 1179 3681 1233 Et

2093 1283 2286 1337 horum
2337 1291 2573 1346 namque
2615 1277 2822 1331 fortnas
2853 1276 3162 1343 exprimere
3206 1273 3484 1341 gentilitas
3514 1271 3676 1325 solet.

2095 1374 2199 1428 Sed
2234 1373 2361 1443 quia
2395 1373 2617 1441 Moyses
2669 1368 2916 1423 eruditus
2949 1377 3066 1420 erat
3120 1366 3170 1418 in
3225 1365 3371 1418 omni
3408 1363 3676 1434 sapientia

2093 1467 2499 1538 Egyptiorum,
2528 1463 2695 1517 etiam
2722 1476 2783 1515 ea
2823 1474 2942 1528 quze
2982 1458 3122 1527 apud
3159 1457 3277 1511 illos
3305 1467 3464 1509 erant
3501 1456 3553 1508 in
3580 1471 3676 1509 oc—

2091 1562 2254 1615 cultis
2304 1567 2358 1613 et
2414 1554 2734 1618 reconditis,
2788 1552 3082 1621 prohibere
3134 1550 3385 1618 cupiebat
3438 1566 3453 1602 :
3511 1549 3673 1611 sicut,

2095 1652 2236 1707 verbi
2266 1666 2453 1715 causa,
2482 1660 2539 1701 ut
2583 1662 2679 1702 nos
2716 1660 2933 1714 queque
2975 1644 3427 1713 appellationibus
3458 1650 3677 1696 utamur

2091 1747 2350 1815 ipsorum,
2388 1741 2625 1795 llecaten
2655 1754 2818 1806 quam
2850 1738 3055 1798 dicunt,
3091 1738 3336 1805 aliasque
3359 1737 3671 1789 daemonum

2085 1837 2310 1898 formas,
2348 1850 2466 1902 qua:
2496 1830 2790 1900 Apostolus
2828 1845 2847 1879 ι
2876 1829 3139 1897 spiritalia
3195 1828 3453 1899 nequitia:
3480 1827 3532 1880 in
3562 1840 3674 1878 (ω-

2086 1926 2313 1981 lestibus
2338 1945 2355 1975 ›
2396 1922 2643 1977 vocat“.
2709 1921 2785 1973 De
2833 1920 2962 1989 ipsis
2997 1922 3265 1983 fortassis,
3322 1928 3373 1974 et
3406 1918 3669 1989 propheta

2085 2020 2218 2073 dicit
2243 2019 2307 2081 ⁸³,
2342 2019 2469 2086 quia
2514 2036 2531 2067 ι
2561 2016 2864 2069 inebriatus
2914 2023 2995 2066 est
3025 2013 3237 2079 gladius
3278 2027 3431 2065 meus
3467 2012 3518 2064 in
3550 2025 3668 2065 ete—

2084 2111 2157 2165 la.
2186 2130 2204 2162 ι
2249 2110 2344 2164 llis
2393 2108 2538 2162 enim
2587 2104 2781 2159 formis
2828 2114 2882 2156 et
2929 2101 3378 2156 similittniinibus
3413 2101 3671 2153 invocare

2085 2200 2351 2255 daemonia
2383 2197 2554 2251 moris
2604 2204 2688 2249 est
2722 2194 2808 2257 iis,
2841 2193 3037 2261 quibus
3078 2191 3202 2244 talia
3236 2206 3381 2244 cura:
3409 2199 3558 2254 sunt,
3585 2189 3672 2244 vel

2083 2295 2148 2347 ad
2206 2291 2527 2362 repellenda,
2581 2287 2664 2343 vel
2718 2286 2881 2339 etiam
2932 2283 2995 2336 ad
3062 2283 3277 2336 vitanda
3332 2282 3493 2344 mala,
3547 2297 3670 2350 qtne

2084 2401 2226 2441 nunc
2261 2399 2443 2440 sermo
2475 2383 2566 2438 Dei
2621 2382 2872 2435 tmiversa
2907 2375 3276 2443 complectens
3326 2374 3485 2427 simul
3517 2374 3672 2443 abiu-

2084 2489 2168 2535 rat
2202 2490 2257 2534 et
2295 2479 2507 2547 abjicit,
2537 2487 2590 2532 et
2626 2492 2732 2531 non
2778 2472 2952 2529 solum
2987 2469 3186 2522 idolum
3225 2468 3339 2521 lieri
3372 2476 3542 2529 vetat,
3571 2468 3665 2520 scd

2082 2584 2133 2628 et
2186 2571 2595 2626 similitudinem
2630 2568 2873 2623 omnium
2906 2578 3025 2632 qua:
3062 2561 3113 2613 in
3149 2571 3292 2613 terra
3340 2570 3496 2624 sunt,
3522 2569 3577 2615 et
3610 2560 3664 2613 in

2082 2667 2261 2735 aquis,
2298 2675 2353 2719 et
2384 2666 2436 2717 iit
2470 2663 2629 2719 caelo.

2152 2762 2207 2814 4.
2242 2759 2401 2813 Addit
2448 2768 2630 2809 autem
2682 2762 2737 2807 et
2783 2748 2955 2803 dicit:
2985 2745 3022 2814 1-
3052 2762 3070 2795 ι
3096 2742 3212 2797 Non
3263 2742 3521 2797 adorabis
3573 2758 3664 2807 ea,

2087 2873 2104 2905 ι
2130 2853 2203 2905 Οὐ
2221 2850 2615 2923 προσκυνήσεις
2632 2847 2835 2907 αὐτοῖς,
2913 2850 3088 2905 neque
3108 2834 3253 2889 coles
3277 2850 3335 2887 ea
3353 2835 3473 2888 α’.»
3507 2836 3665 2892 Aliud
3690 2862 3720 2902 ς

2080 2944 2200 2998 οὐδὲ
2233 2941 2553 3014 λατρεύσεις
2580 2940 2783 3001 αὐτοῖς.
2814 2956 2831 2987 ι
2911 2940 2996 2986 est
3015 2931 3214 2993 colere,
3241 2930 3388 2983 aliud
3416 2932 3661 2991 adorare.

1228 3033 1374 3087 verbi
1428 3048 1613 3096 causa.
1674 3034 1719 3088 si
1762 3036 1884 3103 quis
1921 3035 1971 3088 in
2006 3049 2048 3110 ο
2084 3038 2245 3091 Ἀλλο
2270 3036 2614 3107 προσκυνεῖν,
2637 3032 2731 3085 καὶ
2752 3030 2839 3095 ἄλ-

393 3119 463 3190 χὴ
508 3124 671 3185 ποιεῖ,
726 3123 825 3175 οὐκ
870 3122 929 3187 ἐξ
975 3126 1150 3196 ὑπαρ-
1222 3126 1461 3193 quolibet
1493 3126 1710 3182 metallo
1743 3128 1860 3182 auri
1889 3130 1973 3183 vel

394 3211 597 3279 χόντων
623 3215 1010 3284 πρωτοτύπως·
1037 3211 1149 3270 οἷον
1222 3222 1450 3289 argenti,
1485 3224 1565 3275 vel
1598 3223 1749 3293 ligni,
1786 3226 1866 3279 vel
1897 3225 1974 3277 la-

397 3302 838 3374 ἀναμεμιγμένον
894 3309 954 3361 τὸ
1011 3310 1147 3372 ζῶον
1223 3310 1974 3381 pidisfaciatspeciem158

396 3392 505 3447 ἀπὸ
531 3395 812 3465 ἀνθρώπου
842 3401 936 3453 καὶ
957 3401 1147 3455 ἵππου.
1224 3401 1590 3471 quadrupedis
1613 3400 1862 3470 alicujus,
1889 3404 1970 3456 vel

397 3488 690 3555 serpentis,
741 3490 825 3544 vel
860 3492 997 3555 avis,
1044 3502 1100 3545 et
1150 3502 1354 3545 statuat
1409 3494 1554 3548 illam
1611 3498 1968 3563 adorandam,

396 3590 503 3629 non
541 3577 763 3643 idolum,
822 3584 916 3634 sed
945 3582 1356 3636 similitmlinem
1390 3584 1541 3638 fecit.
1602 3584 1693 3639 Vel
1728 3588 1889 3640 etiam
1922 3588 1965 3641 si

395 3671 666 3737 picturam
700 3674 765 3724 ad
800 3675 905 3728 hoc
951 3676 1126 3742 ipsum
1161 3684 1387 3743 statuat,
1423 3678 1777 3733 nihilominus
1809 3681 1968 3734 sitni-

394 3759 674 3815 litudinem
726 3762 918 3818 fecisse
951 3766 1211 3820 dieemlus
1243 3777 1347 3821 est.
1423 3767 1623 3821 ldolmn
1667 3784 1793 3823 vero
1841 3771 1970 3826 facit

392 3852 500 3914 ille,
535 3854 626 3921 qui
659 3856 952 3908 secundum
980 3857 1300 3925 Apostolum
1326 3858 1618 3923 dicentem,
1656 3862 1779 3929 quia
1809 3880 1827 3912 ι
1854 3863 1968 3917 ido-

393 3944 501 3998 lum
538 3945 674 3999 nihil
703 3958 803 4008 est,
833 3967 849 3998 ι
882 3947 1013 4002 facit
1040 3952 1183 4019 quod
1213 3967 1321 4006 non
1356 3961 1458 4006 est.
1500 3952 1639 4018 Quid
1670 3965 1754 4006 est
1783 3963 1962 4008 autem

392 4038 534 4104 quod
567 4054 671 4091 non
706 4039 828 4092 est?
857 4039 1078 4108 Species
1106 4056 1266 4109 quam
1301 4060 1404 4097 non
1442 4041 1575 4098 vidit
1618 4044 1829 4111 oculus,
1866 4047 1963 4100 sed

392 4127 508 4196 ipse
537 4128 636 4182 sibi
670 4130 883 4184 animus
915 4131 1084 4201 lingit.
1127 4133 1287 4188 Verbi
1323 4135 1522 4203 gratia,
1558 4136 1685 4188 ιιιεὶ
1715 4138 1836 4204 quis
1863 4136 1962 4190 htt-

392 4225 567 4275 manls
598 4224 855 4276 inetubris
885 4236 1049 4292 caput
1080 4228 1250 4287 cauis,
1284 4236 1377 4279 aut
1414 4227 1600 4281 arietis
1629 4226 1843 4293 formet,
1877 4228 1960 4283 vel

390 4324 606 4365 rursum
658 4312 708 4365 in
748 4327 856 4365 nuo
888 4314 1120 4369 hominis
1152 4316 1335 4370 habitu
1368 4318 1501 4370 duas
1553 4318 1721 4375 facies
1768 4324 1956 4392 lingat,

2081 3127 2141 3179 λο
2165 3124 2468 3197 λατρεύειν.
2512 3124 2571 3176 '0
2606 3122 2701 3192 μὲν
2729 3121 2837 3190 γὰρ

2081 3220 2141 3283 ἐξ
2176 3218 2303 3288 ὅλης
2347 3216 2524 3287 ψυχῆς
2573 3212 2835 3267 δουλεύων

2077 3309 2307 3372 τούτοις,
2343 3310 2404 3361 οὐ
2457 3308 2615 3378 μόνον
2665 3322 2835 3375 προσ-

2078 3401 2249 3463 κυνεῖ,
2278 3398 2414 3452 ἀλλὰ
2435 3398 2529 3451 καὶ
2562 3395 2831 3466 λατρεύει.

2090 3497 2147 3548 '0
2186 3495 2243 3548 δὲ
2285 3492 2832 3563 καθυποκρινόμενος,

2075 3588 2169 3641 καὶ
2217 3587 2304 3639 διὰ
2351 3585 2417 3639 τὰ
2466 3584 2591 3654 ἔθνη
2640 3582 2830 3646 ποιῶν,

2074 3685 2136 3736 ού
2164 3682 2414 3753 λατρεύει
2441 3682 2560 3751 μὲν,
2595 3696 2832 3752 προσκυ-

2073 3777 2157 3826 νεῖ
2173 3773 2249 3827 δέ.
2295 3774 2562 3844 Εὑρήσεις
2582 3771 2637 3823 δὲ
2658 3770 2832 3822 τοιού-

2072 3883 2199 3928 τους
2262 3867 2320 3917 ἐν
2376 3868 2488 3929 τοῖς
2556 3863 2832 3935 ’Δριθμοῖς

2915 3021 3099 3076 Potest
3145 3019 3268 3087 quis
3313 3019 3582 3073 interdum
3609 3028 3666 3075 et

2912 3116 3116 3170 invitus
3181 3115 3437 3177 adorare,
3517 3115 3662 3167 sicut

2911 3209 3153 3263 nonnulli
3187 3209 3401 3278 regibus
3439 3207 3664 3262 adulan-

2910 3313 3009 3369 tes,
3044 3320 3166 3357 ctun
3194 3318 3287 3357 eos
3316 3305 3381 3355 ad
3416 3301 3665 3369 hujusce-

2909 3399 3051 3451 modi
3075 3400 3252 3453 studia
3282 3398 3493 3451 deditos
3514 3398 3664 3453 vide-

2910 3494 3040 3558 rint,
3094 3493 3324 3547 adorare
3379 3508 3437 3547 se
3490 3494 3659 3547 sium-

2906 3586 3017 3640 lant
3048 3588 3211 3652 idola,
3255 3604 3377 3641 eum
3416 3589 3465 3642 in
3498 3591 3660 3643 conte

2909 3680 3147 3751 ipsorum
3172 3694 3377 3737 certum
3412 3683 3502 3746 sit,
3532 3685 3655 3752 quia

2907 3777 3039 3831 nihil
3070 3786 3154 3831 est
3184 3778 3407 3832 idolum.
3467 3778 3661 3833 Colere

2905 3886 3057 3938 vero,
3086 3883 3165 3927 est
3204 3884 3319 3928 toto
3346 3874 3429 3927 his
3459 3872 3656 3928 affectu

2071 3959 2458 4032 χαριζομένους
2480 3961 2707 4029 γυναιξὶ,
2735 3963 2828 4016 καὶ
2900 3977 2956 4022 et
3003 3969 3183 4023 studio
3231 3969 3550 4038 mancipari.
3586 3969 3659 4025 U-

2069 4053 2263 4107 εἴδωλα
2297 4055 2752 4124 προσκυνοῦντας.
2902 4067 3155 4129 trumque
3171 4074 3302 4130 ergo
3322 4071 3529 4114 resecat
3550 4076 3659 4112 ser-

2069 4159 2158 4199 mo
2189 4144 2424 4206 divinus,
2483 4154 2540 4198 ut
2568 4161 2742 4215 neque
2791 4146 2988 4204 affectu
3023 4154 3194 4216 colas,
3250 4166 3431 4221 neque
3468 4153 3655 4220 specie

2068 4237 2285 4292 adores.
2367 4236 2655 4292 Sciendum
2708 4247 2911 4304 tamen,
2965 4243 3107 4315 quod
3170 4259 3294 4297 cum
3347 4246 3653 4299 decreveris

2069 4331 2323 4401 praecepti
2377 4328 2494 4398 ejus
2522 4345 2743 4385 servare
2793 4335 3129 4399 mandatum,
3187 4345 3239 4389 et
3276 4351 3465 4390 omnes
3489 4348 3652 4390 caete—

389 4414 483 4457 aut
514 4404 749 4458 humano
785 4408 991 4475 pectori
1048 4420 1351 4475 postremas
1386 4421 1568 4480 partes
1598 4416 1718 4482 equi
1752 4427 1845 4470 aut
1881 4418 1964 4484 pi-

2083 4439 2163 4477 ros
2199 4424 2329 4478 deos
2373 4432 2427 4478 et
2476 4424 2726 4478 dominos
2780 4427 3083 4496 repudiare,
3137 4438 3193 4481 et
3242 4440 3440 4498 ιιι-αξιοι·
3485 4445 3649 4481 ιιιιιιιιι

389 4496 501 4549 scis
534 4495 806 4567 adiungat.
873 4497 995 4554 Hase
1026 4512 1074 4553 ct
1111 4501 1173 4553 iis
1204 4502 1400 4555 similia
1431 4505 1519 4570 qui
1556 4505 1705 4569 facit,
1742 4523 1847 4562 non
1888 4511 1963 4564 si-

390 4588 764 4652 tnilisudiiu-m,
826 4592 919 4645 sed
973 4592 1173 4646 idolum
1226 4594 1375 4649 facit.
1439 4596 1589 4650 Facit
1620 4599 1775 4652 enim
1816 4603 1959 4669 quod

390 4691 497 4729 non
536 4690 641 4743 est,
692 4697 791 4734 nec
843 4682 1005 4735 habet
1040 4684 1242 4752 aliquid
1277 4687 1451 4740 simile
1502 4689 1605 4744 sui.
1650 4689 1716 4744 Et
1752 4691 1961 4756 idcirco

991 4790 1176 4830 \‘ERSIO
1212 4793 1370 4835 NOVA.

462 4863 498 4931 κζ»
523 4862 699 4943 «Novi
721 4866 879 4943 [acies
904 4869 996 4943 tibi
1021 4870 1239 4943 idolum,
1266 4888 1426 4943 neque
1455 4874 1615 4929 ullius
1657 4875 1965 4932 similitudi-

388 4945 525 5002 nem.
554 4952 571 4985 ι
616 4935 773 4988 Aliud
813 4939 1013 4991 idolum
1043 4953 1087 4992 et
1137 4942 1285 4995 aliud
1329 4935 1643 4998 similitudo.
1688 4945 1960 5002 Similitu-

386 5000 454 5080 ὀρ
487 5005 626 5080 enim
665 5016 739 5058 est
777 5010 824 5059 si
867 5010 1044 5074 piscis,
1071 5019 1173 5080 aut
1221 5014 1598 5080 quadrupedis,
1648 5027 1741 5068 aut
1783 5000 1962 5073 bestia

384 5074 724 5149 simulacrum
747 5088 867 5149 arte
893 5087 981 5128 aut
1002 5148 1005 5149 ν
1027 5074 1287 5147 pingendo
1334 5074 1552 5149 feceris;
1585 5074 1803 5138 idolum
1840 5105 1958 5141 vero

382 5142 636 5220 quidquid
667 5147 871 5221 animus
898 5148 1068 5221 ambis
1102 5142 1218 5218 qua:
1253 5142 1504 5216 primario
1533 5142 1639 5208 non
1670 5157 1954 5221 exsistunt,

383 5225 558 5296 secum
586 5215 692 5296 ipse
711 5216 1001 5296 eﬂormarit
1020 5232 1038 5269 :
1062 5215 1357 5287 cujusmodt
1381 5226 1540 5291 fuerit
1569 5226 1790 5291 animal,
1816 5215 1956 5296 quod

387 5284 581 5331 mislim
607 5284 813 5336 homine
844 5295 890 5337 el
929 5302 1058 5355 equo
1089 5284 1302 5344 constet.
1381 5284 1391 5291 ’
1778 5284 1787 5291 ⁷
1826 5284 1837 5296 ’
1960 5306 1965 5307 “

1020 5405 1255 5460 "Exod.
1306 5425 1398 5470 sx,
1446 5411 1498 5464 5.

938 5475 983 5505 ⁸³
1006 5475 1108 5530 lsa.
1141 5494 1327 5544 xsxw,
1354 5481 1407 5535 5.

454 5400 501 5469 'j
521 5398 678 5455 Joan.
706 5418 821 5469 vni,
857 5402 944 5458 54.

392 5461 434 5493 ⁶¹
452 5467 647 5536 Ephes.
672 5487 749 5535 vr,
779 5461 861 5528 f2.
938 5475 983 5505 ⁸³
1006 5475 1108 5530 lsa.
1141 5494 1327 5544 xsxw,
1452 5461 1550 5512 ’δν
1578 5461 1756 5538 Ειῶῖιῖ
1770 5461 1960 5549 xxiii.

1578 5412 1623 5444 ⁸⁸
1647 5412 1819 5470 Exod.
1877 5429 2029 5478 xxvi,
2073 5415 2126 5468 4.

2075 4517 2240 4570 Deum
2283 4525 2337 4570 et
2368 4516 2656 4571 Dominum
2706 4520 2973 4573 neminem
3013 4519 3214 4574 habere
3258 4522 3338 4573 vel
3368 4520 3532 4574 Deum
3568 4519 3650 4575 vel

2073 4604 2380 4669 Dominum,
2415 4607 2514 4659 hoc
2558 4617 2641 4662 est
2676 4608 2873 4663 bellum
2924 4611 3041 4665 sine
3070 4609 3276 4666 foedere
3305 4612 3652 4667 denuntiasse

2068 4699 2319 4753 omnibus
2368 4700 2602 4755 ueteris.
2660 4700 2795 4755 Cum
2829 4717 2961 4772 ergo
3006 4706 3252 4761 venimus
3302 4706 3369 4758 ad
3419 4706 3648 4774 gratiam

2660 4808 2851 4848 VEBSIO
2883 4809 3042 4848 NOVA.

2142 4886 2218 4952 ἦ(
2248 4881 2369 4937 Non
2406 4884 2653 4940 adorabis
2679 4902 2761 4949 ea,
2799 4902 2961 4953 neque
3006 4887 3143 4941 coles
3191 4902 3273 4939 ea.
3302 4904 3320 4936 ι
3380 4883 3539 4935 Aliud
3571 4892 3649 4936 est

2065 4956 2296 5009 adorare
2334 4962 2384 5008 et
2425 4953 2573 5007 aliud
2609 4955 2801 5010 colere.
2845 4957 2986 5010 Nam
3021 4958 3109 5023 qui
3145 4968 3254 5009 (0:0
3297 4958 3471 5006 animo
3505 4954 3649 5006 Itis-re

2069 5027 2248 5086 servit,
2288 5040 2390 5076 non
2438 5026 2592 5077 modo
2626 5026 2835 5086 adorat,
2891 5043 3066 5078 verum
3121 5026 3279 5077 etiam
3334 5024 3478 5078 colit.
3542 5023 3649 5089 Qui

2068 5104 2240 5147 autem
2274 5111 2379 5147 rem
2419 5094 2663 5146 simulate
2702 5111 2763 5147 ac
2789 5104 2997 5162 propter
3032 5107 3206 5161 gent-es
3250 5095 3398 5161 facit,
3438 5109 3541 5162 non
3564 5109 3648 5145 co-

2067 5166 2127 5215 lit
2168 5165 2399 5232 quidem,
2443 5168 2533 5216 sed
2570 5161 3097 5231 adorat.Ejusmodi
3138 5168 3360 5229 reperies
3410 5165 3461 5215 in
3522 5161 3646 5215 Nu-

2067 5250 2248 5298 merus,
2270 5236 2359 5289 aui
2390 5246 2446 5287 ut
2479 5233 2791 5287 mulieribus
2815 5233 3052 5302 placeant
3085 5234 3229 5286 idola
3255 5238 3506 5289 adorant.

2204 5414 2295 5469 ‘91
2336 5416 2463 5472 Cor.
2523 5431 2643 5482 vin,
2690 5416 2743 5470 5.
2821 5416 2865 5449 ⁶⁰
2889 5416 3018 5473 ibid.
3042 5417 3100 5471 4.
3174 5417 3557 5485 “lCor.vni,
3591 5421 3643 5477 4.

591 5568 1030 5654 .0815-gt01l‘7i0'éitch
1063 5583 1168 5653 etc.
1223 5572 1409 5630 Grmca
1469 5577 1627 5648 hujus
1686 5595 1783 5639 nec
1827 5595 1931 5634 non
1988 5582 2264 5650 sequentis
2312 5581 2596 5651 fragmcuti
2642 5584 2804 5637 verba
2856 5584 3137 5654 desumpta
3186 5594 3311 5639 sunt
3352 5600 3382 5640 e
3424 5588 3633 5646 schedis

389 5640 764 5701 manuscriptis
795 5642 1125 5707 Coinbclisii.
