4122 6248
458 216 558 268 πῑιῖ

1668 209 1733 262 ΙΝ
1778 207 2061 264 ΕΧΟΒυΜ
2101 208 2377 266 ιιοιιιιιΑ
2418 208 2552 264 \‘lll.

3607 215 3677 270 '55

458 335 764 405 ingrcssqu
830 348 948 384 esse.
1016 331 1302 406 mulierem
1335 344 1454 405 qua:
1495 329 1780 399 prostituta
1832 339 1936 393 ρει,
1979 337 2028 380 0|
2063 331 2105 386 Α
2138 329 2420 397 iniinditiis
2448 327 2697 385 volutari.
2749 327 2898 392 Quod
2931 339 2981 381 et
3014 328 3055 380 si
3089 329 3228 384 forte
3260 328 3550 397 aliquando
3583 343 3708 381 eve-

459 427 675 480 cnnetis
715 424 1018 478 volentibus
1059 432 1238 491 patet;
1276 435 1328 476 et
1374 421 1642 490 indignari
1687 439 1790 475 non
1833 431 2035 493 potest,

460 518 506 571 si
535 534 657 571 cum
700 531 761 568 ea
809 516 969 569 etiam
1011 514 1144 567 alios
1209 515 1352 588 videt
1400 523 1693 568 amatores.
1733 514 1836 580 Qui
1908 530 2034 570 vero

455 607 707 678 legitimo
735 606 903 658 utitur
935 605 1302 668 matrimonio,
1342 618 1448 656 non
1505 605 1706 670 patitur
1773 605 1850 656 ttti
1896 620 2032 656 uxo-

433 685 579 752 irctn
609 695 859 766 peccandi
902 704 1168 763 potestate
1199 694 1345 763 (Si),
1387 694 1478 746 sed
1530 696 1844 758 accenditur
1918 694 2034 749 Zelo

464 793 530 844 ad
569 790 873 843 eastitatem
903 789 1233 841 matrimonii
1284 788 1738 851 conservandam,
1768 803 1874 857 quo
1913 803 2035 855 pos-

465 883 532 936 sit
565 898 627 934 ex
671 896 730 934 ea
774 880 889 933 fieri
932 879 1204 948 legitimus
1243 889 1415 948 pater.
1457 879 1569 933 lloc
1612 895 1742 947 ergo
1783 880 2031 948 exemplo

462 972 823 1040 intelligamus
861 986 1077 1023 onmem
1117 971 1377 1048 animam,
1409 979 1500 1022 aut
1527 971 1872 1038 prostitutam
1914 985 2033 1025 esse

463 1063 813 1125 daemonibus,
857 1075 908 1114 et
943 1063 1144 1116 habere
1187 1061 1451 1138 plurimos
1512 1074 1807 1124 amatores,
1850 1063 1922 1114 ita
1975 1071 2032 1115 ut

459 1156 621 1208 intret
661 1155 726 1206 ad
762 1169 880 1208 eant
909 1137 1068 1206 modo
1112 1136 1591 1230 qttidemispirilns
1635 1155 2028 1218 fornicationis,

458 1248 548 1300 illo
575 1247 882 1324 discedente
931 1246 1096 1318 intret
1135 1229 1360 1314 spiritus
1398 1246 1679 1307 aVaritizc,
1731 1264 1776 1314 ιιι
1799 1258 1849 1299 st
1891 1248 2034 1300 hunc

456 1325 637 1417 veniat
674 1324 948 1416 superbia:
999 1341 1402 1416 spiritus_,_ii_nl.c
1437 1341 1552 1399 irin,
1617 1340 1741 1392 imle
1791 1340 2031 1402 illvitliJ‘,

458 1415 1453 1512 post.etiamwvana:.gloriae,aliique
1514 1447 1636 1484 cmn
1691 1433 1770 1485 eis
1817 1431 2030 1498 plurimi

455 1511 683 1593 spiritus
733 1525 1014 1590 inunnndi.
1049 1523 1142 1576 Isti
1183 1532 1362 1574 autem
1395 1537 1620 1600 omnes,
1683 1524 1754 1574 ita
1796 1538 1918 1576 cum
1958 1524 2034 1575 in-

457 1618 600 1670 lideli
642 1616 825 1669 anima
865 1614 1308 1676 merctricantur,
1333 1624 1392 1687 ut
1425 1612 1564 1665 alter
1600 1613 1754 1666 alteri
1797 1631 1901 1668 non
1949 1617 2030 1668 in-

2139 423 2253 478 ttiat
2291 421 2603 483 infeliciter,
2638 421 2830 473 saltem
2875 430 2928 472 ut
2957 430 3326 480 convertatur,
3355 430 3406 471 et
3454 422 3637 473 redeat
3663 436 3715 472 et

2138 513 2745 587 pmniteat,miseratus
2799 520 3098 576 exspectat.
3158 510 3358 582 Novum
3409 513 3552 564 enim
3609 511 3712 563 hoc

2138 605 2397 658 bonitatis
2431 617 2512 659 est
2541 621 2735 673 genus,
2775 612 2830 655 nt
2882 603 3047 655 eiiam
3098 611 3218 676 post
3246 602 3568 656 adulterium
3634 617 3717 656 re-

2136 677 2439 748 vertentem
2496 707 2673 746 tamen
2733 702 2787 746 et
2840 708 2904 745 ex
2967 701 3080 745 toto
3130 691 3292 743 corde.
3356 675 3711 758 pmnileintcm

2134 789 2395 855 SuSi-ipiat
2423 789 2683 840 animam.
2714 777 2863 839 Sicut
2900 794 2953 838 et
2988 785 3101 850 ipse
3135 799 3230 851 per
3269 785 3581 850 prephetam
3626 783 3708 834 di-

2133 880 2204 934 cit
2229 880 2276 910 ’⁷⁸
2311 897 2324 934 :
2364 898 2381 930 ι
2423 878 2676 948 Nunquid
2709 878 2904 929 mulier
2939 877 2983 928 si
3011 874 3204 928 exierit
3235 890 3262 926 τι
3297 874 3435 936 viro,
3482 882 3536 926 ct
3586 874 3714 927 dor-

2134 971 2461 1032 mieriteum
2487 971 2594 1022 alio
2625 971 2764 1030 viro,
2821 977 3125 1021 revertetur
3167 969 3234 1019 ad
3281 966 3462 1017 virum
3517 964 3718 1018 suum?

2134 1061 2805 1116 Nonnecontaminatioue
2836 1056 3343 1112 contmninabitm'?
3399 1055 3478 1108 Tn
3532 1067 3712 1109 autem

2137 1153 2396 1208 fornicata
2425 1168 2484 1206 es
2515 1167 2635 1206 emn
2669 1150 3004 1204 amatoribus
3038 1149 3222 1202 multis
3247 1188 3262 1210 ,
3308 1158 3361 1200 et
3395 1151 3714 1201 reverteba-

2139 1249 2214 1298 ris
2243 1246 2309 1298 ad
2341 1259 2448 1298 me.
2486 1263 2502 1295 ι
2532 1243 2662 1296 Item
2692 1243 2816 1293 alibi
2849 1241 2978 1293 dicit
3018 1241 3062 1271 ⁷⁹
3103 1258 3115 1292 :
3156 1257 3173 1288 ι
3247 1239 3310 1291 lit
3359 1250 3712 1306 posteaquam

2140 1336 2400 1390 fornicata
2449 1350 2506 1387 es
2542 1335 2594 1386 in
2631 1333 2885 1386 omnibus
2924 1331 3028 1392 his,
3083 1331 3190 1382 dixi
3235 1348 3249 1384 :
3299 1329 3590 1384 Revertere
3649 1331 3715 1383 ad

2145 1438 2267 1484 ne;
2302 1432 2352 1474 et
2384 1436 2479 1474 nec
2517 1421 2596 1472 sic
2634 1436 2851 1472 reversa
2911 1434 2990 1480 es,
3044 1418 3173 1470 dicit
3224 1419 3503 1472 Dominus.
3544 1437 3561 1468 ι
3618 1419 3713 1473 llic

2135 1527 2265 1578 ergo
2315 1512 2453 1563 Dens
2483 1510 2664 1562 Zeluus
2695 1510 2738 1561 si
2798 1508 3023 1575 requirit
3053 1517 3106 1560 ct
3153 1507 3431 1561 desiderat
3475 1497 3714 1562 animam

2139 1615 2280 1656 tuam
2315 1605 2596 1655 adlncrere
2632 1602 2758 1666 sibi,
2797 1601 2838 1652 si
2875 1611 2922 1653 te
2956 1609 3194 1654 servata
3223 1610 3444 1668 peccato
3474 1641 3489 1662 ,
3518 1602 3560 1654 si
3593 1617 3714 1654 cor-

457 1707 658 1768 videat,
722 1719 820 1757 nec
861 1703 1132 1772 zelotypia
1175 1683 1497 1769 moveantur
1529 1705 1594 1756 ad
1652 1706 1903 1759 invicem.
1963 1707 2030 1760 Et
2062 1679 2104 1735 Β
2135 1695 2279 1764 i‘ipii.
2302 1694 2345 1746 Si
2375 1694 2624 1774 (ἶλειῖὲειίι
2653 1695 2694 1748 Si
2732 1693 3071 1762 indignatur.
3098 1693 3141 1747 Si
3183 1693 3466 1755 il‘1lSCillII‘.
3498 1703 3548 1745 (δι
3598 1693 3712 1747 Vel--

457 1797 585 1862 quid
623 1796 746 1848 uico
785 1796 934 1864 quod-
977 1795 1115 1848 alter
1154 1796 1380 1849 alterum
1414 1811 1519 1850 non
1559 1796 1851 1864 excludat?
1919 1799 2028 1853 lmo

461 1890 512 1935 et
549 1883 777 1937 invitant
821 1899 878 1939 se
919 1885 1187 1958 invicem,
1249 1896 1302 1940 et
1342 1896 1531 1954 sponte
1585 1903 1644 1941 se
1699 1900 2026 1952 convocant,

461 1976 596 2056 sicut
640 1978 798 2044 paulo
849 1978 1127 2050 ante‘jam
1166 1979 1400 2032 diximus
1449 1981 1592 2048 quod
1643 1981 1696 2033 in
1741 1981 2030 2049 Evangelio

460 2056 719 2140 scriplnm
756 2081 833 2124 est
878 2072 944 2123 de
988 2071 1078 2123 illo
1113 2070 1303 2138 spiritu
1344 2073 1432 2141 qui
1489 2072 1622 2126 exiit
1673 2074 1743 2128 ab
1787 2074 2028 2140 homine,

453 2172 509 2232 et
549 2179 826 2231 regressus
867 2165 1092 2217 adduxit
1127 2180 1315 2218 secum
1355 2175 1562 2233 septem
1603 2167 1738 2220 alios
1801 2167 2030 2236 nequio-

456 2270 540 2308 res
580 2270 638 2308 se
677 2255 920 2323 spiritus,
989 2246 1045 2308 ut
1111 2256 1161 2307 in
1229 2272 1334 2308 una
1375 2257 1557 2308 anima
1595 2256 1756 2309 simul
1821 2257 2030 2311 habita-

456 2356 596 2401 rent.
627 2346 716 2400 Sic
753 2362 880 2416 ergo
945 2347 1144 2400 tmllam
1187 2349 1508 2418 zelotypiam
1550 2360 1857 2402 amatorum
1901 2366 2030 2405 suo—

456 2454 571 2490 rum
614 2441 822 2506 patitur
846 2441 1048 2504 anima,
1074 2457 1196 2511 quae
1223 2442 1557 2497 themonibus
1597 2443 1890 2510 prostituta
1921 2453 2026 2496 est.

455 2530 510 2582 Si
536 2547 666 2583 vero
696 2531 932 2600 legitimo
955 2533 1252 2602 conjuncta
1293 2536 1362 2587 sit
1397 2534 1534 2597 viro,
1572 2535 1648 2586 illi
1706 2535 1822 2588 viro
1871 2536 2029 2602 cujus

453 2623 806 2686 matrimonio
854 2625 1057 2678 Paulus
1125 2626 1336 2678 animas
1387 2625 1674 2695 conjungit
1726 2638 1779 2680 et
1831 2629 2028 2688 sociat,

455 2714 592 2766 Sil'tll
623 2724 672 2767 et
707 2716 819 2784 ipse
852 2717 981 2770 dicit
1009 2718 1052 2748 ⁷⁵
1086 2735 1098 2770 :
1138 2737 1160 2768 ι
1189 2715 1364 2769 Statili
1417 2719 1558 2770 enim
1617 2732 1711 2770 vos
1763 2718 1851 2770 nni
1913 2719 2028 2771 viro

455 2797 716 2876 virginem
745 2819 950 2862 castam
985 2811 1248 2864 exhibere
1277 2812 1495 2866 Christo
1526 2829 1540 2878 ;
1575 2829 1594 2863 ι
1637 2811 1796 2881 160
1852 2819 1906 2863 et
1961 2811 2029 2865 de

454 2913 562 2966 quo
591 2900 640 2950 in
679 2898 978 2969 Evangeliis
1001 2905 1262 2978 scriptum
1296 2906 1363 2968 ⁷⁸,
1390 2906 1513 2973 quia
1551 2920 1641 2958 rex
1668 2905 1884 2972 quidam
1948 2902 2028 2956 fe-

2129 1800 2186 1842 ut
2221 1789 2486 1856 zelotypia
2535 1787 2770 1855 quadam
2804 1803 2932 1856 erga
2967 1796 3019 1843 te
3045 1787 3235 1852 utitur,
3281 1803 3432 1856 spem
3467 1787 3558 1840 tibi
3594 1801 3713 1840 esse

2129 1881 2321 1934 salutis
2351 1867 2612 1951 agnosce.
2646 1880 2701 1933 Si
2731 1896 2860 1932 vero
2891 1881 3193 1948 castigatus
3251 1898 3354 1932 non
3410 1865 3714 1948 resipiscis,—

2131 1981 2409 2039 correptus
2462 1986 2564 2022 non
2617 1972 2930 2024 emrndaris
2987 1972 3096 2039 (56)
3133 2012 3147 2034 ,
3207 1970 3527 2023 verberatus
3583 1984 3711 2023 con-

2134 2063 2358 2127 temnis;
2390 2063 2527 2116 scito
2553 2063 2692 2131 quod
2725 2063 2768 2115 si
2803 2078 3044 2130 eousque
3077 2063 3347 2131 peccando
3391 2061 3708 2128 profeceris.

2134 2154 2362 2207 discedit
2392 2169 2418 2205 a
2460 2164 2510 2207 te
2544 2154 2692 2206 zelus
2721 2151 2859 2220 ejus,
2891 2163 2945 2204 et
2983 2152 3200 2204 dicetur
3235 2152 3330 2204 tibi
3367 2151 3520 2210 illud,
3569 2152 3710 2217 quod

2133 2261 2230 2315 per
2248 2245 2583 2299 Ezechielem
2605 2249 2922 2313 pmphetam
2943 2244 3008 2298 ad
3043 2242 3377 2298 Hierusalem
3400 2241 3596 2296 dicitur
3619 2243 3663 2271 ²²⁰
3695 2260 3706 2295 :

2137 2359 2155 2390 ι
2200 2339 2489 2407 Pmpterca
2526 2337 2768 2390 discedet
2804 2336 2950 2389 zelus
2980 2350 3130 2388 mens
3164 2350 3192 2387 a
3235 2344 3318 2395 te,
3358 2343 3412 2387 et
3447 2349 3549 2386 non
3599 2336 3709 2386 ira-

2131 2445 2254 2482 scar
2284 2429 2422 2480 ultra
2455 2442 2619 2494 super
2655 2436 2727 2481 te.
2765 2445 2781 2477 ι
2815 2424 2947 2480 Vide
2981 2425 3410 2479 misericordiam
3450 2434 3504 2478 et
3545 2425 3710 2493 pieta-

2128 2535 2238 2580 tem
2276 2525 2400 2579 boni
2432 2524 2550 2577 Dei.
2586 2523 2813 2589 Quando
2845 2521 2955 2574 vult
3019 2522 3293 2584 misereri,
3326 2521 3596 2589 indignari
3651 2534 3709 2572 se

2131 2621 2284 2684 dicit,
2317 2629 2369 2674 et
2400 2617 2590 2682 irasci,
2623 2618 2767 2669 sicut
2801 2623 2897 2684 per
2924 2613 3216 2669 Jeremiam
3255 2614 3382 2668 dicit
3414 2613 3455 2644 ⁸¹
3494 2630 3508 2666 :
3555 2633 3572 2664 ι
3613 2613 3711 2665 Do-

2131 2711 2244 2766 lore
2287 2720 2340 2764 et
2390 2709 2602 2778 flagello
2657 2705 3032 2775 castigaberis,
3099 2703 3459 2765 Hierusalem,
3515 2705 3590 2756 uti
3641 2720 3707 2756 ne

2129 2805 2384 2858 abscedat
2410 2803 2591 2854 anima
2624 2816 2738 2853 mea
2773 2800 2871 2852 abs
2905 2807 2976 2850 te.
3010 2815 3027 2848 ι
3059 2795 3181 2848 ll:ec
3210 2797 3252 2849 si
3284 2796 3563 2864 intelligis,
3604 2799 3695 2848 mi-

2132 2899 2370 2952 serantis
2399 2897 2491 2950 Dei
2523 2910 2620 2948 vox
2650 2905 2768 2957 est;
2801 2892 2888 2945 ubi
2946 2891 3199 2944 irascitur
3254 2899 3305 2941 et
3351 2889 3582 2952 zelatur,
3633 2889 3704 2941 ibi

455 2992 772 3072 cit’nuptias
801 2993 910 3048 lilio
951 3010 1084 3057 suo;
1119 2996 1204 3060 in
1251 2996 1410 3063 hujus
1463 3012 1594 3066 ergo
1654 2997 1753 3049 viri
1811 2996 2026 3064 nuptias
2056 3017 2102 3078 ϐ
2131 2989 2357 3042 adhibet
2401 2986 2614 3042 dolores
2658 2994 2711 3039 et
2751 2984 3001 3038 verbera.
3047 2999 3065 3031 ι
3108 2981 3371 3051 Flagellat
3405 2980 3547 3033 enim
3589 2993 3708 3034 om-

455 3097 579 3162 cum
616 3098 672 3137 se
699 3082 876 3136 anima
903 3085 1132 3151 dederit,
1153 3097 1208 3140 et
1249 3087 1546 3155 legitimum
1580 3102 1701 3139 cum
1738 3100 1804 3139 eo
1833 3085 2026 3139 sortita

457 3173 622 3258 fuerit
673 3178 1075 3252 matrimonium
1112 3178 1260 3246 (δῦ),
1322 3179 1537 3232 etiamsi
1588 3178 1689 3231 fuit
1737 3177 2029 3247 aliquando

464 3270 757 3346 peccatrix,
784 3269 996 3324 etiamsi
1034 3273 1376 3326 meretricata
1409 3281 1510 3336 est,
1532 3280 1709 3325 tamen
1739 3272 1782 3324 si
1804 3286 1864 3325 se
1905 3271 2031 3324 huic

456 3357 845 3438 _vi_roltradidil,
882 3363 1164 3432 ultraeam
1198 3349 1426 3430 peccare
1469 3380 1575 3417 non
1633 3363 1861 3431 patitur.
1911 3359 2026 3413 Non

461 3449 808 3528 polestferrc
847 3461 902 3504 ut
938 3468 1146 3506 rursum
1181 3457 1355 3508 anima
1408 3471 1528 3519 qua:
1581 3471 1638 3508 sc
1692 3455 1882 3508 sortita
1945 3461 2031 3506 est

458 3528 662 3618 virum,
695 3543 898 3597 alludat
926 3557 1047 3597 cum
1074 3545 1352 3608 adulteris,
1385 3546 1510 3613 quia
1559 3547 1831 3598 excitatur
1861 3561 2028 3614 super

453 3650 574 3701 eam
609 3635 759 3690 zelus
791 3635 905 3702 ejus
938 3636 1059 3700 viri,
1096 3647 1146 3689 et
1171 3635 1408 3690 defendit
1437 3637 1674 3706 conjugii
1695 3637 2026 3692 castitatem.

455 3727 521 3781 Et
549 3729 667 3783 ideo
695 3728 881 3782 Zelatts
905 3729 1105 3782 dicitur
1139 3729 1419 3789 Dominus,
1447 3731 1572 3798 quia
1630 3729 1870 3782 animam
1926 3730 2030 3784 sibi

455 3821 821 3889 mancipatam
884 3837 988 3874 non
1062 3821 1266 3890 patitur
1333 3819 1670 3873 dacnmnibus
1720 3819 2030 3875 admisceri.

455 3915 704 3982 Alioquin
731 3915 774 3967 si
808 3929 929 3968 eam
965 3913 1153 3966 viderit
1193 3919 1552 3966 temerantem
1594 3911 1720 3979 jura
1771 3911 2028 3983 coniugii,

453 4017 504 4057 ct
539 4005 880 4058 occasionem
927 4017 1172 4068 quaerere
1231 4003 1298 4055 ad
1349 4002 1706 4069 peccandum,
1761 4012 1920 4064 ttmc,
1973 4012 2030 4058 ut

453 4096 716 4164 scriptum
752 4105 861 4158 est,
898 4096 990 4147 dat
1023 4095 1068 4148 ei
1115 4093 1356 4148 libellum
1413 4093 1645 4162 repudii,
1697 4101 1753 4146 et
1807 4093 2032 4146 dimittit

452 4202 569 4242 eam
600 4187 788 4241 dicens
818 4187 862 4218 ⁷⁷
903 4206 916 4239 :
951 4203 970 4238 ι
1033 4185 1130 4240 L‘bi
1181 4195 1265 4238 est
1316 4184 1534 4238 libellus
1567 4185 1774 4252 repudii
1839 4187 2029 4240 matris

456 4288 648 4333 vestra:
671 4294 782 4346 quo
809 4279 966 4332 divisi
1001 4279 1166 4332 eam?
1211 4299 1227 4331 ι
1256 4281 1461 4346 Quibus
1487 4278 1650 4333 etiam
1691 4277 1838 4330 addit
1867 4287 1921 4329 ct
1953 4278 2030 4330 di-

2133 3096 2251 3133 nem
2280 3079 2447 3132 lilium
2474 3093 2635 3146 quem
2671 3077 2856 3145 recipit
2880 3075 2946 3128 “.
2977 3093 2994 3124 ι
3024 3072 3112 3126 \‘is
3139 3084 3317 3126 autem
3351 3073 3539 3126 audire
3565 3072 3707 3126 indi-

2129 3171 2344 3243 gnantis
2382 3171 2471 3224 Dei
2518 3168 2817 3223 terribilem
2843 3170 3069 3223 vocem?
3113 3166 3244 3219 Audi
3279 3165 3420 3232 quod
3452 3165 3575 3216 dicit
3613 3180 3710 3231 per

2133 3266 2496 3334 prophetam;
2534 3276 2652 3314 cmn
2677 3269 3048 3314 enumerasset
3103 3257 3267 3310 multa
3302 3255 3530 3309 nefanda
3586 3270 3708 3323 quae

2133 3333 2482 3409 commiserat
2511 3333 2770 3420 populus,
2795 3349 2944 3402 addit
2977 3349 3139 3400 etiam
3171 3347 3281 3400 lucc
3310 3347 3354 3376 ⁸³
3384 3363 3395 3397 :
3435 3365 3451 3393 ι
3486 3346 3546 3397 Et
3587 3363 3710 3412 pro-

2130 3457 2251 3516 pter
2293 3446 2416 3502 hoc.
2455 3443 2651 3510 inquit,
2696 3457 2799 3494 non
2840 3439 3071 3493 visitabo
3115 3453 3278 3505 super
3319 3435 3456 3489 lilias
3499 3446 3708 3489 ναίει-εις

2132 3552 2253 3592 cum
2281 3535 2638 3594 fornicantur,
2678 3545 2852 3599 neque
2898 3543 3061 3594 super
3100 3544 3265 3580 ηιμ-ηε
3316 3536 3524 3580 vestras
3585 3544 3705 3580 cum

2134 3630 2494 3682 IDCBl‘litllllul‘.
2532 3644 2550 3676 ι
2595 3625 2707 3680 lloc
2750 3633 2833 3677 est
2892 3622 3170 3683 terribile,
3217 3623 3313 3673 hoc
3375 3627 3703 3682 extremum,

2131 3736 2253 3774 cum
2291 3718 2400 3787 jam
2425 3733 2532 3771 non
2559 3716 2884 3784 corripimur
2908 3727 3004 3782 pro
3030 3712 3289 3778 peccatis,
3309 3725 3429 3763 cum
3467 3709 3575 3776 jam
3602 3725 3706 3761 non

2133 3811 2457 3880 corrigimur
2481 3808 2879 3876 delinquentes.
2925 3803 3076 3855 'l'une
3105 3802 3244 3855 enim
3279 3817 3404 3855 cum
3449 3815 3707 3854 excesse-

2135 3908 2303 3961 rimus
2343 3901 2602 3973 peccandi
2649 3899 2889 3962 modum,
2921 3897 3065 3948 Deus
3091 3895 3271 3948 zelans
3301 3894 3498 3946 avertit
3547 3909 3574 3944 a
3616 3909 3707 3945 no-

2132 4001 2213 4053 bis
2247 3999 2420 4051 zelum
2451 4009 2630 4054 sunm,
2686 3991 2830 4044 sicut
2868 3988 3125 4058 superius
3152 3987 3290 4040 dixit
3320 3985 3365 4016 '"
3407 4002 3420 4038 :
3487 4004 3503 4034 ι
3538 3983 3706 4035 Aufe-

2131 4095 2279 4140 rctur
2305 4084 2449 4138 enim
2483 4082 2632 4135 zelus
2656 4093 2811 4132 meus
2841 4095 2870 4132 a
2909 4089 2978 4140 te,
3015 4087 3067 4130 et
3133 4093 3236 4129 non
3281 4075 3490 4128 irascar
3529 4089 3693 4139 super

2134 4157 2182 4228 te
2210 4175 2372 4227 ultra.
2423 4192 2440 4225 ι
2484 4171 2608 4225 llaec
2634 4170 2700 4221 de
2730 4183 2795 4223 eo
2826 4167 2967 4236 quod
3001 4165 3203 4220 dictum
3238 4173 3322 4223 est
3355 4177 3370 4218 :
3403 4181 3421 4214 ι
3459 4163 3598 4216 Deus
3623 4177 3708 4214 ze-

2134 4263 2273 4320 lans.
2307 4283 2325 4316 ι

458 4372 573 4425 cit:
608 4389 626 4422 ι
678 4344 816 4425 Ecce
866 4374 1106 4440 peccatis
1164 4344 1360 4426 vesti-is
1407 4370 1696 4424 venundati
1752 4371 1923 4432 estis,
1975 4379 2029 4422 et
2065 4355 2105 4409 υ
2207 4353 2260 4408 6ο
2292 4352 2582 4406 Vide-"mis
2626 4363 2771 4402 hunc
2803 4357 2854 4401 οι
2905 4345 3047 4414 il"0d
3113 4345 3380 4414 sc‘l'liW",
3437 4344 3708 4412 (ιιιυιυυιιο

454 4473 676 4532 propter
706 4464 1017 4533 iniquitates
1035 4477 1243 4518 vostras
1268 4463 1444 4516 dimisi
1476 4471 1697 4514 matrem
1731 4469 2024 4513 vestram.»

458 4554 580 4609 lla'c
613 4557 700 4623 qui
742 4556 979 4625 loquitur
1036 4555 1222 4610 zelans
1277 4566 1378 4612 est,
1437 4564 1486 4607 et
1553 4552 1668 4607 zelo
1718 4562 2029 4606 commotus

457 4649 570 4702 haec
599 4649 756 4713 dicit;
792 4657 912 4717 post
945 4649 1278 4718 agnitionem
1307 4648 1449 4700 enim
1479 4647 1600 4711 sui,
1645 4654 1767 4714 post
1824 4645 2028 4698 illumi-

459 4738 735 4792 nationem
776 4739 925 4792 verbi
987 4737 1179 4800 divini,
1239 4746 1360 4805 post
1428 4737 1658 4806 gratiam
1727 4737 2024 4804 baptismi,

457 4843 574 4900 post
597 4832 993 4886 ροιιῑυεδὶοιιθιιι
1021 4833 1168 4898 fidei,
1197 4844 1254 4886 ct
1283 4842 1364 4886 tot
1407 4830 1683 4896 tantisque
1715 4843 2025 4881 sacramen-

458 4926 522 4978 tis
554 4924 959 4978 matrimonium
1003 4926 1410 4986 confirmatum,
1467 4936 1572 4974 non
1609 4917 1722 4971 vult
1751 4933 1848 4971 nos
1884 4916 2022 4970 ultra

453 5029 706 5084 peccare,
741 5032 844 5069 non
881 5016 1343 5083 patituranlmam
1375 5012 1529 5081 cujus
1559 5011 1672 5079 ipse
1727 5009 1812 5060 vel
1865 5023 2024 5076 sport—

457 5125 569 5174 SIIS,
607 5109 685 5160 \cl
747 5108 827 5160 Vir
868 5109 1211 5178 appellatur,
1266 5122 1386 5160 cum
1434 5101 1767 5156 dzcmonibus
1817 5099 2022 5160 Indure,

457 5202 684 5255 scortari
707 5215 826 5254 cum
852 5200 1142 5253 innnnndis
1171 5197 1474 5267 Spiritibus,
1504 5209 1624 5247 cum
1654 5190 1798 5243 vitiis
1823 5199 1876 5241 et
1922 5189 2024 5240 itu-

522 5342 570 5374 "
601 5341 638 5394 Il
674 5339 801 5394 Cor.
839 5356 913 5404 XI,
950 5341 1004 5393 2.
1081 5340 1128 5370 ’³⁸
1170 5337 1355 5391 Matth.
1393 5352 1526 5397 xxii,
1557 5335 1612 5388 ἢ.
1688 5335 1732 5364 ⁷⁷
1766 5331 1864 5404 lsa.
1891 5348 1944 5394 L,
1978 5331 2028 5383 l.

450 5426 524 5476 Vl,
549 5413 603 5467 8.
679 5412 874 5466 "lleb.
907 5427 1001 5476 xu,
1045 5409 1098 5464 6.
1171 5409 1217 5439 ⁸³
1248 5407 1404 5462 Osce.
1443 5423 1516 5471 IV,
1551 5405 1632 5458 ιιι.

522 5535 632 5605 (3i)
673 5536 841 5598 Alias,
872 5553 890 5584 ι
920 5535 973 5587 in
1007 5545 1177 5605 uxore
1201 5535 1521 5597 potestatem
1561 5525 1896 5605 pec-canili._u

680 5594 846 5671 Alias,
895 5625 913 5658 ί
954 5615 1005 5658 ct
1036 5594 1275 5672 legitimo
1309 5613 1430 5651 cum
1473 5597 1663 5650 sortita
1707 5594 1865 5647 fuerit
1910 5605 2023 5645 ma-

455 5681 724 5732 trimonio.
773 5696 792 5728 ι

2137 4446 2286 4501 reddi
2325 4445 2585 4499 dicunt-ur
2613 4450 2836 4511 peccata
2867 4448 3080 4507 patrum
3109 4437 3159 4490 in
3187 4437 3344 4499 lilios,
3385 4435 3434 4488 in
3491 4433 3704 4488 tertiam

2132 4549 2184 4594 et
2210 4547 2457 4608 quartam
2485 4534 2826 4604 progeniem.
2872 4531 2926 4583 In
2964 4530 3062 4583 hoc
3116 4528 3258 4581 enim
3310 4541 3566 4579 sermone
3625 4540 3709 4576 so-

2133 4631 2247 4684 lent
2273 4643 2372 4682 nos
2398 4625 2639 4681 hazretici
2665 4622 2985 4692 suggillare,
3027 4621 3167 4688 quod
3192 4635 3299 4676 non
3325 4619 3395 4672 sit
3437 4617 3559 4672 boni
3607 4614 3701 4668 Dei

2129 4736 2334 4784 sermo,
2370 4719 2460 4789 qui
2492 4734 2589 4788 pro
2612 4716 2846 4785 peccatis
2883 4713 3108 4767 alterius
3140 4711 3304 4764 alium
3343 4708 3506 4778 plecti
3539 4707 3703 4759 dicat.

2133 4815 2238 4869 Sed
2268 4811 2566 4867 secundum
2610 4811 2847 4878 ipsorum
2891 4805 3179 4868 rationem,
3219 4801 3308 4869 qui
3361 4799 3529 4850 Deum
3575 4796 3707 4863 legis

2131 4893 2474 4962 mandantcm
2501 4903 2613 4957 haec
2650 4901 2775 4955 licet
2810 4916 2914 4954 non
2957 4899 3156 4949 bonum
3191 4894 3327 4963 (57),
3371 4891 3577 4958 justum
3625 4898 3705 4939 ta-

2106 5014 2252 5058 ,men
2289 4997 2512 5055 dicunt,
2553 5008 2618 5045 ne
2667 4993 2766 5060 ipsi
2822 4990 3038 5058 quidem
3103 4992 3326 5052 possunt
3389 4981 3703 5039 ostendere,

2134 5089 2402 5158 quomodo
2429 5085 2721 5140 secundum
2762 5096 2980 5135 sensum
3011 5095 3165 5132 suum
3188 5075 3412 5145 justitia:
3439 5088 3548 5127 sua:
3574 5085 3709 5124 con-

2137 5182 2324 5234 venire
2356 5178 2636 5238 videatur,
2689 5173 2732 5227 si
2786 5173 2925 5224 alius
2975 5169 3082 5223 alio
3133 5176 3388 5236 peccante
3431 5164 3702 5235 puniatur.

2103 5328 2148 5359 ⁷³
2179 5325 2290 5379 Jer.
2317 5339 2397 5386 In,
2430 5321 2480 5375 1.
2555 5320 2601 5354 '9
2636 5318 2766 5373 ibid.
2792 5315 2845 5367 7.
2922 5315 2966 5345 ⁸ο
2999 5314 3193 5368 Ezech.
3221 5329 3330 5376 xvi,
3363 5310 3450 5364 45.
3519 5307 3561 5338 ⁸⁸
3590 5305 3704 5365 Jer.

1707 5404 1753 5435 δδ
1785 5403 1982 5456 Ezech.
2026 5414 2140 5461 xvi,
2181 5395 2270 5448 43.

2201 5511 2314 5580 (56)
2356 5509 2524 5574 Alias,
2571 5527 2589 5560 ι
2639 5515 2920 5580 correctus
2961 5499 3063 5557 non
3089 5500 3416 5580 emendatis.
3453 5516 3471 5550 ι

2200 5567 2315 5652 (57)
2356 5567 2531 5648 Alias,
2570 5598 2587 5631 ι
2617 5581 2743 5634 dum
2775 5577 2907 5646 legis
2946 5575 3257 5630 mamlatum
3300 5572 3429 5627 licet
3472 5583 3576 5624 non
3603 5567 3698 5620 bo—

2131 5671 2279 5711 lllllli.
2328 5674 2345 5706 Ι
