4122 6248
378 212 480 268 359

1844 196 2160 256 ORIGENIS

3529 190 3633 250 56)

381 334 639 401 Superest
663 330 828 400 igitur
861 340 916 383 ut
951 325 1237 382 Dominum
1278 324 1658 393 deprecemur,
1690 333 1748 378 ιιι
1776 334 1953 377 osten-
1982 328 2023 382 Α
2057 319 2291 373 mundus
2327 318 2378 371 in
2427 318 2528 372 hoc
2578 314 2799 378 sarculo,
2853 330 3030 384 neque
3069 313 3364 383 corripitur
3395 328 3491 381 pro
3516 329 3644 382 pec-

379 427 467 479 dat
494 424 647 479 nobis
678 422 948 493 quomodo
982 429 1251 488 pra-cepta
1322 416 1435 471 haec
1494 417 1642 485 justo
1700 417 1951 482 bonoque

377 511 706 567 cenveniant
737 510 865 563 Deo.
902 507 1056 575 Saepe
1088 507 1201 573 jam
1238 505 1498 567 diximus,
1522 506 1663 575 quod
1705 504 1952 573 Scriptu-

379 617 456 661 πε
492 602 684 655 (Ιίνιιιειι
725 616 828 654 non
854 599 1034 653 onm‘ia
1072 600 1138 653 ad
1160 598 1494 652 exteriorem
1532 597 1828 660 hominem,
1859 596 1953 649 sed

378 695 627 764 perplura
664 693 730 745 ad
766 692 1082 745 interiorem
1124 690 1440 757 loquuntur.
1515 688 1747 742 Interior
1790 688 1954 756 igitur

381 785 543 839 homo
574 795 761 840 noster
785 794 877 837 aut
904 783 1070 835 Deum
1114 780 1312 833 dicitur
1341 779 1541 832 habere
1606 789 1853 847 patrem,
1907 779 1952 832 si

379 876 676 931 secundum
704 874 869 928 Demn
902 872 1052 933 vivit,
1084 878 1139 924 et
1162 885 1282 938 quie
1316 869 1406 922 Dei
1475 880 1601 923 sunt
1656 870 1765 938 agit
1797 887 1811 935 ;
1861 876 1954 921 aut

378 966 678 1028 diabolum,
707 966 749 1019 si
780 966 831 1018 in
865 961 1106 1032 peccatis
1144 961 1236 1023 sit,
1271 971 1323 1013 et
1350 960 1656 1014 voluntates
1688 960 1833 1014 illius
1862 977 1955 1030 ge-

379 1069 465 1111 rat
496 1079 510 1113 :
548 1059 689 1111 sicut
729 1056 1011 1107 evidenter
1038 1052 1091 1105 in
1157 1051 1462 1117 Evangeliis
1497 1050 1747 1104 Salvator
1770 1063 1957 1105 esten-

380 1151 482 1214 dit,
506 1164 626 1200 cum
647 1147 779 1199 dicit
804 1146 848 1177 ⁸⁵
884 1164 895 1198 :
931 1164 948 1195 ι
990 1142 1099 1196 Vos
1128 1142 1195 1194 de
1252 1154 1406 1210 patre
1453 1143 1668 1197 diabolo
1721 1145 1873 1207 estis,
1902 1154 1955 1197 et

382 1241 645 1294 desideria
689 1237 859 1305 patris
893 1238 1055 1289 vestri
1089 1237 1273 1290 facere
1297 1237 1480 1291 vultis.
1533 1235 1626 1288 Ille
1680 1236 1953 1288 homicida

383 1332 485 1384 fuit
514 1334 581 1383 ab
608 1329 783 1391 initio,
809 1338 857 1381 et
888 1328 937 1380 in
970 1327 1198 1381 veritate
1233 1344 1336 1381 non
1381 1328 1556 1382 stetit.
1589 1346 1607 1377 ι
1636 1327 1789 1380 Sient
1827 1341 1956 1393 ergo

382 1437 568 1476 semen
600 1419 691 1474 Dei
723 1420 771 1472 in
808 1420 960 1472 nobis
976 1420 1173 1472 dicitur
1199 1434 1439 1483 manere,
1468 1434 1589 1474 cum
1617 1420 1838 1472 verbum
1862 1418 1954 1471 Dei

382 1524 665 1569 servantes
707 1512 758 1564 in
790 1511 942 1565 nobis
981 1527 1085 1563 non
1119 1526 1431 1579 peccamus,
1478 1520 1535 1565 ιιι
1586 1510 1825 1564 Joannes
1878 1511 1955 1563 di-

383 1608 454 1660 cit
494 1604 541 1635 ⁸⁸
573 1623 585 1658 :
625 1622 640 1653 ι
677 1604 775 1670 Qui
812 1612 991 1656 autem
1042 1617 1106 1655 ex
1146 1602 1253 1656 Deo
1280 1613 1361 1656 est
1388 1644 1402 1668 ,
1438 1620 1542 1655 non
1576 1612 1785 1669 peccat,
1827 1601 1952 1669 quia

2054 424 2196 473 cato,
2223 425 2396 479 neque
2420 410 2724 480 ﬂagellatur
2763 428 2775 463 :
2827 410 3008 463 omnia
3063 421 3298 473 namque
3335 406 3382 460 ei
3428 420 3640 461 servata

2055 514 2183 557 sunt
2216 505 2267 558 in
2293 504 2535 556 futurum
2565 502 2699 571 (40).
2738 500 2888 556 Umle
2915 510 2969 554 et
2999 500 3114 568 ipse
3148 499 3328 552 sciens
3355 498 3459 552 sibi
3496 498 3640 553 istud

2056 604 2316 647 statutum
2359 605 2570 661 tempus
2595 607 2709 646 esse
2736 604 3046 660 pinnartnn,
3083 590 3300 645 dicebat
3338 590 3403 643 ad
3453 590 3645 644 Salva-

2059 698 2227 740 torem
2269 687 2314 719 ⁹⁰
2355 704 2368 740 :
2421 704 2439 737 ι
2485 685 2628 753 Quid
2682 686 2875 739 venisti
2938 693 3065 738 ante
3129 693 3341 753 tempus
3387 693 3645 753 torquere

2061 780 2193 832 nos?
2231 798 2249 831 ι
2299 778 2432 832 Dmn
2462 793 2591 848 ergo
2615 788 2721 834 stat
2756 780 2844 832 hic
2874 779 3127 840 mundus,
3157 786 3376 844 peccata
3403 790 3498 829 sua
3534 791 3641 830 non

2058 869 2251 937 recipit
2297 868 2565 932 diabolus,
2606 870 2698 937 qui
2739 878 2821 922 est
2871 867 3215 935 peccantium
3264 874 3442 933 pater.
3495 866 3642 920 Bed-

2058 962 2259 1015 duntur
2288 969 2466 1013 autem
2499 961 2550 1013 in
2600 959 2736 1013 ﬁlios
2765 999 2780 1023 ,
2830 960 2881 1013 id
2930 970 3011 1013 est
3049 959 3102 1012 in
3148 973 3245 1013 eos
3276 974 3411 1027 quos
3459 962 3645 1028 genuit

2059 1067 2155 1121 per
2214 1061 2521 1121 peccatum.
2579 1050 2789 1104 Etenim
2844 1050 3091 1104 homines
3140 1048 3192 1102 in
3260 1064 3425 1102 carne
3483 1049 3643 1117 positi

2057 1146 2427 1214 corripiuntur
2464 1159 2493 1196 a
2533 1143 2785 1207 Domino,
2842 1143 3225 1205 verberantur,
3267 1141 3636 1210 ﬂagellantur.

2056 1233 2172 1290 Non
2198 1238 2340 1290 enim
2370 1236 2481 1289 vult
2506 1235 2765 1288 Dominus
2811 1245 3037 1288 mortem
3075 1234 3382 1303 peccatoris
3406 1273 3420 1297 ,
3460 1234 3554 1287 sed
3587 1244 3645 1287 ut

2059 1336 2384 1391 revertatur,
2435 1336 2489 1380 et
2529 1327 2676 1382 vivat
2722 1327 2789 1379 ".
2836 1326 2901 1379 Et
2944 1334 3232 1394 propterea
3278 1323 3544 1394 benignus
3590 1335 3645 1379 et

2059 1421 2371 1476 misericors
2396 1420 2655 1473 Dominus
2682 1417 2856 1473 reddit
2888 1425 3110 1486 peccata
3144 1426 3355 1489 patrum
3388 1418 3439 1469 in
3475 1418 3643 1480 lilios,

2060 1522 2117 1566 ut
2147 1512 2402 1581 quoniam
2428 1523 2629 1580 patres,
2664 1512 2716 1564 id
2768 1520 2851 1563 est
2883 1509 3130 1564 diabolus
3167 1518 3221 1563 ct
3269 1510 3444 1578 angeli
3501 1510 3643 1576 ejus,

2060 1605 2350 1673 caeterique
2384 1603 2655 1672 principes
2708 1602 2892 1657 muttdi
2924 1602 3084 1668 lmjns
3112 1610 3167 1654 et
3212 1610 3461 1655 rectores
3498 1611 3645 1655 tene-

383 1711 566 1751 semen
594 1694 684 1749 Dt-i
716 1706 903 1748 unmet
938 1694 989 1747 in
1026 1710 1127 1755 eo;
1161 1711 1179 1743 ι
1231 1693 1303 1746 ita
1336 1693 1497 1747 etiam
1529 1709 1653 1746 eum
1688 1708 1717 1745 a
1742 1692 1957 1747 diabolo
1989 1666 2031 1721 Β
2062 1692 2284 1746 brarutu
2313 1694 2501 1746 harum
2541 1692 2617 1762 (et
2648 1692 2746 1761 ipsi
2774 1695 2919 1747 enim
2954 1692 3264 1747 eﬂiciuntur
3303 1700 3488 1762 patres
3520 1707 3635 1760 pec-

383 1794 449 1846 ad
517 1791 855 1861 peccandum
914 1790 1252 1853 suademur,
1307 1804 1494 1844 semen
1556 1789 1673 1857 ejus
1733 1790 1960 1859 suscipi-

385 1882 659 1953 mus(38).
690 1883 822 1936 Cum
852 1897 982 1937 vero
1025 1882 1189 1936 etiam
1236 1881 1524 1951 implemus
1575 1883 1716 1951 quod
1773 1897 1961 1937 suase-

388 1976 475 2037 rit,
502 1985 627 2027 tunc
651 1974 761 2041 jam
798 1982 852 2026 et
882 1975 1068 2043 genuit
1116 1988 1235 2027 nos.
1272 1973 1560 2026 Nascinmr
1586 1974 1727 2027 enim
1765 1974 1814 2027 el
1867 1973 1960 2027 lilii

386 2081 481 2135 per
505 2075 803 2135 peccatum.
837 2062 1035 2118 Verum
1061 2064 1319 2135 quoniam
1364 2074 1658 2133 peccantes
1701 2066 1787 2119 vix
1849 2064 1962 2119 fere

384 2158 605 2217 accidit.
649 2167 705 2209 ut
759 2156 874 2209 sine
911 2156 1159 2224 adjutore
1206 2170 1519 2223 peccemus,
1564 2156 1657 2208 sed
1684 2164 1773 2207 aut
1801 2154 1958 2207 mini-

386 2258 531 2301 stros
560 2246 792 2316 peet-ati,
814 2257 906 2298 aut
933 2247 1209 2315 adjutores
1239 2259 1454 2313 semper
1476 2244 1823 2313 requirimus;
1848 2260 1965 2297 ver-

389 2341 443 2395 bi
471 2354 666 2405 causa,
698 2339 741 2392 si
800 2338 1124 2391 adulterium
1165 2336 1288 2405 quis
1347 2336 1592 2400 molitur,
1640 2352 1747 2390 non
1785 2345 1963 2407 potest

388 2432 491 2487 hoc
518 2432 663 2486 solus
697 2431 1010 2493 admittere,
1043 2430 1138 2483 sed
1171 2444 1392 2484 necesse
1454 2439 1538 2484 est
1593 2430 1757 2482 etiam
1810 2428 1964 2483 adul-

393 2535 563 2577 teram
616 2532 931 2577 consortem
977 2522 1093 2577 ﬁeri
1162 2525 1471 2592 sociamque
1525 2523 1766 2593 peccati;
1835 2532 1964 2579 tunc

390 2627 651 2685 praeterea
737 2615 838 2668 etsi
922 2631 1027 2670 non
1115 2615 1341 2686 plures,
1413 2630 1534 2671 esse
1605 2624 1783 2669 tamen
1869 2632 1965 2671 nc-

392 2722 546 2762 cessc
615 2715 699 2759 est
756 2706 993 2776 aliquem
1056 2706 1139 2761 vel
1197 2707 1434 2774 aliquam
1501 2706 1555 2760 in
1644 2706 1963 2762 ministeriis

391 2801 459 2853 ad
499 2798 817 2853 societatem
862 2798 1067 2866 peccati
1096 2799 1230 2869 (59);
1249 2798 1339 2866 qui
1362 2811 1552 2853 omnes
1575 2797 1717 2851 velut
1738 2813 1876 2851 unus
1896 2815 1963 2852 ex

392 2890 562 2945 altero
584 2891 880 2944 secundum
919 2890 1289 2959 persuasionis
1324 2891 1569 2943 ordinem
1600 2890 1867 2957 generati,
1898 2904 1963 2943 ex

2060 1787 2188 1851 cati,
2229 1787 2370 1840 sicut
2406 1797 2459 1839 et
2495 1785 2793 1854 diabolus),
2840 1787 3119 1853 quoniam,
3162 1786 3421 1854 inquam,
3460 1795 3640 1853 patres

2063 1880 2150 1935 isti
2182 1879 2385 1948 indigni
2415 1889 2537 1932 sunt
2563 1879 2653 1947 qui
2687 1880 2737 1932 in
2781 1881 3032 1948 praesenti
3082 1879 3284 1933 saeculo
3339 1881 3646 1948 corripian-

2064 1981 2173 2038 tur,
2215 1973 2307 2026 se'tl
2356 1972 2407 2026 in
2456 1970 2640 2025 l‘ulnro
2690 1972 2956 2040 recipient
2999 1985 3122 2040 qua:
3180 1982 3492 2035 merentur,
3549 1972 3645 2025 lilii

2063 2076 2273 2128 eorum,
2313 2063 2364 2115 id
2389 2071 2494 2122 est.
2533 2077 2670 2131 quos
2719 2070 2950 2132 peccare
3000 2062 3399 2131 persuaserint,
3452 2071 3507 2114 et
3552 2065 3647 2131 qui

2067 2152 2420 2206 nihilominus
2456 2168 2550 2222 per
2576 2153 2721 2222 ipsos
2755 2153 2909 2207 asciti
2952 2152 3154 2206 fuerint
3190 2152 3256 2205 ad
3307 2152 3643 2205 consortium

2065 2248 2492 2314 societatemque
2539 2246 2770 2315 pec-eali,
2826 2246 2915 2298 hic
2975 2245 3245 2314 recipiant
3298 2260 3417 2314 qua:
3464 2259 3647 2313 gesse~

2067 2349 2230 2391 runt:
2264 2347 2322 2390 ιιι
2348 2339 2692 2407 purgatiores
2718 2339 2784 2391 ad
2814 2336 3054 2390 futurum
3112 2337 3368 2390 saeculum
3398 2344 3649 2405 pergant,

2064 2438 2119 2482 et
2172 2428 2307 2483 ultra
2365 2429 2582 2484 diabolo
2636 2430 2771 2484 socii
2827 2445 2931 2483 non
2988 2428 3291 2484 cﬂiciantur
3343 2432 3396 2483 in
3461 2445 3645 2500 paena.

2065 2525 2202 2593 Quia
2232 2543 2360 2595 ergo
2390 2526 2701 2583 misericors
2725 2537 2808 2581 est
2840 2525 3121 2591 Dominus,
3164 2538 3217 2582 et
3266 2545 3284 2578 ι
3320 2542 3509 2581 omnes
3557 2528 3653 2581 lm-

2067 2621 2242 2674 mines
2293 2621 2405 2675 vult
2448 2621 2634 2675 salvos
2700 2618 2816 2673 ﬁeri
2859 2619 2930 2685 ",
2986 2637 3006 2672 ι
3052 2628 3335 2689 propterea
3383 2620 3511 2674 dicit
3548 2620 3595 2651 ⁸³
3636 2639 3648 2672 :

2072 2729 2091 2762 ι
2130 2711 2371 2765 Visitaho
2408 2712 2458 2764 in
2489 2710 2641 2779 virga
2695 2710 2876 2763 ferrea
2934 2708 3181 2765 facinora
3230 2726 3443 2777 eorum,
3499 2719 3553 2764 et
3590 2712 3644 2765 in

2067 2802 2289 2871 ﬂagellis
2313 2813 2528 2871 peccata
2562 2817 2771 2855 eorum.
2811 2799 3237 2856 Misericordiam
3261 2813 3439 2856 autem
3473 2819 3646 2856 meam

2070 2910 2175 2949 non
2201 2897 2442 2948 auferam
2470 2894 2536 2953 ab
2558 2894 2659 2947 eis.
2692 2913 2711 2945 ι
2746 2893 2939 2947 Visitat
2977 2908 3106 2962 ergo
3131 2893 3391 2947 Dominus
3413 2894 3647 2954 animas,

393 2995 544 3053 patre
568 2982 783 3037 diabolo
824 2981 1004 3037 noxiae
1045 2981 1347 3035 nativitatis
1389 2981 1701 3050 progeniem
1736 2981 1959 3036 ducunt.
1991 3019 2034 3077 ο
2070 2996 2123 3040 et
2145 2986 2391 3054 requirit.
2418 3000 2553 3054 quas
2586 2986 2691 3040 iste
2716 2986 2991 3055 pessimus
3031 2985 3390 3055 persuasione
3441 2986 3648 3055 peccati

395 3075 550 3146 161
581 3075 644 3129 Et
674 3083 728 3127 ut
751 3075 894 3127 adea
917 3088 1036 3143 qua:
1067 3072 1268 3141 scripta
1289 3080 1417 3127 sunt
1437 3071 1735 3135 veniamus,
1778 3070 1963 3125 Domi—

392 3183 494 3222 nus
524 3166 824 3237 majestatis
863 3164 1022 3219 Jesus
1048 3164 1300 3220 Christus
1336 3163 1591 3220 Salvator
1634 3175 1818 3219 noster
1846 3180 1968 3218 cru-

391 3258 584 3316 cilixus
616 3270 722 3315 est.
754 3258 923 3328 Hujus
973 3258 1165 3328 piaculi
1217 3265 1411 3312 auctor
1449 3267 1503 3312 et
1544 3265 1699 3326 pater
1746 3256 1970 3312 sceleris

393 3353 511 3404 sine
545 3351 707 3405 dubio
753 3349 998 3405 diabolus
1041 3360 1142 3404 est.
1174 3348 1268 3403 Sic
1296 3350 1439 3403 enim
1477 3348 1740 3417 scriptum
1766 3358 1849 3403 est
1873 3348 1918 3379 ⁸⁷
1953 3367 1966 3402 :

398 3458 420 3495 ι
447 3441 581 3497 Cum
612 3451 790 3496 autem
826 3442 1104 3496 introisset
1134 3440 1384 3496 diabolus
1414 3440 1465 3493 in
1501 3454 1595 3493 eor
1630 3437 1782 3493 Iuda:
1821 3440 1968 3494 lsca-

393 3533 569 3595 riotis,
594 3543 650 3586 ut
671 3533 905 3587 traderet
924 3548 1068 3588 eum.
1102 3551 1120 3585 ι
1150 3533 1307 3587 Pater
1328 3545 1458 3601 ergo
1481 3530 1688 3599 peccati
1717 3530 1970 3586 diabolus

393 3633 497 3678 est.
532 3622 637 3677 Iste
672 3624 722 3677 in
765 3624 866 3677 hoc.
888 3624 1094 3678 scelere
1122 3623 1355 3693 primum
1397 3622 1563 3676 lilium
1603 3631 1830 3692 generat
1872 3622 1969 3677 Ju-

394 3714 540 3778 dam,
570 3716 661 3768 sed
688 3715 834 3768 solus
864 3715 963 3768 hoc
993 3698 1162 3767 .ludas
1186 3711 1412 3781 implere
1442 3726 1548 3766 non
1573 3720 1801 3781 poterat.
1830 3709 1971 3778 Quid

396 3822 526 3876 ergo
558 3807 815 3875 scriptum
866 3807 989 3860 est?
1042 3824 1059 3856 ι
1098 3806 1276 3870 Abiit,
1327 3805 1503 3873 inquit
1543 3804 1631 3870 ⁸⁸,
1689 3804 1855 3859 Judas
1904 3803 1972 3858 ad

397 3899 621 3953 Scribas
645 3908 699 3951 et
725 3898 1052 3963 Phariszeos,
1082 3906 1136 3950 et
1181 3896 1247 3948 ad
1299 3894 1610 3959 Pontiﬁces,
1642 3895 1829 3949 dicens
1850 3894 1930 3948 eis
1955 3912 1968 3948 :

396 3988 537 4054 Quid
570 3988 699 4041 mihi
729 3988 890 4050 datis,
922 3996 975 4040 et
1001 4001 1102 4055 ego
1126 3985 1277 4039 vobis
1303 3998 1425 4038 eum
1460 3985 1715 4038 tradam?
1748 4004 1766 4037 ι
1792 3984 1975 4039 Nasci-

399 4088 488 4131 tnr
513 4093 643 4146 ergo
673 4093 736 4131 ex
776 4076 911 4131 Juda
947 4079 1224 4148 generatio
1249 4077 1403 4132 tertia
1432 4085 1485 4130 et
1512 4088 1702 4146 quarta
1739 4078 1969 4147 peccati.

398 4167 467 4222 Et
512 4168 655 4222 hunc
696 4168 943 4221 ordinem
999 4167 1411 4237 deprehendere
1465 4167 1669 4236 poteris
1706 4168 1869 4222 etiam
1916 4168 1971 4224 in

398 4259 626 4328 singulis
674 4260 975 4329 quibusque
1032 4260 1292 4329 peccatis.
1344 4258 1497 4314 Nunc
1528 4274 1658 4330 ergo
1692 4260 1972 4317 videamus

399 4352 691 4406 secundum
724 4353 863 4407 hanc
890 4369 1049 4423 quam
1077 4354 1309 4409 diximus
1335 4356 1668 4426 progeniem,
1694 4358 1968 4424 quomodo
2001 4381 2045 4436 ι)

401 4442 543 4497 Deus
575 4453 792 4511 peccata
827 4454 1042 4513 patrum
1069 4444 1255 4498 reddat
1290 4445 1345 4498 in
1375 4445 1533 4509 ﬁlios,
1581 4445 1633 4498 in
1666 4445 1883 4500 tertiam
1913 4456 1969 4501 et

400 4543 649 4603 quartam
683 4535 1019 4603 progeniem,
1055 4544 1111 4587 et
1145 4535 1197 4588 in
1229 4535 1373 4604 ipsos
1409 4550 1516 4590 non
1549 4535 1740 4590 reddat
1766 4546 1967 4606 patres.

399 4624 547 4679 Nihil
588 4626 733 4680 enim
778 4628 843 4679 de
874 4625 1118 4695 patribus
1158 4625 1296 4681 dixit
1334 4626 1496 4683 Deus.
1548 4627 1802 4683 Diabolus
1844 4644 1973 4699 ergo

400 4716 492 4786 qui
521 4716 777 4785 peccandi
801 4716 912 4787 jam
962 4718 1183 4770 modum
1230 4718 1483 4782 excessit,
1528 4717 1672 4773 sicut
1709 4720 1970 4787 propheta

402 4811 535 4864 dicit
573 4810 641 4874 ",
687 4809 1142 4878 quemadmodum
1190 4808 1570 4864 vestimentum
1614 4810 1667 4864 in
1711 4811 1972 4882 sanguine

400 4910 739 4965 concretum,
773 4916 876 4954 non
902 4900 1008 4954 erit
1040 4899 1322 4963 mundum,
1362 4902 1524 4955 itaet
1569 4900 1684 4970 ipse
1727 4915 1834 4956 non
1868 4901 1974 4955 erit

472 5042 519 5074 ⁸⁸
557 5042 714 5097 Joan.
746 5058 832 5103 ιιι,
865 5040 954 5095 44.

402 5128 520 5175 vni,
543 5112 633 5166 29.
709 5114 751 5143 ⁹¹
780 5112 971 5166 Ezeeh.
1006 5129 1197 5179 axxni,
1234 5112 1317 5164 ll.

403 5183 450 5214 "
486 5181 647 5237 Prov.
690 5198 730 5245 ι,
760 5182 851 5236 24.

1055 5042 1101 5073 ⁸⁸⁸
1141 5042 1156 5096 1
1188 5039 1347 5095 Joan.
1390 5056 1473 5101 ιιι,
1496 5042 1550 5097 9.
1642 5041 1686 5073 ⁸⁷
1719 5039 1838 5094 Joar

1055 5129 1197 5167 txm.
1234 5112 1317 5164 il.
1420 5113 1506 5163 "l
1543 5110 1683 5167 Tim.
1720 5128 1777 5167 Il.
1805 5113 1838 5166 4

477 5346 589 5416 (58)
632 5346 980 5416 Suscipimus.
1024 5348 1193 5413 Alias,
1241 5368 1259 5401 ι
1297 5349 1580 5405 efﬁcimur.
1632 5368 1650 5402 ι

476 5416 757 5498 (59))185.
800 5417 1164 5499 Turoiienses,
1204 5436 1222 5470 ι
1271 5422 1338 5475 de
1371 5420 1637 5476 ministris
1673 5429 1729 5476 et
1768 5421 1974 5476 nuntiis

407 5501 471 5540 ac
508 5500 671 5539 Sttcns
709 5498 935 5554 ρεσεειιι.
984 5507 1002 5539 ι

477 5554 740 5628 (ιολρυο
776 5571 1016 5628 tempore
1058 5568 1297 5613 extrema
1330 5559 1589 5628 supplicia
1639 5559 1973 5614 daemonibus

409 5625 491 5681 vel
527 5623 749 5693 inﬂicta,
778 5630 858 5682 vel
888 5623 1174 5696 ἰιιίιίευιιιιει
1205 5623 1466 5699 Origenes
1496 5630 1813 5700 crediderit,
1849 5645 1975 5685 eon-

1642 5041 1686 5073 ⁸⁷
1719 5039 1875 5094 Joan.
1903 5056 2025 5106 χιιι,
2053 5041 2107 5095 9.

1956 5113 2003 5144 ⁸³
2035 5112 2177 5167 Psal.
2211 5130 2435 5180 Lxxxtx,
2461 5115 2549 5168 52.

2071 3078 2320 3147 genuerit
2347 3087 2521 3145 pater,
2550 3085 2599 3130 et
2632 3076 2855 3130 dicitad
2887 3091 3327 3145 unamquamque
3350 3072 3639 3130 earum“:

2078 3189 2097 3222 ι
2137 3170 2299 3233 Audi,
2335 3170 2469 3233 ﬁlia,
2513 3178 2569 3222 et
2614 3168 2740 3222 vide
2787 3175 2844 3221 et
2893 3167 3097 3221 inclina
3148 3184 3336 3221 aurem
3387 3178 3556 3229 tuam,
3597 3176 3653 3222 et

2071 3263 2393 3319 obliviscere
2424 3261 2678 3332 populum
2719 3271 2892 3325 tuum,
2926 3272 2980 3315 et
3002 3262 3220 3314 domum
3270 3261 3441 3329 patris
3481 3260 3579 3313 tui.
3623 3278 3643 3310 ο

2078 3354 2281 3409 Visitat
2306 3370 2435 3425 ergo
2465 3363 2516 3408 te
2546 3362 2672 3422 post
2712 3364 3015 3422 peccatum,
3062 3363 3117 3407 et
3142 3362 3449 3406 commouet
3483 3363 3555 3415 te,
3597 3361 3657 3404 et

2074 3448 2125 3501 in
2158 3446 2373 3518 ﬂagello
2396 3456 2452 3501 ct
2480 3447 2633 3516 virga
2661 3454 2713 3499 te
2745 3446 2931 3499 visitat
2960 3461 3058 3514 pro
3094 3454 3319 3514 peccato
3364 3446 3508 3513 quod
3554 3444 3651 3497 tibi

2076 3550 2231 3609 pater
2254 3539 2504 3593 diabolus
2531 3539 2799 3608 snggessit
2821 3537 2958 3608 (41),
2990 3547 3048 3590 ιιι
3078 3538 3268 3590 reddat
3306 3536 3401 3589 tibi
3440 3534 3567 3588 illud
3596 3535 3651 3588 in

2074 3633 2275 3696 sinum,
2309 3632 2361 3686 id
2416 3640 2499 3685 est
2535 3633 2659 3684 dum
2698 3632 2753 3685 in
2796 3646 3027 3701 corpore
3071 3630 3245 3698 degis.
3283 3629 3347 3683 Et
3387 3628 3465 3682 sic
3507 3642 3654 3681 com-

2076 3717 2271 3787 pietur,
2295 3718 2445 3773 reddi
2471 3729 2690 3784 peccata
2739 3729 2949 3788 patrum
3000 3718 3053 3770 in
3096 3720 3272 3771 simnn
3328 3717 3562 3772 ﬁliorum
3596 3716 3648 3769 in

2077 3810 2292 3863 tertiam
2325 3818 2378 3864 et
2414 3821 2667 3878 quartam
2719 3810 3052 3878 progeniem.
3090 3810 3231 3863 Deus
3275 3809 3421 3861 enim
3457 3806 3645 3861 zelaus

2074 3908 2179 3961 est,
2225 3906 2279 3952 et
2307 3899 2543 3950 animam
2580 3912 2743 3965 quam
2789 3899 2891 3951 sibi
2937 3898 3225 3966 despondit
3266 3898 3317 3951 in
3366 3897 3490 3958 ﬁde,
3539 3912 3646 3951 non

2076 3989 2189 4041 vult
2238 3987 2385 4041 illam
2430 4001 2750 4056 permanere
2800 3989 2850 4042 in
2896 3989 3361 4043 contaminatione
3413 3991 3651 4059 peccati;

2076 4080 2171 4134 sed
2197 4081 2308 4133 vult
2335 4094 2455 4132 eam
2483 4078 2590 4132 cito
2617 4080 2858 4149 purgari,
2892 4081 3003 4134 vult
3044 4096 3165 4135 eam
3214 4080 3473 4135 velociter
3514 4081 3655 4148 abji-

2076 4187 2200 4227 eere
2230 4186 2418 4227 onmes
2449 4173 2815 4228 imnmnditias
2841 4188 2988 4239 suas,
3021 4173 3067 4226 si
3104 4174 3187 4226 cui
3218 4173 3360 4228 forte
3409 4176 3649 4244 subjecta

2076 4261 2315 4332 esttﬂ).
2346 4261 2404 4315 Si
2428 4277 2555 4316 vero
2575 4272 2857 4332 permanet
2893 4263 2945 4316 in
2966 4265 3227 4332 peccatis,
3249 4264 3452 4318 etdicit
3490 4281 3505 4317 :
3535 4264 3649 4317 Non

2078 4353 2360 4407 audiemus
2405 4366 2591 4407 vocem
2643 4352 2891 4416 Domini,
2929 4352 3024 4406 sed
3068 4350 3331 4408 iacientes
3382 4352 3649 4409 faciemus

2076 4444 2379 4499 voluntates
2442 4456 2688 4508 nostras,
2750 4455 2802 4498 et
2868 4446 3222 4500 incendemus
3283 4448 3464 4515 ignem
3517 4450 3654 4517 regi-

2075 4551 2158 4591 nze
2206 4536 2350 4600 cteli,
2405 4536 2545 4589 sicut
2605 4538 2965 4606 exprobratur
3018 4555 3113 4608 per
3183 4543 3501 4609 prophetam
3545 4542 3593 4573 ”
3636 4557 3651 4595 :

2077 4635 2205 4679 tunc
2265 4640 2551 4681 servantur
2613 4630 2774 4682 etiam
2860 4630 2960 4698 ipsi
3020 4631 3086 4683 ad
3163 4631 3309 4685 illaut
3366 4631 3657 4702 Sapientia

2077 4721 2443 4787 sententiam,
2491 4737 2611 4790 qua:
2667 4724 2797 4778 dicit
2856 4725 2903 4755 ³⁸
2967 4738 2983 4776 :
3045 4743 3064 4776 ι
3119 4724 3383 4791 Quoniam
3437 4735 3653 4796 quidem

2078 4812 2372 4874 vonabam,
2449 4820 2505 4866 et
2572 4829 2677 4867 non
2737 4815 3152 4881 obaudiebatis,
3235 4817 3326 4871 sed
3397 4818 3659 4877 irrideba-

2082 4902 2152 4955 tis
2197 4916 2476 4959 sermones
2521 4919 2701 4971 meos;
2740 4906 2922 4977 itaque
2970 4917 3027 4962 et
3069 4924 3169 4979 ego
3229 4921 3423 4964 vestra:
3474 4909 3655 4979 perdi-

2186 5040 2235 5074 ⁸¹¹
2265 5042 2455 5097 Matth.
2488 5060 2636 5108 xxw,
2682 5046 2883 5103 14.15.
2959 5048 3004 5081 ⁸⁸
3036 5049 3135 5102 lsa.
3161 5064 3237 5107 ιι.
3263 5050 3315 5102 5.

2211 5130 2435 5172 Lxxxtx.
2461 5115 2549 5168 52.
2626 5116 2671 5147 ’ί
2696 5116 2840 5172 Psal.
2868 5133 2990 5172 va.
3018 5120 3104 5172 10.
3219 5121 3263 5152 ’⁵
3294 5120 3315 5172 J

2657 5127 2671 5146 ⁵
2696 5127 2840 5175 Psal.
2868 5133 2990 5183 XLV,
3018 5127 3104 5172 10.

3391 5052 3434 5085 ⁸⁸
3468 5050 3656 5107 Matth.

3219 5121 3263 5152 ’⁵
3294 5120 3401 5175 Jer.
3441 5138 3537 5184 vn,
3570 5123 3653 5178 l8.

2082 5352 2197 5405 snle
2220 5352 2584 5428 clarissimum
2618 5341 2867 5409 lluctium
2912 5355 3127 5427 Origen.
3170 5358 3260 5411 lib.
3295 5374 3353 5425 it,
3380 5369 3575 5428 qnmst.
3598 5358 3658 5427 5,

2083 5437 2233 5493 num.
2258 5422 2328 5475 22
2348 5433 2413 5493 et
2444 5438 2559 5493 seq.

2083 5490 2267 5613 ius”?
2298 5492 2466 5559 Alias’
2510 5490 2539 5545 ί
2567 5509 2665 5563 ντο
2712 5494 2945 5564 Malis
2982 5511 3103 5565 Quae
3155 5498 3249 5552 tibi
3291 5506 3445 5567 pater
3471 5500 3521 5555 di
3539 5496 3659 5548 aio-

2156 5628 2269 5703 (42)
2293 5632 2464 5702 Alias,
2492 5652 2509 5686 ι
2545 5635 2589 5690 si
2622 5634 2705 5691 cui
2732 5634 2871 5691 forte
2905 5636 3218 5704 subreptum
3252 5647 3354 5693 est.
3385 5656 3407 5690 ο
