4122 6248
355 389 453 445 δδι
1337 430 1341 433 .
1556 388 1626 444 IN
1662 388 1947 445 EXODUM
1982 388 2265 447 HOMILIA
2292 391 2390 447 tx.
3494 407 3600 463 sea

351 505 489 560 tioni
520 502 901 573 superridebo;
928 503 964 557 ὀ
998 505 1081 561 vel
1116 504 1263 560 illam
1312 518 1430 575 qum
1468 507 1645 574 posita
1683 516 1770 563 est
1820 508 1928 562 illis
1956 515 2001 571 Α
2033 514 2231 567 Sancta
2272 521 2604 568 sanctorum.
2642 513 2768 568 Post
2792 514 3086 572 secundum
3119 528 3297 579 autem
3322 523 3586 597 velamen,

355 597 410 650 in
437 596 733 665 Evangelia
763 596 974 650 dicente
1006 595 1231 651 Domino
1262 597 1352 652 ’τε
1398 616 1417 651 t
1458 597 1727 653 Discedite
1774 616 1802 653 a
1842 614 1929 655 me
2033 603 2440 658 tabernaculum
2492 607 2636 674 quod
2687 608 2891 665 dicitur
2929 624 3202 677 sanctum,
3244 614 3445 671 habens
3494 595 3588 672 an;

354 688 413 741 lu
434 689 614 757 ignem
639 698 916 752 aeternum,
949 702 1109 755 quem
1150 688 1481 757 praaparavit
1526 690 1667 744 Deus
1710 690 1930 745 diabolo
2031 709 2179 748 reum
2218 695 2387 750 altare
2412 697 2713 761 incensi,et
2745 716 2928 757 arcam
2976 705 3317 769 testamenti,
3352 716 3408 762 et
3448 709 3588 763 intra

353 790 409 832 et
437 777 643 846 angelis
672 775 811 844 ejus.
849 794 868 825 ι
907 775 1017 845 Ego
1058 787 1187 845 opto
1232 786 1309 841 ut,
1338 778 1462 832 dum
1504 776 1557 831 in
1599 778 1701 832 hoc
1728 777 1930 832 sarculo
2026 798 2143 838 eam
2196 785 2328 841 duas
2389 787 2622 851 tabulas,
2669 800 2724 845 et
2786 807 3009 859 manna,
3062 802 3119 848 et
3168 795 3375 864 virgam
3413 797 3588 852 Aaron

354 883 493 932 sum,
544 868 722 920 visitet
768 867 1027 920 Dominus
1082 881 1306 936 peccata
1362 882 1504 933 mea,
1541 878 1603 922 et
1654 869 1743 924 hic
1792 868 1924 923 mihi

355 958 621 1023 restituat,
649 965 705 1010 ttt
729 956 798 1011 ibi
839 957 985 1009 dicat
1017 956 1184 1011 etiam
1214 958 1281 1013 de
1320 974 1403 1012 me
1436 958 1732 1021 Abraham,
1781 959 1925 1013 sicut

350 1049 485 1103 dixit
506 1049 573 1101 de
596 1062 828 1117 paupere
855 1046 1063 1102 Lazaro
1088 1051 1156 1102 ad
1187 1047 1412 1103 divitem
1443 1049 1489 1080 ⁸⁸
1515 1067 1529 1103 :
1564 1066 1583 1099 ι
1628 1048 1920 1115 Memento,

351 1139 445 1201 Illi,
474 1140 615 1208 quod
642 1138 890 1208 recepisti
917 1140 1055 1193 bona
1087 1140 1145 1194 iu
1174 1139 1286 1194 vita
1325 1149 1434 1203 tua,
1466 1149 1521 1194 et
1554 1139 1800 1196 Lazarus
1847 1143 1922 1197 si-

350 1230 545 1285 militer
569 1231 730 1286 mala.
761 1228 913 1286 Nunc
965 1242 1144 1287 autem
1195 1232 1287 1287 hic
1331 1233 1646 1300 requiescit,
1695 1242 1750 1286 tu
1790 1248 1922 1288 vero

346 1325 628 1378 cruciaris.
672 1344 690 1375 ι
725 1325 1015 1394 Propterea
1052 1340 1189 1396 ergo
1221 1339 1343 1379 cum
1409 1326 1756 1394 corripimur,
1798 1341 1919 1379 cum

342 1413 673 1483 castigamur
698 1429 727 1468 a
759 1414 1009 1477 Domino,
1046 1428 1169 1469 esse
1210 1428 1314 1465 non
1367 1412 1631 1466 debemus
1686 1412 1916 1481 ingrati,

341 1505 435 1558 sed
469 1504 836 1572 intelligamus
864 1515 1154 1571 propterea
1188 1516 1284 1554 nos
1313 1501 1366 1552 in
1408 1498 1664 1567 prazsenti
1722 1497 1922 1551 smeulo

338 1596 563 1663 corripi,
595 1604 654 1647 ut
692 1594 745 1647 in
789 1593 973 1647 futuro
1010 1592 1251 1660 requiem
1308 1603 1729 1656 consequamur,
1776 1589 1921 1642 sicut

337 1699 395 1740 et
423 1685 721 1754 Apostolus
766 1684 895 1738 dicit
928 1684 1017 1736 ":
1058 1700 1076 1731 t
1113 1682 1244 1735 Cum
1291 1690 1468 1733 autem
1515 1679 1843 1748 castigamur
1884 1693 1915 1731 a

342 1777 590 1839 Domino,
617 1773 965 1841 corripiatur,
1014 1785 1082 1825 ne
1128 1787 1247 1826 cum
1281 1771 1382 1823 hoc
1432 1768 1630 1822 mundo
1682 1771 1909 1821 damne-

341 1880 483 1920 mur.
523 1882 541 1913 ι
577 1862 867 1930 Propterea
918 1862 1149 1929 denique
1186 1871 1241 1914 et
1280 1860 1475 1913 beatus
1516 1857 1617 1912 Job
1672 1857 1908 1912 libenter
1942 1847 1982 1901 Β

344 1953 674 2020 suscipiebat
700 1960 888 2005 cuncta
918 1950 1202 2017 supplicia,
1225 1957 1277 2002 et
1304 1947 1523 2002 dicebat
1557 1946 1573 1977 ¹
1611 1947 1769 2017 quia,
1803 1967 1820 1998 ι
1862 1948 1907 2002 si

341 2044 480 2096 bona
516 2043 820 2112 accepimus
849 2040 914 2094 de
952 2054 1111 2092 manu
1153 2038 1388 2102 Domini,
1432 2053 1610 2093 nonne
1658 2047 1712 2092 et
1769 2038 1907 2092 tnala

340 2132 722 2188 tolerabimus?
771 2132 1029 2184 Dominus
1096 2130 1265 2193 dedit,
1334 2132 1601 2185 Dominus
1646 2130 1902 2192 abstulit;

332 2225 479 2279 sicut
510 2224 735 2277 Domino
778 2220 999 2289 placuit,
1051 2219 1123 2273 ita
1176 2220 1374 2273 factum
1423 2233 1540 2283 est;
1594 2220 1666 2275 sit
1714 2236 1907 2276 nomen

331 2315 546 2370 Domini
577 2313 938 2366 benedictum.
972 2327 991 2360 ι
1042 2311 1237 2366 Reddit
1282 2320 1461 2364 autem
1500 2320 1555 2364 et
1596 2311 1906 2367 misericor-

327 2408 473 2461 diam
507 2406 558 2459 in
590 2404 755 2458 millia
781 2403 847 2457 iis
870 2404 963 2473 qui
995 2402 1226 2473 diligunt
1263 2418 1388 2457 eum
1416 2406 1459 2457 ³.
1504 2404 1605 2471 Qui
1640 2406 1787 2460 enim
1829 2406 1907 2458 di-

324 2497 523 2569 ligant,
551 2496 897 2563 correptione
929 2510 1033 2548 non
1065 2493 1332 2561 indigent,
1365 2509 1540 2564 neque
1582 2496 1723 2550 enim
1772 2509 1901 2564 pec-

320 2598 478 2653 cant,
524 2588 664 2641 sicut
688 2596 746 2641 et
779 2584 1041 2640 Dominus
1089 2584 1221 2639 dicit
1246 2584 1267 2615 ³
1305 2603 1319 2639 :
1354 2602 1376 2637 ι
1411 2586 1513 2652 Qui
1567 2586 1745 2656 diligit
1791 2600 1898 2648 me,

320 2680 582 2734 mandata
612 2692 729 2733 mea
758 2678 1019 2732 custodit.
1057 2693 1076 2727 ι
1115 2676 1180 2730 Ει
1204 2676 1324 2731 ideo
1361 2694 1379 2727 ι
1416 2675 1653 2745 perfecta
1680 2677 1900 2731 dilectio

320 2774 470 2827 foras
500 2772 937 2827 mittittimorem
962 2768 1007 2823 ⁵.
1041 2786 1059 2819 ο
1094 2767 1175 2824 0b
1224 2770 1330 2825 hoc
1368 2784 1498 2841 ergo
1544 2769 1899 2840 diligentibus

317 2866 432 2919 sola
461 2864 838 2919 misericordia
865 2862 1040 2933 posita
1065 2872 1169 2923 est.
1197 2863 1338 2917 beati
1381 2864 1527 2918 enim
1579 2862 1897 2917 misericor-

316 2960 414 3013 des
446 2961 494 3023 ⁸,
529 2959 654 3029 quia
684 2959 816 3028 ipsis
856 2957 1205 3011 miserebitur
1249 2957 1391 3012 Deus
1431 2958 1483 3011 in
1515 2955 1736 3011 Christo
1759 2954 1890 3011 Jesu

317 3049 552 3105 Domino
593 3061 797 3116 nostro,
831 3051 917 3105 cui
943 3060 1025 3105 est
1052 3050 1221 3120 gloria
1282 3062 1336 3104 et
1371 3051 1655 3119 imperium
1707 3050 1759 3102 in
1794 3063 1895 3102 sa:-

314 3143 443 3196 ottla
484 3143 827 3197 saeculorum.
862 3142 1056 3196 Amen.

904 3231 1176 3286 HOMILIA
1223 3231 1312 3307 Ix.

850 3322 927 3377 De
984 3323 1349 3375 tabernaculo.

384 3414 441 3469 l.
474 3413 530 3469 Si
552 3416 675 3483 quis
696 3414 854 3483 digne
886 3414 1265 3482 intelligat,vel
1289 3428 1350 3467 ex
1386 3413 1618 3486 Egypto
1638 3414 1893 3471 Hebrmo-

314 3521 440 3561 rum
466 3506 876 3577 profectionem,
902 3507 983 3559 vel
1011 3507 1294 3561 transitum
1321 3508 1477 3578 162
1499 3509 1667 3562 maris
1692 3507 1886 3573 Rubri,

308 3602 408 3653 sed
439 3609 497 3653 et
524 3613 738 3653 omnem
768 3598 907 3651 hanc
928 3598 1091 3665 viam,
1125 3614 1249 3668 quae
1279 3602 1456 3669 agitur
1481 3615 1576 3668 per
1606 3601 1883 3656 desertum

308 3697 366 3741 et
400 3689 732 3741 metationes
781 3686 1024 3757 singulas
1072 3702 1315 3756 quasque
1349 3694 1686 3754 castrorum;
1717 3688 1761 3741 si
1791 3690 1893 3741 ho-

309 3794 431 3833 rum
466 3779 539 3832 ita
576 3778 846 3832 exstiterit
869 3791 1064 3844 capax,
1097 3787 1153 3830 ut
1186 3778 1349 3831 etiam
1379 3778 1548 3847 legem
1578 3780 1671 3833 Dei
1716 3780 1893 3834 susci-

310 3872 423 3940 piat
479 3872 741 3940 scriptam
797 3886 900 3923 nou
965 3880 1309 3934 atramento,
1382 3875 1474 3926 sed
1525 3870 1729 3942 Spiritu
1790 3874 1896 3928 Dei‘

309 3969 421 4021 vivi
463 3970 525 4033 ⁶;
559 3970 603 4022 si
629 3971 771 4035 quis.
812 3971 1051 4038 inquam,
1090 3973 1156 4024 ad
1193 3969 1304 4022 bare
1367 3968 1435 4020 ita
1482 3982 1579 4036 per
1636 3967 1882 4022 ordinem

307 4062 648 4130 profectuum
680 4063 918 4132 perfecte
942 4064 1144 4129 veniat,
1179 4071 1236 4115 ut
1271 4060 1484 4131 singula
1516 4075 1747 4130 qumque
1774 4061 1887 4114 iut-

306 4153 459 4221 plcns
497 4156 550 4209 in
576 4157 772 4225 spiritu
794 4164 1081 4210 assecutus
1106 4154 1200 4219 sit,
1239 4162 1294 4207 et
1323 4168 1385 4206 ea
1414 4168 1535 4222 quae
1563 4153 1619 4206 in
1670 4152 1755 4207 his
1797 4154 1883 4205 in-

302 4247 553 4304 dicantur
597 4257 887 4319 augmenta
939 4247 1222 4311 virtutum,
1293 4245 1380 4299 ille
1425 4246 1623 4314 poterit
1681 4260 1878 4300 conse-

301 4351 531 4407 quenter
560 4343 730 4396 etiam
763 4342 829 4395 ad
858 4341 1120 4395 visionem
1151 4350 1205 4394 et
1241 4337 1662 4405 intelligentiam
1697 4339 1877 4391 taber-

302 4433 477 4486 naculi
513 4433 830 4502 pervenire.
883 4434 956 4487 De
981 4447 1089 4501 quo
1145 4429 1495 4484 tabernaculo
1542 4429 1725 4483 multis
1756 4429 1878 4498 qui-

2026 889 2143 942 qua:
2183 874 2519 932 frondtterat.
2561 898 2579 931 ι
2633 879 2737 933 Sed
2789 881 2857 935 iis
2918 884 3130 937 addidit
3167 903 3180 939 :
3223 903 3241 937 t
3279 886 3356 940 De
3392 888 3592 956 quibus
3625 867 3638 878 ’

2026 977 2130 1016 neu
2165 975 2249 1017 est
2283 971 2439 1021 modo
2470 969 2761 1023 dicendum
2803 987 2903 1038 per
2930 973 3164 1043 singula.
3214 995 3234 1027 ι
3272 978 3431 1042 Quod
3462 993 3593 1047 ergo

2025 1054 2117 1117 ait,
2148 1072 2166 1104 ι
2198 1056 2262 1108 de
2295 1058 2489 1124 quibus
2516 1074 2619 1113 non
2651 1070 2731 1115 est
2762 1064 2921 1117 modo
2945 1064 3254 1131 dicendum,
3304 1085 3324 1118 ι
3364 1069 3587 1137 quidam

2022 1144 2087 1195 ad
2140 1144 2266 1198 illud
2322 1156 2532 1214 tempus
2576 1149 2818 1205 referunt
2861 1168 2968 1222 quo
3026 1154 3269 1210 Hebraeis
3315 1159 3597 1214 scribebat

2024 1234 2338 1303 Epistolam.
2377 1238 2512 1292 Aliis
2546 1256 2671 1295 vero
2719 1244 2950 1311 videtur,
2998 1247 3138 1312 quod
3175 1264 3271 1317 pro
3305 1250 3596 1319 mysterio-

2022 1340 2141 1378 rmn
2177 1329 2551 1396 magnitudine
2597 1347 2759 1386 omne
2792 1345 3001 1405 tempus
3039 1342 3323 1406 praesentis
3367 1341 3490 1396 vita:
3523 1343 3593 1396 ad

2023 1416 2137 1470 haec
2169 1418 2503 1486 explananda
2534 1422 2784 1477 idoneum
2820 1437 2998 1494 neget.
3028 1429 3223 1483 Verum
3250 1448 3355 1485 non
3391 1448 3592 1504 usque-

2020 1526 2235 1582 quaque
2258 1515 2441 1570 tristes
2481 1533 2580 1572 nos
2608 1520 2863 1590 relinquit
2892 1523 3200 1593 Apostolus,
3240 1531 3359 1594 sed,
3393 1539 3451 1584 ut
3479 1531 3587 1585 sibi

2020 1605 2185 1658 moris
2212 1615 2316 1669 est,
2347 1610 2523 1676 aperit
2555 1626 2723 1678 pauca
2752 1615 2817 1668 de
2855 1615 3039 1671 multis
3068 1634 3081 1670 :
3118 1628 3177 1672 ut
3224 1619 3468 1675 clausum
3516 1624 3588 1677 sit

2016 1696 2231 1764 quidem
2275 1701 2690 1770 negligentibus,
2723 1705 3035 1760 inveniatur
3066 1720 3247 1765 autem
3294 1729 3322 1765 a
3366 1714 3589 1781 pulsan-

2018 1787 2179 1850 tibus,
2238 1799 2293 1844 et
2347 1795 2716 1862 quaerentibus
2788 1800 3092 1867 aperiatur.
3173 1802 3389 1873 Repetit
3453 1821 3587 1877 ergo

2015 1895 2227 1934 rursum
2254 1884 2320 1937 de
2356 1885 2726 1950 tabernaculo,
2770 1899 2823 1944 et
2861 1890 2993 1944 dicit
3021 1893 3042 1923 ⁸
3075 1912 3087 1946 :
3125 1912 3143 1944 ί
3184 1893 3298 1951 Non
3337 1902 3482 1953 enim
3530 1904 3582 1957 in

2011 1979 2201 2024 sancta
2240 1986 2398 2025 manu
2428 1971 2571 2061 facta
2614 1977 2892 2046 ingressus
2939 1992 3023 2035 cst
3056 1980 3214 2039 Jesus
3250 1989 3583 2058 exemplaria

2010 2072 2283 2127 verorum,
2325 2062 2418 2117 sed
2447 2064 2498 2117 in
2532 2066 2707 2134 ipsum
2756 2070 2977 2134 malum,
3016 2082 3074 2125 ttt
3123 2089 3385 2144 appareat
3440 2096 3583 2135 nunc

2012 2149 2179 2204 vultui
2211 2151 2301 2206 Dei
2338 2167 2433 2221 per
2464 2153 2734 2219 velamen,
2761 2158 2812 2211 id
2841 2167 2923 2213 est
2947 2176 3044 2228 per
3083 2177 3305 2219 carnem
3337 2158 3513 2222 suam.
3557 2191 3577 2222 ι

2007 2240 2110 2306 Qui
2139 2256 2268 2310 ergo
2306 2243 2555 2300 velamen
2615 2247 2892 2305 iuteﬁoris
2955 2253 3315 2323 tabernaculi,
3360 2274 3579 2316 carnem

2005 2334 2206 2388 Christi
2245 2337 2637 2406 interpretatus
2671 2350 2773 2404 est,
2808 2352 2995 2398 sancta
3034 2355 3215 2401 autent
3250 2349 3425 2419 ipsum
3465 2367 3580 2407 caa-

2006 2422 2136 2489 lunt,
2172 2425 2254 2479 vel
2289 2427 2475 2493 coclos,
2533 2430 2819 2485 Dominum
2863 2447 2992 2488 vero
3048 2435 3323 2493 Christum
3356 2443 3578 2510 pontiﬁ-

2005 2528 2120 2568 cem
2168 2531 2401 2587 eumque
2438 2518 2571 2573 dicit
2619 2519 2895 2578 introiisse
2950 2540 2968 2576 t
3023 2526 3193 2581 semel
3251 2528 3302 2582 in
3349 2541 3573 2597 sancta,

2001 2617 2202 2661 aeterna
2241 2610 2611 2681 redemptione
2636 2614 2855 2669 inventa
2888 2618 2930 2678 ',
2982 2634 3000 2669 ι
3036 2633 3101 2672 ex
3135 2620 3220 2675 his
3244 2623 3432 2690 paucis
3459 2639 3579 2680 ser-

2001 2702 2271 2766 monibus,
2331 2703 2375 2757 si
2421 2705 2541 2773 quis
2590 2706 2886 2778 intelligere
2935 2711 3083 2764 novit
3124 2711 3278 2767 Pauli
3332 2730 3570 2778 sensum.

2000 2803 2173 2861 petest
2202 2796 2486 2851 advertere
2524 2808 2784 2866 quantum
2826 2802 2979 2857 nobis
3015 2803 3384 2873 intelligentia:
3426 2809 3574 2877 pela-

1996 2901 2095 2956 gus
2120 2888 2455 2957 patefecerit.
2491 2891 2595 2946 Sed
2626 2894 2713 2962 qtti
2751 2895 2885 2948 satis
2922 2907 3109 2952 amant
3158 2898 3393 2955 litteram
3442 2904 3574 2974 legis

1997 2979 2187 3051 Moysi,
2211 2983 2460 3057 spiritum
2490 2998 2617 3038 vero
2636 2985 2752 3054 ejus
2782 2986 3078 3057 refugiunt,
3122 3003 3433 3060 suspectum
3470 2996 3569 3049 ba-

1996 3071 2125 3127 beut
2167 3075 2469 3143 apostolum
2501 3064 2745 3131 'Paulum
2795 3078 3269 3149 interpretationes
3311 3086 3573 3156 hujusce-

1920 3180 1969 3242 ο
1999 3162 2141 3215 modi
2173 3163 2559 3231 proferentem.

2064 3250 2121 3305 2.
2146 3252 2435 3309 Videamus
2459 3270 2586 3325 ergo
2614 3257 2660 3315 si
2688 3258 2968 3313 nonetiam
2991 3268 3231 3318 veterum
3255 3276 3565 3323 sanctorum

1997 3342 2160 3410 aliqui
2183 3342 2490 3411 opinionem
2528 3346 2857 3400 tabernaculi
2896 3348 3051 3417 longe
3078 3352 3264 3418 aliam,
3292 3370 3450 3424 quam
3480 3359 3566 3414 isti

1997 3449 2140 3488 nunc
2181 3435 2515 3500 existimant,
2546 3436 2806 3492 habuere.
2850 3439 3016 3494 David
3055 3457 3286 3513 namque
3335 3450 3565 3503 eximius

1994 3523 2397 3592 prophetarum,
2434 3538 2598 3593 quam
2625 3526 2913 3597 magnifice
2949 3531 3017 3585 de
3059 3535 3408 3590 tabernaculo
3441 3554 3567 3594 sen-

1995 3616 2077 3678 tit,
2111 3614 2361 3669 ausculta
2399 3630 2414 3669 :
2452 3633 2471 3666 t
2520 3617 2651 3671 Dum
2700 3618 2919 3685 dicitur,
2973 3620 3149 3690 inquit
3195 3624 3260 3689 ¹⁰,
3309 3628 3435 3682 milii
3469 3646 3566 3700 per

1992 3704 2229 3772 singulos
2258 3707 2395 3771 dies,
2428 3707 2517 3761 ubi
2559 3716 2641 3763 est
2684 3708 2824 3763 Deus
2865 3712 3030 3765 tuus?
3064 3714 3179 3770 haec
3229 3710 3561 3777 memoratus

1992 3808 2133 3859 sum,
2162 3802 2216 3846 et
2243 3794 2406 3848 eﬂudi
2438 3797 2490 3849 in
2531 3812 2614 3852 me
2642 3797 2876 3853 animam
2926 3817 3117 3868 meam,
3172 3808 3429 3873 quoniam
3479 3813 3561 3864 iu-

1990 3883 2206 3953 grediar
2230 3885 2281 3938 in
2315 3884 2489 3940 locum
2527 3887 2860 3942 tabernaculi
2905 3890 3263 3961 admirabilis,
3295 3913 3464 3969 usque
3493 3906 3562 3957 ad

1990 3976 2208 4029 domum
2258 3974 2373 4029 Dei.
2430 3994 2450 4027 ι
2493 3975 2559 4030 Ει
2606 3977 2798 4031 iterum
2845 3988 3042 4047 quarto
3096 3984 3309 4041 decimo
3357 3992 3563 4057 psalmo

1987 4063 2116 4117 dicit
2142 4066 2223 4117 “z
2261 4083 2280 4117 t
2325 4064 2568 4128 Domine,
2620 4068 2746 4135 quis
2797 4069 3067 4125 habitabit
3116 4072 3168 4127 in
3216 4078 3562 4135 tabernaculo

1987 4157 2117 4210 tuo?
2172 4166 2263 4211 aut
2308 4158 2428 4226 quis
2486 4162 2788 4228 requiescet
2836 4164 2887 4217 in
2939 4177 3121 4223 monte
3173 4182 3364 4225 sancto
3428 4176 3559 4229 tuo?

1985 4250 2083 4314 Qui
2138 4250 2440 4319 ingreditur
2488 4253 2607 4309 sine
2664 4258 2916 4321 macula,
2972 4270 3026 4313 et
3081 4273 3340 4329 operatur
3390 4264 3557 4333 justi-

1987 4342 2139 4405 tiam,
2172 4360 2189 4391 ι
2224 4350 2334 4399 etc.
2378 4342 2517 4408 Quid
2559 4360 2690 4414 ergo
2720 4357 2803 4401 est
2864 4347 2974 4404 iste
3023 4351 3172 4407 locus
3220 4354 3556 4414 tabernaculi

1984 4432 2335 4499 admirabilis,
2384 4449 2448 4486 ex
2480 4449 2589 4502 quo
2636 4439 2956 4505 pervenitur
3008 4457 3179 4512 usque
3232 4448 3299 4502 ad
3337 4449 3554 4505 domum

304 4523 422 4577 dem
457 4526 509 4579 in
534 4525 675 4581 locis
704 4536 1015 4582 memorant
1044 4525 1343 4595 Scriptura:
1395 4527 1614 4594 divinae,
1641 4537 1696 4581 et
1733 4527 1874 4581 indi-
1915 4516 1958 4569 υ
1988 4528 2104 4591 Dei.
2128 4528 2282 4597 cuius
2311 4528 2436 4597 qui"
2467 4543 2674 4583 memor
2700 4530 2872 4587 ίθθιυδ
2900 4543 3005 4602 es"
3024 4540 3192 4594 eam“
3222 4552 3304 4596 θδί
3336 4544 3385 4598 Ῐη
3439 4548 3556 4613 ips“

304 4630 428 4672 care
463 4622 715 4689 quaedam
773 4619 1045 4682 videntur,
1106 4633 1339 4687 quorum
1393 4620 1480 4672 vix
1532 4634 1704 4688 capax
1755 4630 1883 4674 esse

307 4712 475 4775 possit
501 4713 778 4766 humanus
812 4711 1069 4776 auditus;
1098 4710 1369 4781 praecipue
1400 4720 1580 4765 tamen
1600 4710 1876 4779 apostolus

303 4795 497 4854 Paulus
528 4802 592 4856 de
628 4803 987 4871 intelligentia
1036 4802 1364 4857 tabernaculi
1415 4803 1660 4872 quadam
1718 4802 1874 4857 nobis

302 4892 749 4955 proditscieatia:
785 4896 1102 4950 excelsioris
1138 4894 1365 4958 indicia,
1420 4895 1513 4949 sed
1551 4894 1735 4949 nescio
1765 4910 1875 4963 quo

298 4989 455 5047 pacto
505 4982 866 5057 fragilitatem
923 4986 1173 5041 fortassis
1249 4987 1464 5040 intuens
1530 4985 1869 5049 auditorum,

302 5068 498 5128 claudit
531 5078 937 5147 quodammodo
968 5079 1080 5145 ipsa
1127 5091 1249 5145 quae
1292 5076 1499 5144 pandit.
1552 5076 1690 5130 Dicit
1725 5091 1877 5130 nam-

305 5171 408 5226 Qne
434 5167 500 5218 ad
533 5152 795 5223 Hebraeos
825 5169 1070 5222 scribens
1099 5169 1118 5198 "
1160 5184 1172 5220 :
1207 5186 1224 5217 ς
1264 5165 1695 5221 Taberuaculnm
1725 5170 1868 5222 enim

309 5248 503 5305 factum
549 5268 632 5311 est
660 5259 923 5329 primum,
962 5258 1013 5310 in
1046 5272 1155 5325 quo
1188 5264 1307 5310 erat
1356 5255 1765 5323 candelabrum,
1812 5265 1869 5311 et

313 5351 488 5396 mensa
522 5346 635 5420 (ιδ)
666 5358 723 5404 ct
762 5350 1061 5419 propositio
1113 5364 1333 5416 panum,
1384 5350 1524 5416 quod
1576 5349 1868 5404 dicebatur

372 5430 415 5512 ’ζ
452 5433 645 5498 Matth.
681 5458 809 5512 xxv,
836 5442 948 5512 Η,-
1002 5442 1046 5475 ⁸⁸
1063 5441 1192 5497 Luc.
1222 5444 1441 5504 “1,25.
1516 5444 1561 5475 ”
1603 5443 1617 5496 I
1650 5443 1773 5499 Cor.
1800 5460 1879 5503 ιι.
1916 5445 2006 5499 32.
2088 5447 2102 5476 ¹
2133 5444 2231 5500 Jub
2286 5462 2325 5509 t,
2351 5445 2439 5501 21.
2517 5448 2537 5477 ’
2568 5448 2738 5502 Exod.
2786 5465 2877 5510 vx,
2924 5448 2974 5502 6.

1985 4619 2162 4671 anima
2187 4616 2324 4685 ejus,
2353 4626 2408 4671 et
2435 4618 2582 4672 velut
2623 4622 2859 4691 quodam
2907 4626 3239 4686 intolerabili
3283 4635 3555 4691 desiderio

1987 4709 2256 4763 resolutus
2285 4710 2404 4764 est?
2449 4710 2594 4764 Itane
2633 4713 2847 4768 tandem
2902 4718 3233 4775 credendum
3279 4736 3382 4790 est,
3425 4727 3549 4794 quia

1985 4800 2125 4854 istud
2158 4801 2566 4855 tabernaculum
2608 4805 2749 4871 quod
2801 4820 2868 4859 ex
2925 4809 3155 4876 pellibus
3201 4825 3255 4866 et
3301 4816 3548 4878 cortinis,

1983 4905 2145 4964 atque
2204 4895 2557 4965 operimentis
2608 4896 2838 4960 ciliciis,
2888 4898 3120 4968 aliisque
3187 4904 3357 4958 nostri
3421 4922 3548 4962 usus

1983 4987 2223 5042 materiis
2270 4986 2577 5050 constabat,
2616 4987 2883 5055 Propheta
2935 4990 3248 5047 desiderans
3300 4994 3550 5051 eﬂ‘unde-

1983 5089 2065 5132 ret
2096 5081 2352 5145 animam,
2384 5093 2449 5132 ac
2482 5086 2804 5133 tota‘mente
2826 5090 3232 5137 converteretur
3255 5084 3409 5155 (ﬂ)?
3454 5086 3549 5142 Vel

1981 5181 2129 5226 certe
2165 5171 2433 5240 quomodo
2449 5183 2637 5223 verum
2674 5170 2777 5224 erit
2805 5172 2869 5225 de
2898 5170 3003 5226 isto
3049 5172 3154 5226 dici
3203 5173 3550 5232 tabernaculo

1980 5261 2122 5329 quod
2155 5276 2261 5315 non
2291 5261 2498 5316 habitet
2533 5262 2583 5315 in
2628 5273 2698 5313 eo
2735 5258 2837 5314 nisi
2886 5280 2906 5312 v
2957 5261 3219 5319 innocens
3268 5266 3541 5333 manibus,

1979 5361 2032 5404 et
2062 5352 2262 5405 mundo
2299 5353 2482 5414 corde,
2518 5355 2608 5422 qui
2638 5368 2742 5408 non
2767 5353 3045 5424 accepitin
3078 5368 3278 5409 vanum
3308 5357 3543 5410 animam

3078 5450 3099 5482 ³
3128 5448 3284 5504 Joan.
3315 5466 3424 5517 ιιν,
3448 5451 3540 5505 El.

311 5493 369 5588 :nl
386 5500 544 5588 lJ‘oaln.
590 5493 661 5574 tv,
848 5493 879 5545 ⁷⁵
900 5493 1254 5579 ΜίιιιΙιῙῖιξθξ
1294 5493 1561 5569 ⁷’⁶Ῑί’(]‹)ι·,
1591 5493 1675 5579 ut,
2080 5493 2157 5580 Ix,
2258 5493 2325 5568 εῗ
2355 5493 2738 5573 -⁶’ἶι›ἰι1.”έλξ”⁷
3108 5493 3536 5588 διβζζιΪίιῖιῖ

317 5560 355 5594 η
383 5560 665 5645 parm;
689 5560 821 5648 ita.

510 5668 659 5723 M593
691 5675 891 5737 deerat,
924 5693 944 5727 ι
972 5686 1026 5728 et
1050 5662 1256 5730 lllEllsa.
1298 5696 1316 5727 ι

378 5728 673 5800 (“)AliaS.
708 5728 1128 5799 tell‘underetur
1186 5728 1367 5798 animo
1418 5759 1479 5799 ac
1531 5753 1638 5798 tota
1684 5754 1860 5799 mento
1886 5756 2189 5801 corruerat.
2236 5767 2254 5801 ο

622 5831 897 5898 Parnm.
938 5840 1053 5901 Gtt.
1092 5840 1233 5903 XII.

2966 5860 3033 5924 12
