4122 6248
516 386 633 441 563

1952 384 2271 443 ORIGENIS

3658 388 3763 441 56S

510 519 665 559 suam
703 505 744 536 ¹¹
779 523 793 561 :
839 522 856 556 ι
895 516 1016 557 cum
1045 500 1356 572 Regnorum
1387 504 1578 573 prodat
1603 503 1829 559 historia
1858 504 1899 535 ¹³
1925 504 2079 558 hahi-
2114 507 2157 561 A
2186 506 2475 574 pretiosos,
2505 522 2599 569 tes,
2633 516 2744 561 tum
2772 515 3031 576 prmterca
3066 508 3306 576 hyssum,
3345 518 3593 567 coccum,
3626 505 3759 574 hya-

512 597 735 651 tasseln
768 597 1118 651 tabernaculo
1154 596 1247 652 Dei
1276 598 1591 653 sacerdotes
1630 596 1899 667 pessimos
1944 596 2084 652 ﬁlios

510 687 853 756 pestilentiae,
892 698 945 741 et
983 687 1151 757 ipsam
1184 702 1400 758 quoque
1439 703 1624 742 arcam
1672 688 1981 742 testamenti
2014 690 2083 740 ah

508 779 808 849 Allophylis
844 787 1082 847 captam,
1112 780 1252 850 apud
1284 778 1478 848 impios
1524 787 1580 833 et
1622 777 1875 847 profanos
1912 776 2083 832 fuisse

506 875 783 928 detentam
819 873 898 926 ἰζ’
918 872 994 927 Ex
1019 873 1214 942 quibus
1240 872 1495 927 omnibus
1528 880 1741 926 constat
1782 870 1943 940 longe
1974 869 2081 923 alio

504 979 667 1018 sensu
718 964 1042 1032 Prophetam
1087 964 1292 1019 sentire
1339 962 1405 1017 de
1464 962 1816 1017 tabernaculo
1869 962 1991 1026 hoc,
2024 961 2077 1016 in

503 1068 612 1121 quo
653 1054 784 1109 dicit
810 1053 953 1123 quod
1005 1068 1109 1106 non
1146 1052 1349 1107 habitet
1394 1051 1447 1105 in
1507 1064 1571 1105 eo
1614 1044 1716 1106 nisi
1766 1068 1786 1102 ι
1822 1051 2081 1106 innorens

502 1145 751 1196 manilius
772 1153 825 1196 et
848 1140 1049 1196 mundo
1081 1141 1263 1205 corde,
1300 1139 1388 1209 qui
1414 1155 1518 1195 non
1559 1139 1769 1209 accepit
1806 1139 1856 1193 in
1881 1154 2078 1192 vanum

501 1235 736 1289 animam
768 1249 918 1289 suam
946 1235 1010 1298 ¹⁸,
1044 1247 1140 1288 nec
1182 1231 1311 1287 fecit
1342 1233 1589 1302 proximo
1631 1248 1728 1287 suo
1778 1231 1997 1298 malum,
2026 1240 2081 1286 et

502 1326 848 1395 opprobrium
927 1339 1033 1380 non
1120 1325 1332 1394 accepit
1418 1324 1684 1379 adversus
1770 1323 2075 1393 proximum

503 1431 661 1470 suum
692 1415 757 1466 “.
785 1431 805 1464 ›
841 1412 1022 1467 Talem
1060 1427 1190 1481 ergo
1216 1424 1438 1483 oportet
1472 1428 1593 1468 esse
1624 1412 1783 1482 lmjus
1806 1413 2079 1468 habitato-

503 1523 615 1563 rem
647 1506 1003 1569 tabernaculi,
1024 1506 1167 1573 quod
1188 1505 1343 1558 ﬁnxit
1365 1506 1652 1572 Dominus,
1679 1514 1735 1560 et
1763 1521 1867 1561 non
1892 1508 2075 1562 homo.

501 1600 605 1654 Sed
638 1599 915 1653 veniamus
945 1598 1108 1653 etiam
1163 1598 1229 1651 ad
1261 1597 1586 1668 Evangelia,
1624 1598 1668 1651 si
1705 1584 1837 1666 quid
1865 1599 1918 1652 in
1946 1599 2076 1668 ipsis

499 1692 603 1747 dici
638 1692 705 1746 de
752 1688 1114 1743 tabernaculis
1158 1690 1487 1752 invenimus,
1535 1698 1592 1743 ut
1620 1703 1715 1759 per
1749 1689 2076 1744 sententiam

500 1782 709 1837 Domini
758 1781 1116 1835 indubitatum
1164 1781 1336 1850 possit
1396 1794 1515 1835 esse
1569 1779 1713 1849 quod
1759 1780 2073 1849 quaerimus.

2185 596 2450 661 cinthum,
2478 606 2531 650 et
2560 613 2875 667 purpuram,
2908 599 3075 668 pelles
3106 600 3269 651 etiam
3289 599 3520 653 arietum
3551 598 3763 655 rubras.

2186 693 2242 741 et
2269 687 2435 755 pelles
2490 689 2894 758 hyacinthiuas,
2930 691 3027 744 sed
3079 700 3131 744 et
3182 690 3325 760 ligna
3389 689 3762 759 imputribiiia,

2184 777 2321 848 pilos
2349 793 2563 849 quoque
2594 794 2880 849 caprarum
2911 782 2976 835 ad
3013 782 3475 836 constructionem
3503 782 3760 837 tabernas

2184 871 2286 926 culi
2315 871 2527 926 oli‘erat.
2571 872 2823 927 Mulieres
2846 887 3062 942 quoque
3085 875 3361 942 sapientes
3398 874 3453 925 in
3495 882 3613 928 arte
3643 884 3765 927 tex-

2183 962 2323 1016 trina
2352 964 2723 1032 requiruntur,
2754 974 2807 1018 et
2834 963 2972 1018 fabri
3004 964 3093 1033 qui
3123 979 3311 1017 aurum
3338 964 3417 1017 vel
3452 972 3761 1033 argentum,

2182 1055 2265 1108 vel
2314 1070 2409 1119 aes,
2457 1054 2663 1125 lapides
2703 1056 2867 1110 etiam
2919 1065 3106 1125 aptare
3167 1055 3437 1119 noverint,
3484 1069 3675 1108 aurum
3707 1064 3765 1108 et

2183 1145 2323 1215 ligna
2371 1148 2626 1201 formare.
2680 1146 2815 1200 Tum
2878 1147 3075 1202 deinde
3137 1160 3406 1200 mensura:
3468 1148 3761 1201 traduntur

2183 1238 2464 1292 atriorum.
2496 1237 2624 1304 Qum
2648 1238 2787 1292 atria
2812 1247 3027 1293 extenta
3056 1238 3327 1301 tentoriis,
3352 1237 3621 1292 columnis
3647 1253 3766 1292 ere-

2181 1338 2288 1393 cta,
2323 1330 2463 1383 seris
2508 1328 2766 1395 stabilita,
2812 1337 2866 1383 et
2923 1328 3142 1383 funibus
3176 1328 3410 1382 distenta
3452 1329 3759 1385 ﬁrmantur.

2180 1417 2339 1472 Fiunt
2370 1427 2628 1487 prmterea
2674 1418 2921 1487 qumdam
2947 1417 3303 1474 velaminibus
3332 1419 3616 1484 distincta,
3642 1436 3766 1489 qum

2181 1510 2525 1579 appellantur
2550 1519 2756 1573 sancta,
2787 1518 2843 1564 et
2874 1509 2977 1563 alia
3012 1510 3367 1565 nihilominus
3411 1510 3649 1565 secundo
3678 1512 3766 1563 (ιι-

2181 1610 2384 1669 rempta
2420 1600 2705 1664 velamine,
2733 1614 2851 1669 qua:
2888 1601 3139 1655 dicuntur
3184 1599 3383 1654 Sancta
3419 1607 3762 1655 sanctorum.

2179 1688 2485 1745 Collocatur
2515 1690 2847 1745 intrinsecus
2874 1704 3000 1744 arca
3031 1692 3364 1754 testamenti,
3398 1704 3560 1758 supra
3592 1706 3763 1758 quam

2180 1780 2463 1835 cherubim
2489 1781 2729 1836 extensis
2762 1781 2885 1848 alis,
2913 1796 3080 1851 seque
3116 1781 3353 1837 invicem
3395 1781 3766 1849 contingenti-

498 1874 803 1930 Invenimus
827 1889 961 1944 ergo
989 1874 1165 1943 ipsum
1197 1873 1537 1929 Salvatorcm
1586 1868 1770 1926 Jesum
1798 1870 2073 1925 Christum
2114 1852 2153 1906 Β
2184 1872 2281 1925 bus
2330 1879 2663 1939 statuuntur,
2701 1872 2883 1941 ibique
2922 1888 2989 1926 ex
3034 1886 3169 1925 auro
3218 1869 3365 1926 velut
3396 1870 3542 1924 basis
3574 1869 3755 1924 tabula

499 1966 907 2021 tabernaculum
943 1980 1050 2020 non
1081 1980 1271 2027 unum,
1319 1963 1411 2018 sed
1460 1963 1613 2032 plura
1659 1973 2069 2025 memorantem,

499 2063 552 2106 et
585 2068 687 2107 non
716 2053 1055 2121 temporalia,
1088 2052 1182 2106 sed
1215 2059 1444 2114 aeterna,
1474 2065 1597 2104 cum
1625 2050 1756 2104 dicit
1791 2050 1831 2081 "
1868 2068 1882 2104 :
1921 2069 1939 2101 ι
1976 2049 2075 2104 Fa-

498 2148 609 2201 cite
634 2135 785 2199 vobis
809 2145 1014 2199 amicos
1041 2144 1109 2197 de
1137 2142 1323 2212 iniquo
1348 2140 1674 2203 Mammona,
1701 2150 1779 2205 ut,
1818 2156 1941 2195 cum
1981 2141 2075 2197 de-

498 2240 759 2303 feceritis,
793 2237 1062 2306 recipiant
1112 2249 1210 2289 vos
1260 2235 1313 2288 in
1370 2243 1576 2289 :eterna
1635 2233 2008 2289 tabernacula.
2050 2252 2068 2286 ι

497 2332 710 2387 Audisti
764 2329 1207 2400 pronuntiantem
1256 2326 1544 2380 Dominum
1582 2335 1784 2381 :eterna
1824 2342 1943 2382 esse
1993 2337 2074 2380 ta-

499 2422 815 2486 bernacula,
863 2421 985 2475 audi
1033 2432 1175 2473 nunc
1224 2426 1279 2472 et
1318 2418 1642 2485 Apostolnm
1682 2418 1949 2472 dicentem
1980 2419 2023 2450 ¹⁸
2055 2436 2069 2471 :

502 2532 521 2564 ι
554 2510 985 2565 Tabernaeulum
1012 2517 1257 2562 nostrum
1295 2506 1441 2576 quod
1476 2506 1541 2561 de
1565 2506 1703 2561 cmlo
1739 2516 1845 2572 est,
1885 2522 2074 2578 super-

498 2604 647 2659 indni
682 2602 981 2672 cupientes.
1030 2617 1048 2649 ι
1087 2597 1334 2653 Nondum
1364 2597 1459 2651 tibi
1483 2612 1549 2651 ex
1574 2596 1661 2651 his
1686 2598 1945 2653 omnibus
1969 2600 2073 2655 iter

496 2695 757 2766 aperitur,
787 2707 895 2762 quo
920 2690 1176 2746 derelicta
1213 2698 1355 2742 terra
1401 2702 1636 2757 sequens
1690 2688 2067 2756 propheticum

495 2794 549 2838 et
573 2782 930 2853 apostolicum
960 2794 1201 2843 sensum,
1236 2789 1288 2832 et
1313 2776 1476 2847 (quod
1507 2778 1753 2832 omnium
1777 2780 2069 2833 maximum

496 2875 601 2941 est)
637 2887 877 2941 sequens
916 2870 1143 2926 verbum
1186 2869 1389 2925 Christi
1440 2878 1551 2923 tota
1611 2880 1793 2924 mente
1850 2882 1905 2925 et
1961 2881 2072 2925 toto

460 3022 461 3025 η
494 2979 655 3019 sensu
690 2962 952 3017 ascendas
990 2961 1042 3013 in
1071 2959 1295 3023 emtum,
1339 2968 1502 3029 atque
1555 2958 1625 3012 ibi
1662 2960 1855 3014 aeterni
1892 2961 2073 3015 taber-

498 3053 670 3108 naculi
720 3050 1185 3119 magniﬁcentiam
1237 3063 1473 3117 quaeras,
1532 3047 1691 3118 cujus
1751 3050 1919 3119 ﬁgura
1976 3066 2073 3120 per

462 3188 467 3191 .
497 3144 714 3213 Moysen
738 3140 1093 3195 adumbratur
1130 3140 1181 3193 in
1216 3139 1414 3194 terris?
1442 3140 1684 3209 Denique
1730 3142 1812 3195 sic
1842 3142 1907 3195 ad
1943 3156 2067 3195 eum

496 3238 659 3289 etiam
707 3232 966 3288 Dominus
1012 3230 1145 3285 dicit
1198 3244 1213 3284 :
1264 3247 1282 3281 ι
1331 3229 1487 3293 Vide,
1543 3231 1716 3300 inquit
1766 3232 1831 3298 η,

496 3329 660 3383 facito
687 3327 984 3383 secundum
1024 3327 1272 3397 ﬁguram,
1325 3339 1448 3394 qute
1482 3324 1577 3379 tibi
1614 3337 1833 3379 ostensa
1885 3334 1969 3379 est
2014 3325 2067 3378 iu

496 3430 699 3476 monte.
749 3439 768 3471 ι
809 3420 1004 3473 Verum
1050 3418 1284 3471 humana
1330 3431 1504 3481 mens,
1541 3425 1596 3471 et
1646 3424 1829 3470 nostra
1880 3417 2071 3485 praeci-

494 3528 618 3583 pue,
647 3513 866 3583 quinos
895 3510 1171 3574 minimos,
1216 3518 1304 3561 aut
1344 3509 1511 3563 etiam
1559 3508 1735 3562 nullos
1781 3508 1834 3561 in
1884 3506 2069 3561 divina

495 3603 760 3673 sapientia
785 3602 1058 3664 novimus,
1094 3599 1251 3670 163
1292 3613 1539 3666 eousque
1591 3596 1840 3652 fortassis
1894 3596 2071 3665 possit

494 3684 773 3761 accedere,
806 3704 863 3748 ιιι
893 3694 1094 3750 sentiat
1126 3694 1347 3761 quidem
1392 3691 1529 3754 hmc,
1578 3704 1699 3759 qure
1743 3688 1945 3743 divinis
1976 3702 2069 3741 vo-

493 3786 787 3842 luminibus
837 3786 1185 3848 inscruntur,
1234 3798 1341 3838 non
1400 3784 1468 3838 de
1525 3780 1795 3845 terrenis,
1858 3782 1951 3836 scd
2004 3781 2071 3836 de

493 3876 811 3931 caelestibus
854 3876 987 3939 dici,
1034 3883 1089 3928 et
1122 3873 1323 3928 formas
1356 3887 1481 3928 esse
1531 3887 1639 3926 non
1698 3872 2065 3941 przcsentium,

493 3967 588 4023 sed
646 3967 955 4021 futurorum
1005 3966 1296 4027 bonorum,
1354 3978 1463 4017 non
1519 3962 1925 4031 corporalium,
1972 3963 2067 4016 sed

492 4058 853 4128 spiritualium
888 4072 1067 4112 rerum
1095 4073 1109 4110 :
1137 4054 1410 4125 quomodo
1438 4063 1615 4108 autem
1658 4055 1849 4107 horum
1877 4068 2070 4108 narra-

494 4151 567 4207 tio
601 4151 774 4218 aptari
804 4150 973 4218 possit
1007 4147 1319 4204 coelestibus
1356 4156 1411 4200 et
1436 4144 1673 4205 aeternis,
1716 4159 1820 4199 nec
1870 4153 2069 4200 nostrae

494 4255 761 4296 mensurae
794 4250 875 4295 est
905 4240 1107 4304 dicere,
1138 4254 1238 4295 nec
1265 4248 1477 4302 vestrae,
1503 4245 1563 4291 ut
1598 4237 1809 4304 opinor,
1855 4237 2070 4306 capaci-

495 4335 620 4387 tatis
652 4333 855 4388 audire.
884 4330 1062 4386 Pauca
1109 4340 1309 4394 tamen,
1349 4329 1394 4383 si
1438 4343 1535 4383 nos
1581 4326 1864 4382 orantibus
1916 4326 2068 4380 vobis

494 4426 753 4481 Dominus
810 4424 1119 4478 illuminare
1164 4424 1450 4493 dignetur,
1508 4434 1628 4489 qua:
1683 4420 1747 4474 ad
1814 4417 2067 4473 Ecclesiae

493 4516 903 4569 mdiﬁcationem
946 4514 1273 4583 pertineant,
1302 4511 1514 4582 aperire
1539 4510 1885 4566 tentabimus.

563 4608 613 4663 '5.
650 4606 877 4662 Jubetur
920 4621 1052 4676 ergo
1081 4605 1362 4660 universus
1396 4605 1652 4675 populus,
1688 4603 2064 4673 unusquisque

490 4712 589 4771 pro
621 4698 825 4753 viribus
850 4696 1163 4757 conferens,
1198 4696 1375 4750 facere
1398 4694 1827 4756 tabernaculum.
1847 4704 1905 4749 ut
1927 4709 2063 4763 qun-

492 4791 779 4847 dammodo
811 4804 1003 4846 omnes
1047 4787 1207 4842 simul
1267 4802 1432 4842 unum
1483 4789 1594 4843 sint
1628 4789 2063 4844 tabernaculum.

492 4880 721 4938 Collatio
766 4897 892 4938 vero
921 4883 1037 4952 ipsa
1091 4894 1195 4935 non
1244 4880 1303 4933 ﬁt
1340 4880 1687 4945 necessitate,
1726 4881 1817 4935 sed
1852 4894 2063 4950 sponte.

494 4972 581 5029 Ait
612 4972 756 5025 enim
790 4971 1048 5025 Dominus
1073 4971 1139 5025 ad
1171 4969 1488 5041 Moysen,ut
1511 4969 1900 5040 unusquisque,
1924 4972 2070 5027 sicut

491 5064 666 5119 visum
701 5063 865 5118 fuerit
902 5062 1056 5117 cordi
1097 5060 1237 5131 ejus,
1274 5077 1491 5128 aurum,
1522 5072 1827 5131 argentum,
1862 5062 2069 5132 lapides

564 5177 607 5209 "
642 5175 784 5230 Psal.
820 5191 979 5241 xxut,
1004 5176 1059 5229 4.
1172 5176 1215 5208 ⁸³
1261 5175 1276 5229 1
1311 5175 1444 5244 Reg.
1476 5191 1531 5228 ll.
1638 5174 1682 5206 ”
1716 5173 1888 5245 Illeg.
1940 5191 2010 5230 tv.

495 5246 538 5278 ⁸⁸
570 5246 606 5298 ll
632 5248 757 5300 Cor.
786 5262 838 5307 v,
870 5247 927 5298 2.
1008 5248 1050 5280 ⁸⁸
1075 5245 1242 5303 Exod.
1289 5246 1524 5313 xxv,40.

491 5316 539 5350 ⁸⁸
568 5316 745 5372 Calui.
771 5332 829 5379 It,
868 5319 921 5370 9.

563 5407 675 5475 (45)
705 5407 873 5472 Alias,
911 5424 929 5458 ι
968 5406 1111 5460 velut
1158 5406 1303 5459 hasis
1350 5407 1428 5460 eis
1466 5410 1719 5476 quaedam
1770 5409 2068 5465 collocatur

492 5490 553 5529 ac.
584 5482 760 5542 sedes,
813 5479 955 5548 quod
984 5478 1331 5550 appellatur.»
1369 5476 1472 5531 Sed
1509 5495 1637 5535 mss.
1664 5490 1723 5535 ut
1774 5480 1828 5534 in
1879 5494 2067 5537 nostro

494 5554 662 5599 textu.

563 5616 680 5684 (M5)
706 5616 883 5669 ditare
912 5631 1130 5668 aureum
1151 5615 1365 5668 incensi.
1400 5613 1583 5670 Allare
1608 5616 1815 5671 incensi
1865 5630 1981 5672 erat
2012 5620 2063 5673 in

497 5695 707 5759 sancto,
736 5695 791 5736 ut
815 5696 1054 5759 patetcx
1084 5685 1255 5759 Exod.
1290 5700 1575 5759 cap._xxx.
1608 5686 1914 5759 verisimile
1936 5705 2067 5759 ergo

494 5764 580 5807 est
608 5758 888 5817 deceptum
913 5754 1080 5806 fuisse
1108 5755 1397 5821 Origenetn
1425 5753 1544 5809 loco
1580 5756 1719 5810 male
1749 5774 1778 5812 at
1811 5775 1868 5814 se
1908 5753 2067 5814 intel-

500 5825 639 5881 leCIo
657 5825 747 5893 qui
777 5833 951 5877 exstat
981 5823 1141 5877 llcbr.
1178 5840 1255 5889 Ix,
1285 5825 1338 5877 4.

1888 3232 2067 3286 omnia
2101 3232 2143 3256 “

1603 5246 1647 5277 ²⁰
1679 5246 1849 5301 Exod.
1879 5262 2004 5312 xxv,
2024 5246 2079 5302 8.

2176 1963 2420 2031 quaedam
2454 1961 2769 2028 collocatur,
2798 1977 2919 2032 qum
2946 1962 3248 2031 appellatur
3280 1961 3390 2031 (45)
3431 1961 3757 2029 propitiato-

2177 2054 2336 2118 rinm,
2359 2054 2451 2109 sed
2486 2062 2538 2108 et
2570 2054 2742 2107 altare
2770 2068 2997 2108 aureum
3029 2053 3233 2107 incensi
3269 2052 3410 2122 (46).
3445 2053 3581 2106 Tum
3622 2067 3762 2121 prae-

2177 2152 2324 2197 terea
2353 2142 2614 2197 exteriori
2650 2142 2769 2197 loco
2790 2141 3175 2197 candelabrum
3200 2142 3419 2212 ponitur
3450 2156 3674 2196 aureum
3701 2143 3758 2196 in

2176 2240 2331 2302 parte
2383 2232 2576 2299 austri,
2609 2241 2669 2287 ut
2718 2232 2973 2303 respiciat
3020 2233 3086 2287 ad
3132 2231 3462 2301 aquilonem.
3510 2231 3566 2285 Ιιι
3606 2242 3763 2302 parte

2176 2340 2304 2380 vero
2342 2324 2615 2394 aquilonis
2646 2338 2831 2379 mensa
2866 2324 3186 2389 collocatur,
3227 2332 3281 2378 et
3322 2324 3624 2393 propositio
3661 2337 3758 2387 pa-

2175 2431 2301 2470 num
2324 2431 2486 2487 super
2502 2432 2642 2471 eam.
2663 2416 2881 2471 Necnon
2909 2426 2960 2470 et
2980 2416 3151 2470 altare
3175 2415 3615 2470 holocaustorum
3635 2414 3754 2484 (47)

2167 2508 2319 2577 juxta
2353 2509 2594 2564 velamen
2654 2510 2887 2563 interius
2940 2509 3178 2578 ponitur.
3231 2508 3337 2562 Sed
3372 2507 3502 2575 quid
3545 2520 3647 2573 ego
3686 2510 3757 2561 de

2175 2602 2256 2656 his
2289 2601 2504 2656 revolvo
2538 2616 2636 2671 per
2667 2600 2914 2670 singula?
2949 2600 3045 2653 Vix
3088 2600 3153 2653 ad
3186 2600 3299 2653 haec
3340 2607 3549 2652 tantum
3592 2612 3757 2652 enar-

2176 2694 2337 2747 randa
2364 2692 2678 2760 sufﬁcimus,
2719 2694 2805 2748 vix
2844 2693 2999 2748 nobis
3027 2693 3143 2763 ipsa
3173 2705 3350 2747 rerum
3385 2690 3752 2746 materialium

2175 2786 2345 2841 forma
2378 2787 2570 2842 adduci
2608 2796 2733 2842 ante
2758 2784 2947 2842 oculos
2973 2795 3176 2854 potest,
3214 2794 3268 2840 et
3309 2786 3588 2854 quomodo
3624 2784 3752 2852 quis

2176 2876 2390 2931 latentia
2429 2877 2482 2931 in
2525 2878 2609 2932 his
2644 2878 2895 2949 mysteria
2937 2876 3192 2945 expedire
3230 2875 3493 2931 sufﬁciet?
3524 2875 3757 2930 Verum-

2176 2975 2354 3022 tamen
2409 2984 2569 3023 causa
2604 2984 2702 3038 pro
2731 2982 2835 3037 qua
2880 2966 2997 3021 ﬁeri
3054 2966 3271 3021 deberet
3318 2967 3754 3031 tabernaculum,

2175 3061 2227 3115 in
2257 3064 2626 3131 superioribus
2663 3064 2936 3119 invenitur
2966 3064 3220 3133 praedicta
3264 3065 3482 3120 dicente
3520 3065 3756 3121 Domino

2175 3152 2241 3206 ad
2272 3150 2487 3222 Moysen
2525 3167 2539 3204 :
2568 3169 2586 3203 ι
2624 3151 2816 3206 Facies
2846 3151 2980 3223 (ιε).
3024 3152 3201 3221 inquit
3235 3153 3305 3219 '°,
3335 3154 3467 3209 mihi
3504 3155 3752 3209 sanctiﬁ-

2174 3243 2463 3307 cationem,
2496 3251 2549 3297 et
2577 3244 2700 3297 inde
2728 3242 2953 3296 videbor
2987 3243 3159 3299 vobis.
3198 3263 3217 3296 ι
3254 3245 3378 3299 Vult
3408 3260 3539 3316 ergo
3586 3246 3750 3306 Deus.

2175 3344 2232 3389 ut
2294 3334 2555 3390 faciamus
2602 3334 2651 3388 ei
2716 3332 3232 3391 sanctiﬁcationem.
3280 3336 3556 3391 Promittit
3607 3339 3754 3393 enim

2175 3426 2326 3496 quia,
2359 3426 2403 3480 si
2443 3425 2733 3480 fecerimus
2762 3426 2809 3479 ei
2850 3426 3361 3493 sanetiﬁeationem,
3388 3428 3562 3498 possit
3595 3445 3623 3481 τι
3656 3445 3756 3482 no-

2173 3520 2255 3573 his
2279 3518 2469 3573 videri.
2520 3517 2671 3574 Unde
2714 3529 2769 3575 et
2798 3521 3088 3592 Apostolus
3118 3522 3186 3577 ad
3221 3520 3478 3575 Hebraeos
3501 3522 3633 3577 dicit
3659 3524 3701 3555 “
3735 3538 3748 3573 :

2178 3630 2197 3663 ι
2246 3610 2437 3666 Pacem
2483 3612 2773 3681 sequimini
2820 3621 2875 3668 et
2917 3613 3431 3679 sanctiﬁcationcm,
3480 3613 3599 3669 sine
3641 3628 3751 3682 qua

2175 3716 2332 3756 nemo
2383 3701 2587 3758 videbit
2628 3703 2815 3758 Deum.
2855 3723 2874 3757 ι
2912 3703 3037 3760 Haec
3070 3719 3202 3772 ergo
3230 3714 3315 3760 est
3360 3706 3747 3767 sanctiﬁcatio,

2172 3808 2332 3863 quam
2363 3793 2515 3862 jubet
2566 3794 2824 3850 Dominus
2878 3795 3019 3861 ﬁeri,
3062 3810 3225 3864 quam
3268 3808 3323 3852 et
3354 3796 3648 3866 Apostolus
3696 3800 3748 3850 iu

2173 3886 2475 3951 virginibus
2507 3901 2630 3942 esse
2678 3888 2790 3942 vult
2820 3891 2888 3955 υ,
2926 3898 2986 3944 ut
3026 3890 3137 3945 sint
3170 3900 3372 3945 sancta:
3411 3904 3640 3960 corpore
3696 3901 3752 3943 et

2172 3976 2364 4046 spiritu
2394 3994 2407 4029 :
2443 3978 2620 4031 sciens
2656 3977 2774 4033 sine
2801 3978 2965 4035 dubio
2998 3981 3139 4049 quod
3165 3981 3256 4050 qui
3288 3980 3479 4036 fecerit
3525 3982 3755 4037 Domino

2172 4066 2651 4122 sanctiﬁcationem
2675 4084 2771 4139 per
2788 4074 2968 4127 cordis
2990 4071 3140 4127 suiet
3163 4072 3410 4141 corporis
3432 4073 3749 4142 puritatem,

2172 4157 2288 4225 ipse
2313 4158 2513 4212 videbit
2550 4160 2737 4215 Deum.
2770 4161 3055 4218 Faciamus
3082 4173 3284 4233 ergoet
3321 4180 3421 4219 nos
3442 4165 3752 4220 sanctiﬁca-

2174 4250 2369 4304 tionem
2417 4250 2667 4318 Domino,
2717 4263 2767 4309 et
2819 4269 3008 4309 omnes
3051 4271 3240 4321 unam,
3278 4266 3333 4310 et
3376 4256 3752 4326 unusquisque

2171 4356 2267 4410 per
2295 4343 2537 4413 singulos
2557 4360 2740 4399 unam.
2766 4348 2964 4403 Omnes
2990 4348 3224 4403 fortasse
3254 4348 3747 4403 sanctiﬁcationem

2172 4432 2468 4489 Ecclesiam
2509 4436 2742 4491 facimus
2781 4436 2890 4508 (49)
2944 4453 3064 4507 qua:
3102 4447 3186 4493 est
3236 4447 3449 4505 sancta,
3492 4453 3596 4493 non
3648 4439 3748 4490 ha-

2102 4552 2143 4606 ο
2171 4524 2303 4580 hens
2327 4528 2591 4582 maculam
2625 4537 2717 4583 aut
2754 4544 2942 4599 rugam
2962 4529 3029 4595 ³³,
3060 4530 3161 4586 hoc
3190 4530 3371 4595 modo,
3401 4530 3445 4586 si
3465 4530 3751 4586 columnas

2173 4616 2368 4671 habeat
2404 4618 2654 4675 doctores
2688 4631 2743 4674 et
2770 4622 3051 4679 ministros
3080 4636 3234 4688 suos,
3264 4623 3333 4677 de
3375 4622 3572 4691 quibus
3613 4622 3750 4676 dicit

2172 4709 2461 4778 Apostolus
2486 4712 2576 4768 ’δε
2624 4730 2644 4764 ι
2683 4712 2893 4778 Petrus,
2950 4714 3187 4771 Jacobus
3230 4724 3287 4770 et
3329 4713 3593 4778 Joannes,
3655 4714 3750 4782 qui

2172 4798 2500 4854 videbantur
2523 4802 2790 4858 columna:
2819 4818 2962 4871 esse,
2995 4804 3216 4860 dextras
3245 4805 3512 4860 dederunt
3540 4803 3671 4858 mihi
3695 4815 3751 4859 et

2174 4891 2435 4947 Barnaba:
2476 4896 2819 4953 societatisn
2858 4896 2911 4951 In
2960 4898 3312 4954 tabernaculo
3344 4913 3475 4968 ergo
3500 4900 3626 4962 hoc,
3658 4914 3749 4951 co-

2172 4979 2372 5036 lumna:
2403 4986 2541 5039 seris
2578 4986 2880 5057 interjectis
2900 4988 3227 5059 junguntur,
3258 4992 3387 5045 dum
3426 4991 3477 5044 in
3506 4990 3748 5045 Ecclesia

2173 5070 2421 5127 doctores
2455 5073 2596 5129 datis
2622 5076 2726 5131 sibi
2762 5077 2969 5133 dextris
3014 5079 3315 5134 sociantur.
3348 5078 3454 5134 Sed
3483 5076 3746 5132 columnas

2138 5183 2178 5214 "
2204 5182 2347 5253 Psal.
2404 5201 2559 5250 xxttt,
2606 5186 2661 5245 4.
2765 5190 2807 5222 ⁸⁵
2838 5189 2978 5244 Psal.
3018 5205 3131 5253 xuv,
3166 5192 3219 5247 5.
3299 5191 3339 5221 ⁸⁷
3370 5190 3504 5244 Luc.
3533 5204 3647 5251 XVI.
3688 5190 3744 5243 9.

2155 5254 2197 5285 ³³
2232 5254 2396 5312 llebr.
2423 5271 2520 5319 xu,
2555 5258 2641 5311 Η.
2720 5260 2762 5291 ²¹
2787 5260 2801 5314 Ι
2825 5261 2949 5315 Cor.
2979 5262 3185 5326 vn,34.
3264 5262 3309 5293 ”
3340 5262 3539 5330 Ephes.
3574 5275 3625 5323 v,
3649 5258 3745 5312 27.

2239 5417 2350 5487 (47)
2386 5418 2571 5491 Altare
2610 5419 3051 5491 holocaustornm
3094 5436 3160 5475 eo
3192 5420 3310 5477 loco
3344 5422 3649 5491 ponit,'nbi
3678 5422 3747 5474 al.

2169 5495 2282 5559 tare
2306 5498 2426 5559 erat
2450 5490 2843 5559 im-eusi,atqui
2868 5503 2988 5546 erat
3016 5493 3067 5545 in
3100 5493 3241 5548 atrio
3267 5494 3612 5547 sacerdotum
3644 5496 3746 5545 sub

2167 5557 2274 5611 dio.
2304 5557 2467 5614 llebr.
2495 5574 2615 5623 xm,
2648 5560 2730 5613 ll.

2236 5626 2350 5695 (48)
2376 5628 2542 5689 Alias,
2581 5647 2599 5680 ι
2642 5629 2871 5684 fat‘iCIis.
2905 5648 2923 5681 ι

2237 5696 2547 5773 (l9)_Alias__,
2590 5716 2611 5773 ι
2655 5713 2838 5761 unam,
2879 5709 2945 5773 ut
3003 5714 3193 5773 omnes
3250 5698 3738 5755 sanctiﬁcationom

2167 5764 2465 5824 Ecclesiam
2512 5768 2794 5825 faciamus.
2832 5786 2852 5821 ι
2880 5764 3003 5825 Mss.
3040 5780 3097 5824 ut
3130 5764 3181 5823 in
3208 5780 3397 5825 nostro
3439 5780 3610 5826 textu.
