4122 6248
379 372 487 431 565

1579 372 1645 427 ΙΝ
1690 371 1974 430 EXODUM
2008 372 2293 432 llOMlLlA
2335 376 2424 433 IX.

3526 389 3633 447 366

381 488 499 542 istae
535 485 890 556 inargentata:
921 486 1047 556 sint,
1082 496 1135 543 et
1168 489 1324 544 bases
1351 504 1538 545 earum
1576 493 1944 563 inargentatac.
1978 495 2023 553 A
2055 493 2321 552 ricurdize.
2355 496 2461 550 Sed
2513 504 2567 551 et
2599 496 2702 551 alia
2745 497 3098 555 nihilominus
3144 502 3436 571 Apostolus
3472 503 3630 563 ludu-

384 578 530 633 Dinae
548 588 728 631 autem
750 577 903 631 bases
921 579 1181 633 columnis
1218 580 1443 650 singulis
1468 582 1809 652 deputentur.
1833 584 1950 641 Una

382 684 506 739 qua:
539 678 698 737 caput
738 666 958 734 dicitur,
992 677 1045 724 et
1074 674 1494 741 superponitur;
1530 674 1635 728 alia
1668 690 1787 744 quae
1820 690 1951 731 vere

383 762 531 820 basis
562 762 876 831 appellatur,
904 773 959 820 et
1011 764 1278 820 columna:
1323 765 1468 821 velut
1533 765 1946 823 fundamentum

385 854 684 921 subjicitur.
717 851 1076 924 lnargentataa
1114 872 1241 927 ergo
1263 866 1389 914 sunt
1422 858 1687 915 columnae
1720 860 1949 923 idcirco,

382 949 503 1017 quia
538 948 759 1001 verbum
792 947 884 1002 Dei
911 949 1224 1017 praedicant,
1257 949 1531 1018 accipiunt
1566 967 1661 1019 per
1697 950 1947 1020 spiritum

384 1059 404 1093 ι
429 1040 637 1108 eloquia
660 1040 887 1104 Domini,
919 1056 1036 1109 qua:
1056 1051 1182 1097 sunt
1205 1042 1419 1113 eloquia
1448 1052 1621 1106 casta,
1657 1052 1948 1112 argentum

382 1133 499 1202 igne
535 1133 829 1200 probatum
879 1135 945 1187 ".
984 1153 1001 1187 ι
1033 1133 1122 1190 Isti
1161 1144 1338 1192 autem
1385 1127 1790 1205 praedicationis
1838 1150 1950 1190 sum

374 1232 533 1287 bases
563 1232 766 1286 habent
794 1232 1104 1301 prophetas.
1136 1232 1311 1302 Super
1339 1231 1750 1286 fundamentum
1802 1232 1948 1286 enim

373 1323 734 1394 apostolorum
752 1332 805 1377 et
821 1325 1203 1393 prophetarum
1222 1322 1517 1379 Ecclesiam
1532 1322 1796 1378 collocant
1809 1323 1942 1394 ($0),

371 1434 599 1489 quorum
660 1418 985 1472 testimoniis
1033 1425 1270 1482 utentes,
1305 1415 1465 1469 ﬁdem
1509 1413 1709 1469 Christi
1749 1414 1947 1468 confir-

372 1520 540 1564 mant.
572 1510 745 1579 Caput
776 1517 954 1562 autem
983 1506 1363 1562 columnarum
1400 1514 1483 1559 est
1511 1504 1621 1567 ille,
1651 1514 1710 1557 ut
1733 1504 1947 1573 opinor,

369 1603 435 1659 de
461 1619 571 1673 quo
597 1604 726 1657 dicit
768 1601 1081 1672 Apostolus,
1127 1600 1252 1667 quia
1298 1617 1317 1649 ι
1354 1608 1517 1668 caput
1554 1597 1656 1651 viri
1698 1596 1947 1652 Christus

363 1706 447 1748 est
469 1696 541 1747 ".
583 1713 601 1745 ι
636 1694 799 1748 Seras
822 1707 953 1745 vero
986 1691 1381 1750 columnarum.
1409 1688 1688 1744 societatis
1721 1698 1945 1755 aposto-

365 1783 482 1838 licae
514 1784 669 1837 datas
699 1783 809 1837 sibi
848 1781 1080 1836 invicem
1114 1781 1333 1836 dextras
1355 1780 1465 1849 jam
1497 1779 1751 1833 diximus.
1795 1775 1937 1832 Ten-

2054 592 2232 637 mcnta
2290 585 2551 641 nobiliora
2606 588 2872 658 designat,
2911 603 3033 644 cum
3061 591 3190 644 dicit
3220 591 3265 624 ²⁹
3299 610 3312 647 :
3364 611 3383 645 ι
3417 594 3629 651 lnduite

2052 688 2149 729 vos
2180 674 2462 730 Dominum
2492 675 2674 733 Jesum
2708 678 3009 745 Christum,
3044 692 3096 735 et
3126 683 3305 737 carnis
3344 698 3529 739 curam
3562 704 3630 741 ne

2054 765 2295 822 feceritis
2333 770 2400 822 ad
2431 771 2920 840 concupiscentias.
2955 792 2974 825 ι
3011 774 3114 830 lsta
3150 784 3280 831 sunt
3318 790 3447 847 ergo
3469 777 3630 835 indu~

2052 870 2251 925 menta,
2276 861 2471 930 quibus
2500 872 2726 918 ornatur
2765 864 3029 920 Ecclesia.
3185 849 3188 853 ’

2120 952 2172 1006 ὁ,
2214 952 2398 1008 Potest
2442 964 2622 1009 autem
2654 965 2710 1010 et
2756 956 3133 1027 unusquisque
3182 967 3428 1015 nostrum
3466 961 3631 1017 etiam

2052 1042 2103 1094 in
2162 1043 2455 1113 semetipso
2517 1046 2851 1101 constituere
2904 1049 3319 1105 tabernaculum
3378 1050 3514 1106 Deo.
3571 1052 3631 1108 Si

2049 1133 2215 1196 enim,
2244 1142 2306 1188 ut
2337 1134 2554 1202 quidam
2606 1145 2737 1193 ante
2793 1152 2888 1194 nos
2937 1154 3156 1209 quoque
3207 1138 3464 1197 dixerunt
3494 1141 3631 1213 (ὅδε),

2054 1224 2463 1281 tabernaculum
2483 1228 2589 1283 hoc
2617 1228 2781 1282 totius
2809 1230 2991 1284 mundi
3019 1240 3162 1286 tenet
3185 1231 3437 1301 figuram,
3476 1250 3633 1291 mun-

2051 1314 2100 1367 di
2140 1324 2319 1370 autem
2368 1318 2531 1373 etiam
2579 1319 2775 1390 singuli
2819 1321 3018 1390 quique
3071 1323 3274 1379 habere
3330 1324 3623 1396 imaginem

2052 1417 2295 1475 possunt,
2323 1421 2422 1462 cur
2454 1423 2561 1462 non
2595 1419 2648 1464 et
2685 1412 3014 1466 tabernaculi
3044 1416 3417 1486 unusquisque
3448 1418 3501 1472 in
3538 1432 3627 1474 se-

2053 1494 2278 1561 metipso
2310 1493 2538 1549 formam
2567 1499 2732 1565 possit
2768 1500 3019 1570 explere?
3048 1502 3154 1557 llas
3182 1518 3312 1574 ergo
3343 1504 3503 1561 debet
3530 1521 3628 1562 co~

2051 1582 2267 1637 lumnas
2293 1584 2395 1639 sibi
2437 1596 2628 1654 aptare
2656 1588 2938 1655 virtutum,
2988 1590 3272 1649 columnas
3312 1607 3625 1665 argenteas,

2052 1673 2101 1727 id
2143 1683 2226 1729 est
2260 1676 2574 1745 patientiam
2626 1680 3029 1739 rationabilem.
3086 1684 3272 1743 Potest
3320 1688 3465 1743 enim
3505 1704 3628 1744 esse

2047 1765 2263 1833 quidem
2288 1767 2338 1821 in
2366 1768 2603 1836 homine,
2640 1787 2761 1841 quae
2785 1774 3033 1830 videatur
3063 1778 3345 1847 patientia,
3375 1782 3471 1836 sed
3508 1799 3629 1851 qua:

369 1876 507 1928 toria
553 1890 675 1944 qua:
719 1874 921 1928 ansulis
958 1882 1160 1939 assuta,
1198 1882 1254 1928 et
1297 1871 1517 1927 circulis
1547 1885 1832 1939 suspensa,
1859 1880 1929 1925 at-

2044 1858 2390 1926 rationaliilis
2437 1878 2542 1919 non
2573 1864 2664 1919 sit.
2724 1866 2855 1921 Nam
2889 1877 2944 1924 et
2992 1836 3083 1938 qui
3128 1886 3235 1926 non
3266 1836 3433 1929 scatit
3479 1836 3615 1945 inju-

367 1980 473 2032 qne
500 1966 690 2019 innexa
729 1964 963 2027 funibus,
994 1964 1060 2017 ad
1097 1962 1310 2017 modum
1354 1961 1693 2017 cortinarum
1746 1959 1939 2025 viginti

368 2067 422 2110 et
448 2066 572 2109 octo
604 2056 654 2109 in
698 2054 934 2125 longum,
978 2064 1138 2123 atque
1166 2052 1217 2106 in
1252 2053 1419 2106 latum
1475 2062 1712 2121 quatuor
1739 2051 1941 2106 cubitis

365 2147 762 2207 distenduntur,
817 2145 1081 2199 habeatur
1127 2143 1335 2212 reliqua
1383 2144 1725 2198 credentium
1763 2142 1938 2212 plebs,

360 2252 480 2304 qua!
510 2237 675 2291 haeret
710 2243 763 2290 et
794 2236 990 2304 pendet
1036 2236 1088 2289 in
1134 2234 1352 2290 funibus
1404 2232 1551 2288 fidei.
1586 2234 1755 2290 Funis
1793 2235 1939 2290 enim

361 2324 552 2393 triplex
599 2340 704 2379 non
738 2324 1030 2392 rumpitur,
1060 2338 1182 2395 quae
1227 2332 1311 2379 est
1340 2322 1621 2378 Trinitatis
1658 2323 1811 2386 lides,
1869 2339 1935 2378 ex

355 2429 459 2482 qua
493 2414 777 2483 dependet,
832 2422 885 2468 et
935 2428 1034 2482 per
1080 2428 1241 2483 quam
1274 2414 1577 2469 sustinetur
1616 2414 1796 2468 omnis
1834 2414 1937 2468 Ec-

357 2505 541 2560 clesia.
580 2505 776 2575 Viginti
813 2514 997 2559 autem
1044 2514 1100 2559 et
1157 2514 1282 2560 octo
1322 2503 1651 2565 cubitorum,
1696 2513 1829 2571 quot
1880 2505 1932 2558 in

357 2594 568 2663 longum
598 2596 941 2660 distenditur,
972 2596 1102 2650 etin
1139 2596 1304 2650 latum
1333 2605 1591 2664 quatuor,
1618 2595 1745 2649 atrii
1773 2597 1936 2652 unius

358 2665 635 2749 mensura,
662 2698 793 2755 puto
825 2688 967 2756 quod
1001 2688 1202 2742 inserta
1236 2688 1322 2743 lex
1353 2687 1661 2759 Evangeliis
1684 2687 1934 2759 designe-

357 2787 461 2832 tur.
492 2778 844 2845 Septenarius
865 2794 1098 2848 namque
1121 2792 1379 2833 numerus
1409 2778 1581 2848 legem
1622 2778 1933 2849 signiﬁcare

353 2868 514 2933 solet,
542 2884 642 2939 pro
668 2868 852 2924 multis
887 2869 1182 2939 septenarii
1218 2870 1429 2924 numeri
1464 2870 1575 2940 (5|)
1618 2884 1933 2926 sacramen-

356 2960 442 3013 tis.
469 2957 526 3014 Si
557 2960 908 3015 eonsoeiatur
928 2961 993 3012 ad
1028 2968 1288 3030 quatuor,
1319 2969 1515 3030 quater
1548 2969 1760 3031 septem
1797 2975 1932 3017 con—

352 3061 642 3119 sequenter
669 3051 857 3122 viginti
885 3060 941 3106 et
984 3060 1109 3108 octo
1159 3066 1441 3106 numerum
1469 3051 1697 3107 faciunt.
1730 3051 1927 3107 Decem

351 3155 481 3195 vero
508 3141 619 3196 tunc
657 3142 795 3196 atria
844 3142 1002 3208 fiunt,
1038 3152 1097 3196 ut
1124 3142 1390 3211 integrum
1433 3142 1782 3211 perfectionis
1828 3159 1927 3197 nu-
1952 3183 1995 3241 Ο

349 3246 559 3285 merum
591 3243 829 3296 teneant,
865 3245 918 3288 et
944 3235 1076 3304 legis
1103 3234 1425 3304 Decalogum
1477 3235 1638 3308 165
1681 3236 1921 3308 signent.

351 3318 470 3374 Jam
511 3337 637 3377 vero
683 3325 853 3388 cocci,
887 3335 942 3378 et
982 3326 1278 3394 hyacinthi,
1337 3326 1509 3394 byssi,
1559 3342 1622 3380 ac
1670 3340 1924 3395 purpurae

352 3412 549 3479 specie,
601 3414 767 3468 multa
827 3431 891 3469 ac
945 3417 1157 3471 diversa
1184 3432 1350 3486 opera
1391 3417 1754 3487 explicantur.
1790 3418 1921 3473 Inde

352 3505 602 3577 tentoria,
639 3505 763 3559 inde
787 3507 960 3561 velum
993 3510 1236 3563 exterius
1261 3519 1315 3563 et
1359 3510 1608 3575 interius,
1652 3510 1774 3565 inde
1812 3520 1919 3565 tota

346 3596 697 3651 sacerdotalis
726 3608 779 3650 et
811 3599 1140 3666 pontificalis
1186 3601 1375 3662 vestis,
1420 3614 1556 3654 auro
1604 3611 1660 3656 et
1694 3604 1922 3671 gemmis

343 3686 633 3754 expeditur
665 3688 953 3755 adjunctis.
999 3689 1103 3744 Sed
1128 3704 1194 3743 ne
1215 3691 1416 3745 diutius
1449 3706 1544 3762 per
1578 3693 1919 3763 singularum

344 3780 690 3835 demeremur
725 3784 936 3852 species
984 3784 1269 3848 virtutum,
1335 3800 1624 3854 possumus
1679 3787 1919 3843 breviter

344 3871 550 3931 dicere,
612 3872 699 3925 illa
748 3872 1045 3943 signiﬁcari
1092 3889 1190 3943 per
1243 3876 1357 3930 haec
1401 3878 1601 3945 quibus
1630 3889 1920 3933 ornaretur

342 3961 579 4018 Ecclesia
609 3963 745 4034 (52).
772 3964 933 4021 Fides
954 3966 1069 4033 ejus
1097 3981 1230 4021 auro
1252 3966 1487 4023 conferri
1513 3978 1709 4038 potest,
1737 3984 1919 4026 sermo

342 4056 737 4123 praedicationis
768 4057 883 4127 ejus
913 4067 1174 4128 argento;
1211 4060 1481 4129 lapidibus
1513 4063 1786 4130 pretiosis.
1841 4080 1916 4118 tes

341 4148 644 4214 patientim,
700 4148 857 4219 lignis
897 4149 1324 4220 imputribilibus
1370 4153 1623 4217 scientia,
1662 4169 1782 4223 qua:
1819 4170 1916 4224 per

340 4236 543 4308 lignum
571 4241 738 4306 venit,
785 4252 878 4297 aut
910 4244 1246 4311 incorruptio
1290 4244 1583 4312 eaStitatls,
1624 4262 1743 4317 quae
1776 4262 1913 4301 nun-

339 4345 498 4398 quam
526 4335 852 4399 veterascit;
882 4336 1395 4405 byssuirginitas;
1430 4352 1594 4393 cocco
1622 4339 1913 4394 confessio-

338 4423 422 4476 nis
459 4424 661 4492 gloria;
716 4441 965 4496 purpura:
1015 4429 1301 4483 charitatis
1350 4430 1557 4499 fulgor;
1612 4430 1909 4502 hyacintho

2048 1951 2281 2017 riam,et
2309 1965 2595 2023 propterea
2627 1972 2731 2011 non
2774 1959 2968 2027 reddit,
3009 1962 3225 2030 patiens
3260 1964 3496 2029 videtur,
3531 1969 3625 2021 sed

2048 2056 2152 2095 non
2188 2051 2272 2097 est
2304 2045 2645 2100 rationabilis
2691 2047 2794 2101 ista
2846 2049 3129 2117 patientia,
3162 2051 3268 2107 Iste
3296 2068 3427 2123 ergo
3462 2056 3624 2110 habet

2042 2132 2262 2202 quidem
2293 2134 2598 2200 columnas,
2635 2136 2727 2191 sed
2761 2154 2867 2192 non
2893 2148 3020 2194 sunt
3050 2151 3323 2211 argentem
3348 2144 3486 2214 (54).
3520 2147 3622 2213 Qui

2043 2237 2173 2277 vero
2206 2234 2427 2294 propter
2477 2226 2704 2281 verbum
2757 2227 2846 2282 Dei
2883 2228 3109 2298 patitur,
3143 2239 3197 2286 et
3237 2231 3453 2289 fortiter
3494 2236 3620 2299 fert,

2045 2313 2145 2368 iste
2174 2314 2439 2370 columnis
2489 2315 2761 2385 argenteis
2816 2317 3105 2375 decoratus
3154 2330 3240 2376 est
3271 2331 3326 2376 et
3357 2325 3619 2384 munitus.

2041 2407 2224 2464 Potest
2254 2408 2306 2463 in
2337 2422 2396 2462 se
2419 2417 2473 2463 et
2499 2408 2633 2463 atria
2657 2409 2987 2474 distendere,
3027 2426 3149 2466 cum
3190 2413 3502 2472 dilataverit
3525 2435 3620 2473 cor

2041 2511 2198 2551 suum
2234 2498 2529 2553 secundum
2571 2498 2814 2568 Apostoli
2855 2514 3045 2555 vocem
3076 2501 3306 2559 dicentis
3338 2507 3404 2559 ad
3433 2508 3621 2561 Corin-

2041 2588 2182 2644 thios
2210 2588 2255 2621 ³⁸
2287 2604 2301 2643 :
2338 2607 2356 2640 ι
2392 2588 2699 2642 Dilatamiui
2746 2599 2800 2645 et
2845 2604 2965 2645 vos.
3014 2610 3034 2644 ι
3071 2591 3256 2648 Potest
3302 2609 3361 2649 se
3397 2606 3451 2650 et
3479 2600 3618 2652 seris

2038 2680 2273 2745 munire,
2298 2695 2417 2735 cum
2458 2693 2519 2735 se
2548 2681 2908 2736 unanimitate
2940 2681 3249 2739 dilectionis
3275 2688 3613 2744 astrinxerit.

2036 2772 2219 2829 Potest
2248 2787 2408 2843 super
2436 2784 2726 2844 argenteas
2761 2775 2926 2831 bases
2958 2785 3130 2843 stare,
3164 2795 3287 2835 cum
3316 2797 3481 2852 super
3508 2795 3616 2841 sta.

2035 2866 2298 2921 bilitatem
2345 2866 2496 2920 verbi
2528 2867 2647 2932 Dei,
2683 2868 2833 2923 verbi
2882 2869 3185 2939 prophetici
3229 2881 3283 2929 et
3326 2877 3614 2945 apostolici

2033 2956 2351 3013 collocatur.
2412 2955 2596 3013 Potest
2625 2958 2827 3016 habere
2889 2960 2942 3014 in
2996 2961 3245 3017 columna
3296 2964 3613 3022 deauratum

2032 3060 2216 3119 caput,
2244 3049 2291 3105 si
2329 3060 2491 3120 caput
2516 3067 2741 3108 aureum
2767 3053 2838 3107 sit
2870 3053 2917 3108 ei
2944 3053 3076 3109 fides
3106 3054 3328 3113 Christi.
3361 3075 3382 3110 ι
3424 3058 3614 3117 Omnis

2032 3157 2261 3211 namque
2289 3144 2388 3197 viri
2420 3154 2600 3213 caput,
2651 3147 2900 3202 Christus
2944 3159 3029 3204 est
3073 3150 3140 3206 “.
3176 3170 3194 3201 υ
3231 3150 3425 3207 Decem
3477 3169 3611 3211 vero
3646 3212 3655 3223 ,

2031 3233 2169 3287 atria
2220 3242 2395 3302 potest
2435 3234 2490 3288 in
2532 3236 2823 3304 semetipso
2855 3238 3187 3305 distendere,
3223 3256 3346 3296 cum
3390 3259 3497 3298 non
3554 3246 3607 3300 in

2032 3340 2139 3379 uno
2187 3334 2394 3379 tantum
2442 3324 2611 3382 verbo
2655 3327 2787 3396 legis
2828 3327 3107 3394 dilatatur,
3146 3346 3326 3402 neque
3373 3333 3606 3400 duobus,

2033 3425 2126 3470 aut
2162 3414 2360 3483 tribus,
2390 3415 2487 3471 sed
2526 3418 2577 3472 in
2608 3427 2720 3474 toto
2752 3418 3017 3488 Decalogo
3056 3421 3187 3491 legis
3230 3425 3493 3493 spiritalis
3519 3427 3615 3489 in—p

2034 3508 2351 3579 telligentim
2401 3509 2633 3566 dilatare
2669 3511 3078 3580 amplitudinem
3120 3524 3315 3584 potest,
3344 3527 3436 3573 aut
3483 3535 3606 3575 cum

2035 3598 2266 3655 fructum
2299 3602 2546 3670 spiritus,
2573 3603 2852 3672 gaudium,
2884 3618 3097 3674 pacem,
3141 3608 3480 3677 patientiam,
3513 3614 3608 3669 be-

2029 3691 2369 3759 nignitatem,
2402 3692 2746 3760 modestiam,
2780 3695 2965 3761 tidem,
3007 3701 3430 3767 continentiam,
3456 3706 3603 3773 adje-

2029 3789 2138 3844 cta,
2171 3795 2290 3847 quae
2314 3790 2397 3835 est
2419 3790 2590 3836 mater
2617 3783 2881 3847 omnium,
2914 3786 3203 3851 charitate,
3234 3793 3603 3859 protulerit”.

2029 3871 2235 3926 llabeat
2287 3871 2461 3925 adhuc
2505 3871 2557 3924 in
2603 3887 2663 3926 se
2715 3873 2895 3928 anima
2944 3875 3066 3940 ista,
3106 3891 3225 3945 qua:
3264 3893 3369 3933 non
3397 3881 3607 3939 dederit

2026 3977 2280 4018 somnum
2315 3963 2488 4019 oculis
2513 3964 2649 4030 suis,
2682 3980 2783 4019 nec
2813 3964 3085 4034 palpebris
3112 3969 3225 4024 suis
3250 3971 3603 4029 dormitatio-

2025 4071 2170 4119 nem,
2200 4070 2300 4112 nec
2330 4058 2570 4127 requiem
2607 4059 2937 4126 temporibus
2967 4060 3105 4123 suis,
3141 4067 3314 4119 donec
3360 4064 3601 4121 inveniat

2022 4146 2198 4202 locum
2234 4146 2478 4214 Domino,
2537 4148 2943 4204 tabernaculum
3002 4150 3112 4207 Deo
3155 4150 3325 4210 Jaeob
3369 4156 3451 4225 ⁸³;
3494 4159 3593 4212 lia-

2019 4238 2164 4299 beat,
2201 4238 2444 4307 inquam,
2488 4240 2540 4293 in
2574 4254 2631 4294 se
2662 4240 2895 4294 defixum
2927 4252 2979 4296 et
3014 4243 3209 4311 altare,
3250 4248 3300 4300 in
3331 4263 3436 4318 quo
3464 4265 3592 4304 ora-

2022 4329 2226 4382 tionum
2285 4330 2491 4385 hostias
2540 4339 2597 4385 et
2653 4330 3043 4389 misericordiae
3096 4336 3343 4394 victimas
3400 4338 3596 4395 oﬂ‘erat

2019 4422 2160 4487 Deo;
2212 4422 2262 4476 in
2312 4438 2420 4492 quo
2471 4423 2821 4477 continentia:
2855 4426 3029 4480 cultro
3076 4428 3384 4498 superbiam
3432 4436 3588 4501 quasi

336 4530 462 4581 spes
490 4517 641 4586 regni
671 4518 957 4573 εωιοι-ιιηι,
993 4518 1112 4573 [sun
1136 4520 1245 4574 sim
1283 4521 1502 4575 inierim
1543 4524 1805 4585 materias,
1840 4540 1905 4578 οχ
1946 4533 1985 4587 ο
2018 4522 2226 4567 taurum
2259 4514 2522 4578 immolet,
2552 4516 2889 4571 iracundiam
2916 4521 3067 4588 quasi
3095 4521 3320 4576 arietem
3348 4522 3585 4595 jugulet.

332 4606 530 4675 quibus
564 4623 723 4662 omne
762 4610 1169 4664 tabernaculum
1206 4622 1575 4677 construatur,
1610 4612 1905 4668 induantur

333 4700 660 4762 sacerdotes,
685 4712 907 4756 ornetur
943 4711 994 4758 et
1025 4702 1288 4771 pontifex.
1321 4701 1560 4768 Quorum
1591 4703 1902 4759 indumenta

330 4805 453 4859 qua:
488 4791 615 4856 sint,
644 4794 726 4846 vel
760 4793 961 4861 qualia,
1023 4794 1074 4847 in
1113 4794 1217 4848 alio
1261 4794 1377 4849 loco
1422 4796 1736 4862 pronuntiat
1764 4796 1900 4851 Pro-

330 4871 517 4953 pheta',
556 4893 610 4939 et
632 4884 765 4938 dicit
792 4886 835 4917 "
862 4903 876 4940 :
912 4903 930 4937 ι
969 4885 1291 4940 Sacerdotes
1320 4886 1395 4940 tui
1426 4887 1718 4940 induantur
1742 4887 1901 4956 justi-

331 4975 481 5030 tiam.
512 4996 532 5029 ι
589 4976 725 5031 Sunt
766 4992 895 5047 ergo
925 4978 1104 5031 omnia
1143 4979 1242 5031 ista
1297 4977 1610 5031 indumenta
1653 4977 1896 5047 justitite.

328 5066 395 5122 Et
424 5069 616 5122 iterum
657 5068 855 5123 Paulus
897 5069 1169 5139 apostolus
1206 5068 1337 5123 dicit
1360 5068 1407 5102 ’⁸
1444 5087 1457 5123 :
1508 5086 1527 5119 ι
1569 5068 1775 5123 lnduite
1803 5084 1898 5124 vos

327 5160 535 5215 viscera
563 5161 965 5216 misericordiae.
1004 5179 1022 5213 ι
1060 5161 1196 5216 Sunt
1229 5175 1359 5231 ergo
1385 5160 1697 5215 indumenta
1736 5161 1898 5216 mise-

2016 4605 2287 4659 luxuriam
2328 4621 2657 4677 omnemque
2715 4607 2993 4663 libidinem
3023 4618 3279 4680 tanquam
3328 4613 3509 4669 hircos
3533 4624 3590 4668 et

2016 4699 2197 4753 haedos
2233 4697 2368 4751 litet.
2403 4698 2553 4751 Sciat
2595 4709 2770 4755 tamen
2802 4716 2867 4755 ex
2909 4700 2992 4755 his
3012 4702 3180 4756 etiam
3210 4702 3586 4758 sacerdotibus

2011 4806 2265 4861 separare
2318 4793 2565 4846 dextrum
2626 4792 2933 4855 brachium,
2989 4806 3044 4848 et
3103 4793 3498 4863 pectusculum,
3528 4803 3587 4846 et

2012 4883 2279 4947 maxillas,
2324 4883 2481 4936 idest
2516 4898 2681 4952 opera
2715 4885 2853 4937 bona
2891 4892 2942 4937 et
2985 4896 3150 4951 opere
3180 4882 3391 4936 dextra.
3444 4878 3581 4935 Nam

2007 4977 2289 5031 sinistrum
2320 4976 2452 5033 nihil
2478 4986 2736 5030 reservet.
2765 4973 3143 5029 Pectusculum
3180 4986 3397 5042 quoque
3440 4972 3584 5026 inte-

2004 5083 2180 5137 grum,
2207 5069 2348 5137 quod
2374 5079 2459 5122 est
2490 5074 2820 5131 correctum,
2847 5077 2902 5119 et
2930 5078 3082 5118 mens
3114 5063 3219 5117 Deo
3249 5072 3499 5128 sacrata;
3526 5074 3582 5117 et.

2006 5161 2255 5215 maxillas
2310 5160 2375 5213 ad
2425 5159 2649 5212 verbum
2682 5157 2773 5210 Dei
2809 5156 3158 5224 loquendum.
3191 5154 3343 5211 Sciat
3363 5157 3464 5213 sibi
3523 5159 3576 5214 in

296 5296 300 5301 ’
396 5309 443 5341 ³⁵
479 5306 621 5361 Psal.
661 5323 735 5369 in,
760 5306 811 5361 7.
888 5306 934 5338 ’⁸
969 5304 1007 5356 ll
1042 5305 1171 5359 Cor.
1218 5320 1289 5367 κι,
1325 5304 1380 5357 ’5.
1424 5286 1427 5289 ’
1459 5305 1501 5335 ³⁷
1534 5302 1677 5356 Psal.
1722 5318 1929 5367 cxxxn,

2095 5306 2139 5337 ’⁸
2184 5303 2390 5357 Coloss.
2422 5317 2502 5365 tu,
2538 5300 2621 5354 19..
2700 5302 2743 5331 ²⁹
2789 5300 2947 5355 liora.
2986 5313 3104 5364 xm,
3148 5298 3233 5353 Η.
3308 5299 3411 5357 “ll
3448 5300 3575 5361 Cor.

1114 5376 1157 5405 ³³
1187 5375 1307 5429 Cal.
1342 5389 1391 5437 ν,
1426 5373 1516 5431 2‘2.

394 5495 508 5565 (50)
537 5494 825 5551 Ecclesium
848 5494 1126 5548 collocant.
1153 5493 1247 5548 Sic
1270 5509 1402 5550 mss.
1431 5494 1580 5549 Alias
1613 5508 1742 5549 vero
1770 5495 1900 5549 sim-

326 5565 563 5635 pliciter,
614 5586 635 5617 ι
677 5568 1031 5622 collocantur.
1075 5582 1093 5614 ι

396 5635 510 5700 (51-)
544 5636 713 5700 Alias,
749 5655 767 5687 ο
812 5634 1027 5702 septimi
1058 5632 1351 5686 κατθανῇ-»

394 5704 508 5774 (5‘2)
540 5706 829 5761 Ornat-(tur
870 5704 1125 5760 Ecclesia.
1172 5702 1321 5767 Mss,
1354 5720 1371 5753 ι
1403 5703 1744 5773 significatur
1790 5703 1892 5758 Ec-

321 5772 508 5832 clelu.
552 5794 571 5827 ο
1128 5794 1131 5797 ‘

328 5393 407 5445 vi,
438 5379 526 5433 15.
596 5378 639 5408 ³³
670 5375 689 5430 l
716 5377 843 5433 Cor.
872 5393 947 5440 vi,
980 5375 1034 5428 5.

2001 5562 2293 5631 Josephum
2355 5563 2446 5615 lib.
2509 5578 2570 5617 in
2639 5562 2812 5631 Antiq.
2872 5572 2927 5617 et

2002 5636 2221 5701 Moysis.

1596 5373 1639 5403 ³³
1680 5374 1818 5427 l’sal.
1854 5390 2039 5439 cum,
2066 5376 2119 5439 4,
2150 5374 2206 5429 5.

2077 5491 2190 5565 (53)
2246 5491 2317 5546 Ut
2348 5492 2559 5565 quidam
2591 5500 2710 5565 mite
2739 5507 2830 5565 nos
2870 5491 3386 5565 quoque__di:cerunt.
3440 5488 3576 5565 Vide

3034 5561 3269 5617 liilonein
3329 5559 3408 5618 De
3463 5561 3571 5619 vim

2069 5682 2386 5776 (Sb-nllus,
2419 5722 2436 5754 ι
2476 5682 2788 5774 argentata).
2832 5723 2850 5758 ι
