4122 6248
398 298 502 356 369

1586 291 1650 345 IN
1693 282 1980 344 EXODUM
2018 280 2299 337 HOMlLlA
2336 278 2401 334 Χ.

3541 280 3646 337 370

398 419 576 474 lorum
603 417 696 486 qui
734 416 1017 472 mandatur
1052 419 1103 471 in
1132 414 1269 485 lege,
1307 424 1362 469 ut
1392 421 1545 468 exeat
1575 411 1800 480 populus
1825 418 1970 461 certa
2003 407 2047 464 A
2080 402 2281 470 scripta
2336 399 2648 455 referuntur
2683 416 2695 451 :
2731 416 2748 450 ο
2776 397 2926 465 Quod
2982 399 3024 452 si
3081 372 3311 463 steierit,
3367 401 3543 469 inquit
3574 404 3644 464 ".

401 510 489 564 die
530 508 680 572 anni,
712 518 766 561 et
812 509 862 562 in
903 507 1265 562 tabernaculis
1296 505 1522 568 habitet,
1560 502 1766 555 habens
1795 512 1975 553 ramos

401 605 734 670 palmarum,
774 606 826 650 et
867 596 1088 650 frondes
1117 596 1303 650 salicis
1350 610 1413 648 ac
1456 591 1659 661 populi,
1696 600 1750 645 et
1794 603 1975 643 ramos

407 688 619 743 arboris
643 687 909 741 frondosae
928 687 991 738 ⁸⁷.
1013 686 1192 740 Palma
1213 685 1449 740 victoria:
1480 685 1693 754 signent
1722 692 1803 735 est
1830 679 1977 733 illius

409 780 557 841 belli,
584 779 723 847 quod
776 779 913 832 inter
945 794 1002 833 se
1033 794 1160 833 caro
1203 788 1256 832 et
1292 777 1514 845 spiritus
1558 780 1750 845 gerunt
1803 771 1977 824 Arbor

411 880 588 923 autem
624 869 868 936 populus,
901 879 954 923 et
996 869 1153 933 salix,
1188 877 1295 921 tam
1329 868 1528 919 virtute
1561 880 1718 933 quam
1755 862 1974 915 nomine

409 958 641 1027 virgulta
690 969 815 1012 sunt
846 960 1133 1013 castitatis.
1175 957 1305 1024 Qua:
1344 958 1387 1011 si
1423 957 1636 1025 integre
1660 969 1973 1019 conserves,

410 1052 609 1105 habere
659 1060 810 1118 potes
845 1060 898 1104 et
947 1066 1250 1105 nemorosa:
1300 1065 1365 1104 ac
1412 1047 1716 1101 frondentis
1763 1046 1977 1100 arboris

409 1156 615 1205 ramos,
645 1156 764 1208 qua:
803 1151 887 1194 est
922 1151 1119 1195 aeterna
1162 1149 1218 1195 et
1250 1141 1403 1195 beata
1450 1139 1583 1203 vita,
1627 1152 1747 1191 cum
1787 1146 1839 1190 te
1871 1137 1974 1189 Do-

406 1233 588 1286 minus
617 1232 669 1285 in
698 1232 812 1286 loco
845 1234 1000 1288 viridi
1046 1231 1395 1287 collocaverit
1441 1246 1606 1299 super
1652 1245 1843 1299 aquam
1887 1244 1975 1282 re-

408 1324 684 1390 fectionis,
722 1339 817 1394 per
847 1324 1117 1379 Christum
1146 1322 1329 1377 Jesum
1387 1321 1671 1375 Dominum
1710 1330 1973 1381 nostrum,

405 1417 492 1468 cui
538 1428 618 1470 est
654 1416 823 1487 gloria
871 1424 926 1469 et
974 1415 1258 1485 imperium
1302 1413 1356 1466 in
1405 1411 1603 1466 saecula
1632 1409 1973 1465 smculorum.

308 1510 313 1515 ’
406 1506 601 1561 Amen.

991 1592 1272 1650 HOMILIA
1314 1590 1382 1645 X.

407 1687 483 1742 De
511 1688 727 1742 muliere
753 1697 1087 1758 pra'gnante,
1107 1704 1223 1758 quae
1251 1687 1451 1758 duobus
1486 1683 1609 1737 viris
1637 1683 1970 1751 litigantibus

1036 1757 1358 1809 abet-(iverit.

482 1869 531 1921 1.
574 1886 592 1919 ι
616 1868 768 1940 Quod
802 1869 845 1923 si
900 1868 1189 1938 litigabunt
1216 1868 1317 1921 duo
1355 1865 1479 1930 viri,
1511 1874 1563 1919 et
1604 1865 1974 1934 percusserint

408 1962 690 2014 mulierem
726 1967 1114 2029 prmgnautem,
1155 1968 1208 2014 et
1237 1957 1432 2012 exierit
1462 1955 1641 2011 infans
1683 1956 1800 2023 ejus
1836 1973 1973 2011 non-

408 2054 534 2104 dum
570 2051 850 2115 formatus,
890 2052 1275 2107 detrimentum
1311 2050 1548 2119 patietur
1576 2060 1839 2118 quantum
1886 2050 1973 2103 in-

407 2142 605 2195 dixerit
648 2143 730 2195 vir
774 2141 1039 2206 mulieris,
1076 2149 1130 2196 et
1159 2141 1306 2195 dabit
1337 2156 1459 2195 cum
1494 2143 1718 2196 honore.
1755 2140 1905 2207 Quod
1928 2142 1972 2194 si

406 2228 669 2284 formatus
699 2228 878 2296 fuerit,
924 2231 1076 2285 dabit
1120 2232 1355 2286 animam
1388 2247 1487 2301 pro
1526 2232 1728 2298 anima,
1760 2231 1971 2285 oculum

403 2332 499 2383 pro
539 2320 715 2384 oculo,
759 2321 970 2376 dentem
1024 2338 1122 2390 pro
1172 2323 1355 2385 dente,
1393 2338 1610 2377 manum
1659 2339 1757 2392 pro
1789 2338 1971 2387 manu,

401 2407 592 2476 pedem
639 2426 734 2480 pro
781 2411 936 2479 pede,
982 2413 1388 2467 combusturam
1439 2429 1536 2481 pro
1586 2415 1970 2480 combustnra,

402 2499 596 2552 vulnus
628 2514 725 2567 pro
757 2501 993 2568 vulnere,
1043 2502 1267 2557 livorem
1302 2517 1400 2572 pro
1444 2503 1695 2557 livore“.
1725 2523 1742 2555 ι
1790 2502 1972 2556 l’iimu

401 2589 642 2642 oumimn
699 2590 752 2644 in
804 2592 889 2645 his
930 2595 1315 2662 requirendum
1352 2608 1470 2649 esse
1515 2607 1662 2663 puto,
1711 2596 1810 2648 sub
1864 2610 1972 2664 quo

402 2677 537 2747 legis
569 2679 724 2735 titulo
752 2682 1055 2748 hnjnsmodi
1093 2694 1294 2740 statuta
1328 2698 1640 2741 censentur.
1674 2685 1834 2756 106
1858 2685 1970 2740 Non

402 2772 571 2837 enim,
614 2780 670 2825 ut
713 2771 1138 2843 simplicioribus
1189 2776 1422 2842 videtur,
1468 2786 1664 2831 cuncta
1701 2792 1821 2847 qua:
1862 2788 1974 2833 sta—

404 2869 631 2915 tuuntur
657 2862 741 2916 lex
773 2863 988 2929 dicitur,
1026 2866 1120 2918 sed
1170 2865 1415 2935 quaedam
1443 2866 1663 2936 quidem
1695 2867 1802 2933 lex,
1826 2884 1974 2937 quae.

403 2950 527 3003 dum
557 2951 892 3018 testimonia,
922 2954 1028 3007 alia
1068 2956 1319 3011 mandata
1351 2966 1405 3011 et
1443 2956 1689 3026 iustitiae,
1722 2959 1971 3029 quaedam

398 3036 600 3106 judicia
628 3042 991 3113 appellantur.
1020 3046 1174 3110 Quod
1198 3046 1502 3101 evidentius
1532 3048 1583 3102 in
1619 3064 1783 3102 unum
1810 3049 1973 3104 colle-
1999 3079 2046 3144 α

398 3138 572 3193 ctum,
592 3142 812 3188 octavus
834 3133 1080 3188 decimus
1094 3137 1287 3191 edocet
1308 3135 1565 3206 psalmus.
1592 3153 1713 3192 cum
1741 3138 1964 3193 dicit":

408 3238 428 3271 ι
460 3220 571 3275 Lex
599 3222 808 3276 Domini
832 3225 1345 3294 irrepreheusibilis,
1374 3236 1701 3283 convertens
1721 3229 1968 3285 animas:

405 3312 774 3369 testimonium
830 3316 1043 3372 Domini
1098 3320 1276 3385 fidele,
1333 3322 1651 3389 sapientiam
1702 3332 1972 3391 praestans

406 3402 667 3469 parvulis.
701 3403 930 3461 iustitiae
983 3409 1193 3462 Domini
1228 3420 1385 3464 rectte
1415 3410 1758 3466 lcetilicantes
1783 3412 1966 3473 corda,

406 3503 732 3562 praeceptum
767 3496 975 3551 Domini
1018 3499 1254 3555 lucidum
1294 3502 1605 3556 illuminans
1638 3504 1844 3558 oculos.
1876 3503 1971 3559 Ti-

408 3598 527 3636 mor
550 3583 760 3639 Domini
790 3596 1011 3642 sanctus
1039 3604 1363 3658 permanens
1394 3591 1446 3645 in
1483 3592 1741 3646 saeculum
1765 3593 1971 3659 seaculi,

399 3674 602 3743 judicia
640 3678 846 3733 Domini
874 3695 1021 3747 vera,
1051 3681 1349 3751 justitlcata
1374 3685 1429 3738 in
1454 3687 1764 3756 semetipsa.
1791 3705 1809 3739 ι
1839 3687 1971 3743 Cum

404 3779 537 3835 ergo
572 3768 690 3823 isla-
732 3769 1074 3829 diversitates
1121 3788 1308 3829 eorum
1359 3790 1478 3844 qua:
1517 3777 1567 3829 in
1601 3776 1719 3845 lege
1768 3786 1973 3833 statuta

404 3867 553 3924 sunt,
590 3858 912 3927 habeantur,
961 3880 1104 3920 nunc
1141 3880 1322 3919 sermo
1364 3868 1457 3935 qui
1504 3868 1736 3923 habetur
1774 3868 1826 3922 in
1863 3885 1974 3923 ma-

406 3949 589 4013 nibus,
637 3952 737 4006 sub
793 3954 949 4008 titulo
1001 3954 1337 4022 justitiarum
1392 3958 1477 4011 vel
1520 3959 1971 4028 justifieationunt

406 4039 642 4108 scriptus
688 4050 793 4097 est.
845 4044 936 4098 Sic
982 4046 1126 4098 enim
1164 4046 1294 4099 dicit
1341 4047 1650 4115 superius”
1677 4066 1692 4104 :
1721 4066 1741 4100 ι
1775 4048 1842 4102 Ει
1891 4050 1973 4103 ha:

402 4127 645 4195 iustitiae,
675 4149 808 4202 quas
832 4149 1099 4205 propones
1120 4136 1297 4206 palam
1338 4138 1438 4192 eis.
1468 4156 1485 4190 ι
1524 4138 1638 4194 Non
1672 4149 1759 4195 est
1788 4149 1968 4195 autem

407 4224 685 4290 praesentis
714 4227 969 4294 temporis
1004 4225 1423 4297 uniuscujusque
1470 4230 1661 4285 hormn
1696 4247 1973 4301 exponere

407 4313 762 4377 ditl‘erentias.
803 4317 1073 4385 exigimur
1103 4319 1247 4372 enim
1297 4321 1365 4374 ad
1396 4322 1836 4390 explanationem
1872 4326 1973 4379 lto-

2079 492 2232 547 testis
2271 492 2510 557 iniquus,
2545 490 2907 545 testimonium
2944 489 3121 544 ferens
3153 493 3439 545 adversum
3471 492 3646 547 homi-

2077 601 2198 638 nem
2252 585 2319 638 de
2370 584 2689 652 impietate,
2745 591 3051 636 statuentur
3105 584 3316 650 utrique
3370 585 3643 649 homines,

2075 674 2270 741 quibus
2316 682 2400 726 est
2448 671 2849 735 controversia,
2903 681 3027 723 ante
3063 669 3368 733 Dominum,
3414 682 3468 725 et
3520 683 3646 728 ante

2075 764 2407 826 sacerdotes,
2454 772 2508 815 et
2542 774 2670 815 ante
2716 760 2947 828 judices,
2981 762 3291 831 quicunque
3337 761 3408 815 illi
3446 763 3647 817 fuerint

2076 854 2130 907 in
2159 853 2347 907 diebus
2400 852 2528 916 illis,
2565 860 2619 907 et
2672 852 2960 906 discutient
2999 852 3206 919 iudices
3244 854 3559 922 diligenter,
3589 862 3646 907 et

2076 943 2490 997 examinabunt.
2524 942 2589 996 Et
2627 944 2670 997 si
2718 945 3027 1000 invenerint
3057 945 3183 1013 quia
3228 945 3382 998 testis
3418 944 3648 1013 iniquus

2078 1042 2310 1087 testatus
2337 1042 2420 1087 est
2454 1032 2670 1100 injuste,
2713 1042 2767 1087 et
2807 1033 3047 1088 surrexit
3094 1033 3384 1089 adversum
3421 1031 3642 1086 fratrem

2077 1140 2257 1188 suum,
2296 1122 2510 1179 facietis
2554 1124 2602 1179 ei
2646 1125 3100 1193 quemadmodum
3146 1124 3260 1192 ipse
3302 1135 3530 1177 conatus
3562 1133 3645 1177 est

2078 1214 2259 1269 facere
2298 1213 2449 1269 fratri
2481 1231 2600 1278 suo,
2646 1225 2700 1269 et
2726 1215 2986 1270 auferetis
3034 1215 3326 1284 malignmn
3370 1216 3434 1269 de
3471 1216 3646 1269 medio

2080 1317 2343 1370 vestrum,
2392 1316 2447 1360 ut
2503 1306 2685 1360 caeteri
2738 1307 3022 1360 audientes
3071 1316 3270 1360 metum
3307 1307 3565 1370 habeant,
3591 1316 3648 1360 et

2082 1413 2187 1453 non
2221 1396 2481 1467 adjiciant
2533 1396 2672 1449 ultra
2724 1394 2906 1450 facere
2956 1397 3251 1450 secundum
3281 1397 3504 1451 verbum
3543 1396 3646 1450 hoc

2080 1488 2277 1541 malum
2328 1487 2467 1541 inter
2510 1501 2628 1541 vos.
2679 1485 2797 1542 Non
2849 1498 3041 1556 parcet
3074 1488 3262 1541 oculus
3313 1496 3436 1540 tuus
3484 1501 3646 1555 super

2076 1593 2223 1642 eum,
2252 1578 2486 1631 animam
2508 1593 2607 1647 pro
2630 1577 2836 1641 anima,
2862 1577 3075 1632 dentem
3100 1592 3198 1645 pro
3222 1578 3400 1641 dente,
3431 1592 3648 1631 manum

2077 1684 2178 1738 pro
2209 1685 2391 1735 manu,
2425 1670 2617 1738 pedem
2660 1684 2757 1739 pro
2811 1668 2968 1738 pede.
2995 1686 3016 1722 ι
3052 1668 3315 1723 Videntur
3343 1669 3558 1738 quidem
3595 1669 3646 1722 in

2005 1759 2045 1812 Β
2078 1770 2309 1830 utroque
2367 1760 2485 1815 loco
2541 1761 2741 1815 similia
2796 1761 2926 1826 dici,
2979 1776 3085 1815 non
3138 1771 3339 1815 tamen.
3367 1758 3648 1814 evidenter

2074 1853 2380 1909 ostenditur
2418 1869 2483 1908 ex
2532 1869 2640 1922 quo
2694 1853 3034 1923 potissimum
3084 1853 3203 1908 loco
3246 1868 3428 1908 sermo
3459 1853 3553 1922 qui
3593 1854 3646 1906 in

2076 1945 2369 2015 Evangelia
2395 1947 2603 2015 positus
2632 1957 2739 2010 est,
2764 1948 3015 2003 videatur
3042 1955 3375 2015 assumptus,
3409 1960 3531 1998 cum
3565 1944 3647 1998 di-

2076 2037 2212 2091 cit"
2243 2056 2257 2091 :
2289 2056 2308 2088 ι
2338 2038 2473 2104 Quia
2499 2040 2730 2093 audistis
2754 2039 2901 2108 quod
2935 2039 3137 2094 dictum
3160 2047 3242 2093 est
3268 2057 3280 2090 :
3306 2036 3531 2092 Oculum
3552 2052 3649 2105 pro

2077 2128 2254 2190 oculo,
2287 2128 2502 2183 dentem
2537 2145 2633 2199 pro
2660 2132 2838 2186 dente.
2863 2150 2882 2183 ι

2146 2219 2201 2272 Ξ.
2230 2219 2616 2275 Verumtamen
2643 2237 2784 2276 nunc
2813 2220 2881 2274 ad
2930 2235 2993 2275 ea
3025 2235 3146 2290 quze
3178 2220 3336 2275 nobis
3368 2222 3419 2274 in
3464 2219 3649 2274 Exodo

2077 2314 2279 2379 scripta
2309 2319 2455 2374 sunt,
2490 2324 2670 2366 sermo
2702 2313 2991 2366 vertendus
3017 2321 3119 2379 est,
3153 2313 3243 2367 ubi
3274 2312 3379 2366 duo
3405 2311 3506 2365 viri
3532 2311 3644 2364 liti-

2076 2410 2226 2470 gant,
2274 2410 2329 2455 et
2379 2401 2689 2469 percutiunt
2720 2402 3000 2456 mulierem
3038 2411 3430 2473 praegnantem,
3471 2409 3526 2456 et
3572 2402 3648 2455 ita

2078 2493 2404 2561 percutiunt,
2436 2502 2494 2544 ut
2522 2500 2682 2546 exeat
2707 2491 2883 2547 infans
2905 2508 2970 2547 ex
2997 2507 3084 2557 ea,
3112 2492 3193 2547 vel
3226 2491 3489 2546 formatus
3514 2494 3644 2563 jam,

2079 2583 2160 2636 vel
2206 2584 2442 2638 nondum
2477 2583 2763 2640 forntatus.
2810 2584 3052 2639 Primum
3102 2584 3321 2655 quidem
3361 2585 3647 2639 videamus

2076 2674 2141 2727 de
2164 2689 2231 2728 eo
2259 2674 2352 2744 qui
2399 2676 2639 2729 nondum
2690 2675 2951 2731 formatus
2999 2676 3216 2742 exierit,
3256 2675 3525 2744 quomodo
3560 2674 3649 2743 ju-

2074 2763 2230 2818 betur
2263 2764 2462 2819 damno
2498 2766 2740 2835 pecuniae
2779 2767 2990 2836 percuti
3036 2782 3178 2821 unus
3210 2781 3274 2821 ex
3310 2768 3393 2821 his
3422 2766 3512 2835 qui
3538 2765 3649 2820 liti-

2075 2867 2222 2927 gant,
2272 2873 2395 2912 cum
2444 2873 2476 2912 a
2526 2858 2811 2929 Scriptura
2856 2859 3016 2927 culpa
3049 2858 3179 2921 litis.
3213 2875 3319 2914 non
3356 2858 3424 2913 ad
3458 2874 3645 2923 unum,

2075 2952 2167 3005 sed
2221 2951 2288 3006 ad
2340 2960 2630 3021 utrumque
2678 2951 2988 3006 referatur?
3023 2951 3163 3018 Quid
3193 2952 3356 3007 etiam
3390 2951 3535 3020 quod
3563 2952 3645 3007 vir

2079 3043 2324 3099 mulieris
2353 3044 2563 3108 indicit,
2601 3044 2686 3098 vel
2716 3044 2948 3110 imponit
2980 3043 3050 3107 ei,
3088 3054 3142 3097 et
3179 3058 3286 3098 non
3319 3042 3433 3099 eis?
3462 3052 3515 3098 et
3547 3043 3650 3097 das

2078 3134 2178 3199 bit,
2210 3142 2264 3189 et
2293 3150 2397 3190 non
2424 3135 2602 3204 potius
2636 3135 2845 3189 dabunt
2872 3149 2993 3188 cum
3027 3135 3266 3190 honore?
3298 3135 3369 3190 Et
3397 3136 3520 3202 quis
3548 3135 3648 3189 iste

2077 3233 2165 3279 est
2210 3226 2416 3279 honor?
2465 3225 2617 3292 Quod
2671 3226 2716 3281 si
2750 3226 2925 3281 infans
2968 3227 3080 3297 jam
3131 3228 3395 3280 formatus
3427 3225 3645 3290 exierit,

2078 3331 2336 3388 percussa
2382 3332 2412 3370 a
2469 3317 2804 3387 litigantibus
2844 3316 2976 3371 viris
3028 3327 3344 3389 praegnante
3399 3315 3655 3380 muliere,

2079 3407 2315 3460 animam
2345 3407 2457 3461 dari
2490 3423 2588 3477 pro
2611 3409 2789 3462 anima
2832 3408 2991 3462 facile
3021 3408 3395 3475 intelligimus,
3430 3407 3533 3461 hoc
3562 3415 3653 3461 est

2081 3505 2139 3550 ut
2188 3507 2362 3551 morte
2424 3497 2726 3552 vindicetur
2777 3498 3098 3552 admissum.
3156 3496 3287 3563 Qua:
3344 3506 3657 3567 sequuntur.

2079 3598 2283 3654 autem,
2316 3603 2490 3658 operte
2516 3588 2746 3658 pretium
2774 3597 2856 3643 est
2885 3589 3167 3657 explicare
3201 3606 3215 3643 :
3253 3608 3271 3639 ι
3292 3588 3515 3643 Oculum
3550 3604 3649 3657 pro

2081 3677 2261 3744 oculo,
2305 3678 2518 3733 dentem
2572 3694 2671 3748 pro
2720 3679 2947 3733 dente.»
3008 3675 3193 3746 Neque
3247 3677 3391 3732 enim
3431 3677 3651 3731 videtur

2082 3783 2199 3822 esse
2250 3768 2527 3837 possibile,
2584 3778 2643 3822 ut
2697 3768 2876 3823 infans
2924 3781 3084 3837 quem
3144 3783 3399 3838 percussa
3454 3768 3657 3823 mulier

2083 3860 2383 3926 abortierit,
2419 3860 2673 3929 quamvis
2719 3861 2984 3916 formatus
3031 3860 3248 3927 exierit,
3283 3858 3659 3929 intelligamus.

2080 3953 2221 4021 quod
2242 3952 2343 4005 viri
2368 3951 2629 4021 litigantis
2652 3951 2804 4006 calce
2829 3965 3122 4020 percussus
3144 3949 3358 4004 oculum
3385 3950 3443 4003 in
3462 3958 3655 4004 ventre

2081 4044 2394 4113 perdiderit,
2426 4058 2528 4112 pro
2568 4056 2677 4112 quo
2721 4056 3011 4111 percussor
3034 4040 3150 4113 (58)
3190 4040 3370 4095 orbari
3408 4040 3568 4095 oculo
3619 4057 3655 4093 a

2076 4132 2349 4202 iudicibus
2385 4134 2599 4189 debeat.
2648 4132 2752 4187 Sed
2809 4146 2968 4202 pone,
3025 4132 3103 4186 sit.
3125 4141 3180 4187 et
3227 4133 3352 4192 hoc.
3385 4132 3507 4201 quia
3539 4133 3650 4199 jam

2082 4226 2344 4279 formatus
2382 4224 2637 4288 refertur,
2674 4225 2804 4292 quid
2832 4232 2883 4277 et
2908 4223 2974 4277 de
3006 4224 3165 4278 dente
3192 4223 3470 4278 dicemus?
3497 4222 3649 4276 Nun-

2081 4315 2212 4385 quid
2246 4317 2297 4370 in
2327 4325 2518 4371 ventre
2562 4317 2758 4370 matris
2788 4316 2980 4371 dentes
3026 4316 3236 4382 habuit,
3282 4331 3420 4385 quos
3452 4331 3650 4385 percu-

408 4419 527 4479 rum
557 4420 676 4474 qua:
705 4406 838 4461 lecta
867 4418 1009 4462 sunt.
1044 4408 1342 4466 Sciendum
1374 4427 1503 4466 sane
1531 4424 1607 4468 est
1645 4415 1793 4483 quod
1842 4430 1972 4483 pars
2006 4428 2049 4483 υ
2087 4410 2269 4465 tientis
2299 4410 2436 4466 ictus
2461 4410 2779 4465 excuteret?
2820 4408 2876 4462 Si
2926 4423 3053 4463 vero
3106 4409 3209 4464 hoc
3240 4410 3548 4463 referamus
3580 4410 3648 4462 ad

406 4498 587 4565 aliqua
621 4513 686 4552 ex
734 4499 817 4553 his
860 4499 928 4554 de
964 4500 1159 4569 quibus
1186 4502 1556 4558 disserendum
1592 4505 1749 4560 nobis
1778 4516 1883 4574 est,
1916 4507 1971 4560 in

408 4588 699 4658 Evangelio
726 4595 1025 4644 secundum
1062 4590 1373 4647 Matthaaum
1417 4596 1587 4662 posita
1627 4604 1729 4660 est,
1761 4596 1975 4653 dicente

410 4678 639 4734 Domino
688 4682 789 4735 hoc
845 4680 1417 4738 tnodo“:rAudistis
1467 4685 1591 4753 quia
1642 4685 1845 4739 dictum
1889 4695 1975 4743 est

409 4771 937 4840 antiquis:0cnlnm
986 4789 1086 4844 pro
1134 4775 1311 4839 oculo,
1366 4777 1582 4831 dentem
1638 4792 1736 4846 pro
1786 4780 1969 4835 dente.

409 4860 524 4929 Ego
554 4872 733 4915 autem
765 4864 888 4917 dico
915 4866 1085 4933 vobis,
1118 4881 1224 4920 non
1278 4868 1537 4921 resistere
1568 4869 1731 4923 malo.
1777 4868 1883 4926 Sed
1928 4873 1974 4928 si

409 4951 533 5019 quis
568 4962 618 5006 te
646 4956 973 5022 percusserit
1020 4955 1075 5009 in
1109 4957 1352 5011 dextram
1384 4960 1682 5025 maxillam,
1717 4972 1979 5020 converte

411 5043 461 5097 ei
490 5054 545 5097 et
572 5045 820 5100 alteram.
843 5066 861 5099 ι
896 5048 1001 5101 Sed
1049 5048 1300 5124 fortassis
1326 5052 1418 5118 qui
1452 5051 1769 5120 Scripturas
1795 5064 1977 5111 atten-

413 5135 518 5189 tius
544 5136 690 5206 legit,
718 5139 864 5192 dicat
891 5153 953 5191 ea
986 5154 1105 5206 quae
1128 5140 1195 5194 de
1222 5140 1515 5211 Evangelio
1544 5144 1748 5213 scripta
1776 5162 1980 5203 memo-

413 5228 674 5291 ravimus,
700 5242 805 5282 non
834 5229 899 5283 de
931 5231 1033 5284 hoc
1062 5230 1231 5285 Exodi
1265 5244 1479 5301 sumpta
1516 5234 1655 5302 loco,
1683 5239 1775 5292 sed
1808 5242 1980 5309 magis

412 5316 832 5385 Deuteronomii,
869 5320 959 5375 ubi
1010 5321 1360 5377 nihilominus
1406 5325 1508 5381 hoc
1537 5329 1695 5382 modo
1731 5332 1977 5400 quaedam

483 5473 527 5507 "
551 5474 703 5529 Deut.
732 5492 843 5531 xvr.
918 5477 963 5509 ⁵⁸
985 5477 1154 5531 Exod.
1218 5495 1306 5535 xxI
1363 5481 1464 5543 25,
1525 5484 1625 5543 2t.
1668 5485 1760 5539 ‘25.
1837 5490 1881 5524 ⁸⁸
1904 5490 1990 5547 Ps.
2017 5510 2174 5559 xvtn,
2200 5495 2326 5561 8,9,
2361 5494 2443 5548 lO.
2524 5494 2567 5526 '°
2596 5492 2765 5551 Exod.
2791 5509 2904 5563 xxt,
2932 5495 2981 5551 l.

487 5545 638 5599 Deut.
671 5560 783 5612 xu,
838 5547 920 5613 l6,
964 5548 1051 5612 l7,
1084 5548 1179 5613 18,
1216 5549 1302 5615 Η,
1331 5549 1421 5615 ‘20,
1448 5553 1539 5608 2i.
1614 5555 1661 5585 ⁸⁸
1688 5556 1875 5613 Matth.
1911 5577 1963 5619 ν.
1990 5564 2078 5619 58.

410 5543 457 5575 ¹¹
487 5545 638 5599 Deut.
671 5560 783 5612 nx,
838 5547 920 5613 l6,
964 5548 1051 5612 l7,
1084 5548 1179 5613 18,
1216 5549 1302 5615 Η,
1331 5549 1421 5615 ‘20,
1448 5553 1539 5608 21.

2082 4517 2201 4557 eam
2230 4518 2351 4572 qua:
2382 4503 2685 4570 abortierit,
2711 4503 2981 4573 quomodo
3019 4516 3207 4556 rursus
3249 4502 3558 4568 conveniet,
3591 4513 3652 4555 ut

2082 4597 2359 4651 abortiens
2389 4596 2579 4651 mulier
2600 4597 2814 4652 oculum
2846 4596 3060 4665 perdat,
3085 4605 3178 4650 aut
3209 4596 3401 4651 dentes
3429 4594 3652 4649 doleat?

2083 4687 2186 4741 Sed
2221 4703 2357 4757 pone
2406 4689 2531 4757 quia
2568 4704 2823 4756 percussa
2873 4691 3090 4745 dicatur
3138 4690 3192 4745 in
3224 4688 3407 4751 oculo,
3456 4697 3550 4739 aut
3592 4687 3646 4738 in

2083 4780 2263 4844 dente,
2292 4792 2346 4834 et
2378 4780 2501 4835 inde
2525 4796 2694 4836 causa
2726 4783 2953 4836 aborsus
2984 4792 3171 4837 exorta
3206 4780 3302 4843 sit,
3337 4793 3476 4848 pone
3507 4777 3649 4831 livo-

2086 4889 2218 4937 rem,
2255 4888 2393 4943 pone
2440 4874 2635 4929 vulnus
2688 4875 2980 4943 acceperit,
3012 4873 3144 4943 quid
3197 4873 3360 4926 etiam
3408 4870 3651 4925 dicemus

2085 4966 2487 5021 combusturam
2525 4981 2622 5036 pro
2668 4963 3060 5020 eombustura?
3090 4962 3347 5031 Nunquid
3392 4960 3651 5029 litiganti—

2085 5056 2185 5111 bus
2215 5056 2345 5110 viris
2373 5057 2636 5111 assistens
2668 5054 2863 5109 mulier
2892 5053 3139 5109 comburi
3168 5053 3364 5121 potuit,
3402 5061 3460 5106 ut
3503 5066 3654 5106 com-

2087 5147 2307 5201 bustura
2338 5160 2435 5214 pro
2477 5144 2827 5201 combustura
2859 5145 3137 5199 solvatur?
3167 5144 3300 5211 Qua:
3333 5153 3512 5199 tamen
3536 5143 3653 5199 sin-

2086 5240 2207 5309 gula
2240 5238 2496 5294 videntur
2542 5239 2671 5293 mihi
2723 5252 2824 5292 nec
2872 5236 2925 5290 in
2957 5226 3379 5293 'Dcuteronomii
3422 5239 3640 5309 quidem

2085 5332 2237 5398 locis,
2277 5332 2368 5404 ubi
2394 5331 2645 5387 similiter
2676 5332 2881 5401 scripta
2927 5330 3256 5400 referuntur,
3298 5329 3511 5386 facilem
3551 5330 3646 5384 ha-

3064 5494 3105 5527 "
3137 5492 3325 5551 Matth.
3364 5510 3416 5562 v,
3446 5496 3535 5566 58,
3566 5492 3652 5552 59.

484 5660 599 5733 (58)
626 5661 682 5719 lu
705 5664 865 5723 editis
892 5665 1039 5722 deest
1064 5682 1162 5722 vox
1192 5682 1487 5737 percussor,
1518 5685 1634 5739 qua:
1684 5676 1950 5746 reperitur
1981 5678 2036 5735 in
2068 5695 2195 5735 mss.
