4122 6248
496 272 597 331 571

1946 269 2264 331 ORIGENIS

3648 268 3752 326 b7?

504 394 631 445 here
650 389 853 443 exitum
879 358 1341 457 posseJ’onamus
1360 386 1506 441 enim
1528 396 1583 441 et
1604 387 1675 442 ibi
1694 391 2066 445 exsurrexisse
2096 389 2385 452 Adeatur,
2437 385 2580 454 quod
2633 384 2781 440 viros
2820 397 3016 455 parere
3071 384 3334 451 diximus,
3386 384 3498 451 jam
3548 386 3748 442 dudum

502 490 693 534 testem
721 479 985 547 iuiqumn,
1024 477 1391 531 testimonium
1428 476 1621 531 falsum
1667 478 1937 532 dicentem
1969 482 2067 534 ad-

495 582 717 631 versum
750 567 1017 621 hominem
1047 567 1113 620 de
1140 566 1437 635 impietate.
1469 567 1813 622 Adhibeatur
1840 578 2069 636 uterque

495 658 720 726 judicio,
748 657 1023 725 inquirant
1047 655 1263 725 judices
1291 656 1601 727 diligenter,
1652 657 2068 726 deprehendant

498 760 870 804 accusatorem
917 749 999 802 vel
1050 756 1239 802 testem
1287 747 1438 801 illum
1489 746 1619 802 falsa
1663 748 2069 817 dixissezquo-

501 840 660 895 modo
692 838 861 907 judex
906 840 996 908 qui
1042 851 1265 907 parcere
1298 852 1404 891 non
1452 837 1613 892 debet
1647 838 1785 892 falso
1834 838 1983 902 testi,
2014 847 2069 891 et

495 930 731 984 animam
773 930 849 985 rei
896 944 993 999 pro
1044 928 1347 983 innocentis
1392 927 1569 981 anima
1599 928 1890 995 damnare;
1935 943 2070 997 quo-

497 1024 681 1089 modo,
715 1023 970 1091 inquam,
1022 1020 1221 1091 poterit
1271 1021 1435 1076 etiam
1489 1020 1705 1075 oculum
1759 1036 1858 1090 pro
1907 1022 2069 1078 oculo

495 1111 779 1167 eximere?
809 1113 975 1178 Quasi
1010 1126 1141 1166 vero
1169 1110 1215 1165 is
1252 1112 1343 1181 qui
1383 1109 1578 1179 injuste
1600 1113 1979 1178 accusabatur,
2010 1114 2062 1167 in

500 1202 660 1259 oculo
692 1203 967 1258 lacdendus
997 1202 1162 1258 fuerit
1185 1204 1253 1258 ab
1290 1211 1630 1269 accusatore,
1667 1214 1760 1258 aut
1797 1204 1848 1259 in
1881 1205 2065 1269 dente,

495 1294 577 1349 vel
608 1309 790 1360 manu,
817 1294 902 1350 vel
936 1296 1091 1364 pede.
1124 1294 1251 1349 llaec
1280 1304 1460 1349 autem
1500 1310 1530 1348 a
1560 1295 1715 1351 nobis
1742 1296 1883 1351 dicta
1915 1308 2063 1363 sunt,

494 1386 787 1440 ostendere
832 1387 1154 1452 volentibus,
1200 1387 1347 1457 quod
1403 1387 1456 1440 in
1502 1395 1735 1456 utroque
1782 1387 1899 1442 loco
1944 1403 2065 1456 qua:

494 1476 697 1544 scripta
725 1485 874 1542 sunt,
901 1478 1127 1533 edisseri
1175 1494 1278 1533 non
1326 1479 1479 1533 facile
1507 1487 1732 1547 queant.
1765 1477 2063 1545 Oportebat

497 1568 640 1621 enim
682 1568 832 1637 prius
868 1573 1162 1623 secundum
1212 1570 1492 1625 historiam
1526 1570 1797 1624 discutere
1833 1583 1953 1637 quae
1980 1568 2063 1622 le-

494 1666 717 1725 guntur,
752 1670 804 1713 ct
836 1661 932 1725 sic,
982 1662 1236 1729 quoniam
1272 1662 1355 1715 lex
1403 1659 1661 1730 spiritalis
1706 1666 1810 1724 est,
1840 1658 2065 1728 spirita-

495 1749 601 1803 lem
638 1751 690 1804 in
729 1752 813 1806 his
842 1752 1249 1821 intelligentiam
1281 1767 1546 1822 qurerere.

562 1840 617 1896 5.
650 1840 869 1907 Verum,
922 1853 1183 1912 quantum
1242 1845 1307 1897 ad
1354 1858 1593 1913 praesens
1627 1849 1864 1912 spectat,
1896 1841 2063 1896 etiam

492 1934 608 2005 ipsa
645 1935 799 1990 nobis
848 1936 1123 2004 allegoriae
1169 1950 1314 2004 pars,
1351 1951 1472 2005 quae
1516 1950 1731 2003 semper
1764 1946 1953 2005 patere
1980 1934 2061 1989 la-

492 2028 597 2080 tius
636 2026 793 2089 solet,
820 2025 872 2079 in
904 2037 1192 2094 augustum
1226 2026 1459 2093 cogitur.
1486 2025 1712 2093 Tamen,
1745 2036 1905 2095 prout
1940 2041 2066 2094 pos-

488 2132 695 2180 sumus,
728 2117 856 2186 quid
891 2120 1046 2172 nobis
1074 2117 1125 2170 in
1159 2117 1263 2171 hoc
1311 2116 1432 2171 loco
1463 2116 1738 2180 videatur,
1768 2115 2064 2181 explanare

490 2206 840 2264 tentabimus.
898 2207 1234 2277 Frequenter
1286 2207 1546 2271 diximus,
1595 2206 1738 2274 quod
1801 2207 1853 2260 in
1910 2204 2064 2261 Scri-

488 2294 662 2360 pturis
699 2296 903 2350 eisdem
950 2295 1247 2361 vocabulis,
1277 2295 1592 2364 eisdemque
1632 2295 1847 2361 ofﬁciis,
1883 2310 2061 2350 mem-

488 2387 584 2438 bra
649 2385 845 2439 animae
910 2386 1299 2450 nominentur,
1379 2387 1577 2455 quibus
1649 2395 1914 2451 utuntur,
1978 2385 2065 2440 vel

489 2474 829 2545 appellantur
889 2478 1136 2546 corporis
1193 2477 1459 2543 membra,
1530 2478 1679 2533 verbi
1741 2493 1929 2545 causa,
2006 2488 2065 2535 ut

489 2566 646 2637 167
697 2584 820 2622 cum
876 2569 1077 2623 dicitur
1106 2570 1152 2601 “
1184 2586 1197 2623 :
1234 2586 1252 2620 t
1296 2567 1457 2625 Vides
1506 2569 1770 2625 festucam
1802 2572 1854 2624 in
1894 2572 2055 2626 oculo

485 2658 675 2713 t‘ratris
709 2659 808 2722 tui,
837 2669 893 2715 et
937 2674 1065 2715 ecce
1094 2660 1146 2713 in
1202 2660 1362 2716 oculo
1390 2670 1481 2714 tuo
1526 2660 1717 2714 trabes
1742 2657 2005 2730 subiacet.
2037 2677 2056 2711 ι

486 2746 710 2803 Certum
735 2758 815 2804 est
849 2750 992 2804 enim
1017 2752 1160 2820 quod
1195 2766 1301 2807 non
1334 2752 1401 2807 de
1426 2750 1587 2805 ocnlo
1617 2751 1867 2821 corporis
1893 2751 2060 2817 dicat,

486 2837 541 2892 in
568 2854 681 2909 quo
711 2844 891 2897 trabes
913 2842 1117 2911 jaceat,
1148 2844 1244 2899 sed
1276 2844 1343 2897 de
1369 2843 1530 2897 oculo
1563 2843 1779 2898 animae.
1829 2842 1895 2897 Et
1933 2858 2056 2898 cum

482 2926 615 2986 dicit
647 2931 734 2986 "z
766 2951 783 2984 ι
817 2932 917 3000 Qui
942 2934 1103 2989 habet
1137 2950 1298 2989 aures
1316 2935 1588 3000 audiendi,
1611 2937 1871 3003 audiat;r
1894 2947 1949 2991 et
1973 2936 2052 2990 ἐς

486 3038 508 3077 ι
536 3024 711 3091 Quam
751 3026 984 3095 speciosi
1023 3028 1186 3094 pedes
1217 3028 1711 3097 evangelizantium
1755 3030 1975 3099 pacem!
2029 3048 2048 3081 ι

480 3127 535 3171 et
562 3117 727 3172 tmilta
792 3119 875 3172 his
913 3118 1134 3173 similia.
1170 3116 1297 3174 ilazc
1334 3129 1521 3174 autem
1561 3121 1765 3175 idcirco
1789 3121 2055 3191 praemisi-

485 3225 625 3270 mus.
662 3210 741 3264 uti
774 3224 840 3263 ne
871 3225 1037 3281 super
1064 3212 1431 3267 membrorum
1465 3227 1565 3267 nos
1594 3213 1872 3268 vocabulis
1899 3214 2054 3267 simi-

482 3299 653 3355 litudo
707 3304 1022 3358 conturbet.
1068 3303 1191 3358 Sint
1232 3320 1361 3376 ergo
1410 3308 1516 3361 duo
1563 3306 1663 3359 viri
1698 3306 1783 3361 isti
1825 3306 1915 3376 qui
1947 3306 2052 3359 liti-

481 3403 639 3459 gant,
695 3394 805 3449 duo
850 3396 1210 3464 disputantes,
1244 3397 1388 3451 etde
1430 3398 1779 3466 dogmatibus
1804 3398 1888 3453 vel
1918 3413 2057 3466 quae-

481 3484 752 3539 stionibus
799 3485 933 3555 legis
990 3502 1178 3543 secum
1236 3489 1469 3541 invicem
1522 3488 1933 3555 conquireutes,
1979 3498 2055 3555 et,

479 3586 543 3630 ut
576 3574 819 3645 Apostoli
874 3592 1126 3632 sermone
1170 3579 1438 3643 dicamus,
1471 3578 1713 3632 rixantes
1751 3578 1899 3633 circa
1931 3594 2055 3632 ver-

483 3668 679 3722 borqu
706 3683 937 3739 pugnas.
978 3668 1129 3725 Unde
1174 3681 1227 3724 et
1261 3672 1401 3727 idem
1444 3671 1737 3742 Apostolus
1768 3672 1945 3726 sciens
1975 3672 2057 3725 in-

481 3771 563 3815 ter
597 3761 794 3817 fratres
844 3763 1148 3828 huiusmodi
1195 3762 1319 3817 lites
1356 3777 1673 3834 exsurgere,
1705 3765 1973 3835 praecipit,
2004 3772 2059 3819 et

480 3854 613 3908 dicit
638 3853 683 3885 "
718 3872 733 3909 :
764 3873 783 3904 ι
844 3851 963 3908 Νυιί
1017 3856 1198 3909 verbis
1229 3857 1581 3920 contendere,
1626 3857 1692 3911 ad
1734 3856 1867 3910 nihil
1908 3857 2054 3910 enim

478 3945 614 3999 utile
645 3955 751 4012 est,
784 3945 889 3999 nisi
960 3945 1026 3999 ad
1080 3946 1487 4000 subversiouem
1527 3947 1900 4018 audientium;
1941 3967 1959 4001 ι
2002 3959 2057 4003 et

475 4037 605 4091 alibi
633 4040 713 4091 ἐς
760 4056 778 4088 ι
815 4038 1152 4103 ριιιῐεςιίοιιρε
1199 4048 1379 4093 autem
1431 4039 1561 4109 legis
1597 4040 1816 4104 devita,
1872 4040 2057 4095 sciens

477 4128 617 4196 quod
651 4137 912 4197 generant
936 4128 1074 4183 lites.
1101 4130 1332 4184 Servum
1364 4140 1545 4183 autem
1576 4130 1667 4184 Dei
1699 4148 1804 4184 non
1841 4141 2056 4201 oportet

481 4218 716 4287 litigare.
754 4238 773 4271 ι
810 4220 945 4286 Quia
976 4236 1108 4290 ergo
1161 4220 1249 4275 isti
1291 4221 1380 4289 qui
1433 4223 1486 4275 in
1521 4219 1912 4291 qua‘stiouibus
1942 4220 2053 4275 liti-

479 4318 629 4378 gant,
656 4311 725 4364 ad
768 4313 1179 4367 subversioucm
1209 4312 1545 4367 audientium
1577 4312 1817 4382 litigant,
1850 4312 2054 4368 idcirco

2173 477 2536 546 praamisimus
2573 478 2847 546 quomodo
2917 476 3283 531 membrorum
3333 478 3747 548 appellationem

2170 569 2450 637 suscipere
2474 569 2694 633 debeas,
2729 578 2786 621 ut
2822 570 3045 623 recedas
3091 582 3121 620 a
3166 570 3445 638 corporeis
3475 570 3746 636 sensibus,

2169 670 2226 715 et
2249 659 2528 716 interioris
2557 660 2791 715 hominis
2836 660 3022 728 capias
3071 659 3429 718 intellectum.
3470 659 3528 715 Si
3565 671 3747 716 autem

2172 750 2252 804 vis
2283 760 2340 804 ut
2369 750 2548 805 adhuc
2577 757 2631 805 et
2658 752 2709 805 in
2743 752 2846 806 hoc
2863 751 2929 806 de
2955 750 3253 820 Scripturis
3276 751 3370 805 tibi
3390 752 3747 818 satisfaciam,

2171 842 2296 894 audi
2354 842 2676 910 Apostolqu
2736 846 3011 900 dicentem
3043 846 3085 877 "
3119 863 3133 900 :
3163 864 3181 898 ι
3224 845 3405 900 Filioli
3438 843 3566 909 mei,
3612 859 3751 913 quos

2170 932 2367 987 iterum
2396 935 2661 1003 parturio,
2684 935 2857 989 donec
2881 936 3153 992 formetur
3174 936 3424 993 Christus
3454 938 3504 989 in
3535 937 3744 991 vobisa

2168 1023 2399 1079 Perfeeti
2430 1040 2562 1094 ergo
2593 1035 2720 1080 sunt
2741 1036 2797 1081 et
2832 1028 2935 1083 viri
2968 1029 3162 1095 fortes,
3187 1028 3281 1099 qui
3308 1028 3491 1083 statim
3533 1036 3591 1084 ιιι
3618 1042 3750 1083 con-

2168 1115 2398 1183 cipiunt,
2458 1116 2699 1183 pariunt,
2730 1116 2785 1171 id
2817 1128 2921 1184 est,
2948 1120 3040 1189 qui
3094 1129 3415 1189 conceptum
3450 1120 3574 1173 ﬁdei
3619 1134 3744 1174 ver-

2168 1198 2292 1252 bum
2333 1199 2384 1254 iu
2430 1215 2593 1269 opera
2646 1203 2979 1270 producunt.
3010 1204 3203 1259 Anima
3252 1215 3435 1259 autem
3464 1220 3585 1273 quae
3608 1221 3742 1261 con-

2169 1291 2334 1358 cepit,
2360 1302 2413 1345 et
2436 1292 2489 1345 in
2524 1304 2712 1348 ventre
2740 1295 2962 1360 retinet,
3000 1305 3057 1350 et
3088 1313 3192 1352 non
3230 1298 3394 1366 parit,
3424 1297 3521 1353 ista
3553 1299 3747 1355 mulier

2168 1383 2490 1452 appellatur,
2541 1385 2685 1439 sicut
2731 1395 2787 1441 et
2846 1389 3109 1457 propheta
3159 1390 3290 1445 dicit
3321 1390 3413 1443 5':
3460 1408 3481 1440 ι
3522 1390 3741 1445 Dolores

2169 1484 2354 1543 partus
2386 1475 2721 1530 advenerunt
2755 1478 2828 1543 ei,
2857 1486 2910 1533 et
2942 1480 3111 1535 virtus
3165 1482 3412 1551 pariendi
3454 1498 3557 1536 non
3582 1485 3743 1538 estin

2167 1577 2255 1617 ea.
2304 1582 2322 1615 ι
2362 1564 2485 1619 llaec
2530 1579 2659 1637 ergo
2719 1567 2923 1631 anitua,
2959 1583 3080 1637 qua:
3128 1585 3270 1623 nunc
3304 1571 3748 1639 proinlirmitate

2170 1652 2253 1705 sui
2284 1653 2477 1707 mulier
2508 1655 2830 1724 appellatur,
2862 1657 3069 1712 duobus
3112 1659 3257 1712 inter
3287 1676 3346 1714 se
3406 1661 3749 1728 litigantibus

2101 1744 2144 1799 Β
2177 1742 2327 1808 viris,
2363 1745 2494 1797 etin
2526 1747 2822 1800 certamine
2855 1749 3110 1802 scandala
3147 1750 3575 1819 proferentibus,
3608 1752 3747 1820 quod

2172 1832 2374 1888 habere
2398 1849 2613 1904 semper
2646 1838 2939 1893 verborum
2997 1842 3274 1896 contentio
3302 1842 3459 1907 solet,
3508 1844 3736 1913 percuti-

2172 1934 2261 1979 tur
2283 1936 2339 1980 et
2388 1928 2819 1995 scandalizatur,
2852 1931 2921 1984 ita
2957 1940 3016 1986 ut
3054 1934 3275 1988 verbum
3311 1936 3457 2001 lidei,
3485 1937 3631 2005 quod
3665 1947 3740 1991 te-

2168 2019 2353 2072 nuiter
2406 2030 2755 2089 conceperat,
2791 2022 3017 2090 abjiciat
3065 2034 3118 2080 et
3164 2027 3374 2095 perdat,
3420 2040 3475 2082 et
3518 2029 3635 2083 hac
3663 2039 3748 2084 est

2171 2106 2239 2162 lis
2270 2117 2325 2163 et
2351 2112 2636 2165 contentio
2661 2113 2727 2165 ad
2759 2114 3100 2169 eversionem
3128 2117 3492 2175 audientium.
3524 2120 3582 2174 Si
3613 2135 3745 2190 ergo

2171 2201 2412 2253 nondum
2440 2200 2730 2256 formatum
2764 2203 2946 2257 anima
2983 2221 3105 2274 quae
3127 2209 3494 2263 scandalizata
3521 2221 3628 2279 est,
3648 2213 3746 2265 ab-

2160 2288 2359 2356 jeeerit
2400 2293 2647 2361 verbum,
2702 2294 2794 2363 qui
2848 2296 3279 2363 scamlalizavit,
3320 2301 3576 2355 damnum
3618 2303 3744 2357 dici-

2167 2390 2255 2433 tur
2286 2381 2418 2450 pati.
2475 2382 2569 2437 Vis
2600 2384 2744 2438 scire
2767 2386 2893 2454 quia
2930 2395 3013 2439 est
3060 2386 3111 2440 in
3143 2386 3416 2458 aliquibus
3447 2391 3740 2444 formatum

2166 2472 2418 2540 verbum,
2453 2474 2505 2529 in
2527 2474 2795 2544 aliquibus
2822 2474 3059 2529 uoudmn
3094 2477 3419 2532 formatum?
3450 2479 3740 2536 Evidenter

2163 2579 2259 2620 nos
2290 2564 2449 2619 docet
2476 2566 2717 2637 Apostoli
2762 2583 2964 2631 sermo,
2999 2584 3162 2638 quem
3198 2586 3359 2640 supra
3408 2572 3733 2626 memoravi-

2166 2672 2307 2721 mus,
2365 2673 2488 2712 cum
2543 2661 2620 2713 ait
2658 2660 2703 2691 ⁸⁸
2739 2677 2754 2714 :
2788 2677 2806 2712 ι
2845 2660 3025 2715 Donec
3082 2660 3354 2716 formetur
3380 2662 3634 2718 Christus
3681 2663 3733 2717 in

2162 2750 2338 2804 vobis.
2371 2769 2388 2802 ι
2413 2751 2665 2806 Christus
2698 2763 2878 2805 autem
2908 2762 2995 2807 est
3032 2751 3269 2807 Verbum
3307 2753 3426 2808 Dei.
3466 2753 3569 2808 Per
3592 2755 3738 2824 quod

2159 2842 2417 2907 ostendit,
2446 2843 2575 2911 quia
2617 2858 2682 2897 eo
2712 2852 2955 2914 tempore
3003 2859 3110 2913 quo
3155 2846 3449 2908 scribebat,
3483 2847 3722 2899 nondum

2158 2943 2276 2987 erat
2309 2934 2361 2985 in
2414 2933 2521 2988 illis
2584 2935 2871 2988 lbrruatum
2923 2935 3153 2990 Verbqu
3190 2938 3303 2991 Dei.
3339 2936 3395 2991 Si
3427 2952 3560 3006 ergo
3596 2953 3733 2991 non-

2162 3025 2287 3076 dum
2332 3024 2626 3079 formatum
2652 3028 2867 3088 exierit,
2904 3027 3159 3080 damnum
3197 3027 3448 3096 patietur.
3484 3029 3560 3088 De
3586 3029 3733 3082 dant-

2164 3117 2247 3169 nis
2281 3118 2562 3171 doctorum
2594 3119 2759 3173 etiam
2790 3119 3084 3188 Apostolus
3120 3120 3299 3185 docet,
3330 3136 3453 3173 cum
3487 3119 3616 3175 dicit
3645 3119 3732 3175 “:

2165 3226 2183 3260 ι
2216 3207 2271 3263 Si
2298 3209 2452 3275 cujus
2512 3220 2693 3264 autent
2739 3226 2876 3280 opus
2909 3213 3132 3275 arserit,
3168 3211 3427 3264 damnum
3480 3211 3735 3280 patietur.

2160 3299 2279 3367 ipse
2305 3310 2486 3353 autem
2512 3299 2694 3354 salvus
2727 3302 2852 3363 erit,
2885 3300 2964 3355 sic
2987 3309 3163 3354 tamen
3194 3302 3348 3370 quasi
3370 3317 3468 3371 per
3498 3303 3732 3370 ignem.)

2161 3390 2267 3445 Sed
2296 3400 2349 3444 et
2384 3392 2639 3447 Dominus
2672 3392 2724 3446 in
2761 3391 3064 3460 Evangeliis
3113 3393 3247 3447 dicit
3275 3394 3320 3426 “
3348 3393 3539 3460 :tQuid
3585 3392 3734 3447 enim

2160 3482 2388 3554 prodest
2427 3483 2657 3549 homini,
2694 3484 2743 3537 si
2786 3486 3099 3539 universum
3154 3486 3417 3539 mundum
3474 3484 3736 3551 lucretur,

2162 3575 2397 3628 animam
2429 3583 2612 3631 autem
2644 3591 2798 3630 suam
2832 3576 3049 3646 perdat,
3082 3585 3176 3631 aut
3202 3576 3461 3631 damnum
3492 3575 3729 3630 faciat'h

2160 3668 2313 3723 Unde
2370 3667 2587 3722 videtur
2630 3670 2843 3725 ostendi
2899 3671 3044 3738 quod
3108 3670 3355 3738 quardam
3403 3679 3627 3738 peccata
3665 3669 3734 3722 ad

2159 3758 2417 3813 damnum
2450 3760 2669 3829 quidem
2725 3761 3056 3830 pertineant,
3090 3777 3193 3815 non
3225 3771 3407 3816 tamen
3434 3761 3499 3814 ad
3553 3760 3728 3813 inter-

2160 3850 2336 3915 itum;
2396 3852 2521 3918 quia
2550 3850 2642 3919 qui
2673 3855 2928 3906 damnum
2964 3869 3165 3923 passus
3196 3851 3382 3917 fuerit,
3416 3852 3529 3920 ipse
3555 3858 3731 3903 tamen

2158 3940 2351 3993 salvari
2397 3940 2622 4004 dicitur,
2677 3941 2806 3995 licet
2846 3959 2942 4012 per
2992 3947 3192 4015 ignem.
3252 3943 3407 3999 Unde
3462 3945 3630 3999 credo
3679 3952 3736 3998 et

2158 4030 2401 4085 Joannes
2426 4031 2706 4100 apostolus
2762 4037 2811 4086 iu
2841 4034 3084 4103 Epistula
3116 4052 3213 4091 sua
3241 4037 3287 4067 “
3319 4037 3450 4090 dicit
3485 4038 3732 4106 quantam

2157 4137 2279 4177 esse
2324 4132 2547 4189 peccata
2595 4123 2663 4177 ad
2716 4135 2974 4190 mortem,
3034 4130 3280 4195 quaedam
3341 4144 3448 4182 non
3501 4142 3619 4182 esse
3662 4128 3729 4183 ad

2159 4224 2411 4266 mortem.
2457 4212 2589 4279 Qua:
2636 4225 2820 4270 autem
2861 4218 2972 4271 sint
3019 4220 3230 4287 species
3270 4229 3617 4288 peccatorum
3661 4219 3732 4275 ad

2161 4315 2412 4370 mortem,
2437 4322 2558 4375 qua:
2586 4321 2716 4362 vero
2753 4308 2939 4363 nonad
2965 4321 3221 4375 mortem,
3241 4314 3334 4365 sed
3359 4312 3423 4365 ad
3448 4312 3732 4375 damnum,

476 4404 787 4467 ροτροιίυηι
841 4408 1125 4461 “umorem
1188 4416 1583 4477 pmgnmnmn,
1613 4417 1673 4462 ει
1712 4406 1939 4477 ejicium
1965 4409 2048 4462 ίη..
2088 4428 2130 4489 Β
2164 4414 2268 4453 non
2289 4407 2419 4467 puto
2450 4398 2661 4454 l'acilea
2683 4414 2953 4469 quoquam
2980 4400 3257 4456 hominum
3286 4418 3446 4472 posse
3465 4403 3729 4457 discerni.

476 4492 677 4547 fantem
700 4495 839 4564 ejus,
875 4497 956 4551 vel
990 4497 1279 4551 formatum
1310 4498 1444 4566 jam,
1469 4498 1550 4553 vel
1578 4499 1814 4552 nondum
1850 4498 2053 4554 forma-

474 4590 609 4638 tum.
666 4585 856 4641 Mulier
897 4603 1186 4656 praegnans
1225 4588 1427 4642 dicitur
1467 4591 1669 4655 anima,
1714 4603 1835 4658 qua:
1874 4605 2051 4657 nuper

473 4673 571 4729 Dci
616 4676 868 4745 concepit
908 4678 1154 4732 verbum.
1208 4679 1281 4731 De
1322 4676 1419 4729 tali
1468 4687 1650 4732 autem
1693 4679 2051 4746 conceptione

476 4765 706 4838 h-gimus
756 4768 808 4821 in
863 4768 971 4823 alio
1001 4769 1120 4823 loco
1151 4771 1414 4841 scriptum
1445 4770 1527 4822 li9:
1564 4787 1583 4821 ι
1623 4771 1666 4822 Δ
1702 4770 1893 4825 timore
1931 4780 2043 4832 tuo,

476 4853 721 4923 Domine,
755 4857 807 4911 itt
835 4868 986 4912 utero
1010 4860 1385 4928 concepimus,
1413 4869 1465 4915 et
1508 4861 1837 4929 peperimus.
1880 4877 1898 4910 ι
1940 4858 2041 4923 Qui

472 4963 603 5017 ergo
630 4950 961 5019 concipiunt,
994 4958 1048 5004 et
1078 4950 1262 5005 statim
1288 4952 1532 5020 pariunt,
1556 4952 1640 5005 isti
1665 4966 1764 5005 nec
1786 4951 2043 5005 mulieres

470 5039 817 5093 existimandi
846 5051 995 5105 sunt,
1027 5039 1121 5097 sed
1154 5042 1277 5107 viri,
1311 5052 1364 5095 et
1384 5042 1613 5111 perfecti
1641 5043 1764 5095 viri.
1801 5040 2045 5111 Denique

473 5130 597 5184 audi
634 5140 685 5183 et
713 5135 1033 5201 prophetam
1081 5134 1348 5187 dicentem
1374 5135 1452 5188 ⁸⁰ς
1491 5151 1509 5185 ι
1542 5134 1598 5189 Si
1647 5134 1859 5203 peperit
1898 5142 2041 5187 terra

475 5222 527 5274 lu
552 5239 659 5275 una
688 5224 797 5285 die,
854 5233 911 5279 et
941 5236 1067 5280 nata
1096 5237 1178 5281 est
1224 5243 1356 5299 gens
1397 5228 1465 5281 de
1497 5226 1683 5281 semel.
1722 5244 1742 5277 ›
1780 5226 1887 5281 lsta
1916 5241 2043 5295 ergo

472 5324 558 5369 est
590 5316 876 5385 generatio
929 5319 1296 5386 perfectorum
1362 5336 1482 5389 qua:
1517 5320 1698 5374 statim
1724 5320 1822 5373 sub
1845 5320 1952 5384 die,
1986 5328 2044 5373 ut

470 5414 736 5477 Concepta
764 5408 949 5475 fuerit,
978 5413 1243 5466 nascitur.
1280 5412 1477 5467 Verum
1524 5428 1590 5466 uc
1618 5412 1710 5466 tibi
1736 5428 1929 5465 novum
1964 5413 2042 5465 vi-

484 5526 492 5609 ",
541 5537 586 5569 ε»
620 5539 807 5593 anan.
856 5559 951 5605 νιι,
1003 5543 1056 5606 5,
1092 5543 1142 5595 4.
1221 5546 1265 5575 ιδ
1312 5545 1499 5600 Matth.
1534 5562 1650 5609 xm,
1703 5546 1753 5599 9.

472 5598 558 5662 Ν.
638 5612 681 5640 ⁸ο
712 5609 814 5664 lsa.
849 5598 992 5675 uri,
1021 5598 1075 5666 8.
1152 5616 1191 5643 θ’
1224 5616 1340 5668 Cal.
1364 5598 1551 5678 milli.

475 5689 580 5745 ιιι,
619 5680 707 5733 26.
784 5681 830 5712 εδ
864 5680 1058 5737 lJoan.
1095 5699 1147 5749 v,
1186 5685 1269 5739 lb‘.
1354 5687 1393 5717 ετ
1448 5685 1587 5740 l‘sal.
1642 5702 1793 5753 xvttt,
1831 5687 1911 5740 13.

1833 5548 1878 5577 ⁵⁶
1912 5548 2011 5599 lsa.
2042 5562 2138 5605 LII,
2164 5546 2218 5598 ’7.

1667 5616 2071 5675 “lsaxxxvu,
2133 5617 2185 5667 5,
2265 5616 2309 5645 ⁸³
2357 5615 2532 5666 (ἶδΙέιι.
2586 5630 2655 5671 ιν,
2729 5617 2810 5669 i‘J.

1990 5686 2033 5717 ⁸⁸
2064 5687 2255 5742 Matth.
2281 5700 2407 5740 xxv.

2162 4491 2434 4558 Scriptum
2470 4505 2704 4560 namque
2740 4502 2825 4545 est
2852 4492 2973 4546 “1::
3008 4492 3213 4547 Delicta
3246 4494 3369 4562 quis
3393 4492 3682 4562 intelligit?
3704 4511 3725 4544 ι

2161 4581 2545 4635 Verumtamen
2583 4595 2649 4635 ex
2680 4581 2762 4634 his
2789 4596 2913 4649 qua:
2934 4583 2986 4636 in
3012 4583 3311 4653 Evangelio
3334 4600 3427 4653 per
3446 4584 3731 4653 parabolas

2158 4672 2492 4736 referuntur,
2527 4686 2596 4725 ex
2648 4681 2801 4739 parte
2829 4673 3009 4743 aliqua
3054 4690 3387 4745 cognoscere
3440 4690 3731 4745 possumus

2155 4763 2456 4830 cuiusmodi
2503 4763 2632 4828 sint,
2668 4780 2789 4833 quae
2822 4767 3013 4821 damna
3069 4767 3442 4833 nominantur,
3479 4782 3599 4821 cum
3650 4768 3725 4820 ibi

2156 4857 2352 4910 iterum
2375 4856 2659 4910 videamus
2687 4861 2753 4911 ad
2787 4859 2996 4913 lucrum
3029 4861 3275 4929 deputari
3315 4860 3582 4929 quaedam,
3607 4873 3732 4927 qua:

2156 4965 2254 5018 per
2285 4950 2710 5019 negotiationem
2744 4951 2972 5019 quaesita
3008 4951 3284 5005 dicuntur.
3322 4951 3483 5005 Verbi
3528 4952 3728 5019 gratia,

2157 5055 2280 5094 eum
2311 5042 2618 5095 referuntur
2641 5057 2803 5109 super
2826 5044 3065 5111 quinque
3099 5058 3252 5098 muas
3294 5044 3574 5110 acquisita:
3606 5054 3730 5093 esse

2155 5134 2276 5189 aliae
2311 5134 2572 5203 quinque,
2600 5134 2866 5202 velsuper
2887 5134 3333 5202 duas-acquisita:
3362 5134 3481 5186 alia:
3506 5133 3623 5185 dua:
3642 5130 3724 5186 ⁶⁸ε

2152 5236 2245 5281 aut
2273 5243 2394 5281 cum
2437 5228 2718 5295 drachma,
2770 5230 2851 5283 vel
2881 5230 3161 5293 denarius,
3219 5228 3300 5282 vel
3340 5226 3600 5279 talentum
3630 5239 3728 5292 po-

2153 5320 2321 5383 nitur,
2352 5328 2404 5372 et
2430 5319 2584 5387 quasi
2618 5320 2841 5386 pecunia
2880 5321 3126 5388 quasdam
3172 5321 3225 5373 in
3261 5327 3469 5387 quaestu
3496 5331 3725 5383 operum

2152 5413 2496 5468 itotuiuatur;
2528 5409 2618 5464 sed
2645 5421 2697 5464 et
2729 5426 2851 5464 cum
2895 5411 3099 5465 dicitur
3142 5409 3185 5441 ⁸³
3211 5409 3603 5481 paterfamilias
3627 5424 3723 5476 po-

2296 5546 2338 5575 ⁵⁷
2375 5543 2412 5596 ll
2462 5543 2600 5597 Tim.
2632 5561 2689 5607 ιι,
2728 5545 2812 5596 H.
2891 5546 2935 5575 ⁸⁸
2968 5546 3096 5601 ibid.
3156 5546 3249 5601 93.
3350 5546 3396 5578 ¹⁹
3425 5546 3523 5600 Ικτι-
3572 5558 3722 5607 “Vl-

2296 5617 2309 5645 ³
2357 5615 2532 5666 Calat.
2586 5630 2655 5668 IV.
2729 5617 2810 5668 l9.
2889 5616 2932 5647 ⁵³
2967 5617 3124 5668 lCor.
3172 5632 3251 5668 ιιι.
3296 5618 3380 5668 15.
3458 5614 3502 5647 εδ
3527 5612 3718 5668 Matth.

2494 5624 2532 5665 ι.
2586 5630 2655 5671 ιν,
2729 5617 2810 5669 l‘J.
2889 5617 2932 5647 ⁵³
2967 5617 3124 5672 lCor.
3172 5632 3251 5683 ιιι,
3296 5618 3380 5672 l5.
3458 5617 3502 5647 τε
3527 5617 3718 5669 i‘datth.

2488 5684 2528 5714 δ’
2556 5683 2741 5739 Matth.
2776 5701 2925 5739 XVIII.
