4122 6248
374 241 485 303 573

1566 248 1629 305 IN
1669 249 1956 308 EXODUM
1991 250 2272 310 HOMILIA
2309 251 2401 307 XI.

3517 249 3629 307 5ῗῦ

378 379 511 420 nere
537 364 805 420 rationem
834 381 954 426 cum
979 367 1150 425 servis
1177 369 1314 435 suis,
1351 379 1404 425 et
1435 368 1659 426 offertur
1687 373 1736 427 ei
1779 389 1942 439 unus,
1976 381 2018 438 Α
2052 374 2166 439 Dei,
2197 374 2476 428 auferatur
2506 372 2640 428 deus
2686 374 2824 440 eius,
2853 374 2944 442 qui
2992 389 3096 428 non
3133 377 3268 428 bene
3309 372 3620 442 Scriptura-

376 457 470 526 qui
510 456 746 512 debebat
771 460 953 514 decem
981 460 1148 514 millia
1190 461 1411 516 talenta.
1457 463 1603 519 Talis
1638 479 1772 534 ergo
1801 481 1948 535 qua:-

376 550 501 603 dam
536 549 677 604 ratio
703 549 882 605 damni
908 561 992 607 est
1017 566 1034 606 :
1061 565 1138 618 ut,
1165 553 1318 608 verbi
1341 555 1536 622 gratia,
1562 557 1651 625 qui
1679 572 1780 626 pro
1808 572 1951 612 mer-

378 639 512 694 cede
543 655 640 695 sua
669 650 992 708 accepturus
1011 652 1131 697 erat
1153 644 1337 698 decem
1366 661 1543 711 mnas,
1570 662 1676 700 non
1714 648 1950 715 accipiat

380 731 593 796 decem,
619 731 712 784 sed
740 740 885 796 octo,
911 731 993 786 vel
1021 747 1138 797 sex,
1175 742 1267 788 aut
1304 734 1466 788 etiam
1501 736 1683 792 minus
1715 752 1730 788 :
1757 747 1814 792 et
1843 739 1946 794 hoc

383 822 580 876 damno
609 823 816 892 percuti
872 822 1074 879 dicitur
1123 825 1189 893 is,
1217 825 1310 895 qui
1343 840 1564 882 causam
1590 828 1833 884 scandali
1865 829 1946 883 iu-

388 911 612 967 firmiori
645 920 699 966 et
727 913 974 970 muliebri
1018 917 1249 985 prmbuit
1275 916 1488 972 animm.

448 1002 504 1057 4.
537 1002 697 1058 Dabit
753 1013 954 1072 autem,
999 1007 1170 1076 inquit
1209 1007 1278 1072 ⁷ο,
1319 1009 1618 1062 secundum
1656 1009 1803 1078 quod
1859 1009 1946 1064 in-

377 1093 619 1159 dixerit,
683 1095 766 1150 vel
821 1096 1140 1168 imposuerit
1170 1097 1252 1152 vir
1295 1098 1449 1168 ejus,
1509 1109 1565 1154 et
1616 1099 1768 1154 dabit
1823 1114 1945 1155 cum

383 1182 612 1236 honore.
668 1181 878 1238 A'nimte
939 1184 1198 1240 discentis
1232 1187 1338 1252 vir,
1389 1187 1652 1258 magister
1685 1189 1800 1260 (59)
1829 1189 1947 1260 ejus

377 1280 494 1337 est;
528 1272 824 1327 secundum
886 1273 1028 1342 quod
1077 1274 1338 1330 indiverit
1367 1291 1497 1346 ergo
1551 1277 1636 1331 vir
1678 1278 1806 1342 iste,
1861 1277 1944 1334 vel

377 1357 628 1414 Christus
670 1361 759 1428 qui
804 1363 1047 1415 omnium
1099 1362 1358 1431 magister
1398 1372 1502 1427 est,
1559 1364 1646 1419 vel
1697 1367 1793 1435 qui
1845 1380 1946 1431 pro

379 1449 604 1504 Christo
633 1450 892 1506 Ecclesia:
922 1460 1121 1522 praeest
1149 1453 1342 1509 doctor
1373 1453 1704 1521 animarum,
1729 1456 1817 1510 ille
1855 1457 1948 1527 qui

379 1539 445 1592 ad
474 1538 886 1595 subversionem
913 1541 1256 1597 audientium
1293 1543 1475 1598 verbis
1507 1543 1823 1611 contendit,
1854 1560 1950 1614 pa-

379 1632 542 1685 tietur
571 1631 826 1686 damnum
855 1647 952 1701 pro
979 1633 1160 1686 anima
1192 1631 1305 1699 illa,
1330 1648 1448 1702 quae
1478 1635 1713 1689 nondum
1741 1635 1945 1690 forma-

2053 479 2171 518 rum
2223 462 2540 518 comminuit
2587 472 2642 518 et
2695 462 2905 517 attrivit
2951 463 3116 517 cibos.
3164 463 3432 517 Fortassis
3473 464 3616 518 enim

2049 565 2272 624 propter
2302 555 2402 610 hoc
2426 565 2478 609 et
2515 554 2644 608 alibi
2685 554 2883 609 dicitur
2915 568 2944 608 a
2984 554 3205 608 Domino
3239 555 3323 608 ’δε
3357 571 3376 606 ι
3415 555 3616 610 Dentes

2050 653 2397 713 peccatorum
2433 642 2758 698 contrivisti.
2795 659 2814 694 ν
2845 642 2908 696 Ει
2937 641 3066 696 alibi
3104 641 3452 698 nihilominus
3473 645 3609 699 scri-

2050 733 2197 788 bitur
2225 734 2274 764 "
2310 749 2325 785 :
2358 749 2378 784 α
2417 733 2516 799 Qui
2568 732 2862 787 manducat
2894 746 3058 785 unam
3111 731 3387 794 acerbam,
3431 733 3616 788 obstu-

2049 831 2270 890 pescent
2311 823 2504 877 dentes
2533 819 2672 889 ejus.
2706 840 2726 874 ι
2762 821 2827 875 Et
2870 819 2998 873 alibi
3029 821 3113 876 ’σε
3158 838 3176 872 ι
3209 819 3377 874 Melas
3402 820 3615 875 leonum

2048 910 2352 982 confringet
2398 909 2510 982 (63)
2565 911 2844 966 Dominus.
2903 929 2922 964 ι
2955 909 3046 966 Sic
3081 923 3210 978 ergo
3247 926 3345 980 per
3373 912 3614 963 membra

2050 1002 2258 1056 dicitur
2314 1001 2434 1057 laedi
2484 1005 2664 1056 anima
2689 1010 2743 1057 et
2775 1002 3009 1072 percuti,
3035 1017 3252 1055 manum
3275 1016 3490 1070 quoque
3519 1015 3617 1069 pro

2051 1106 2220 1144 manu
2267 1101 2322 1145 et
2374 1091 2562 1159 pedem
2609 1105 2708 1159 pro
2745 1092 2883 1162 pede
2929 1092 2980 1146 dt
2997 1089 3264 1160 poscitur.
3313 1089 3502 1145 Manus
3533 1102 3620 1145 est-

2050 1179 2249 1234 animae
2304 1180 2495 1246 virtus,
2553 1195 2656 1250 qua
2693 1192 2877 1236 tenere
2911 1180 3119 1249 aliquid
3146 1188 3201 1235 et
3240 1181 3620 1249 constringere

2049 1281 2252 1340 potest,
2303 1272 2448 1326 velut
2499 1272 2546 1326 si
2583 1272 2829 1327 dicamus
2879 1280 3033 1326 actus
3059 1270 3201 1340 ejus,
3227 1279 3283 1325 et
3316 1269 3616 1333 for;itudo;

2049 1371 2106 1419 ct
2136 1379 2231 1434 pes
2252 1377 2361 1432 quo
2386 1363 2586 1418 incedit
2627 1363 2692 1418 ad
2751 1363 2891 1418 bona
2923 1363 3004 1418 vel
3037 1362 3198 1416 mala.
3232 1362 3366 1429 Quia
3389 1377 3526 1433 ergo
3570 1365 3615 1418 si

2050 1453 2362 1508 scandalum
2388 1454 2632 1524 patiatur
2661 1454 2868 1520 anima,
2912 1471 3020 1510 non
3055 1455 3228 1510 solum
3272 1455 3325 1509 in
3357 1456 3481 1522 fide,
3517 1455 3615 1510 sed

2050 1553 2105 1600 et
2128 1545 2179 1598 in
2196 1546 2409 1600 actibus
2433 1544 2706 1615 dejieitur,
2733 1547 2821 1614 qui
2842 1559 2939 1614 per
2964 1561 3179 1600 manum
3203 1545 3614 1615 significantur;

2049 1647 2101 1689 et
2136 1639 2299 1705 pedes
2338 1636 2658 1691 auferentur
2705 1637 2870 1702 illius,
2916 1637 3006 1706 qui
3054 1635 3445 1690 olfendiculum
3477 1651 3616 1706 prac-

385 1733 497 1776 tnm
531 1723 728 1792 abiecit
776 1724 1060 1780 infantem.
1110 1722 1262 1790 Quod
1293 1732 1469 1790 potest
1504 1723 1643 1778 forte
1675 1725 1742 1779 de
1781 1741 1939 1780 scan-
1976 1707 2016 1761 Β
2045 1728 2182 1791 buit,
2208 1737 2264 1780 ct
2295 1741 2487 1781 manus
2534 1727 2733 1796 quibus
2763 1741 2867 1780 non
2899 1727 3034 1780 bene
3057 1735 3334 1795 operatur,
3361 1735 3414 1778 et
3450 1727 3613 1793 pedes

377 1814 503 1868 Italo
548 1814 928 1868 catechmneni
977 1815 1146 1884 accipi
1199 1815 1438 1868 nondum
1481 1811 1718 1870 formati.
1757 1817 1941 1871 Potest

377 1903 522 1955 enim
557 1902 696 1969 fieri,
731 1912 788 1957 ut
834 1919 1048 1957 rursum
1083 1905 1194 1974 ipse
1235 1903 1326 1972 qui
1379 1903 1535 1965 laesit,
1571 1905 1827 1969 instruat,
1855 1921 1940 1960 re.

381 2003 551 2059 paret,
591 1995 839 2061 restituat
867 1995 1061 2048 anima:
1091 2009 1152 2048 ea
1179 2009 1297 2063 qua:
1323 1995 1579 2064 perdidit,
1605 2003 1659 2050 et
1685 1996 1800 2050 haec
1830 1994 1939 2064 iam

379 2083 540 2138 faciet
593 2099 714 2140 eum
749 2085 977 2151 honore,
1017 2099 1138 2142 cum
1173 2086 1464 2151 modestia,
1492 2101 1613 2141 cum
1642 2086 1936 2157 patientia;

377 2177 832 2248 sieutApostolus
886 2179 1046 2249 168
1097 2179 1228 2234 dicit
1260 2179 1304 2210 "
1337 2193 1352 2232 :
1393 2197 1412 2230 ι
1449 2179 1581 2234 Cum
1631 2193 1938 2238 mansuetu-

374 2270 500 2325 dine
529 2271 827 2339 corripiens
849 2286 967 2336 eos,
1000 2271 1091 2340 qui
1135 2271 1396 2326 resistunt
1430 2269 1578 2342 (60);
1611 2289 1628 2322 ι
1667 2287 1772 2326 non
1818 2288 1937 2328 cum

374 2357 490 2422 lite,
517 2359 657 2412 sicut
691 2358 860 2426 prius,
887 2375 1010 2412 cum
1043 2359 1367 2414 scandalum
1413 2360 1614 2414 intulit.
1656 2379 1676 2412 ο
1708 2360 1861 2427 Quod
1891 2362 1936 2417 si

373 2442 642 2499 formatus
689 2444 802 2512 jam
863 2446 1020 2500 fuerit
1078 2448 1278 2516 infans,
1343 2448 1494 2502 dabit
1544 2449 1783 2504 animant
1842 2465 1939 2519 pro

374 2534 578 2588 anima.
618 2554 636 2587 ι
665 2534 952 2590 Formatns
996 2536 1172 2592 infans
1211 2546 1388 2608 potest
1431 2539 1600 2593 videri
1637 2553 1816 2593 sermo
1842 2539 1936 2594 Dei

373 2625 425 2678 in
457 2625 622 2680 corde
650 2625 766 2694 ejus
797 2628 1016 2692 animm,
1047 2643 1166 2700 qum
1215 2629 1444 2698 gratiam
1499 2629 1754 2699 baptismi
1803 2643 1935 2684 con-

376 2727 560 2772 secuta
607 2705 711 2784 est,
762 2718 844 2772 vel
889 2734 1007 2786 qua:
1056 2720 1357 2775 evidentius
1387 2728 1441 2775 et
1481 2719 1682 2775 clarius
1713 2721 1935 2774 verbum

376 2808 497 2863 fidei
546 2808 817 2878 concepit.
877 2810 1002 2865 ll.ec
1064 2825 1193 2879 ergo
1247 2809 1290 2865 si
1356 2811 1522 2896 nimia
1582 2810 1936 2866 contentione

370 2900 655 2956 doctorum
701 2913 956 2969 percussa
995 2897 1259 2967 abjecerit
1305 2901 1554 2964 verbum,
1613 2907 1668 2954 et
1717 2900 1933 2954 inventa

2044 1818 2244 1885 quibus
2269 1831 2373 1872 non
2401 1818 2538 1870 bene
2566 1815 2786 1870 incedit.
2824 1814 3064 1884 Recipiet
3096 1814 3260 1868 etiam
3299 1813 3614 1867 combustu-

2045 1921 2159 1960 ram
2191 1923 2289 1975 pro
2345 1906 2721 1969 combustura,
2763 1921 2868 1976 qua
2903 1905 3231 1970 combussit,
3262 1914 3317 1959 et
3348 1905 3611 1972 gehennae

2047 1999 2271 2052 tradidit
2311 1999 2570 2052 animam.
2625 1997 2732 2052 Per
2768 2012 2890 2066 qua:
2931 1997 3138 2066 singula
3188 1997 3513 2060 ostenditur,
3555 2005 3613 2050 ut

2045 2088 2149 2145 iste
2199 2101 2488 2157 percussor
2541 2087 2796 2140 omnibus
2862 2085 3208 2140 detruncatis
3256 2085 3532 2150 membris,
3571 2102 3601 2142 a

2044 2192 2276 2247 corpore
2326 2177 2613 2232 excidatur
2666 2175 2954 2239 Ecclesiae;
2998 2182 3055 2227 ut
3080 2173 3284 2238 exteri,
3325 2173 3497 2242 inquit
3541 2173 3609 2238 ",

2043 2269 2292 2323 videntes
2315 2269 2558 2322 timorem
2588 2265 2846 2330 habeant,
2885 2271 2938 2318 et
2960 2279 3066 2318 nou
3097 2261 3302 2316 faciant
3338 2261 3609 2315 similiter.

2041 2359 2246 2415 Idcirco
2273 2367 2327 2413 et
2359 2356 2645 2428 Apostolus
2670 2371 2792 2411 cum
2828 2355 3104 2411 doctorem
3134 2355 3394 2409 describit
3422 2353 3610 2408 Eccle-

2039 2449 2133 2504 siae
2158 2450 2224 2518 ⁷⁸,
2256 2449 2396 2504 inter
2423 2457 2616 2504 caetera
2637 2446 2881 2517 praecipit
2901 2459 3023 2500 eum
3043 2461 3149 2500 non
3179 2460 3300 2500 esse
3330 2459 3616 2514 percusso-

2041 2556 2175 2606 rem,
2195 2557 2261 2596 ue
2282 2540 2590 2611 percutiens
2617 2547 2954 2610 praegnantes
2978 2537 3249 2604 mulieres,
3265 2537 3473 2590 animas
3491 2536 3616 2589 insi-

2038 2631 2268 2703 pientes,
2287 2631 2701 2703 ponatanimam
2725 2645 2821 2700 pro
2838 2633 3040 2694 anlma,
3065 2627 3278 2682 oculum
3309 2643 3404 2697 pro
3430 2628 3610 2692 oculo,

2038 2723 2253 2778 dentem
2289 2739 2386 2793 pro
2415 2723 2596 2777 dente.
2642 2720 2801 2775 Tales
2847 2729 2975 2774 sunt
3008 2729 3062 2773 et
3100 2719 3203 2773 illa:
3242 2719 3436 2772 animae
3475 2734 3610 2787 quas

2036 2813 2541 2869 etiamDominusin
2566 2809 3028 2882 Evangeliodeﬂet
3056 2826 3179 2866 cum
3205 2810 3394 2864 dicit"
3427 2827 3479 2862 ει
3525 2807 3614 2863 Va

2038 2905 2440 2977 praegnantibus
2489 2913 2542 2960 et
2599 2903 2964 2958 nutrientibus
3001 2902 3054 2955 iII
3105 2901 3214 2955 illis
3241 2903 3452 2968 diebus,
3489 2921 3506 2952 ι
3554 2902 3606 2956 iIt

372 2990 539 3084 [ιιςτῖι
566 3004 687 3084 esse
713 2991 779 3044 de
805 2988 932 3084 illis,
967 2989 1032 3045 de
1066 2990 1266 3059 quibus
1289 2989 1505 3044 dicebat
1537 2989 1932 3084 Apostolusj':
1963 3027 2006 3084 ο
2039 2997 2237 3068 quibus
2293 2995 2837 3060 scandalizabuntur,
2893 3011 2911 3044 ι
2947 2993 2993 3048 si
3049 2992 3166 3047 fieri
3208 3000 3408 3062 potest,
3440 2992 3608 3046 etiam

376 3097 398 3133 ι
434 3080 550 3135 .lam
575 3081 716 3135 enim
755 3081 1000 3149 qmedam
1025 3094 1306 3136 conversae
1331 3090 1458 3136 sunt
1490 3091 1638 3137 retro
1669 3093 1790 3152 post
1833 3081 1935 3137 Sa-

374 3179 576 3237 tanam,
616 3187 634 3221 »
669 3169 903 3224 animam
935 3183 1036 3240 pro
1067 3169 1246 3223 anima
1301 3170 1471 3225 dabit.
1518 3171 1614 3225 Vel
1650 3172 1717 3227 de
1750 3173 1836 3227 die
1859 3171 1939 3240 ju-

371 3257 500 3313 dicii
524 3259 898 3329 accipiendum
930 3267 1014 3314 est
1050 3260 1190 3330 apud
1227 3261 1394 3315 Deum
1417 3259 1689 3329 judicem,
1715 3262 1806 3331 qui
1836 3278 1932 3332 po-

379 3361 490 3404 test
556 3352 792 3406 animam
829 3362 885 3407 et
935 3368 1130 3424 corpus
1187 3353 1415 3422 perdere
1471 3353 1522 3406 in
1585 3353 1933 3423 gehennam:

379 3447 502 3512 quia
533 3453 585 3498 et
615 3444 740 3499 alibi
769 3446 898 3501 dicit
919 3446 1178 3515 propheta
1213 3444 1278 3498 ad
1309 3443 1610 3498 Jerusalem
1638 3444 1684 3475 ⁷³
1713 3462 1726 3498 :
1760 3461 1779 3494 ε
1807 3445 1938 3500 Dedi

379 3534 860 3590 commutationem
921 3545 1072 3590 tuam
1128 3533 1442 3603 Egyptum,
1499 3532 1857 3604 IEthiapiam,
1885 3544 1938 3590 et

379 3625 596 3681 Soenen
645 3627 757 3699 (6f)
797 3641 899 3698 pro
962 3636 1031 3681 te.
1075 3645 1094 3678 ι
1158 3624 1253 3679 Vel
1297 3634 1445 3678 certe
1491 3635 1667 3695 potest
1693 3625 1940 3682 fortassis

373 3719 538 3775 etiam
566 3719 698 3774 illud
741 3719 936 3788 aptari,
981 3727 1037 3771 ut
1066 3717 1154 3786 qui
1186 3717 1286 3771 sibi
1329 3718 1580 3771 conscius
1615 3717 1748 3770 tanti
1783 3731 1943 3771 scan-

373 3812 482 3867 dali
519 3811 705 3877 fuerit,
744 3820 908 3879 ponat
956 3808 1194 3862 animam
1244 3823 1395 3862 suam
1426 3822 1524 3876 pro
1567 3806 1746 3860 anima
1775 3807 1940 3876 illius,

379 3919 545 3975 quem
618 3903 1096 3969 scandalizaverit,
1155 3909 1210 3955 et
1269 3914 1440 3969 usque
1483 3898 1550 3954 ad
1593 3907 1823 3954 mortem
1851 3900 1942 3956 det

367 4011 593 4064 Operam
625 3995 896 4067 quomodo
929 3993 1134 4059 redeat,
1163 3997 1437 4064 quomodo
1465 4000 1769 4064 reparetur,
1804 4007 1942 4062 quo.

369 4089 534 4143 modo
555 4087 877 4144 restituatur
901 4087 966 4140 ad
995 4085 1175 4140 fidem.
1201 4085 1373 4142 Ponat
1403 4087 1564 4141 etiam
1600 4084 1813 4142 oculum
1843 4099 1942 4154 pro

365 4178 555 4244 oculo,
605 4180 650 4234 si
695 4179 910 4235 oculum
963 4177 1100 4234 laesit
1143 4178 1361 4244 animae,
1395 4178 1446 4232 id
1480 4186 1563 4232 est
1601 4177 1938 4232 intellectum

364 4271 492 4339 ejus
518 4271 790 4335 turbavit;
848 4268 1127 4324 auferatur
1169 4269 1363 4326 oculus
1408 4268 1579 4338 ipsius
1631 4268 1697 4322 ab
1729 4282 1816 4334 eo,
1844 4267 1937 4335 qui

2038 3087 2220 3144 electi.
2257 3106 2276 3140 ι
2315 3086 2605 3142 Sciendum
2651 3095 2830 3139 tamen
2880 3093 2963 3138 est
3004 3084 3148 3153 quod
3209 3099 3314 3137 non
3358 3091 3441 3137 est
3489 3097 3611 3151 per-

2039 3177 2306 3233 fectorem
2340 3175 2734 3238 scandalizari,
2769 3174 2863 3229 sed
2887 3183 2981 3227 aut
3010 3173 3320 3238 mulierum,
3360 3183 3448 3226 aut
3485 3188 3611 3240 par-

2040 3267 2318 3330 vulorum,
2351 3267 2494 3322 sicut
2531 3275 2586 3320 et
2635 3265 2894 3320 Dominus
2943 3263 2995 3316 in
3029 3263 3320 3331 Evangelia
3361 3262 3562 3316 dicit“
3592 3279 3606 3316 :

2045 3376 2064 3410 ι
2105 3357 2162 3412 Si
2193 3357 2313 3426 quis
2334 3355 2788 3410 seandalizaverit
2824 3368 2992 3407 unum
3023 3353 3090 3406 de
3115 3351 3325 3419 pusillis
3357 3351 3475 3405 istis
3512 3351 3614 3404 Ini-

2042 3448 2225 3504 nimis.
2259 3467 2277 3500 I
2322 3446 2560 3502 Pusillus
2589 3460 2720 3516 ergo
2761 3453 2866 3510 est,
2897 3453 2952 3498 et
3003 3441 3289 3506 minimus,
3321 3442 3412 3510 qui
3454 3457 3614 3497 scan-

2041 3540 2262 3597 dalizari
2297 3548 2517 3610 potest:
2551 3557 2571 3591 I
2619 3535 2894 3608 Spiritalis
2943 3542 3123 3589 autem
3185 3532 3440 3602 diiudicat
3489 3549 3610 3588 om-

2044 3634 2128 3687 nia
2151 3634 2219 3700 ",
2255 3652 2273 3685 ι
2306 3632 2487 3687 omnia
2537 3631 2754 3701 probat,
2785 3637 2840 3685 et
2869 3629 3011 3698 quod
3056 3627 3255 3682 bonum
3291 3636 3392 3692 est,
3433 3626 3612 3681 conti-

2043 3732 2155 3786 net,
2179 3732 2232 3777 et
2259 3722 2326 3776 ab
2346 3721 2489 3775 omni
2521 3735 2580 3775 se
2609 3719 2789 3789 specie
2815 3719 2954 3773 mala
2991 3719 3249 3772 abstinet.
3270 3715 3416 3779 Haec,
3451 3726 3609 3784 prout

2043 3827 2330 3868 occurrere
2356 3819 2670 3882 potuerunt,
2721 3810 2774 3863 in
2802 3809 3057 3880 prmsenti
3094 3807 3332 3876 capitulo
3355 3809 3609 3863 diximus.

2044 3902 2338 3958 Poscamus
2387 3916 2514 3955 vero
2553 3915 2584 3953 a
2638 3900 2909 3966 Domino,
2951 3909 3009 3954 ut
3037 3916 3157 3970 quae
3200 3898 3437 3969 perfecta
3461 3909 3612 3964 sunt,

2046 3994 2161 4061 ipse
2203 3993 2357 4047 nobis
2421 3991 2666 4048 revelare
2712 3992 2963 4061 dignetur
2999 4005 3096 4062 per
3127 3989 3308 4046 Jesum
3335 3990 3611 4044 Christum

2044 4084 2327 4138 Dominum
2379 4093 2646 4149 nostrum,
2682 4084 2773 4140 eui
2832 4094 2917 4139 est
2947 4085 3117 4156 gloria
3155 4093 3210 4140 et
3243 4083 3528 4154 imperium
3559 4081 3619 4136 in

2043 4172 2239 4228 smeula
2274 4172 2620 4228 saeculorum.
2650 4173 2850 4228 Amen.

2623 4283 2904 4342 llOMlLIA
2935 4283 3029 4340 XI.

362 4359 632 4417 Ecclesia:
659 4366 872 4428 praeest,
898 4365 952 4412 et
997 4356 1308 4413 intellectus
1339 4354 1457 4424 ejus
1484 4355 1574 4412 ille
1598 4355 1939 4412 turbulentus

2048 4375 2124 4432 De
2149 4375 2239 4432 siti
2261 4375 2444 4447 populi
2465 4376 2516 4430 in
2531 4375 2819 4445 Raphidin,
2852 4387 2897 4431 et
2923 4378 3000 4447 de
3029 4373 3160 4429 bello
3179 4373 3612 4440 Amalecitarum,

361 4463 421 4507 et
458 4450 616 4506 ferox
671 4451 762 4518 qui
817 4449 1129 4504 scandalum
1176 4457 1422 4520 generat,
1480 4450 1762 4504 desecetur
1805 4447 1939 4520 (62).

364 4545 479 4600 Sed
527 4553 582 4599 et
628 4544 673 4599 si
707 4545 920 4598 dentem
967 4541 1102 4597 laesit
1153 4541 1442 4606 auditoris,
1482 4555 1593 4609 quo
1637 4539 1940 4610 suscipiens

361 4639 554 4692 cibum
618 4634 768 4689 verbi
829 4633 943 4697 Dei,
995 4633 1080 4687 vel
1131 4633 1504 4688 comminuere
1537 4632 1620 4687 vel
1645 4631 1940 4688 molaribus

364 4735 554 4779 terere
583 4723 775 4777 solitus
817 4731 954 4788 erat,
992 4732 1052 4776 ut
1083 4721 1343 4779 subtilem
1373 4738 1438 4778 ex
1475 4724 1561 4779 his
1594 4724 1659 4776 ad
1689 4731 1936 4776 ventrem

362 4818 572 4872 anima:
607 4813 1003 4868 transmitteret
1029 4827 1288 4876 sensum;
1329 4814 1374 4868 si
1411 4815 1556 4870 hunc
1597 4815 1817 4868 dentem
1850 4813 1942 4870 ille

365 4904 597 4962 vexavit
643 4913 698 4959 et
735 4903 940 4969 evellit,
974 4913 1032 4958 ut
1057 4903 1410 4958 contentione
1442 4902 1612 4971 ipsius
1642 4918 1746 4958 non
1771 4905 1943 4972 possit

364 4999 557 5054 anima
606 4993 881 5050 subtiliter
927 5001 983 5049 et
1021 4992 1344 5064 spiritaliter
1376 4992 1657 5063 suscipere
1717 4993 1941 5051 verbum

2489 4456 2539 4501 et
2569 4444 2631 4499 de
2652 4447 2932 4516 praesentia
2967 4444 3172 4500 Jethro.

2116 4540 2169 4594 1.
2205 4537 2470 4606 Quoniam
2516 4538 2696 4593 omnis
2748 4539 2840 4607 qni
2886 4537 3002 4604 vplt
3034 4538 3121 4606 pie
3150 4537 3335 4592 vivere
3377 4536 3428 4591 in
3457 4533 3615 4590 Chri—

2043 4638 2147 4696 sto,
2189 4630 2622 4701 persecutionem
2672 4631 2882 4698 patitur
2909 4629 2977 4696 ⁸³,
3021 4641 3078 4684 et
3130 4633 3198 4684 ab
3230 4629 3474 4683 hostibus
3501 4627 3609 4680 imo

2046 4732 2337 4794 pugnatur,
2371 4737 2534 4795 agens
2567 4723 2672 4778 iter
2715 4723 2835 4778 vita:
2869 4724 3026 4794 hujus
3065 4739 3281 4791 semper
3309 4721 3467 4774 debet
3492 4731 3613 4771 esse

2047 4823 2314 4880 armatus,
2340 4823 2390 4869 et
2424 4825 2572 4870 stare
2605 4829 2824 4884 semper
2853 4814 2907 4868 in
2939 4815 3160 4868 castris.
3191 4814 3314 4866 Ideo
3335 4819 3392 4862 et
3419 4812 3486 4861 de
3513 4821 3613 4874 po-

2047 4904 2176 4976 pulo
2211 4904 2305 4961 Dei
2337 4906 2605 4962 refertur:
2637 4925 2655 4959 I
2694 4907 2946 4962 Profecta
2987 4916 3089 4970 est,
3135 4903 3309 4973 inquit
3338 4901 3406 4965 ⁸³,
3438 4897 3615 4952 omnis

2053 5015 2320 5072 synagoga
2354 5001 2585 5056 filiorum
2620 4999 2782 5055 Israel
2817 4998 2883 5052 de
2909 4997 3122 5052 deserto
3167 4995 3288 5057 Sin,
3316 4988 3613 5045 secundum

439 5139 490 5170 "
517 5135 685 5208 Exod.
711 5151 825 5198 χχι,
846 5135 932 5189 22.
995 5137 1053 5208 7'”
1082 5135 1122 5190 ll
1146 5136 1292 5195 Tim.
1322 5150 1382 5203 ll,
1407 5136 1508 5208 ‘25.
1572 5137 1619 5169 ⁷³
1647 5138 1668 5190 1
1698 5136 1847 5208 Tim.
1880 5155 1932 5205 v,

2045 5143 2121 5195 ,⁷³
2149 5143 2251 5196 lsa.
2281 5160 2434 5208 XLIII,
2457 5147 2513 5201 5.
2584 5146 2632 5179 ’⁸
2665 5142 2802 5198 Psal.
2834 5157 2914 5200 Ill,
2945 5141 2999 5195 8.
3031 5141 3077 5172 ⁷³
3107 5140 3303 5193 Jerem.
3339 5151 3487 5195 XXXI.
3522 5128 3613 5208 59°

444 5207 589 5294 l‘spl.
627 5208 843 5294 una].
903 5207 1208 5294 inpariter.
1287 5205 1580 5294 .va‘,n20.n
1605 5208 1658 5294 :3
1696 5207 1895 5294 |.'fim‘.
1947 5227 2026 5294 I_II,
2068 5211 2123 5266 3.

369 5281 414 5314 ⁶¹
445 5279 463 5332 l
496 5276 622 5332 Cor.
648 5293 709 5341 II,
742 5277 830 5332 15.
903 5277 948 5308 ⁸³
969 5276 1008 5330 ιι
1041 5276 1182 5330 Tim.
1259 5291 1346 5342 III,
1377 5277 1462 5330 12.
1536 5276 1581 5307 ⁸³
1605 5277 1928 5348 Exod.vaI,
1956 5283 2005 5335 1.

473 5383 566 5456 59)
597 5391 765 5457 Alias,
821 5409 840 5442 ς
877 5391 1072 5445 animae
1118 5388 1371 5453 discenti,
1411 5389 1454 5441 si
1489 5389 1570 5443 vir
1599 5392 1880 5458 magister.
1920 5412 1936 5443 I

456 5459 565 5544 (fili)
593 5461 759 5526 Alias,
809 5479 828 5513 ς
867 5461 1228 5528 corripientes
1265 5471 1358 5511 eos
1383 5459 1472 5525 qui
1505 5460 1768 5515 resistunt
1803 5463 1940 5517 veri-

370 5540 561 5674 ῳῖέύ
618 5599 790 5668 Alias,
857 5620 875 5651 ι
927 5596 1219 5665 Sidoucm,
1264 5616 1282 5652 ι
1333 5597 1488 5654 male.
1537 5600 1737 5657 Omnes
1776 5615 1940 5665 Inss.,

2219 5214 2264 5245 ⁷⁸
2315 5199 2509 5270 Matth.
2551 5229 2700 5281 xxiv,
2740 5214 2803 5268 lt)
2834 5225 2887 5268 et
2908 5199 3010 5266 r‘zl.
3083 5211 3338 5268 “Matth.
3381 5199 3608 5268 mm”.

2057 5414 2075 5448 ς
2111 5396 2346 5450 Soenen.
2381 5416 2400 5448 ι

2121 5466 2232 5526 (62)
2263 5466 2433 5530 Alias,
2475 5482 2494 5515 I
2528 5464 2828 5520 deseretur.
2867 5485 2885 5517 ι

2121 5537 2234 5606 (ϋῦ)
2261 5536 2430 5603 Alias,
2472 5552 2492 5590 I
2526 5534 2816 5606 confregit.
2863 5553 2882 5585 ο
