  <div class='ocr_page' id='page_1' title='image "/cluster/home/n/w/nwhite01/storage/ocr_20150623/12/hvd.32044052796216/193.png"; bbox 0 0 4122 6248; ppageno 0'>
   <div class='ocr_carea' id='block_1_1' title="bbox 492 265 599 322">
    <p class='ocr_par' dir='ltr' id='par_1_1' title="bbox 492 265 599 322">
     <span class='ocr_line' id='line_1_1' title="bbox 492 265 599 322; baseline -0.028 0"><span class='ocrx_word' id='word_1_1' title='bbox 492 265 599 322; x_wconf 68' lang='grc'><strong>375</strong></span> 
     </span>
    </p>
   </div>
   <div class='ocr_carea' id='block_1_2' title="bbox 1947 259 2269 318">
    <p class='ocr_par' dir='ltr' id='par_1_2' title="bbox 1947 259 2269 318">
     <span class='ocr_line' id='line_1_2' title="bbox 1947 259 2269 318; baseline -0.006 0"><span class='ocrx_word' id='word_1_2' title='bbox 1947 259 2269 318; x_wconf 76' lang='lat' dir='ltr'><strong>ORIGEMS</strong></span> 
     </span>
    </p>
   </div>
   <div class='ocr_carea' id='block_1_3' title="bbox 3628 256 3735 316">
    <p class='ocr_par' dir='ltr' id='par_1_3' title="bbox 3628 256 3735 316">
     <span class='ocr_line' id='line_1_3' title="bbox 3628 256 3735 316; baseline 0.028 -4"><span class='ocrx_word' id='word_1_3' title='bbox 3628 256 3735 316; x_wconf 74' lang='lat'><strong>376</strong></span> 
     </span>
    </p>
   </div>
   <div class='ocr_carea' id='block_1_4' title="bbox 492 371 3738 449">
    <p class='ocr_par' dir='ltr' id='par_1_4' title="bbox 492 371 3738 449">
     <span class='ocr_line' id='line_1_4' title="bbox 492 371 3738 449; baseline -0.002 -14"><span class='ocrx_word' id='word_1_4' title='bbox 492 392 675 441; x_wconf 78' lang='lat' dir='ltr'><strong>castra</strong></span> <span class='ocrx_word' id='word_1_5' title='bbox 717 396 835 446; x_wconf 84' lang='lat' dir='ltr'><strong>sua,</strong></span> <span class='ocrx_word' id='word_1_6' title='bbox 891 394 983 449; x_wconf 87' lang='lat' dir='ltr'><strong>per</strong></span> <span class='ocrx_word' id='word_1_7' title='bbox 1016 380 1240 435; x_wconf 88' lang='lat' dir='ltr'><strong>verbum</strong></span> <span class='ocrx_word' id='word_1_8' title='bbox 1299 380 1533 435; x_wconf 83' lang='lat' dir='ltr'><strong>Domini.</strong></span> <span class='ocrx_word' id='word_1_9' title='bbox 1572 399 1590 432; x_wconf 84' lang='lat' dir='ltr'><strong>I</strong></span> <span class='ocrx_word' id='word_1_10' title='bbox 1640 379 1733 434; x_wconf 87' lang='lat' dir='ltr'><strong>Est</strong></span> <span class='ocrx_word' id='word_1_11' title='bbox 1783 393 1912 448; x_wconf 84' lang='lat' dir='ltr'><strong>ergo</strong></span> <span class='ocrx_word' id='word_1_12' title='bbox 1956 393 2059 431; x_wconf 89' lang='lat' dir='ltr'><strong>una</strong></span> <span class='ocrx_word' id='word_1_13' title='bbox 2093 379 2137 433; x_wconf 77' lang='grc' dir='ltr'>Α</span> <span class='ocrx_word' id='word_1_14' title='bbox 2165 378 2309 431; x_wconf 77' lang='lat' dir='ltr'><strong>sitim</strong></span> <span class='ocrx_word' id='word_1_15' title='bbox 2353 393 2527 434; x_wconf 85' lang='lat' dir='ltr'><strong>suam.</strong></span> <span class='ocrx_word' id='word_1_16' title='bbox 2565 378 2670 433; x_wconf 82' lang='lat' dir='ltr'><strong>Sed</strong></span> <span class='ocrx_word' id='word_1_17' title='bbox 2702 380 2815 433; x_wconf 65' lang='lat' dir='ltr'><strong>haec</strong></span> <span class='ocrx_word' id='word_1_18' title='bbox 2852 387 3003 447; x_wconf 91' lang='lat' dir='ltr'><strong>petra</strong></span> <span class='ocrx_word' id='word_1_19' title='bbox 3030 419 3045 442; x_wconf 90' lang='lat'><strong>,</strong></span> <span class='ocrx_word' id='word_1_20' title='bbox 3082 376 3184 430; x_wconf 86' lang='lat' dir='ltr'><strong>nisi</strong></span> <span class='ocrx_word' id='word_1_21' title='bbox 3223 371 3386 430; x_wconf 79' lang='lat' dir='ltr'><strong>fuerit</strong></span> <span class='ocrx_word' id='word_1_22' title='bbox 3439 390 3738 446; x_wconf 82' lang='lat' dir='ltr'><strong>percussa,</strong></span> 
     </span>
    </p>
   </div>
   <div class='ocr_carea' id='block_1_5' title="bbox 493 471 2061 544">
    <p class='ocr_par' dir='ltr' id='par_1_5' title="bbox 493 471 2061 544">
     <span class='ocr_line' id='line_1_5' title="bbox 493 471 2061 544; baseline -0.003 -18"><span class='ocrx_word' id='word_1_23' title='bbox 493 473 709 544; x_wconf 78' lang='lat' dir='ltr'><strong>quidem</strong></span> <span class='ocrx_word' id='word_1_24' title='bbox 738 485 1009 543; x_wconf 85' lang='lat' dir='ltr'><strong>synagoga</strong></span> <span class='ocrx_word' id='word_1_25' title='bbox 1066 471 1298 535; x_wconf 82' lang='lat' dir='ltr'><strong>Domini,</strong></span> <span class='ocrx_word' id='word_1_26' title='bbox 1340 471 1431 526; x_wconf 88' lang='lat' dir='ltr'><strong>sed</strong></span> <span class='ocrx_word' id='word_1_27' title='bbox 1477 472 1591 526; x_wconf 55' lang='lat' dir='ltr'><strong>hare</strong></span> <span class='ocrx_word' id='word_1_28' title='bbox 1629 471 1680 525; x_wconf 92' lang='lat' dir='ltr'><strong>in</strong></span> <span class='ocrx_word' id='word_1_29' title='bbox 1714 481 1949 541; x_wconf 84' lang='lat' dir='ltr'><strong>quatuor</strong></span> <span class='ocrx_word' id='word_1_30' title='bbox 1970 485 2061 523; x_wconf 89' lang='lat' dir='ltr'><strong>ea-</strong></span> 
     </span>
    </p>
   </div>
   <div class='ocr_carea' id='block_1_6' title="bbox 492 563 2063 632">
    <p class='ocr_par' dir='ltr' id='par_1_6' title="bbox 492 563 2063 632">
     <span class='ocr_line' id='line_1_6' title="bbox 492 563 2063 632; baseline -0.004 -12"><span class='ocrx_word' id='word_1_31' title='bbox 492 577 604 620; x_wconf 85' lang='lat' dir='ltr'><strong>stra</strong></span> <span class='ocrx_word' id='word_1_32' title='bbox 636 564 915 620; x_wconf 74' lang='lat' dir='ltr'><strong>dividitur.</strong></span> <span class='ocrx_word' id='word_1_33' title='bbox 976 563 1219 628; x_wconf 78' lang='lat' dir='ltr'><strong>Quatuor</strong></span> <span class='ocrx_word' id='word_1_34' title='bbox 1263 579 1495 632; x_wconf 81' lang='lat' dir='ltr'><strong>namque</strong></span> <span class='ocrx_word' id='word_1_35' title='bbox 1528 574 1712 617; x_wconf 89' lang='lat' dir='ltr'><strong>castra</strong></span> <span class='ocrx_word' id='word_1_36' title='bbox 1745 564 2063 618; x_wconf 86' lang='lat' dir='ltr'><strong>describun—</strong></span> 
     </span>
    </p>
   </div>
   <div class='ocr_carea' id='block_1_7' title="bbox 493 652 2059 723">
    <p class='ocr_par' dir='ltr' id='par_1_7' title="bbox 493 652 2059 723">
     <span class='ocr_line' id='line_1_7' title="bbox 493 652 2059 723; baseline -0.002 -14"><span class='ocrx_word' id='word_1_37' title='bbox 493 667 580 710; x_wconf 83' lang='lat' dir='ltr'><strong>tur</strong></span> <span class='ocrx_word' id='word_1_38' title='bbox 610 657 756 711; x_wconf 87' lang='lat' dir='ltr'><strong>circa</strong></span> <span class='ocrx_word' id='word_1_39' title='bbox 792 654 1197 709; x_wconf 90' lang='lat' dir='ltr'><strong>tabernaculum</strong></span> <span class='ocrx_word' id='word_1_40' title='bbox 1229 654 1442 708; x_wconf 81' lang='lat' dir='ltr'><strong>Domini</strong></span> <span class='ocrx_word' id='word_1_41' title='bbox 1485 656 1681 723; x_wconf 89' lang='lat' dir='ltr'><strong>posita,</strong></span> <span class='ocrx_word' id='word_1_42' title='bbox 1725 656 1867 709; x_wconf 87' lang='lat' dir='ltr'><strong>sicut</strong></span> <span class='ocrx_word' id='word_1_43' title='bbox 1894 652 2059 707; x_wconf 81' lang='lat' dir='ltr'><strong>refer-</strong></span> 
     </span>
    </p>
   </div>
   <div class='ocr_carea' id='block_1_8' title="bbox 496 745 2062 815">
    <p class='ocr_par' dir='ltr' id='par_1_8' title="bbox 496 745 2062 815">
     <span class='ocr_line' id='line_1_8' title="bbox 496 745 2062 815; baseline -0.001 -14"><span class='ocrx_word' id='word_1_44' title='bbox 496 760 585 801; x_wconf 89' lang='lat' dir='ltr'><strong>tur</strong></span> <span class='ocrx_word' id='word_1_45' title='bbox 615 747 669 800; x_wconf 90' lang='lat' dir='ltr'><strong>in</strong></span> <span class='ocrx_word' id='word_1_46' title='bbox 700 746 946 799; x_wconf 83' lang='lat' dir='ltr'><strong>Numeris</strong></span> <span class='ocrx_word' id='word_1_47' title='bbox 974 746 1042 800; x_wconf 76' lang='grc'><strong>⁸⁸.</strong></span> <span class='ocrx_word' id='word_1_48' title='bbox 1074 745 1137 798; x_wconf 85' lang='lat' dir='ltr'><strong>Et</strong></span> <span class='ocrx_word' id='word_1_49' title='bbox 1170 755 1222 798; x_wconf 95' lang='lat' dir='ltr'><strong>tu</strong></span> <span class='ocrx_word' id='word_1_50' title='bbox 1247 760 1375 813; x_wconf 86' lang='lat' dir='ltr'><strong>ergo</strong></span> <span class='ocrx_word' id='word_1_51' title='bbox 1402 746 1445 799; x_wconf 90' lang='lat' dir='ltr'><strong>si</strong></span> <span class='ocrx_word' id='word_1_52' title='bbox 1490 761 1706 814; x_wconf 87' lang='lat' dir='ltr'><strong>semper</strong></span> <span class='ocrx_word' id='word_1_53' title='bbox 1750 746 1962 815; x_wconf 86' lang='lat' dir='ltr'><strong>vigiles,</strong></span> <span class='ocrx_word' id='word_1_54' title='bbox 2007 758 2062 801; x_wconf 88' lang='lat' dir='ltr'><strong>et</strong></span> 
     </span>
    </p>
   </div>
   <div class='ocr_carea' id='block_1_9' title="bbox 491 837 2060 908">
    <p class='ocr_par' dir='ltr' id='par_1_9' title="bbox 491 837 2060 908">
     <span class='ocr_line' id='line_1_9' title="bbox 491 837 2060 908; baseline -0.003 -14"><span class='ocrx_word' id='word_1_55' title='bbox 491 853 705 908; x_wconf 83' lang='lat' dir='ltr'><strong>semper</strong></span> <span class='ocrx_word' id='word_1_56' title='bbox 741 848 983 892; x_wconf 88' lang='lat' dir='ltr'><strong>armatus</strong></span> <span class='ocrx_word' id='word_1_57' title='bbox 1025 839 1122 900; x_wconf 92' lang='lat' dir='ltr'><strong>sis,</strong></span> <span class='ocrx_word' id='word_1_58' title='bbox 1147 847 1201 891; x_wconf 90' lang='lat' dir='ltr'><strong>et</strong></span> <span class='ocrx_word' id='word_1_59' title='bbox 1243 838 1386 891; x_wconf 89' lang='lat' dir='ltr'><strong>scias</strong></span> <span class='ocrx_word' id='word_1_60' title='bbox 1424 846 1473 890; x_wconf 85' lang='lat' dir='ltr'><strong>te</strong></span> <span class='ocrx_word' id='word_1_61' title='bbox 1504 838 1556 890; x_wconf 91' lang='lat' dir='ltr'><strong>in</strong></span> <span class='ocrx_word' id='word_1_62' title='bbox 1624 837 1817 891; x_wconf 75' lang='lat' dir='ltr'><strong>castris</strong></span> <span class='ocrx_word' id='word_1_63' title='bbox 1846 837 2060 890; x_wconf 90' lang='lat' dir='ltr'><strong>Domini</strong></span> 
     </span>
    </p>
   </div>
   <div class='ocr_carea' id='block_1_10' title="bbox 489 928 2060 997">
    <p class='ocr_par' dir='ltr' id='par_1_10' title="bbox 489 928 2060 997">
     <span class='ocr_line' id='line_1_10' title="bbox 489 928 2060 997; baseline -0.001 -14"><span class='ocrx_word' id='word_1_64' title='bbox 489 930 751 994; x_wconf 83' lang='lat' dir='ltr'><strong>militare,</strong></span> <span class='ocrx_word' id='word_1_65' title='bbox 780 931 1007 984; x_wconf 90' lang='lat' dir='ltr'><strong>observa</strong></span> <span class='ocrx_word' id='word_1_66' title='bbox 1032 928 1162 982; x_wconf 86' lang='lat' dir='ltr'><strong>illud</strong></span> <span class='ocrx_word' id='word_1_67' title='bbox 1194 929 1527 993; x_wconf 83' lang='lat' dir='ltr'><strong>mandatum,</strong></span> <span class='ocrx_word' id='word_1_68' title='bbox 1562 928 1687 997; x_wconf 86' lang='lat' dir='ltr'><strong>quia</strong></span> <span class='ocrx_word' id='word_1_69' title='bbox 1727 945 1745 978; x_wconf 80' lang='lat' dir='ltr'><strong>t</strong></span> <span class='ocrx_word' id='word_1_70' title='bbox 1777 944 1935 983; x_wconf 89' lang='lat' dir='ltr'><strong>nemo</strong></span> <span class='ocrx_word' id='word_1_71' title='bbox 1961 929 2060 983; x_wconf 81' lang='lat' dir='ltr'><strong>lni-</strong></span> 
     </span>
    </p>
   </div>
   <div class='ocr_carea' id='block_1_11' title="bbox 489 1018 2059 1087">
    <p class='ocr_par' dir='ltr' id='par_1_11' title="bbox 489 1018 2059 1087">
     <span class='ocr_line' id='line_1_11' title="bbox 489 1018 2059 1087; baseline 0 -15"><span class='ocrx_word' id='word_1_72' title='bbox 489 1018 656 1075; x_wconf 90' lang='lat' dir='ltr'><strong>litans</strong></span> <span class='ocrx_word' id='word_1_73' title='bbox 684 1020 814 1080; x_wconf 88' lang='lat' dir='ltr'><strong>Deo,</strong></span> <span class='ocrx_word' id='word_1_74' title='bbox 840 1019 1085 1087; x_wconf 89' lang='lat' dir='ltr'><strong>implicat</strong></span> <span class='ocrx_word' id='word_1_75' title='bbox 1134 1033 1194 1072; x_wconf 90' lang='lat' dir='ltr'><strong>se</strong></span> <span class='ocrx_word' id='word_1_76' title='bbox 1223 1020 1453 1087; x_wconf 85' lang='lat' dir='ltr'><strong>negotiis</strong></span> <span class='ocrx_word' id='word_1_77' title='bbox 1502 1019 1876 1079; x_wconf 68' lang='lat' dir='ltr'><strong>saecularibus,</strong></span> <span class='ocrx_word' id='word_1_78' title='bbox 1920 1029 1978 1072; x_wconf 91' lang='lat' dir='ltr'><strong>ut</strong></span> <span class='ocrx_word' id='word_1_79' title='bbox 2010 1019 2059 1072; x_wconf 92' lang='lat' dir='ltr'><strong>ei</strong></span> 
     </span>
    </p>
   </div>
   <div class='ocr_carea' id='block_1_12' title="bbox 487 1105 2060 1178">
    <p class='ocr_par' dir='ltr' id='par_1_12' title="bbox 487 1105 2060 1178">
     <span class='ocr_line' id='line_1_12' title="bbox 487 1105 2060 1178; baseline -0.001 -17"><span class='ocrx_word' id='word_1_80' title='bbox 487 1108 700 1178; x_wconf 83' lang='lat' dir='ltr'><strong>placeat</strong></span> <span class='ocrx_word' id='word_1_81' title='bbox 727 1106 813 1160; x_wconf 86' lang='lat' dir='ltr'><strong>cui</strong></span> <span class='ocrx_word' id='word_1_82' title='bbox 857 1122 917 1161; x_wconf 91' lang='lat' dir='ltr'><strong>se</strong></span> <span class='ocrx_word' id='word_1_83' title='bbox 957 1106 1215 1174; x_wconf 88' lang='lat' dir='ltr'><strong>probavit</strong></span> <span class='ocrx_word' id='word_1_84' title='bbox 1247 1105 1515 1175; x_wconf 59' lang='lat' dir='ltr'><strong>&quot;pquia</strong></span> <span class='ocrx_word' id='word_1_85' title='bbox 1539 1106 1580 1159; x_wconf 92' lang='lat' dir='ltr'><strong>si</strong></span> <span class='ocrx_word' id='word_1_86' title='bbox 1622 1107 1696 1159; x_wconf 89' lang='lat' dir='ltr'><strong>ita</strong></span> <span class='ocrx_word' id='word_1_87' title='bbox 1738 1106 1958 1168; x_wconf 82' lang='lat' dir='ltr'><strong>milites,</strong></span> <span class='ocrx_word' id='word_1_88' title='bbox 2003 1118 2060 1159; x_wconf 90' lang='lat' dir='ltr'><strong>ut</strong></span> 
     </span>
    </p>
   </div>
   <div class='ocr_carea' id='block_1_13' title="bbox 488 1196 2058 1253">
    <p class='ocr_par' dir='ltr' id='par_1_13' title="bbox 488 1196 2058 1253">
     <span class='ocr_line' id='line_1_13' title="bbox 488 1196 2058 1253; baseline -0.001 0"><span class='ocrx_word' id='word_1_89' title='bbox 488 1214 516 1252; x_wconf 88' lang='lat' dir='ltr'><strong>a</strong></span> <span class='ocrx_word' id='word_1_90' title='bbox 554 1200 717 1253; x_wconf 84' lang='lat' dir='ltr'><strong>rebus</strong></span> <span class='ocrx_word' id='word_1_91' title='bbox 764 1198 1115 1252; x_wconf 66' lang='lat' dir='ltr'><strong>saecularibus</strong></span> <span class='ocrx_word' id='word_1_92' title='bbox 1173 1196 1311 1252; x_wconf 91' lang='lat' dir='ltr'><strong>liber</strong></span> <span class='ocrx_word' id='word_1_93' title='bbox 1337 1198 1416 1252; x_wconf 88' lang='lat' dir='ltr'><strong>sis</strong></span> <span class='ocrx_word' id='word_1_94' title='bbox 1449 1207 1504 1251; x_wconf 92' lang='lat' dir='ltr'><strong>et</strong></span> <span class='ocrx_word' id='word_1_95' title='bbox 1544 1199 1595 1250; x_wconf 93' lang='lat' dir='ltr'><strong>in</strong></span> <span class='ocrx_word' id='word_1_96' title='bbox 1621 1198 1831 1251; x_wconf 82' lang='lat' dir='ltr'><strong>castris</strong></span> <span class='ocrx_word' id='word_1_97' title='bbox 1849 1198 2058 1251; x_wconf 91' lang='lat' dir='ltr'><strong>Domini</strong></span> 
     </span>
    </p>
   </div>
   <div class='ocr_carea' id='block_1_14' title="bbox 490 1286 2063 1357">
    <p class='ocr_par' dir='ltr' id='par_1_14' title="bbox 490 1286 2063 1357">
     <span class='ocr_line' id='line_1_14' title="bbox 490 1286 2063 1357; baseline 0 -15"><span class='ocrx_word' id='word_1_98' title='bbox 490 1304 616 1357; x_wconf 91' lang='lat' dir='ltr'><strong>agas</strong></span> <span class='ocrx_word' id='word_1_99' title='bbox 681 1302 898 1356; x_wconf 88' lang='lat' dir='ltr'><strong>semper</strong></span> <span class='ocrx_word' id='word_1_100' title='bbox 950 1288 1227 1353; x_wconf 82' lang='lat' dir='ltr'><strong>excubias,</strong></span> <span class='ocrx_word' id='word_1_101' title='bbox 1262 1297 1315 1340; x_wconf 85' lang='lat' dir='ltr'><strong>et</strong></span> <span class='ocrx_word' id='word_1_102' title='bbox 1356 1288 1421 1341; x_wconf 89' lang='lat' dir='ltr'><strong>de</strong></span> <span class='ocrx_word' id='word_1_103' title='bbox 1466 1296 1516 1340; x_wconf 91' lang='lat' dir='ltr'><strong>te</strong></span> <span class='ocrx_word' id='word_1_104' title='bbox 1546 1286 1769 1347; x_wconf 89' lang='lat' dir='ltr'><strong>dicitur,</strong></span> <span class='ocrx_word' id='word_1_105' title='bbox 1806 1288 1931 1355; x_wconf 84' lang='lat' dir='ltr'><strong>quia</strong></span> <span class='ocrx_word' id='word_1_106' title='bbox 1966 1304 2063 1357; x_wconf 89' lang='lat' dir='ltr'><strong>per</strong></span> 
     </span>
    </p>
   </div>
   <div class='ocr_carea' id='block_1_15' title="bbox 488 1375 2059 1432">
    <p class='ocr_par' dir='ltr' id='par_1_15' title="bbox 488 1375 2059 1432">
     <span class='ocr_line' id='line_1_15' title="bbox 488 1375 2059 1432; baseline -0.001 -1"><span class='ocrx_word' id='word_1_107' title='bbox 488 1378 715 1431; x_wconf 78' lang='lat' dir='ltr'><strong>verbum</strong></span> <span class='ocrx_word' id='word_1_108' title='bbox 738 1376 950 1432; x_wconf 91' lang='lat' dir='ltr'><strong>Domini</strong></span> <span class='ocrx_word' id='word_1_109' title='bbox 994 1392 1159 1432; x_wconf 82' lang='lat' dir='ltr'><strong>exeas</strong></span> <span class='ocrx_word' id='word_1_110' title='bbox 1198 1378 1264 1432; x_wconf 86' lang='lat' dir='ltr'><strong>de</strong></span> <span class='ocrx_word' id='word_1_111' title='bbox 1310 1376 1527 1431; x_wconf 89' lang='lat' dir='ltr'><strong>deserto</strong></span> <span class='ocrx_word' id='word_1_112' title='bbox 1566 1375 1663 1431; x_wconf 92' lang='lat' dir='ltr'><strong>Sin</strong></span> <span class='ocrx_word' id='word_1_113' title='bbox 1695 1385 1750 1432; x_wconf 91' lang='lat' dir='ltr'><strong>et</strong></span> <span class='ocrx_word' id='word_1_114' title='bbox 1788 1378 1980 1431; x_wconf 78' lang='lat' dir='ltr'><strong>venias</strong></span> <span class='ocrx_word' id='word_1_115' title='bbox 2008 1379 2059 1430; x_wconf 95' lang='lat' dir='ltr'><strong>in</strong></span> 
     </span>
    </p>
   </div>
   <div class='ocr_carea' id='block_1_16' title="bbox 490 1468 2061 1539">
    <p class='ocr_par' dir='ltr' id='par_1_16' title="bbox 490 1468 2061 1539">
     <span class='ocr_line' id='line_1_16' title="bbox 490 1468 2061 1539; baseline -0.001 -16"><span class='ocrx_word' id='word_1_116' title='bbox 490 1468 783 1539; x_wconf 77' lang='lat' dir='ltr'><strong>llaphidin.</strong></span> <span class='ocrx_word' id='word_1_117' title='bbox 818 1468 915 1523; x_wconf 90' lang='lat' dir='ltr'><strong>Sin</strong></span> <span class='ocrx_word' id='word_1_118' title='bbox 944 1470 1087 1523; x_wconf 91' lang='lat' dir='ltr'><strong>enim</strong></span> <span class='ocrx_word' id='word_1_119' title='bbox 1124 1470 1346 1523; x_wconf 82' lang='lat' dir='ltr'><strong>tentatio</strong></span> <span class='ocrx_word' id='word_1_120' title='bbox 1397 1470 1813 1536; x_wconf 84' lang='lat' dir='ltr'><strong>interpretatur;</strong></span> <span class='ocrx_word' id='word_1_121' title='bbox 1857 1468 2061 1539; x_wconf 78' lang='lat' dir='ltr'><strong>Baphi-</strong></span> 
     </span>
    </p>
   </div>
   <div class='ocr_carea' id='block_1_17' title="bbox 488 1559 2062 1631">
    <p class='ocr_par' dir='ltr' id='par_1_17' title="bbox 488 1559 2062 1631">
     <span class='ocr_line' id='line_1_17' title="bbox 488 1559 2062 1631; baseline -0.001 -17"><span class='ocrx_word' id='word_1_122' title='bbox 488 1562 578 1615; x_wconf 89' lang='lat' dir='ltr'><strong>din</strong></span> <span class='ocrx_word' id='word_1_123' title='bbox 615 1576 742 1616; x_wconf 84' lang='lat' dir='ltr'><strong>vero</strong></span> <span class='ocrx_word' id='word_1_124' title='bbox 766 1562 965 1615; x_wconf 77' lang='lat' dir='ltr'><strong>sanitas</strong></span> <span class='ocrx_word' id='word_1_125' title='bbox 991 1562 1185 1629; x_wconf 84' lang='lat' dir='ltr'><strong>jmlicii</strong></span> <span class='ocrx_word' id='word_1_126' title='bbox 1232 1559 1367 1631; x_wconf 66' lang='lat'><strong>(64).</strong></span> <span class='ocrx_word' id='word_1_127' title='bbox 1404 1560 1505 1626; x_wconf 87' lang='lat' dir='ltr'><strong>Qui</strong></span> <span class='ocrx_word' id='word_1_128' title='bbox 1551 1560 1687 1616; x_wconf 88' lang='lat' dir='ltr'><strong>bene</strong></span> <span class='ocrx_word' id='word_1_129' title='bbox 1719 1560 1920 1615; x_wconf 81' lang='lat' dir='ltr'><strong>cxitde</strong></span> <span class='ocrx_word' id='word_1_130' title='bbox 1945 1571 2062 1613; x_wconf 73' lang='lat' dir='ltr'><strong>ten-</strong></span> 
     </span>
    </p>
   </div>
   <div class='ocr_carea' id='block_1_18' title="bbox 492 1651 2060 1723">
    <p class='ocr_par' dir='ltr' id='par_1_18' title="bbox 492 1651 2060 1723">
     <span class='ocr_line' id='line_1_18' title="bbox 492 1651 2060 1723; baseline -0.002 -17"><span class='ocrx_word' id='word_1_131' title='bbox 492 1654 714 1718; x_wconf 84' lang='lat' dir='ltr'><strong>latione,</strong></span> <span class='ocrx_word' id='word_1_132' title='bbox 762 1664 817 1707; x_wconf 91' lang='lat' dir='ltr'><strong>et</strong></span> <span class='ocrx_word' id='word_1_133' title='bbox 852 1669 1012 1723; x_wconf 91' lang='lat' dir='ltr'><strong>quem</strong></span> <span class='ocrx_word' id='word_1_134' title='bbox 1070 1652 1298 1706; x_wconf 89' lang='lat' dir='ltr'><strong>tentatio</strong></span> <span class='ocrx_word' id='word_1_135' title='bbox 1340 1651 1675 1720; x_wconf 88' lang='lat' dir='ltr'><strong>probabilem</strong></span> <span class='ocrx_word' id='word_1_136' title='bbox 1719 1652 1925 1713; x_wconf 90' lang='lat' dir='ltr'><strong>reddit,</strong></span> <span class='ocrx_word' id='word_1_137' title='bbox 1954 1652 2060 1705; x_wconf 90' lang='lat' dir='ltr'><strong>iste</strong></span> 
     </span>
    </p>
   </div>
   <div class='ocr_carea' id='block_1_19' title="bbox 490 1740 2060 1810">
    <p class='ocr_par' dir='ltr' id='par_1_19' title="bbox 490 1740 2060 1810">
     <span class='ocr_line' id='line_1_19' title="bbox 490 1740 2060 1810; baseline -0.001 -14"><span class='ocrx_word' id='word_1_138' title='bbox 490 1745 636 1798; x_wconf 74' lang='lat' dir='ltr'><strong>venit</strong></span> <span class='ocrx_word' id='word_1_139' title='bbox 666 1745 731 1797; x_wconf 90' lang='lat' dir='ltr'><strong>ad</strong></span> <span class='ocrx_word' id='word_1_140' title='bbox 765 1745 1049 1796; x_wconf 82' lang='lat' dir='ltr'><strong>sanitatem</strong></span> <span class='ocrx_word' id='word_1_141' title='bbox 1077 1741 1290 1809; x_wconf 79' lang='lat' dir='ltr'><strong>judicii.</strong></span> <span class='ocrx_word' id='word_1_142' title='bbox 1332 1740 1389 1793; x_wconf 83' lang='lat' dir='ltr'><strong>lu</strong></span> <span class='ocrx_word' id='word_1_143' title='bbox 1422 1741 1509 1795; x_wconf 88' lang='lat' dir='ltr'><strong>die</strong></span> <span class='ocrx_word' id='word_1_144' title='bbox 1559 1742 1701 1796; x_wconf 92' lang='lat' dir='ltr'><strong>enim</strong></span> <span class='ocrx_word' id='word_1_145' title='bbox 1737 1741 1928 1810; x_wconf 90' lang='lat' dir='ltr'><strong>judicii</strong></span> <span class='ocrx_word' id='word_1_146' title='bbox 1974 1756 2060 1794; x_wconf 87' lang='lat' dir='ltr'><strong>sa-</strong></span> 
     </span>
    </p>
   </div>
   <div class='ocr_carea' id='block_1_20' title="bbox 490 1833 2060 1904">
    <p class='ocr_par' dir='ltr' id='par_1_20' title="bbox 490 1833 2060 1904">
     <span class='ocr_line' id='line_1_20' title="bbox 490 1833 2060 1904; baseline -0.001 -16"><span class='ocrx_word' id='word_1_147' title='bbox 490 1850 591 1889; x_wconf 92' lang='lat' dir='ltr'><strong>nus</strong></span> <span class='ocrx_word' id='word_1_148' title='bbox 620 1837 747 1896; x_wconf 88' lang='lat' dir='ltr'><strong>erit,</strong></span> <span class='ocrx_word' id='word_1_149' title='bbox 782 1833 941 1904; x_wconf 74' lang='lat'><strong>169</strong></span> <span class='ocrx_word' id='word_1_150' title='bbox 985 1843 1040 1887; x_wconf 89' lang='lat' dir='ltr'><strong>et</strong></span> <span class='ocrx_word' id='word_1_151' title='bbox 1086 1835 1294 1887; x_wconf 83' lang='lat' dir='ltr'><strong>sanitas</strong></span> <span class='ocrx_word' id='word_1_152' title='bbox 1328 1848 1450 1887; x_wconf 91' lang='lat' dir='ltr'><strong>cum</strong></span> <span class='ocrx_word' id='word_1_153' title='bbox 1477 1847 1542 1887; x_wconf 92' lang='lat' dir='ltr'><strong>eo</strong></span> <span class='ocrx_word' id='word_1_154' title='bbox 1573 1834 1702 1893; x_wconf 88' lang='lat' dir='ltr'><strong>erit,</strong></span> <span class='ocrx_word' id='word_1_155' title='bbox 1732 1833 1822 1901; x_wconf 88' lang='lat' dir='ltr'><strong>qui</strong></span> <span class='ocrx_word' id='word_1_156' title='bbox 1860 1834 1911 1886; x_wconf 93' lang='lat' dir='ltr'><strong>in</strong></span> <span class='ocrx_word' id='word_1_157' title='bbox 1945 1841 2060 1886; x_wconf 89' lang='lat' dir='ltr'><strong>ten-</strong></span> 
     </span>
    </p>
   </div>
   <div class='ocr_carea' id='block_1_21' title="bbox 490 1921 2054 1991">
    <p class='ocr_par' dir='ltr' id='par_1_21' title="bbox 490 1921 2054 1991">
     <span class='ocr_line' id='line_1_21' title="bbox 490 1921 2054 1991; baseline -0.002 -14"><span class='ocrx_word' id='word_1_158' title='bbox 490 1928 695 1979; x_wconf 79' lang='lat' dir='ltr'><strong>tatione</strong></span> <span class='ocrx_word' id='word_1_159' title='bbox 731 1941 834 1978; x_wconf 90' lang='lat' dir='ltr'><strong>non</strong></span> <span class='ocrx_word' id='word_1_160' title='bbox 867 1925 1030 1978; x_wconf 80' lang='lat' dir='ltr'><strong>fuerit</strong></span> <span class='ocrx_word' id='word_1_161' title='bbox 1077 1923 1398 1976; x_wconf 76' lang='lat' dir='ltr'><strong>vulneratus</strong></span> <span class='ocrx_word' id='word_1_162' title='bbox 1432 1939 1445 1974; x_wconf 89' lang='lat'><strong>:</strong></span> <span class='ocrx_word' id='word_1_163' title='bbox 1476 1923 1618 1976; x_wconf 86' lang='lat' dir='ltr'><strong>sicut</strong></span> <span class='ocrx_word' id='word_1_164' title='bbox 1659 1933 1713 1975; x_wconf 91' lang='lat' dir='ltr'><strong>et</strong></span> <span class='ocrx_word' id='word_1_165' title='bbox 1756 1922 1807 1976; x_wconf 94' lang='lat' dir='ltr'><strong>in</strong></span> <span class='ocrx_word' id='word_1_166' title='bbox 1840 1921 2054 1991; x_wconf 84' lang='lat' dir='ltr'><strong>Apoca-</strong></span> 
     </span>
    </p>
   </div>
   <div class='ocr_carea' id='block_1_22' title="bbox 490 2016 2056 2088">
    <p class='ocr_par' dir='ltr' id='par_1_22' title="bbox 490 2016 2056 2088">
     <span class='ocr_line' id='line_1_22' title="bbox 490 2016 2056 2088; baseline 0 -18"><span class='ocrx_word' id='word_1_167' title='bbox 490 2018 626 2088; x_wconf 86' lang='lat' dir='ltr'><strong>lypsi</strong></span> <span class='ocrx_word' id='word_1_168' title='bbox 658 2018 916 2086; x_wconf 88' lang='lat' dir='ltr'><strong>scriptum</strong></span> <span class='ocrx_word' id='word_1_169' title='bbox 943 2029 1022 2071; x_wconf 91' lang='lat' dir='ltr'><strong>est</strong></span> <span class='ocrx_word' id='word_1_170' title='bbox 1049 2018 1094 2048; x_wconf 71' lang='grc'><strong>⁸³</strong></span> <span class='ocrx_word' id='word_1_171' title='bbox 1125 2035 1137 2071; x_wconf 94' lang='lat'>:</span> <span class='ocrx_word' id='word_1_172' title='bbox 1176 2036 1193 2068; x_wconf 74' lang='grc' dir='ltr'><strong><em>ι</em></strong></span> <span class='ocrx_word' id='word_1_173' title='bbox 1234 2017 1333 2082; x_wconf 88' lang='lat' dir='ltr'><strong>Qui</strong></span> <span class='ocrx_word' id='word_1_174' title='bbox 1367 2027 1549 2071; x_wconf 86' lang='lat' dir='ltr'><strong>autem</strong></span> <span class='ocrx_word' id='word_1_175' title='bbox 1586 2016 1805 2080; x_wconf 81' lang='lat' dir='ltr'><strong>vicerit,</strong></span> <span class='ocrx_word' id='word_1_176' title='bbox 1839 2016 1983 2070; x_wconf 82' lang='lat' dir='ltr'><strong>dabo</strong></span> <span class='ocrx_word' id='word_1_177' title='bbox 2007 2017 2056 2070; x_wconf 91' lang='lat' dir='ltr'><strong>ei</strong></span> 
     </span>
    </p>
   </div>
   <div class='ocr_carea' id='block_1_23' title="bbox 488 2108 2061 2180">
    <p class='ocr_par' dir='ltr' id='par_1_23' title="bbox 488 2108 2061 2180">
     <span class='ocr_line' id='line_1_23' title="bbox 488 2108 2061 2180; baseline -0.001 -15"><span class='ocrx_word' id='word_1_178' title='bbox 488 2112 556 2166; x_wconf 93' lang='lat' dir='ltr'><strong>de</strong></span> <span class='ocrx_word' id='word_1_179' title='bbox 584 2112 727 2180; x_wconf 88' lang='lat' dir='ltr'><strong>ligno</strong></span> <span class='ocrx_word' id='word_1_180' title='bbox 770 2112 911 2173; x_wconf 67' lang='lat' dir='ltr'><strong>vitae,</strong></span> <span class='ocrx_word' id='word_1_181' title='bbox 944 2108 1083 2178; x_wconf 88' lang='lat' dir='ltr'><strong>quod</strong></span> <span class='ocrx_word' id='word_1_182' title='bbox 1110 2120 1192 2163; x_wconf 90' lang='lat' dir='ltr'><strong>est</strong></span> <span class='ocrx_word' id='word_1_183' title='bbox 1242 2110 1291 2162; x_wconf 91' lang='lat' dir='ltr'><strong>in</strong></span> <span class='ocrx_word' id='word_1_184' title='bbox 1336 2111 1586 2178; x_wconf 85' lang='lat' dir='ltr'><strong>paradiso</strong></span> <span class='ocrx_word' id='word_1_185' title='bbox 1614 2108 1708 2163; x_wconf 86' lang='lat' dir='ltr'><strong>Dei</strong></span> <span class='ocrx_word' id='word_1_186' title='bbox 1741 2109 1866 2162; x_wconf 90' lang='lat' dir='ltr'><strong>mei.</strong></span> <span class='ocrx_word' id='word_1_187' title='bbox 1903 2128 1921 2161; x_wconf 78' lang='grc' dir='ltr'><strong><em>ι</em></strong></span> <span class='ocrx_word' id='word_1_188' title='bbox 1956 2109 2061 2163; x_wconf 82' lang='lat' dir='ltr'><strong>Ve-</strong></span> 
     </span>
    </p>
   </div>
   <div class='ocr_carea' id='block_1_24' title="bbox 489 2204 2061 2275">
    <p class='ocr_par' dir='ltr' id='par_1_24' title="bbox 489 2204 2061 2275">
     <span class='ocr_line' id='line_1_24' title="bbox 489 2204 2061 2275; baseline 0 -16"><span class='ocrx_word' id='word_1_189' title='bbox 489 2205 569 2259; x_wconf 87' lang='lat' dir='ltr'><strong>nit</strong></span> <span class='ocrx_word' id='word_1_190' title='bbox 596 2221 724 2275; x_wconf 83' lang='lat' dir='ltr'><strong>ergo</strong></span> <span class='ocrx_word' id='word_1_191' title='bbox 752 2204 820 2258; x_wconf 90' lang='lat' dir='ltr'><strong>ad</strong></span> <span class='ocrx_word' id='word_1_192' title='bbox 852 2206 1141 2258; x_wconf 87' lang='lat' dir='ltr'><strong>sanitatem</strong></span> <span class='ocrx_word' id='word_1_193' title='bbox 1166 2204 1381 2274; x_wconf 83' lang='lat' dir='ltr'><strong>judicii,</strong></span> <span class='ocrx_word' id='word_1_194' title='bbox 1406 2205 1497 2273; x_wconf 90' lang='lat' dir='ltr'><strong>qui</strong></span> <span class='ocrx_word' id='word_1_195' title='bbox 1523 2206 1659 2259; x_wconf 88' lang='lat' dir='ltr'><strong>bene</strong></span> <span class='ocrx_word' id='word_1_196' title='bbox 1686 2205 1926 2274; x_wconf 88' lang='lat' dir='ltr'><strong>disponit</strong></span> <span class='ocrx_word' id='word_1_197' title='bbox 1945 2219 2061 2259; x_wconf 86' lang='lat' dir='ltr'><strong>ser-</strong></span> 
     </span>
    </p>
   </div>
   <div class='ocr_carea' id='block_1_25' title="bbox 487 2295 1181 2361">
    <p class='ocr_par' dir='ltr' id='par_1_25' title="bbox 487 2295 1181 2361">
     <span class='ocr_line' id='line_1_25' title="bbox 487 2295 1181 2361; baseline -0.001 -12"><span class='ocrx_word' id='word_1_198' title='bbox 487 2311 678 2349; x_wconf 88' lang='lat' dir='ltr'><strong>mones</strong></span> <span class='ocrx_word' id='word_1_199' title='bbox 706 2308 834 2349; x_wconf 90' lang='lat' dir='ltr'><strong>suos</strong></span> <span class='ocrx_word' id='word_1_200' title='bbox 880 2296 930 2348; x_wconf 93' lang='lat' dir='ltr'><strong>in</strong></span> <span class='ocrx_word' id='word_1_201' title='bbox 954 2295 1181 2361; x_wconf 89' lang='lat' dir='ltr'><strong>judicio.</strong></span> 
     </span>
    </p>
   </div>
   <div class='ocr_carea' id='block_1_26' title="bbox 554 2381 2061 2454">
    <p class='ocr_par' dir='ltr' id='par_1_26' title="bbox 554 2381 2061 2454">
     <span class='ocr_line' id='line_1_26' title="bbox 554 2381 2061 2454; baseline 0.003 -16"><span class='ocrx_word' id='word_1_202' title='bbox 554 2386 610 2438; x_wconf 79' lang='lat'><strong>&#39;2.</strong></span> <span class='ocrx_word' id='word_1_203' title='bbox 654 2381 763 2439; x_wconf 85' lang='lat' dir='ltr'><strong>Sed</strong></span> <span class='ocrx_word' id='word_1_204' title='bbox 797 2386 925 2454; x_wconf 92' lang='lat' dir='ltr'><strong>quid</strong></span> <span class='ocrx_word' id='word_1_205' title='bbox 960 2394 1041 2438; x_wconf 90' lang='lat' dir='ltr'><strong>est</strong></span> <span class='ocrx_word' id='word_1_206' title='bbox 1082 2385 1225 2454; x_wconf 89' lang='lat' dir='ltr'><strong>quod</strong></span> <span class='ocrx_word' id='word_1_207' title='bbox 1259 2386 1545 2453; x_wconf 85' lang='lat' dir='ltr'><strong>sequitur?</strong></span> <span class='ocrx_word' id='word_1_208' title='bbox 1584 2406 1601 2437; x_wconf 79' lang='grc' dir='ltr'>ι</span> <span class='ocrx_word' id='word_1_209' title='bbox 1643 2386 1789 2441; x_wconf 91' lang='lat' dir='ltr'><strong>Sitiit</strong></span> <span class='ocrx_word' id='word_1_210' title='bbox 1842 2387 1941 2453; x_wconf 93' lang='lat' dir='ltr'><strong>ibi,</strong></span> <span class='ocrx_word' id='word_1_211' title='bbox 1980 2388 2061 2442; x_wconf 90' lang='lat' dir='ltr'><strong>in-</strong></span> 
     </span>
    </p>
   </div>
   <div class='ocr_carea' id='block_1_27' title="bbox 486 2476 2059 2546">
    <p class='ocr_par' dir='ltr' id='par_1_27' title="bbox 486 2476 2059 2546">
     <span class='ocr_line' id='line_1_27' title="bbox 486 2476 2059 2546; baseline 0.002 -19"><span class='ocrx_word' id='word_1_212' title='bbox 486 2478 604 2546; x_wconf 77' lang='lat' dir='ltr'><strong>quit</strong></span> <span class='ocrx_word' id='word_1_213' title='bbox 629 2477 697 2542; x_wconf 83' lang='lat'><strong>&quot;,</strong></span> <span class='ocrx_word' id='word_1_214' title='bbox 733 2476 961 2546; x_wconf 88' lang='lat' dir='ltr'><strong>populus</strong></span> <span class='ocrx_word' id='word_1_215' title='bbox 991 2493 1211 2545; x_wconf 87' lang='lat' dir='ltr'><strong>aquam,</strong></span> <span class='ocrx_word' id='word_1_216' title='bbox 1236 2488 1289 2531; x_wconf 90' lang='lat' dir='ltr'><strong>et</strong></span> <span class='ocrx_word' id='word_1_217' title='bbox 1322 2479 1739 2532; x_wconf 87' lang='lat' dir='ltr'><strong>murmurabant</strong></span> <span class='ocrx_word' id='word_1_218' title='bbox 1770 2478 2059 2533; x_wconf 80' lang='lat' dir='ltr'><strong>adversum</strong></span> 
     </span>
    </p>
   </div>
   <div class='ocr_carea' id='block_1_28' title="bbox 487 2564 2060 2636">
    <p class='ocr_par' dir='ltr' id='par_1_28' title="bbox 487 2564 2060 2636">
     <span class='ocr_line' id='line_1_28' title="bbox 487 2564 2060 2636; baseline -0.002 -16"><span class='ocrx_word' id='word_1_219' title='bbox 487 2567 732 2636; x_wconf 81' lang='lat' dir='ltr'><strong>Moysen.</strong></span> <span class='ocrx_word' id='word_1_220' title='bbox 779 2585 797 2618; x_wconf 72' lang='grc' dir='ltr'><strong><em>ι</em></strong></span> <span class='ocrx_word' id='word_1_221' title='bbox 850 2566 1101 2619; x_wconf 80' lang='lat' dir='ltr'><strong>Videatur</strong></span> <span class='ocrx_word' id='word_1_222' title='bbox 1132 2564 1362 2618; x_wconf 79' lang='lat' dir='ltr'><strong>fortasse</strong></span> <span class='ocrx_word' id='word_1_223' title='bbox 1391 2580 1454 2618; x_wconf 84' lang='lat' dir='ltr'><strong>ex</strong></span> <span class='ocrx_word' id='word_1_224' title='bbox 1494 2564 1769 2635; x_wconf 86' lang='lat' dir='ltr'><strong>superﬂuo</strong></span> <span class='ocrx_word' id='word_1_225' title='bbox 1812 2565 2014 2619; x_wconf 87' lang='lat' dir='ltr'><strong>dictntn</strong></span> <span class='ocrx_word' id='word_1_226' title='bbox 2044 2605 2060 2629; x_wconf 96' lang='lat'><strong>,</strong></span> 
     </span>
    </p>
   </div>
   <div class='ocr_carea' id='block_1_29' title="bbox 488 2654 2063 2726">
    <p class='ocr_par' dir='ltr' id='par_1_29' title="bbox 488 2654 2063 2726">
     <span class='ocr_line' id='line_1_29' title="bbox 488 2654 2063 2726; baseline 0.002 -21"><span class='ocrx_word' id='word_1_227' title='bbox 488 2656 629 2724; x_wconf 81' lang='lat' dir='ltr'><strong>quod</strong></span> <span class='ocrx_word' id='word_1_228' title='bbox 654 2655 811 2721; x_wconf 74' lang='lat' dir='ltr'><strong>dixit,</strong></span> <span class='ocrx_word' id='word_1_229' title='bbox 864 2656 991 2726; x_wconf 88' lang='lat' dir='ltr'><strong>quia</strong></span> <span class='ocrx_word' id='word_1_230' title='bbox 1021 2670 1214 2719; x_wconf 87' lang='lat' dir='ltr'><strong>aquam</strong></span> <span class='ocrx_word' id='word_1_231' title='bbox 1244 2655 1446 2708; x_wconf 89' lang='lat' dir='ltr'><strong>sitierit</strong></span> <span class='ocrx_word' id='word_1_232' title='bbox 1474 2655 1725 2724; x_wconf 86' lang='lat' dir='ltr'><strong>populus.</strong></span> <span class='ocrx_word' id='word_1_233' title='bbox 1761 2654 2063 2710; x_wconf 83' lang='lat' dir='ltr'><strong>Suﬂecerat</strong></span> 
     </span>
    </p>
   </div>
   <div class='ocr_carea' id='block_1_30' title="bbox 487 2746 2059 2817">
    <p class='ocr_par' dir='ltr' id='par_1_30' title="bbox 487 2746 2059 2817">
     <span class='ocr_line' id='line_1_30' title="bbox 487 2746 2059 2817; baseline -0.001 -14"><span class='ocrx_word' id='word_1_234' title='bbox 487 2749 633 2803; x_wconf 90' lang='lat' dir='ltr'><strong>enim</strong></span> <span class='ocrx_word' id='word_1_235' title='bbox 662 2749 865 2810; x_wconf 86' lang='lat' dir='ltr'><strong>dicere,</strong></span> <span class='ocrx_word' id='word_1_236' title='bbox 902 2747 1031 2817; x_wconf 84' lang='lat' dir='ltr'><strong>quia</strong></span> <span class='ocrx_word' id='word_1_237' title='bbox 1064 2747 1222 2810; x_wconf 89' lang='lat' dir='ltr'><strong>sitiit,</strong></span> <span class='ocrx_word' id='word_1_238' title='bbox 1277 2747 1406 2815; x_wconf 89' lang='lat' dir='ltr'><strong>quid</strong></span> <span class='ocrx_word' id='word_1_239' title='bbox 1446 2762 1581 2815; x_wconf 74' lang='lat' dir='ltr'><strong>Opus</strong></span> <span class='ocrx_word' id='word_1_240' title='bbox 1624 2746 1791 2800; x_wconf 80' lang='lat' dir='ltr'><strong>fuerit</strong></span> <span class='ocrx_word' id='word_1_241' title='bbox 1821 2747 2059 2813; x_wconf 84' lang='lat' dir='ltr'><strong>addere,</strong></span> 
     </span>
    </p>
   </div>
   <div class='ocr_carea' id='block_1_31' title="bbox 487 2837 2060 2909">
    <p class='ocr_par' dir='ltr' id='par_1_31' title="bbox 487 2837 2060 2909">
     <span class='ocr_line' id='line_1_31' title="bbox 487 2837 2060 2909; baseline 0 -16"><span class='ocrx_word' id='word_1_242' title='bbox 487 2855 681 2909; x_wconf 81' lang='lat' dir='ltr'><strong>aquam</strong></span> <span class='ocrx_word' id='word_1_243' title='bbox 711 2839 886 2894; x_wconf 83' lang='lat' dir='ltr'><strong>sitiit?</strong></span> <span class='ocrx_word' id='word_1_244' title='bbox 912 2837 1026 2893; x_wconf 82' lang='lat' dir='ltr'><strong>Non</strong></span> <span class='ocrx_word' id='word_1_245' title='bbox 1057 2849 1142 2894; x_wconf 90' lang='lat' dir='ltr'><strong>est</strong></span> <span class='ocrx_word' id='word_1_246' title='bbox 1170 2839 1441 2907; x_wconf 84' lang='lat' dir='ltr'><strong>superﬂua</strong></span> <span class='ocrx_word' id='word_1_247' title='bbox 1467 2839 1720 2907; x_wconf 89' lang='lat' dir='ltr'><strong>adjectio.</strong></span> <span class='ocrx_word' id='word_1_248' title='bbox 1747 2838 1885 2894; x_wconf 88' lang='lat' dir='ltr'><strong>Sunt</strong></span> <span class='ocrx_word' id='word_1_249' title='bbox 1916 2841 2060 2894; x_wconf 90' lang='lat' dir='ltr'><strong>enim</strong></span> 
     </span>
    </p>
   </div>
   <div class='ocr_carea' id='block_1_32' title="bbox 486 2915 2057 3001">
    <p class='ocr_par' dir='ltr' id='par_1_32' title="bbox 486 2915 2057 3001">
     <span class='ocr_line' id='line_1_32' title="bbox 486 2915 2057 3001; baseline 0.001 -16"><span class='ocrx_word' id='word_1_250' title='bbox 486 2915 715 2986; x_wconf 64' lang='lat' dir='ltr'><strong>diversa:</strong></span> <span class='ocrx_word' id='word_1_251' title='bbox 737 2931 891 2995; x_wconf 88' lang='lat' dir='ltr'><strong>sites,</strong></span> <span class='ocrx_word' id='word_1_252' title='bbox 924 2941 978 2986; x_wconf 91' lang='lat' dir='ltr'><strong>et</strong></span> <span class='ocrx_word' id='word_1_253' title='bbox 1011 2932 1381 3000; x_wconf 85' lang='lat' dir='ltr'><strong>unusquisque</strong></span> <span class='ocrx_word' id='word_1_254' title='bbox 1406 2931 1567 2985; x_wconf 88' lang='lat' dir='ltr'><strong>habet</strong></span> <span class='ocrx_word' id='word_1_255' title='bbox 1592 2933 1863 3001; x_wconf 88' lang='lat' dir='ltr'><strong>propriam</strong></span> <span class='ocrx_word' id='word_1_256' title='bbox 1891 2935 2057 2989; x_wconf 87' lang='lat' dir='ltr'><strong>sitim.</strong></span> 
     </span>
    </p>
   </div>
   <div class='ocr_carea' id='block_1_33' title="bbox 2164 467 3736 537">
    <p class='ocr_par' dir='ltr' id='par_1_33' title="bbox 2164 467 3736 537">
     <span class='ocr_line' id='line_1_33' title="bbox 2164 467 3736 537; baseline 0.002 -16"><span class='ocrx_word' id='word_1_257' title='bbox 2164 484 2332 537; x_wconf 85' lang='lat' dir='ltr'><strong>aquas</strong></span> <span class='ocrx_word' id='word_1_258' title='bbox 2371 484 2479 523; x_wconf 91' lang='lat' dir='ltr'><strong>non</strong></span> <span class='ocrx_word' id='word_1_259' title='bbox 2531 468 2724 523; x_wconf 84' lang='lat' dir='ltr'><strong>dabit:</strong></span> <span class='ocrx_word' id='word_1_260' title='bbox 2782 482 3038 537; x_wconf 86' lang='lat' dir='ltr'><strong>percussa</strong></span> <span class='ocrx_word' id='word_1_261' title='bbox 3076 482 3203 522; x_wconf 92' lang='lat' dir='ltr'><strong>vero</strong></span> <span class='ocrx_word' id='word_1_262' title='bbox 3257 467 3431 521; x_wconf 80' lang='lat' dir='ltr'><strong>fontes</strong></span> <span class='ocrx_word' id='word_1_263' title='bbox 3461 470 3736 536; x_wconf 74' lang='lat' dir='ltr'><strong>producit.</strong></span> 
     </span>
    </p>
   </div>
   <div class='ocr_carea' id='block_1_34' title="bbox 2164 552 3739 622">
    <p class='ocr_par' dir='ltr' id='par_1_34' title="bbox 2164 552 3739 622">
     <span class='ocr_line' id='line_1_34' title="bbox 2164 552 3739 622; baseline -0.001 -8"><span class='ocrx_word' id='word_1_264' title='bbox 2164 561 2464 614; x_wconf 82' lang='lat' dir='ltr'><strong>Percussus</strong></span> <span class='ocrx_word' id='word_1_265' title='bbox 2488 561 2632 613; x_wconf 91' lang='lat' dir='ltr'><strong>enim</strong></span> <span class='ocrx_word' id='word_1_266' title='bbox 2658 559 2930 622; x_wconf 88' lang='lat' dir='ltr'><strong>Christus,</strong></span> <span class='ocrx_word' id='word_1_267' title='bbox 2959 568 3014 612; x_wconf 86' lang='lat' dir='ltr'><strong>et</strong></span> <span class='ocrx_word' id='word_1_268' title='bbox 3038 557 3092 612; x_wconf 88' lang='lat' dir='ltr'><strong>in</strong></span> <span class='ocrx_word' id='word_1_269' title='bbox 3129 571 3344 612; x_wconf 83' lang='lat' dir='ltr'><strong>crucem</strong></span> <span class='ocrx_word' id='word_1_270' title='bbox 3398 568 3576 621; x_wconf 87' lang='lat' dir='ltr'><strong>actus,</strong></span> <span class='ocrx_word' id='word_1_271' title='bbox 3599 552 3739 612; x_wconf 79' lang='lat' dir='ltr'><strong>Novi</strong></span> 
     </span>
    </p>
   </div>
   <div class='ocr_carea' id='block_1_35' title="bbox 2164 648 3737 717">
    <p class='ocr_par' dir='ltr' id='par_1_35' title="bbox 2164 648 3737 717">
     <span class='ocr_line' id='line_1_35' title="bbox 2164 648 3737 717; baseline 0 -15"><span class='ocrx_word' id='word_1_272' title='bbox 2164 648 2500 704; x_wconf 83' lang='lat' dir='ltr'><strong>Testamenti</strong></span> <span class='ocrx_word' id='word_1_273' title='bbox 2534 648 2710 703; x_wconf 74' lang='lat' dir='ltr'><strong>fontes</strong></span> <span class='ocrx_word' id='word_1_274' title='bbox 2743 648 3000 717; x_wconf 83' lang='lat' dir='ltr'><strong>produxit</strong></span> <span class='ocrx_word' id='word_1_275' title='bbox 3032 667 3046 701; x_wconf 86' lang='lat'><strong>:</strong></span> <span class='ocrx_word' id='word_1_276' title='bbox 3103 656 3157 700; x_wconf 90' lang='lat' dir='ltr'><strong>et</strong></span> <span class='ocrx_word' id='word_1_277' title='bbox 3191 657 3475 716; x_wconf 86' lang='lat' dir='ltr'><strong>propterea</strong></span> <span class='ocrx_word' id='word_1_278' title='bbox 3528 648 3737 702; x_wconf 86' lang='lat' dir='ltr'><strong>dictum</strong></span> 
     </span>
    </p>
   </div>
   <div class='ocr_carea' id='block_1_36' title="bbox 2162 738 3743 807">
    <p class='ocr_par' dir='ltr' id='par_1_36' title="bbox 2162 738 3743 807">
     <span class='ocr_line' id='line_1_36' title="bbox 2162 738 3743 807; baseline -0.001 -15"><span class='ocrx_word' id='word_1_279' title='bbox 2162 749 2245 792; x_wconf 88' lang='lat' dir='ltr'><strong>est</strong></span> <span class='ocrx_word' id='word_1_280' title='bbox 2275 742 2341 792; x_wconf 91' lang='lat' dir='ltr'><strong>de</strong></span> <span class='ocrx_word' id='word_1_281' title='bbox 2365 754 2430 791; x_wconf 90' lang='lat' dir='ltr'><strong>eo</strong></span> <span class='ocrx_word' id='word_1_282' title='bbox 2459 739 2527 803; x_wconf 77' lang='lat'><strong>&quot;,</strong></span> <span class='ocrx_word' id='word_1_283' title='bbox 2559 738 2684 807; x_wconf 85' lang='lat' dir='ltr'><strong>quia</strong></span> <span class='ocrx_word' id='word_1_284' title='bbox 2720 756 2739 789; x_wconf 73' lang='grc' dir='ltr'><strong><em>ι</em></strong></span> <span class='ocrx_word' id='word_1_285' title='bbox 2790 738 3091 806; x_wconf 88' lang='lat' dir='ltr'><strong>percutiam</strong></span> <span class='ocrx_word' id='word_1_286' title='bbox 3126 746 3402 806; x_wconf 85' lang='lat' dir='ltr'><strong>pastorem</strong></span> <span class='ocrx_word' id='word_1_287' title='bbox 3436 746 3492 790; x_wconf 90' lang='lat' dir='ltr'><strong>et</strong></span> <span class='ocrx_word' id='word_1_288' title='bbox 3526 738 3743 806; x_wconf 88' lang='lat' dir='ltr'><strong>disper-</strong></span> 
     </span>
    </p>
   </div>
   <div class='ocr_carea' id='block_1_37' title="bbox 2163 826 3737 900">
    <p class='ocr_par' dir='ltr' id='par_1_37' title="bbox 2163 826 3737 900">
     <span class='ocr_line' id='line_1_37' title="bbox 2163 826 3737 900; baseline -0.001 -17"><span class='ocrx_word' id='word_1_289' title='bbox 2163 840 2359 900; x_wconf 84' lang='lat' dir='ltr'><strong>gentur</strong></span> <span class='ocrx_word' id='word_1_290' title='bbox 2384 846 2533 884; x_wconf 90' lang='lat' dir='ltr'><strong>oves.</strong></span> <span class='ocrx_word' id='word_1_291' title='bbox 2568 848 2586 882; x_wconf 76' lang='grc' dir='ltr'><strong><em>ι</em></strong></span> <span class='ocrx_word' id='word_1_292' title='bbox 2621 827 2858 884; x_wconf 82' lang='lat' dir='ltr'><strong>Necesse</strong></span> <span class='ocrx_word' id='word_1_293' title='bbox 2878 843 3007 897; x_wconf 81' lang='lat' dir='ltr'><strong>ergo</strong></span> <span class='ocrx_word' id='word_1_294' title='bbox 3035 839 3150 882; x_wconf 88' lang='lat' dir='ltr'><strong>erat</strong></span> <span class='ocrx_word' id='word_1_295' title='bbox 3180 828 3327 881; x_wconf 88' lang='lat' dir='ltr'><strong>illum</strong></span> <span class='ocrx_word' id='word_1_296' title='bbox 3362 827 3593 897; x_wconf 89' lang='lat' dir='ltr'><strong>percuti.</strong></span> <span class='ocrx_word' id='word_1_297' title='bbox 3619 826 3737 882; x_wconf 72' lang='lat' dir='ltr'><strong>Nisi</strong></span> 
     </span>
    </p>
   </div>
   <div class='ocr_carea' id='block_1_38' title="bbox 2161 919 3741 991">
    <p class='ocr_par' dir='ltr' id='par_1_38' title="bbox 2161 919 3741 991">
     <span class='ocr_line' id='line_1_38' title="bbox 2161 919 3741 991; baseline -0.001 -15"><span class='ocrx_word' id='word_1_298' title='bbox 2161 923 2305 976; x_wconf 87' lang='lat' dir='ltr'><strong>enim</strong></span> <span class='ocrx_word' id='word_1_299' title='bbox 2338 921 2427 976; x_wconf 93' lang='lat' dir='ltr'><strong>ille</strong></span> <span class='ocrx_word' id='word_1_300' title='bbox 2459 922 2652 975; x_wconf 75' lang='lat' dir='ltr'><strong>fuisset-</strong></span> <span class='ocrx_word' id='word_1_301' title='bbox 2677 936 2989 991; x_wconf 85' lang='lat' dir='ltr'><strong>percussus,</strong></span> <span class='ocrx_word' id='word_1_302' title='bbox 3017 930 3069 975; x_wconf 87' lang='lat' dir='ltr'><strong>et</strong></span> <span class='ocrx_word' id='word_1_303' title='bbox 3104 921 3304 975; x_wconf 80' lang='lat' dir='ltr'><strong>exisset</strong></span> <span class='ocrx_word' id='word_1_304' title='bbox 3334 923 3399 973; x_wconf 90' lang='lat' dir='ltr'><strong>de</strong></span> <span class='ocrx_word' id='word_1_305' title='bbox 3429 920 3597 975; x_wconf 86' lang='lat' dir='ltr'><strong>latere</strong></span> <span class='ocrx_word' id='word_1_306' title='bbox 3617 919 3741 986; x_wconf 83' lang='lat' dir='ltr'><strong>ejus</strong></span> 
     </span>
    </p>
   </div>
   <div class='ocr_carea' id='block_1_39' title="bbox 2163 1013 3743 1083">
    <p class='ocr_par' dir='ltr' id='par_1_39' title="bbox 2163 1013 3743 1083">
     <span class='ocr_line' id='line_1_39' title="bbox 2163 1013 3743 1083; baseline -0.001 -15"><span class='ocrx_word' id='word_1_307' title='bbox 2163 1029 2305 1083; x_wconf 87' lang='lat' dir='ltr'><strong>aqua</strong></span> <span class='ocrx_word' id='word_1_308' title='bbox 2339 1023 2392 1069; x_wconf 91' lang='lat' dir='ltr'><strong>et</strong></span> <span class='ocrx_word' id='word_1_309' title='bbox 2426 1014 2672 1083; x_wconf 83' lang='lat' dir='ltr'><strong>sanguis,</strong></span> <span class='ocrx_word' id='word_1_310' title='bbox 2702 1028 2892 1067; x_wconf 88' lang='lat' dir='ltr'><strong>omnes</strong></span> <span class='ocrx_word' id='word_1_311' title='bbox 2921 1029 3021 1068; x_wconf 89' lang='lat' dir='ltr'><strong>nos</strong></span> <span class='ocrx_word' id='word_1_312' title='bbox 3048 1013 3194 1066; x_wconf 88' lang='lat' dir='ltr'><strong>sitim</strong></span> <span class='ocrx_word' id='word_1_313' title='bbox 3224 1013 3369 1068; x_wconf 81' lang='lat' dir='ltr'><strong>verbi</strong></span> <span class='ocrx_word' id='word_1_314' title='bbox 3398 1013 3487 1066; x_wconf 88' lang='lat' dir='ltr'><strong>Dei</strong></span> <span class='ocrx_word' id='word_1_315' title='bbox 3520 1023 3743 1081; x_wconf 82' lang='lat' dir='ltr'><strong>patere-</strong></span> 
     </span>
    </p>
   </div>
   <div class='ocr_carea' id='block_1_40' title="bbox 2164 1104 3745 1175">
    <p class='ocr_par' dir='ltr' id='par_1_40' title="bbox 2164 1104 3745 1175">
     <span class='ocr_line' id='line_1_40' title="bbox 2164 1104 3745 1175; baseline -0.001 -15"><span class='ocrx_word' id='word_1_316' title='bbox 2164 1122 2304 1161; x_wconf 90' lang='lat' dir='ltr'><strong>mur.</strong></span> <span class='ocrx_word' id='word_1_317' title='bbox 2330 1104 2439 1160; x_wconf 83' lang='lat' dir='ltr'><strong>Hoc</strong></span> <span class='ocrx_word' id='word_1_318' title='bbox 2460 1120 2589 1175; x_wconf 85' lang='lat' dir='ltr'><strong>ergo</strong></span> <span class='ocrx_word' id='word_1_319' title='bbox 2609 1114 2692 1159; x_wconf 87' lang='lat' dir='ltr'><strong>est</strong></span> <span class='ocrx_word' id='word_1_320' title='bbox 2708 1106 2776 1170; x_wconf 82' lang='grc'><strong>⁹²,</strong></span> <span class='ocrx_word' id='word_1_321' title='bbox 2798 1104 2940 1173; x_wconf 89' lang='lat' dir='ltr'><strong>quod</strong></span> <span class='ocrx_word' id='word_1_322' title='bbox 2965 1115 3018 1159; x_wconf 88' lang='lat' dir='ltr'><strong>et</strong></span> <span class='ocrx_word' id='word_1_323' title='bbox 3039 1104 3332 1171; x_wconf 74' lang='lat' dir='ltr'><strong>Apostolus</strong></span> <span class='ocrx_word' id='word_1_324' title='bbox 3351 1106 3745 1171; x_wconf 74' lang='lat' dir='ltr'><strong>interpretatus</strong></span> 
     </span>
    </p>
   </div>
   <div class='ocr_carea' id='block_1_41' title="bbox 2162 1194 3747 1267">
    <p class='ocr_par' dir='ltr' id='par_1_41' title="bbox 2162 1194 3747 1267">
     <span class='ocr_line' id='line_1_41' title="bbox 2162 1194 3747 1267; baseline -0.003 -14"><span class='ocrx_word' id='word_1_325' title='bbox 2162 1207 2264 1263; x_wconf 91' lang='lat' dir='ltr'><strong>est,</strong></span> <span class='ocrx_word' id='word_1_326' title='bbox 2287 1197 2411 1267; x_wconf 85' lang='lat' dir='ltr'><strong>quia</strong></span> <span class='ocrx_word' id='word_1_327' title='bbox 2435 1218 2452 1248; x_wconf 75' lang='grc' dir='ltr'>ι</span> <span class='ocrx_word' id='word_1_328' title='bbox 2482 1211 2671 1252; x_wconf 87' lang='lat' dir='ltr'><strong>omnes</strong></span> <span class='ocrx_word' id='word_1_329' title='bbox 2688 1195 2936 1250; x_wconf 91' lang='lat' dir='ltr'><strong>eumdem</strong></span> <span class='ocrx_word' id='word_1_330' title='bbox 2952 1197 3410 1249; x_wconf 83' lang='lat' dir='ltr'><strong>manducaverunt</strong></span> <span class='ocrx_word' id='word_1_331' title='bbox 3430 1196 3609 1248; x_wconf 85' lang='lat' dir='ltr'><strong>cibum</strong></span> <span class='ocrx_word' id='word_1_332' title='bbox 3625 1194 3747 1262; x_wconf 81' lang='lat' dir='ltr'><strong>spi-</strong></span> 
     </span>
    </p>
   </div>
   <div class='ocr_carea' id='block_1_42' title="bbox 2165 1286 3742 1357">
    <p class='ocr_par' dir='ltr' id='par_1_42' title="bbox 2165 1286 3742 1357">
     <span class='ocr_line' id='line_1_42' title="bbox 2165 1286 3742 1357; baseline 0 -15"><span class='ocrx_word' id='word_1_333' title='bbox 2165 1288 2207 1342; x_wconf 91' lang='lat' dir='ltr'><strong>ri</strong></span> <span class='ocrx_word' id='word_1_334' title='bbox 2218 1290 2397 1357; x_wconf 88' lang='lat' dir='ltr'><strong>talem,</strong></span> <span class='ocrx_word' id='word_1_335' title='bbox 2414 1297 2665 1344; x_wconf 83' lang='lat' dir='ltr'><strong>etomnes</strong></span> <span class='ocrx_word' id='word_1_336' title='bbox 2687 1289 2931 1341; x_wconf 88' lang='lat' dir='ltr'><strong>eumdem</strong></span> <span class='ocrx_word' id='word_1_337' title='bbox 2946 1286 3242 1356; x_wconf 86' lang='lat' dir='ltr'><strong>spiritalem</strong></span> <span class='ocrx_word' id='word_1_338' title='bbox 3262 1286 3509 1340; x_wconf 83' lang='lat' dir='ltr'><strong>biberunt</strong></span> <span class='ocrx_word' id='word_1_339' title='bbox 3527 1297 3742 1355; x_wconf 86' lang='lat' dir='ltr'><strong>potum.</strong></span> 
     </span>
    </p>
   </div>
   <div class='ocr_carea' id='block_1_43' title="bbox 2162 1371 3746 1448">
    <p class='ocr_par' dir='ltr' id='par_1_43' title="bbox 2162 1371 3746 1448">
     <span class='ocr_line' id='line_1_43' title="bbox 2162 1371 3746 1448; baseline -0.001 -13"><span class='ocrx_word' id='word_1_340' title='bbox 2162 1382 2432 1436; x_wconf 89' lang='lat' dir='ltr'><strong>Bibebant</strong></span> <span class='ocrx_word' id='word_1_341' title='bbox 2463 1391 2643 1435; x_wconf 90' lang='lat' dir='ltr'><strong>autem</strong></span> <span class='ocrx_word' id='word_1_342' title='bbox 2676 1381 2741 1434; x_wconf 91' lang='lat' dir='ltr'><strong>de</strong></span> <span class='ocrx_word' id='word_1_343' title='bbox 2766 1380 3023 1447; x_wconf 88' lang='lat' dir='ltr'><strong>spiritali,</strong></span> <span class='ocrx_word' id='word_1_344' title='bbox 3065 1371 3325 1448; x_wconf 87' lang='lat' dir='ltr'><strong>sequente</strong></span> <span class='ocrx_word' id='word_1_345' title='bbox 3358 1389 3533 1447; x_wconf 90' lang='lat' dir='ltr'><strong>petra,</strong></span> <span class='ocrx_word' id='word_1_346' title='bbox 3585 1390 3746 1446; x_wconf 63' lang='lat' dir='ltr'><strong>petra</strong></span> 
     </span>
    </p>
   </div>
   <div class='ocr_carea' id='block_1_44' title="bbox 2163 1470 3740 1541">
    <p class='ocr_par' dir='ltr' id='par_1_44' title="bbox 2163 1470 3740 1541">
     <span class='ocr_line' id='line_1_44' title="bbox 2163 1470 3740 1541; baseline -0.001 -13"><span class='ocrx_word' id='word_1_347' title='bbox 2163 1491 2293 1531; x_wconf 89' lang='lat' dir='ltr'><strong>vero</strong></span> <span class='ocrx_word' id='word_1_348' title='bbox 2316 1486 2435 1530; x_wconf 91' lang='lat' dir='ltr'><strong>erat</strong></span> <span class='ocrx_word' id='word_1_349' title='bbox 2451 1476 2722 1530; x_wconf 89' lang='lat' dir='ltr'><strong>Christus.</strong></span> <span class='ocrx_word' id='word_1_350' title='bbox 2751 1491 2769 1524; x_wconf 77' lang='grc' dir='ltr'><strong><em>ι</em></strong></span> <span class='ocrx_word' id='word_1_351' title='bbox 2796 1472 3036 1527; x_wconf 85' lang='lat' dir='ltr'><strong>Observa</strong></span> <span class='ocrx_word' id='word_1_352' title='bbox 3058 1472 3390 1541; x_wconf 84' lang='lat' dir='ltr'><strong>tamenquod</strong></span> <span class='ocrx_word' id='word_1_353' title='bbox 3413 1471 3662 1525; x_wconf 79' lang='lat' dir='ltr'><strong>dixitboc</strong></span> <span class='ocrx_word' id='word_1_354' title='bbox 3682 1470 3740 1526; x_wconf 83' lang='lat' dir='ltr'><strong>in</strong></span> 
     </span>
    </p>
   </div>
   <div class='ocr_carea' id='block_1_45' title="bbox 2163 1563 3743 1637">
    <p class='ocr_par' dir='ltr' id='par_1_45' title="bbox 2163 1563 3743 1637">
     <span class='ocr_line' id='line_1_45' title="bbox 2163 1563 3743 1637; baseline -0.002 -16"><span class='ocrx_word' id='word_1_355' title='bbox 2163 1567 2280 1622; x_wconf 88' lang='lat' dir='ltr'><strong>loco</strong></span> <span class='ocrx_word' id='word_1_356' title='bbox 2299 1567 2442 1623; x_wconf 89' lang='lat' dir='ltr'><strong>Deus</strong></span> <span class='ocrx_word' id='word_1_357' title='bbox 2469 1568 2535 1621; x_wconf 90' lang='lat' dir='ltr'><strong>ad</strong></span> <span class='ocrx_word' id='word_1_358' title='bbox 2556 1566 2775 1637; x_wconf 89' lang='lat' dir='ltr'><strong>Moysen</strong></span> <span class='ocrx_word' id='word_1_359' title='bbox 2806 1566 2851 1597; x_wconf 76' lang='grc'>⁸³</span> <span class='ocrx_word' id='word_1_360' title='bbox 2880 1581 2891 1616; x_wconf 88' lang='lat'><strong>:</strong></span> <span class='ocrx_word' id='word_1_361' title='bbox 2924 1584 2942 1616; x_wconf 75' lang='grc' dir='ltr'>ι</span> <span class='ocrx_word' id='word_1_362' title='bbox 2970 1563 3241 1618; x_wconf 85' lang='lat' dir='ltr'><strong>Antecede</strong></span> <span class='ocrx_word' id='word_1_363' title='bbox 3262 1563 3537 1632; x_wconf 88' lang='lat' dir='ltr'><strong>populum,</strong></span> <span class='ocrx_word' id='word_1_364' title='bbox 3560 1572 3614 1616; x_wconf 90' lang='lat' dir='ltr'><strong>et</strong></span> <span class='ocrx_word' id='word_1_365' title='bbox 3638 1564 3743 1618; x_wconf 82' lang='lat' dir='ltr'><strong>due</strong></span> 
     </span>
    </p>
   </div>
   <div class='ocr_carea' id='block_1_46' title="bbox 2167 1653 3738 1726">
    <p class='ocr_par' dir='ltr' id='par_1_46' title="bbox 2167 1653 3738 1726">
     <span class='ocr_line' id='line_1_46' title="bbox 2167 1653 3738 1726; baseline -0.003 -13"><span class='ocrx_word' id='word_1_366' title='bbox 2167 1669 2339 1713; x_wconf 90' lang='lat' dir='ltr'><strong>tecum</strong></span> <span class='ocrx_word' id='word_1_367' title='bbox 2364 1657 2596 1725; x_wconf 85' lang='lat' dir='ltr'><strong>majores</strong></span> <span class='ocrx_word' id='word_1_368' title='bbox 2627 1666 2778 1721; x_wconf 89' lang='lat' dir='ltr'><strong>natu,</strong></span> <span class='ocrx_word' id='word_1_369' title='bbox 2802 1658 2853 1710; x_wconf 89' lang='lat' dir='ltr'><strong>id</strong></span> <span class='ocrx_word' id='word_1_370' title='bbox 2876 1657 3318 1726; x_wconf 85' lang='lat' dir='ltr'><strong>estpreshyteros</strong></span> <span class='ocrx_word' id='word_1_371' title='bbox 3347 1654 3548 1722; x_wconf 87' lang='lat' dir='ltr'><strong>populi.</strong></span> <span class='ocrx_word' id='word_1_372' title='bbox 3578 1673 3595 1704; x_wconf 74' lang='grc' dir='ltr'><strong><em>ι</em></strong></span> <span class='ocrx_word' id='word_1_373' title='bbox 3620 1653 3738 1708; x_wconf 79' lang='lat' dir='ltr'><strong>Non</strong></span> 
     </span>
    </p>
   </div>
   <div class='ocr_carea' id='block_1_47' title="bbox 2164 1748 3736 1822">
    <p class='ocr_par' dir='ltr' id='par_1_47' title="bbox 2164 1748 3736 1822">
     <span class='ocr_line' id='line_1_47' title="bbox 2164 1748 3736 1822; baseline -0.003 -15"><span class='ocrx_word' id='word_1_374' title='bbox 2164 1752 2314 1807; x_wconf 87' lang='lat' dir='ltr'><strong>solus</strong></span> <span class='ocrx_word' id='word_1_375' title='bbox 2335 1751 2551 1822; x_wconf 80' lang='lat' dir='ltr'><strong>Moyses</strong></span> <span class='ocrx_word' id='word_1_376' title='bbox 2577 1751 2728 1803; x_wconf 89' lang='lat' dir='ltr'><strong>ducit</strong></span> <span class='ocrx_word' id='word_1_377' title='bbox 2753 1752 3004 1818; x_wconf 89' lang='lat' dir='ltr'><strong>populum</strong></span> <span class='ocrx_word' id='word_1_378' title='bbox 3031 1750 3094 1800; x_wconf 89' lang='lat' dir='ltr'><strong>ad</strong></span> <span class='ocrx_word' id='word_1_379' title='bbox 3128 1763 3298 1815; x_wconf 76' lang='lat' dir='ltr'><strong>aquas</strong></span> <span class='ocrx_word' id='word_1_380' title='bbox 3329 1757 3493 1816; x_wconf 63' lang='lat' dir='ltr'><strong>petrae</strong></span> <span class='ocrx_word' id='word_1_381' title='bbox 3519 1788 3535 1812; x_wconf 94' lang='lat'><strong>,</strong></span> <span class='ocrx_word' id='word_1_382' title='bbox 3565 1748 3654 1800; x_wconf 82' lang='lat' dir='ltr'><strong>sed</strong></span> <span class='ocrx_word' id='word_1_383' title='bbox 3677 1754 3736 1802; x_wconf 65' lang='grc' dir='ltr'><strong>ει</strong></span> 
     </span>
    </p>
   </div>
   <div class='ocr_carea' id='block_1_48' title="bbox 2162 1838 3736 1912">
    <p class='ocr_par' dir='ltr' id='par_1_48' title="bbox 2162 1838 3736 1912">
     <span class='ocr_line' id='line_1_48' title="bbox 2162 1838 3736 1912; baseline -0.004 -14"><span class='ocrx_word' id='word_1_384' title='bbox 2162 1843 2406 1898; x_wconf 86' lang='lat' dir='ltr'><strong>seniores</strong></span> <span class='ocrx_word' id='word_1_385' title='bbox 2431 1842 2612 1912; x_wconf 87' lang='lat' dir='ltr'><strong>populi</strong></span> <span class='ocrx_word' id='word_1_386' title='bbox 2638 1857 2759 1894; x_wconf 90' lang='lat' dir='ltr'><strong>cum</strong></span> <span class='ocrx_word' id='word_1_387' title='bbox 2790 1842 2927 1909; x_wconf 81' lang='lat' dir='ltr'><strong>ipso.</strong></span> <span class='ocrx_word' id='word_1_388' title='bbox 2959 1839 3074 1894; x_wconf 76' lang='lat' dir='ltr'><strong>Non</strong></span> <span class='ocrx_word' id='word_1_389' title='bbox 3106 1840 3248 1893; x_wconf 90' lang='lat' dir='ltr'><strong>enim</strong></span> <span class='ocrx_word' id='word_1_390' title='bbox 3275 1838 3384 1892; x_wconf 88' lang='lat' dir='ltr'><strong>sola</strong></span> <span class='ocrx_word' id='word_1_391' title='bbox 3414 1839 3497 1892; x_wconf 81' lang='lat' dir='ltr'><strong>lex</strong></span> <span class='ocrx_word' id='word_1_392' title='bbox 3532 1854 3736 1892; x_wconf 57' lang='lat' dir='ltr'><strong>annon.</strong></span> 
     </span>
    </p>
   </div>
   <div class='ocr_carea' id='block_1_49' title="bbox 2163 1929 3743 2001">
    <p class='ocr_par' dir='ltr' id='par_1_49' title="bbox 2163 1929 3743 2001">
     <span class='ocr_line' id='line_1_49' title="bbox 2163 1929 3743 2001; baseline -0.003 -13"><span class='ocrx_word' id='word_1_393' title='bbox 2163 1935 2260 1988; x_wconf 86' lang='lat' dir='ltr'><strong>tiat</strong></span> <span class='ocrx_word' id='word_1_394' title='bbox 2288 1933 2565 1988; x_wconf 85' lang='lat' dir='ltr'><strong>Christum</strong></span> <span class='ocrx_word' id='word_1_395' title='bbox 2588 1973 2602 1997; x_wconf 91' lang='lat'><strong>,</strong></span> <span class='ocrx_word' id='word_1_396' title='bbox 2649 1932 2743 1986; x_wconf 87' lang='lat' dir='ltr'><strong>sed</strong></span> <span class='ocrx_word' id='word_1_397' title='bbox 2781 1941 2836 1986; x_wconf 88' lang='lat' dir='ltr'><strong>et</strong></span> <span class='ocrx_word' id='word_1_398' title='bbox 2889 1931 3166 2001; x_wconf 78' lang='lat' dir='ltr'><strong>prephetze</strong></span> <span class='ocrx_word' id='word_1_399' title='bbox 3196 1971 3211 1996; x_wconf 95' lang='lat'><strong>,</strong></span> <span class='ocrx_word' id='word_1_400' title='bbox 3248 1939 3299 1984; x_wconf 91' lang='lat' dir='ltr'><strong>et</strong></span> <span class='ocrx_word' id='word_1_401' title='bbox 3332 1929 3743 2001; x_wconf 79' lang='lat' dir='ltr'><strong>patr_iarcba:,et</strong></span> 
     </span>
    </p>
   </div>
   <div class='ocr_carea' id='block_1_50' title="bbox 2166 2025 2836 2092">
    <p class='ocr_par' dir='ltr' id='par_1_50' title="bbox 2166 2025 2836 2092">
     <span class='ocr_line' id='line_1_50' title="bbox 2166 2025 2836 2092; baseline -0.004 -11"><span class='ocrx_word' id='word_1_402' title='bbox 2166 2025 2359 2081; x_wconf 67' lang='lat' dir='ltr'><strong>o&#39;mnes</strong></span> <span class='ocrx_word' id='word_1_403' title='bbox 2387 2026 2623 2092; x_wconf 86' lang='lat' dir='ltr'><strong>majores</strong></span> <span class='ocrx_word' id='word_1_404' title='bbox 2685 2035 2836 2078; x_wconf 86' lang='lat' dir='ltr'><strong>natu.</strong></span> 
     </span>
    </p>
   </div>
   <div class='ocr_carea' id='block_1_51' title="bbox 2268 2115 3741 2184">
    <p class='ocr_par' dir='ltr' id='par_1_51' title="bbox 2268 2115 3741 2184">
     <span class='ocr_line' id='line_1_51' title="bbox 2268 2115 3741 2184; baseline -0.005 -11"><span class='ocrx_word' id='word_1_405' title='bbox 2268 2121 2323 2175; x_wconf 75' lang='grc'><strong>5.</strong></span> <span class='ocrx_word' id='word_1_406' title='bbox 2376 2119 2505 2173; x_wconf 84' lang='lat' dir='ltr'><strong>Post</strong></span> <span class='ocrx_word' id='word_1_407' title='bbox 2559 2120 2674 2173; x_wconf 67' lang='lat' dir='ltr'><strong>haec</strong></span> <span class='ocrx_word' id='word_1_408' title='bbox 2730 2116 2931 2171; x_wconf 76' lang='lat' dir='ltr'><strong>bellant</strong></span> <span class='ocrx_word' id='word_1_409' title='bbox 2986 2115 3313 2170; x_wconf 87' lang='lat' dir='ltr'><strong>describitur</strong></span> <span class='ocrx_word' id='word_1_410' title='bbox 3360 2123 3569 2184; x_wconf 84' lang='lat' dir='ltr'><strong>gestum</strong></span> <span class='ocrx_word' id='word_1_411' title='bbox 3617 2127 3741 2166; x_wconf 89' lang='lat' dir='ltr'><strong>cum</strong></span> 
     </span>
    </p>
   </div>
   <div class='ocr_carea' id='block_1_52' title="bbox 2162 2204 3739 2280">
    <p class='ocr_par' dir='ltr' id='par_1_52' title="bbox 2162 2204 3739 2280">
     <span class='ocr_line' id='line_1_52' title="bbox 2162 2204 3739 2280; baseline -0.006 -15"><span class='ocrx_word' id='word_1_412' title='bbox 2162 2210 2506 2276; x_wconf 87' lang='lat' dir='ltr'><strong>Amalecitis,</strong></span> <span class='ocrx_word' id='word_1_413' title='bbox 2545 2221 2816 2280; x_wconf 79' lang='lat' dir='ltr'><strong>pugnasse</strong></span> <span class='ocrx_word' id='word_1_414' title='bbox 2865 2205 3102 2261; x_wconf 80' lang='lat' dir='ltr'><strong>refertur</strong></span> <span class='ocrx_word' id='word_1_415' title='bbox 3155 2205 3383 2274; x_wconf 84' lang='lat' dir='ltr'><strong>populus</strong></span> <span class='ocrx_word' id='word_1_416' title='bbox 3430 2215 3483 2258; x_wconf 90' lang='lat' dir='ltr'><strong>et</strong></span> <span class='ocrx_word' id='word_1_417' title='bbox 3522 2204 3739 2256; x_wconf 85' lang='lat' dir='ltr'><strong>vicisse.</strong></span> 
     </span>
    </p>
   </div>
   <div class='ocr_carea' id='block_1_53' title="bbox 2163 2294 3741 2369">
    <p class='ocr_par' dir='ltr' id='par_1_53' title="bbox 2163 2294 3741 2369">
     <span class='ocr_line' id='line_1_53' title="bbox 2163 2294 3741 2369; baseline -0.007 -13"><span class='ocrx_word' id='word_1_418' title='bbox 2163 2302 2472 2369; x_wconf 80' lang='lat' dir='ltr'><strong>Antequam</strong></span> <span class='ocrx_word' id='word_1_419' title='bbox 2508 2300 2864 2353; x_wconf 89' lang='lat' dir='ltr'><strong>manducaret</strong></span> <span class='ocrx_word' id='word_1_420' title='bbox 2896 2311 3088 2367; x_wconf 87' lang='lat' dir='ltr'><strong>panem</strong></span> <span class='ocrx_word' id='word_1_421' title='bbox 3130 2298 3195 2350; x_wconf 91' lang='lat' dir='ltr'><strong>de</strong></span> <span class='ocrx_word' id='word_1_422' title='bbox 3229 2294 3387 2358; x_wconf 62' lang='lat' dir='ltr'><strong>caelo,</strong></span> <span class='ocrx_word' id='word_1_423' title='bbox 3434 2304 3488 2347; x_wconf 86' lang='lat' dir='ltr'><strong>et</strong></span> <span class='ocrx_word' id='word_1_424' title='bbox 3524 2294 3741 2347; x_wconf 87' lang='lat' dir='ltr'><strong>biberet</strong></span> 
     </span>
    </p>
   </div>
   <div class='ocr_carea' id='block_1_54' title="bbox 2166 2386 3747 2461">
    <p class='ocr_par' dir='ltr' id='par_1_54' title="bbox 2166 2386 3747 2461">
     <span class='ocr_line' id='line_1_54' title="bbox 2166 2386 3747 2461; baseline -0.005 -16"><span class='ocrx_word' id='word_1_425' title='bbox 2166 2407 2361 2460; x_wconf 89' lang='lat' dir='ltr'><strong>aquam</strong></span> <span class='ocrx_word' id='word_1_426' title='bbox 2396 2393 2464 2446; x_wconf 90' lang='lat' dir='ltr'><strong>de</strong></span> <span class='ocrx_word' id='word_1_427' title='bbox 2494 2400 2667 2461; x_wconf 87' lang='lat' dir='ltr'><strong>petra,</strong></span> <span class='ocrx_word' id='word_1_428' title='bbox 2726 2404 2831 2443; x_wconf 89' lang='lat' dir='ltr'><strong>non</strong></span> <span class='ocrx_word' id='word_1_429' title='bbox 2873 2387 3110 2442; x_wconf 83' lang='lat' dir='ltr'><strong>refertur</strong></span> <span class='ocrx_word' id='word_1_430' title='bbox 3163 2386 3392 2456; x_wconf 90' lang='lat' dir='ltr'><strong>populus</strong></span> <span class='ocrx_word' id='word_1_431' title='bbox 3442 2400 3747 2453; x_wconf 76' lang='lat' dir='ltr'><strong>pugnasse,</strong></span> 
     </span>
    </p>
   </div>
   <div class='ocr_carea' id='block_1_55' title="bbox 2163 2476 3745 2546">
    <p class='ocr_par' dir='ltr' id='par_1_55' title="bbox 2163 2476 3745 2546">
     <span class='ocr_line' id='line_1_55' title="bbox 2163 2476 3745 2546; baseline -0.007 -7"><span class='ocrx_word' id='word_1_432' title='bbox 2163 2484 2258 2539; x_wconf 88' lang='lat' dir='ltr'><strong>sed</strong></span> <span class='ocrx_word' id='word_1_433' title='bbox 2292 2484 2493 2537; x_wconf 87' lang='lat' dir='ltr'><strong>dicitur</strong></span> <span class='ocrx_word' id='word_1_434' title='bbox 2524 2483 2591 2536; x_wconf 88' lang='lat' dir='ltr'><strong>ad</strong></span> <span class='ocrx_word' id='word_1_435' title='bbox 2627 2496 2750 2535; x_wconf 92' lang='lat' dir='ltr'><strong>eum</strong></span> <span class='ocrx_word' id='word_1_436' title='bbox 2790 2480 2869 2531; x_wconf 72' lang='lat'><strong>&quot;:</strong></span> <span class='ocrx_word' id='word_1_437' title='bbox 2933 2498 2952 2530; x_wconf 74' lang='grc' dir='ltr'>ι</span> <span class='ocrx_word' id='word_1_438' title='bbox 3012 2477 3270 2533; x_wconf 91' lang='lat' dir='ltr'><strong>Dominus</strong></span> <span class='ocrx_word' id='word_1_439' title='bbox 3325 2476 3582 2546; x_wconf 80' lang='lat' dir='ltr'><strong>pugnabit</strong></span> <span class='ocrx_word' id='word_1_440' title='bbox 3642 2488 3745 2542; x_wconf 89' lang='lat' dir='ltr'><strong>pro</strong></span> 
     </span>
    </p>
   </div>
   <div class='ocr_carea' id='block_1_56' title="bbox 2163 2566 3746 2641">
    <p class='ocr_par' dir='ltr' id='par_1_56' title="bbox 2163 2566 3746 2641">
     <span class='ocr_line' id='line_1_56' title="bbox 2163 2566 3746 2641; baseline -0.008 -10"><span class='ocrx_word' id='word_1_441' title='bbox 2163 2578 2339 2639; x_wconf 85' lang='lat' dir='ltr'><strong>vobis,</strong></span> <span class='ocrx_word' id='word_1_442' title='bbox 2380 2586 2436 2631; x_wconf 90' lang='lat' dir='ltr'><strong>et</strong></span> <span class='ocrx_word' id='word_1_443' title='bbox 2467 2590 2563 2630; x_wconf 81' lang='lat' dir='ltr'><strong>vos</strong></span> <span class='ocrx_word' id='word_1_444' title='bbox 2600 2573 2874 2629; x_wconf 89' lang='lat' dir='ltr'><strong>tacebitis.</strong></span> <span class='ocrx_word' id='word_1_445' title='bbox 2905 2590 2923 2623; x_wconf 73' lang='grc' dir='ltr'><strong><em>ι</em></strong></span> <span class='ocrx_word' id='word_1_446' title='bbox 2964 2572 3057 2625; x_wconf 81' lang='lat' dir='ltr'><strong>Est</strong></span> <span class='ocrx_word' id='word_1_447' title='bbox 3111 2585 3240 2641; x_wconf 88' lang='lat' dir='ltr'><strong>ergo</strong></span> <span class='ocrx_word' id='word_1_448' title='bbox 3285 2578 3495 2637; x_wconf 91' lang='lat' dir='ltr'><strong>tempus</strong></span> <span class='ocrx_word' id='word_1_449' title='bbox 3525 2566 3746 2637; x_wconf 87' lang='lat' dir='ltr'><strong>quando</strong></span> 
     </span>
    </p>
   </div>
   <div class='ocr_carea' id='block_1_57' title="bbox 2165 2660 3744 2737">
    <p class='ocr_par' dir='ltr' id='par_1_57' title="bbox 2165 2660 3744 2737">
     <span class='ocr_line' id='line_1_57' title="bbox 2165 2660 3744 2737; baseline -0.006 -14"><span class='ocrx_word' id='word_1_450' title='bbox 2165 2668 2428 2724; x_wconf 89' lang='lat' dir='ltr'><strong>Dominus</strong></span> <span class='ocrx_word' id='word_1_451' title='bbox 2460 2675 2665 2737; x_wconf 90' lang='lat' dir='ltr'><strong>pugnat</strong></span> <span class='ocrx_word' id='word_1_452' title='bbox 2695 2679 2793 2733; x_wconf 91' lang='lat' dir='ltr'><strong>pro</strong></span> <span class='ocrx_word' id='word_1_453' title='bbox 2823 2662 3001 2725; x_wconf 88' lang='lat' dir='ltr'><strong>nobis,</strong></span> <span class='ocrx_word' id='word_1_454' title='bbox 3057 2677 3155 2715; x_wconf 89' lang='lat' dir='ltr'><strong>nec</strong></span> <span class='ocrx_word' id='word_1_455' title='bbox 3191 2660 3453 2731; x_wconf 88' lang='lat' dir='ltr'><strong>permittit</strong></span> <span class='ocrx_word' id='word_1_456' title='bbox 3487 2676 3587 2713; x_wconf 89' lang='lat' dir='ltr'><strong>nos</strong></span> <span class='ocrx_word' id='word_1_457' title='bbox 3622 2669 3744 2713; x_wconf 86' lang='lat' dir='ltr'><strong>ten-</strong></span> 
     </span>
    </p>
   </div>
   <div class='ocr_carea' id='block_1_58' title="bbox 2168 2752 3746 2827">
    <p class='ocr_par' dir='ltr' id='par_1_58' title="bbox 2168 2752 3746 2827">
     <span class='ocr_line' id='line_1_58' title="bbox 2168 2752 3746 2827; baseline -0.005 -14"><span class='ocrx_word' id='word_1_458' title='bbox 2168 2759 2270 2814; x_wconf 91' lang='lat' dir='ltr'><strong>tari</strong></span> <span class='ocrx_word' id='word_1_459' title='bbox 2310 2772 2472 2827; x_wconf 89' lang='lat' dir='ltr'><strong>supra</strong></span> <span class='ocrx_word' id='word_1_460' title='bbox 2508 2757 2559 2811; x_wconf 88' lang='lat' dir='ltr'><strong>id</strong></span> <span class='ocrx_word' id='word_1_461' title='bbox 2596 2756 2738 2825; x_wconf 89' lang='lat' dir='ltr'><strong>quod</strong></span> <span class='ocrx_word' id='word_1_462' title='bbox 2774 2769 3085 2822; x_wconf 85' lang='lat' dir='ltr'><strong>possumus,</strong></span> <span class='ocrx_word' id='word_1_463' title='bbox 3120 2768 3218 2807; x_wconf 90' lang='lat' dir='ltr'><strong>nec</strong></span> <span class='ocrx_word' id='word_1_464' title='bbox 3249 2753 3484 2819; x_wconf 87' lang='lat' dir='ltr'><strong>impares</strong></span> <span class='ocrx_word' id='word_1_465' title='bbox 3533 2752 3746 2805; x_wconf 80' lang='lat' dir='ltr'><strong>viribus</strong></span> 
     </span>
    </p>
   </div>
   <div class='ocr_carea' id='block_1_59' title="bbox 2165 2839 3743 2912">
    <p class='ocr_par' dir='ltr' id='par_1_59' title="bbox 2165 2839 3743 2912">
     <span class='ocr_line' id='line_1_59' title="bbox 2165 2839 3743 2912; baseline -0.006 -7"><span class='ocrx_word' id='word_1_466' title='bbox 2165 2852 2297 2906; x_wconf 91' lang='lat' dir='ltr'><strong>sinit</strong></span> <span class='ocrx_word' id='word_1_467' title='bbox 2334 2850 2401 2904; x_wconf 88' lang='lat' dir='ltr'><strong>ad</strong></span> <span class='ocrx_word' id='word_1_468' title='bbox 2446 2849 2607 2903; x_wconf 80' lang='lat' dir='ltr'><strong>fortis</strong></span> <span class='ocrx_word' id='word_1_469' title='bbox 2645 2849 2831 2902; x_wconf 77' lang='lat' dir='ltr'><strong>venire</strong></span> <span class='ocrx_word' id='word_1_470' title='bbox 2861 2860 3235 2912; x_wconf 78' lang='lat' dir='ltr'><strong>congressum.</strong></span> <span class='ocrx_word' id='word_1_471' title='bbox 3271 2843 3511 2911; x_wconf 89' lang='lat' dir='ltr'><strong>Denique</strong></span> <span class='ocrx_word' id='word_1_472' title='bbox 3553 2852 3607 2896; x_wconf 88' lang='lat' dir='ltr'><strong>et</strong></span> <span class='ocrx_word' id='word_1_473' title='bbox 3640 2839 3743 2895; x_wconf 79' lang='lat' dir='ltr'><strong>Job</strong></span> 
     </span>
    </p>
   </div>
   <div class='ocr_carea' id='block_1_60' title="bbox 2166 2936 3743 2997">
    <p class='ocr_par' dir='ltr' id='par_1_60' title="bbox 2166 2936 3743 2997">
     <span class='ocr_line' id='line_1_60' title="bbox 2166 2936 3743 2997; baseline -0.007 0"><span class='ocrx_word' id='word_1_474' title='bbox 2166 2958 2328 2997; x_wconf 90' lang='lat' dir='ltr'><strong>onme</strong></span> <span class='ocrx_word' id='word_1_475' title='bbox 2358 2941 2486 2996; x_wconf 91' lang='lat' dir='ltr'><strong>illud</strong></span> <span class='ocrx_word' id='word_1_476' title='bbox 2519 2939 2836 2994; x_wconf 88' lang='lat' dir='ltr'><strong>tentationis</strong></span> <span class='ocrx_word' id='word_1_477' title='bbox 2863 2953 2976 2992; x_wconf 64' lang='lat' dir='ltr'><strong>sua</strong></span> <span class='ocrx_word' id='word_1_478' title='bbox 3010 2936 3438 2991; x_wconf 79' lang='lat' dir='ltr'><strong>famosissimum</strong></span> <span class='ocrx_word' id='word_1_479' title='bbox 3463 2945 3743 2989; x_wconf 81' lang='lat' dir='ltr'><strong>certamen</strong></span> 
     </span>
    </p>
   </div>
   <div class='ocr_carea' id='block_1_61' title="bbox 485 3022 3745 3102">
    <p class='ocr_par' dir='ltr' id='par_1_61' title="bbox 485 3022 3745 3102">
     <span class='ocr_line' id='line_1_61' title="bbox 485 3022 3745 3102; baseline 0 -24"><span class='ocrx_word' id='word_1_480' title='bbox 485 3025 589 3091; x_wconf 85' lang='lat' dir='ltr'><strong>Qui</strong></span> <span class='ocrx_word' id='word_1_481' title='bbox 622 3025 761 3078; x_wconf 90' lang='lat' dir='ltr'><strong>beati</strong></span> <span class='ocrx_word' id='word_1_482' title='bbox 794 3033 917 3079; x_wconf 88' lang='lat' dir='ltr'><strong>sunt</strong></span> <span class='ocrx_word' id='word_1_483' title='bbox 947 3023 1247 3078; x_wconf 80' lang='lat' dir='ltr'><strong>secundum</strong></span> <span class='ocrx_word' id='word_1_484' title='bbox 1297 3024 1525 3077; x_wconf 90' lang='lat' dir='ltr'><strong>verbum</strong></span> <span class='ocrx_word' id='word_1_485' title='bbox 1575 3022 1791 3078; x_wconf 88' lang='lat' dir='ltr'><strong>Domini</strong></span> <span class='ocrx_word' id='word_1_486' title='bbox 1825 3026 1893 3091; x_wconf 82' lang='grc'><strong>⁸⁸,</strong></span> <span class='ocrx_word' id='word_1_487' title='bbox 1930 3043 2057 3081; x_wconf 81' lang='lat' dir='ltr'><strong>esu-</strong></span> <span class='ocrx_word' id='word_1_488' title='bbox 2089 3030 2134 3089; x_wconf 90' lang='lat' dir='ltr'><strong>C</strong></span> <span class='ocrx_word' id='word_1_489' title='bbox 2163 3033 2277 3102; x_wconf 82' lang='lat' dir='ltr'><strong>jam</strong></span> <span class='ocrx_word' id='word_1_490' title='bbox 2315 3033 2594 3101; x_wconf 76' lang='lat' dir='ltr'><strong>perfectus</strong></span> <span class='ocrx_word' id='word_1_491' title='bbox 2656 3030 2922 3100; x_wconf 85' lang='lat' dir='ltr'><strong>implevit.</strong></span> <span class='ocrx_word' id='word_1_492' title='bbox 2959 3028 3024 3082; x_wconf 87' lang='lat' dir='ltr'><strong>Et</strong></span> <span class='ocrx_word' id='word_1_493' title='bbox 3071 3039 3123 3081; x_wconf 93' lang='lat' dir='ltr'><strong>tu</strong></span> <span class='ocrx_word' id='word_1_494' title='bbox 3178 3042 3307 3094; x_wconf 82' lang='lat' dir='ltr'><strong>ergo</strong></span> <span class='ocrx_word' id='word_1_495' title='bbox 3351 3041 3476 3080; x_wconf 90' lang='lat' dir='ltr'><strong>cum</strong></span> <span class='ocrx_word' id='word_1_496' title='bbox 3508 3026 3745 3094; x_wconf 62' lang='lat' dir='ltr'><strong>coeperis</strong></span> 
     </span>
    </p>
   </div>
   <div class='ocr_carea' id='block_1_62' title="bbox 488 3113 2061 3185">
    <p class='ocr_par' dir='ltr' id='par_1_62' title="bbox 488 3113 2061 3185">
     <span class='ocr_line' id='line_1_62' title="bbox 488 3113 2061 3185; baseline 0.001 -15"><span class='ocrx_word' id='word_1_497' title='bbox 488 3117 658 3182; x_wconf 88' lang='lat' dir='ltr'><strong>riunt,</strong></span> <span class='ocrx_word' id='word_1_498' title='bbox 694 3126 748 3170; x_wconf 91' lang='lat' dir='ltr'><strong>et</strong></span> <span class='ocrx_word' id='word_1_499' title='bbox 790 3116 1057 3185; x_wconf 80' lang='lat' dir='ltr'><strong>justitiam</strong></span> <span class='ocrx_word' id='word_1_500' title='bbox 1089 3116 1321 3176; x_wconf 82' lang='lat' dir='ltr'><strong>sitiunt;</strong></span> <span class='ocrx_word' id='word_1_501' title='bbox 1375 3123 1430 3168; x_wconf 89' lang='lat' dir='ltr'><strong>et</strong></span> <span class='ocrx_word' id='word_1_502' title='bbox 1467 3113 1557 3168; x_wconf 91' lang='lat' dir='ltr'><strong>alii</strong></span> <span class='ocrx_word' id='word_1_503' title='bbox 1594 3115 1948 3172; x_wconf 87' lang='lat' dir='ltr'><strong>nihilominus</strong></span> <span class='ocrx_word' id='word_1_504' title='bbox 1981 3119 2061 3173; x_wconf 91' lang='lat' dir='ltr'><strong>di-</strong></span> 
     </span>
    </p>
   </div>
   <div class='ocr_carea' id='block_1_63' title="bbox 486 3204 2063 3276">
    <p class='ocr_par' dir='ltr' id='par_1_63' title="bbox 486 3204 2063 3276">
     <span class='ocr_line' id='line_1_63' title="bbox 486 3204 2063 3276; baseline 0.001 -15"><span class='ocrx_word' id='word_1_505' title='bbox 486 3216 614 3261; x_wconf 84' lang='lat' dir='ltr'><strong>cunt</strong></span> <span class='ocrx_word' id='word_1_506' title='bbox 659 3205 747 3258; x_wconf 68' lang='lat'><strong>&#39;9:</strong></span> <span class='ocrx_word' id='word_1_507' title='bbox 789 3223 807 3257; x_wconf 75' lang='grc' dir='ltr'>ι</span> <span class='ocrx_word' id='word_1_508' title='bbox 849 3205 1031 3260; x_wconf 89' lang='lat' dir='ltr'><strong>Sitivit</strong></span> <span class='ocrx_word' id='word_1_509' title='bbox 1064 3205 1244 3260; x_wconf 90' lang='lat' dir='ltr'><strong>anima</strong></span> <span class='ocrx_word' id='word_1_510' title='bbox 1298 3220 1415 3259; x_wconf 86' lang='lat' dir='ltr'><strong>mea</strong></span> <span class='ocrx_word' id='word_1_511' title='bbox 1450 3204 1517 3258; x_wconf 90' lang='lat' dir='ltr'><strong>ad</strong></span> <span class='ocrx_word' id='word_1_512' title='bbox 1561 3215 1637 3269; x_wconf 89' lang='lat' dir='ltr'><strong>te,</strong></span> <span class='ocrx_word' id='word_1_513' title='bbox 1675 3206 1838 3262; x_wconf 89' lang='lat' dir='ltr'><strong>Deus.</strong></span> <span class='ocrx_word' id='word_1_514' title='bbox 1878 3228 1897 3261; x_wconf 75' lang='grc' dir='ltr'><strong><em>ι</em></strong></span> <span class='ocrx_word' id='word_1_515' title='bbox 1954 3209 2063 3276; x_wconf 86' lang='lat' dir='ltr'><strong>Qui</strong></span> 
     </span>
    </p>
   </div>
   <div class='ocr_carea' id='block_1_64' title="bbox 488 3300 2059 3370">
    <p class='ocr_par' dir='ltr' id='par_1_64' title="bbox 488 3300 2059 3370">
     <span class='ocr_line' id='line_1_64' title="bbox 488 3300 2059 3370; baseline 0.005 -22"><span class='ocrx_word' id='word_1_516' title='bbox 488 3314 620 3354; x_wconf 74' lang='lat' dir='ltr'><strong>vero</strong></span> <span class='ocrx_word' id='word_1_517' title='bbox 651 3309 967 3369; x_wconf 89' lang='lat' dir='ltr'><strong>peccatores</strong></span> <span class='ocrx_word' id='word_1_518' title='bbox 1009 3307 1157 3363; x_wconf 86' lang='lat' dir='ltr'><strong>sunt,</strong></span> <span class='ocrx_word' id='word_1_519' title='bbox 1194 3301 1481 3367; x_wconf 89' lang='lat' dir='ltr'><strong>patiuntur</strong></span> <span class='ocrx_word' id='word_1_520' title='bbox 1524 3314 1628 3354; x_wconf 92' lang='lat' dir='ltr'><strong>non</strong></span> <span class='ocrx_word' id='word_1_521' title='bbox 1679 3300 1827 3354; x_wconf 90' lang='lat' dir='ltr'><strong>sitim</strong></span> <span class='ocrx_word' id='word_1_522' title='bbox 1871 3316 2059 3370; x_wconf 54' lang='lat' dir='ltr'><strong>aqua),</strong></span> 
     </span>
    </p>
   </div>
   <div class='ocr_carea' id='block_1_65' title="bbox 488 3390 2061 3461">
    <p class='ocr_par' dir='ltr' id='par_1_65' title="bbox 488 3390 2061 3461">
     <span class='ocr_line' id='line_1_65' title="bbox 488 3390 2061 3461; baseline 0.002 -16"><span class='ocrx_word' id='word_1_523' title='bbox 488 3402 667 3461; x_wconf 85' lang='lat' dir='ltr'><strong>neque</strong></span> <span class='ocrx_word' id='word_1_524' title='bbox 706 3390 901 3443; x_wconf 82' lang='lat' dir='ltr'><strong>famem</strong></span> <span class='ocrx_word' id='word_1_525' title='bbox 944 3390 1098 3459; x_wconf 90' lang='lat' dir='ltr'><strong>panis</strong></span> <span class='ocrx_word' id='word_1_526' title='bbox 1130 3428 1146 3453; x_wconf 94' lang='lat'><strong>,</strong></span> <span class='ocrx_word' id='word_1_527' title='bbox 1200 3390 1293 3442; x_wconf 88' lang='lat' dir='ltr'><strong>sed</strong></span> <span class='ocrx_word' id='word_1_528' title='bbox 1344 3392 1491 3445; x_wconf 88' lang='lat' dir='ltr'><strong>sitim</strong></span> <span class='ocrx_word' id='word_1_529' title='bbox 1528 3393 1783 3446; x_wconf 88' lang='lat' dir='ltr'><strong>audiendi</strong></span> <span class='ocrx_word' id='word_1_530' title='bbox 1838 3392 2061 3448; x_wconf 87' lang='lat' dir='ltr'><strong>verbum</strong></span> 
     </span>
    </p>
   </div>
   <div class='ocr_carea' id='block_1_66' title="bbox 490 3479 2063 3553">
    <p class='ocr_par' dir='ltr' id='par_1_66' title="bbox 490 3479 2063 3553">
     <span class='ocr_line' id='line_1_66' title="bbox 490 3479 2063 3553; baseline 0.003 -20"><span class='ocrx_word' id='word_1_531' title='bbox 490 3480 585 3533; x_wconf 90' lang='lat' dir='ltr'><strong>Dei</strong></span> <span class='ocrx_word' id='word_1_532' title='bbox 614 3481 681 3535; x_wconf 83' lang='lat'><strong>”.</strong></span> <span class='ocrx_word' id='word_1_533' title='bbox 712 3479 920 3534; x_wconf 79' lang='lat' dir='ltr'><strong>Idcirco</strong></span> <span class='ocrx_word' id='word_1_534' title='bbox 960 3481 1125 3549; x_wconf 84' lang='lat' dir='ltr'><strong>Igitur</strong></span> <span class='ocrx_word' id='word_1_535' title='bbox 1150 3489 1200 3534; x_wconf 92' lang='lat' dir='ltr'><strong>et</strong></span> <span class='ocrx_word' id='word_1_536' title='bbox 1225 3479 1315 3534; x_wconf 86' lang='lat' dir='ltr'><strong>hic</strong></span> <span class='ocrx_word' id='word_1_537' title='bbox 1345 3482 1518 3546; x_wconf 88' lang='lat' dir='ltr'><strong>addit,</strong></span> <span class='ocrx_word' id='word_1_538' title='bbox 1555 3484 1683 3552; x_wconf 91' lang='lat' dir='ltr'><strong>quia</strong></span> <span class='ocrx_word' id='word_1_539' title='bbox 1734 3483 1964 3553; x_wconf 90' lang='lat' dir='ltr'><strong>populus</strong></span> <span class='ocrx_word' id='word_1_540' title='bbox 1989 3485 2063 3539; x_wconf 87' lang='lat' dir='ltr'><strong>si-</strong></span> 
     </span>
    </p>
   </div>
   <div class='ocr_carea' id='block_1_67' title="bbox 491 3569 2062 3643">
    <p class='ocr_par' dir='ltr' id='par_1_67' title="bbox 491 3569 2062 3643">
     <span class='ocr_line' id='line_1_67' title="bbox 491 3569 2062 3643; baseline 0.005 -21"><span class='ocrx_word' id='word_1_541' title='bbox 491 3571 577 3623; x_wconf 90' lang='lat' dir='ltr'><strong>tiit</strong></span> <span class='ocrx_word' id='word_1_542' title='bbox 604 3585 823 3639; x_wconf 86' lang='lat' dir='ltr'><strong>aquam,</strong></span> <span class='ocrx_word' id='word_1_543' title='bbox 857 3569 949 3639; x_wconf 90' lang='lat' dir='ltr'><strong>qui</strong></span> <span class='ocrx_word' id='word_1_544' title='bbox 981 3570 1168 3625; x_wconf 86' lang='lat' dir='ltr'><strong>debuit</strong></span> <span class='ocrx_word' id='word_1_545' title='bbox 1219 3571 1387 3625; x_wconf 91' lang='lat' dir='ltr'><strong>Deum</strong></span> <span class='ocrx_word' id='word_1_546' title='bbox 1430 3571 1606 3641; x_wconf 89' lang='lat' dir='ltr'><strong>sitire,</strong></span> <span class='ocrx_word' id='word_1_547' title='bbox 1640 3573 1733 3643; x_wconf 90' lang='lat' dir='ltr'><strong>qui</strong></span> <span class='ocrx_word' id='word_1_548' title='bbox 1770 3576 1955 3630; x_wconf 89' lang='lat' dir='ltr'><strong>debuit</strong></span> <span class='ocrx_word' id='word_1_549' title='bbox 1987 3577 2062 3630; x_wconf 86' lang='lat' dir='ltr'><strong>si-</strong></span> 
     </span>
    </p>
   </div>
   <div class='ocr_carea' id='block_1_68' title="bbox 488 3658 2063 3729">
    <p class='ocr_par' dir='ltr' id='par_1_68' title="bbox 488 3658 2063 3729">
     <span class='ocr_line' id='line_1_68' title="bbox 488 3658 2063 3729; baseline 0.006 -17"><span class='ocrx_word' id='word_1_550' title='bbox 488 3659 593 3713; x_wconf 83' lang='lat' dir='ltr'><strong>tire</strong></span> <span class='ocrx_word' id='word_1_551' title='bbox 619 3658 910 3726; x_wconf 85' lang='lat' dir='ltr'><strong>justitiam.</strong></span> <span class='ocrx_word' id='word_1_552' title='bbox 942 3659 1140 3715; x_wconf 84' lang='lat' dir='ltr'><strong>Verum</strong></span> <span class='ocrx_word' id='word_1_553' title='bbox 1178 3660 1301 3729; x_wconf 89' lang='lat' dir='ltr'><strong>quia</strong></span> <span class='ocrx_word' id='word_1_554' title='bbox 1330 3660 1475 3718; x_wconf 91' lang='lat' dir='ltr'><strong>Deus</strong></span> <span class='ocrx_word' id='word_1_555' title='bbox 1526 3679 1653 3719; x_wconf 82' lang='lat' dir='ltr'><strong>vere</strong></span> <span class='ocrx_word' id='word_1_556' title='bbox 1684 3666 1931 3719; x_wconf 89' lang='lat' dir='ltr'><strong>eruditor</strong></span> <span class='ocrx_word' id='word_1_557' title='bbox 1980 3675 2063 3721; x_wconf 87' lang='lat' dir='ltr'><strong>est</strong></span> 
     </span>
    </p>
   </div>
   <div class='ocr_carea' id='block_1_69' title="bbox 487 3749 2061 3826">
    <p class='ocr_par' dir='ltr' id='par_1_69' title="bbox 487 3749 2061 3826">
     <span class='ocr_line' id='line_1_69' title="bbox 487 3749 2061 3826; baseline 0.003 -21"><span class='ocrx_word' id='word_1_558' title='bbox 487 3749 883 3814; x_wconf 71' lang='lat' dir='ltr'><strong>infantium,et</strong></span> <span class='ocrx_word' id='word_1_559' title='bbox 932 3752 1189 3821; x_wconf 82' lang='lat' dir='ltr'><strong>magiSter</strong></span> <span class='ocrx_word' id='word_1_560' title='bbox 1223 3751 1622 3820; x_wconf 87' lang='lat' dir='ltr'><strong>insipientium,</strong></span> <span class='ocrx_word' id='word_1_561' title='bbox 1674 3754 1903 3826; x_wconf 79' lang='lat' dir='ltr'><strong>corrigit</strong></span> <span class='ocrx_word' id='word_1_562' title='bbox 1947 3756 2061 3809; x_wconf 89' lang='lat' dir='ltr'><strong>cul-</strong></span> 
     </span>
    </p>
   </div>
   <div class='ocr_carea' id='block_1_70' title="bbox 488 3843 2061 3917">
    <p class='ocr_par' dir='ltr' id='par_1_70' title="bbox 488 3843 2061 3917">
     <span class='ocr_line' id='line_1_70' title="bbox 488 3843 2061 3917; baseline 0.003 -20"><span class='ocrx_word' id='word_1_563' title='bbox 488 3860 606 3913; x_wconf 90' lang='lat' dir='ltr'><strong>pas,</strong></span> <span class='ocrx_word' id='word_1_564' title='bbox 637 3854 690 3899; x_wconf 90' lang='lat' dir='ltr'><strong>et</strong></span> <span class='ocrx_word' id='word_1_565' title='bbox 716 3843 969 3899; x_wconf 90' lang='lat' dir='ltr'><strong>emendat</strong></span> <span class='ocrx_word' id='word_1_566' title='bbox 1001 3860 1243 3909; x_wconf 85' lang='lat' dir='ltr'><strong>errores,</strong></span> <span class='ocrx_word' id='word_1_567' title='bbox 1274 3856 1328 3899; x_wconf 91' lang='lat' dir='ltr'><strong>et</strong></span> <span class='ocrx_word' id='word_1_568' title='bbox 1357 3847 1490 3900; x_wconf 81' lang='lat' dir='ltr'><strong>dicit</strong></span> <span class='ocrx_word' id='word_1_569' title='bbox 1517 3847 1582 3901; x_wconf 89' lang='lat' dir='ltr'><strong>ad</strong></span> <span class='ocrx_word' id='word_1_570' title='bbox 1613 3847 1831 3917; x_wconf 83' lang='lat' dir='ltr'><strong>Moysen</strong></span> <span class='ocrx_word' id='word_1_571' title='bbox 1889 3857 1946 3902; x_wconf 91' lang='lat' dir='ltr'><strong>ut</strong></span> <span class='ocrx_word' id='word_1_572' title='bbox 1974 3863 2061 3901; x_wconf 81' lang='lat' dir='ltr'><strong>su-</strong></span> 
     </span>
    </p>
   </div>
   <div class='ocr_carea' id='block_1_71' title="bbox 493 3936 2063 4005">
    <p class='ocr_par' dir='ltr' id='par_1_71' title="bbox 493 3936 2063 4005">
     <span class='ocr_line' id='line_1_71' title="bbox 493 3936 2063 4005; baseline 0.003 -16"><span class='ocrx_word' id='word_1_573' title='bbox 493 3946 604 3990; x_wconf 85' lang='lat' dir='ltr'><strong>mat</strong></span> <span class='ocrx_word' id='word_1_574' title='bbox 648 3937 901 4005; x_wconf 77' lang='lat' dir='ltr'><strong>virgam,</strong></span> <span class='ocrx_word' id='word_1_575' title='bbox 958 3945 1013 3989; x_wconf 89' lang='lat' dir='ltr'><strong>et</strong></span> <span class='ocrx_word' id='word_1_576' title='bbox 1062 3936 1377 4003; x_wconf 86' lang='lat' dir='ltr'><strong>percutiens</strong></span> <span class='ocrx_word' id='word_1_577' title='bbox 1428 3947 1677 4004; x_wconf 88' lang='lat' dir='ltr'><strong>petram,</strong></span> <span class='ocrx_word' id='word_1_578' title='bbox 1729 3941 1928 3993; x_wconf 89' lang='lat' dir='ltr'><strong>educat</strong></span> <span class='ocrx_word' id='word_1_579' title='bbox 1984 3941 2063 3994; x_wconf 88' lang='lat' dir='ltr'><strong>eis</strong></span> 
     </span>
    </p>
   </div>
   <div class='ocr_carea' id='block_1_72' title="bbox 490 4024 2063 4095">
    <p class='ocr_par' dir='ltr' id='par_1_72' title="bbox 490 4024 2063 4095">
     <span class='ocr_line' id='line_1_72' title="bbox 490 4024 2063 4095; baseline 0.003 -16"><span class='ocrx_word' id='word_1_580' title='bbox 490 4037 709 4095; x_wconf 83' lang='lat' dir='ltr'><strong>aquam.</strong></span> <span class='ocrx_word' id='word_1_581' title='bbox 741 4026 864 4081; x_wconf 80' lang='lat' dir='ltr'><strong>Vult</strong></span> <span class='ocrx_word' id='word_1_582' title='bbox 893 4025 1039 4078; x_wconf 90' lang='lat' dir='ltr'><strong>enim</strong></span> <span class='ocrx_word' id='word_1_583' title='bbox 1069 4039 1161 4077; x_wconf 89' lang='lat' dir='ltr'><strong>eos</strong></span> <span class='ocrx_word' id='word_1_584' title='bbox 1182 4024 1293 4093; x_wconf 81' lang='lat' dir='ltr'><strong>jam</strong></span> <span class='ocrx_word' id='word_1_585' title='bbox 1326 4025 1393 4077; x_wconf 90' lang='lat' dir='ltr'><strong>de</strong></span> <span class='ocrx_word' id='word_1_586' title='bbox 1422 4037 1571 4093; x_wconf 89' lang='lat' dir='ltr'><strong>petra</strong></span> <span class='ocrx_word' id='word_1_587' title='bbox 1599 4027 1803 4093; x_wconf 84' lang='lat' dir='ltr'><strong>bibere,</strong></span> <span class='ocrx_word' id='word_1_588' title='bbox 1836 4028 1944 4082; x_wconf 87' lang='lat' dir='ltr'><strong>vult</strong></span> <span class='ocrx_word' id='word_1_589' title='bbox 1968 4045 2063 4085; x_wconf 89' lang='lat' dir='ltr'><strong>eos</strong></span> 
     </span>
    </p>
   </div>
   <div class='ocr_carea' id='block_1_73' title="bbox 489 4115 2062 4189">
    <p class='ocr_par' dir='ltr' id='par_1_73' title="bbox 489 4115 2062 4189">
     <span class='ocr_line' id='line_1_73' title="bbox 489 4115 2062 4189; baseline 0.003 -20"><span class='ocrx_word' id='word_1_590' title='bbox 489 4116 778 4186; x_wconf 84' lang='lat' dir='ltr'><strong>proiicere,</strong></span> <span class='ocrx_word' id='word_1_591' title='bbox 806 4125 855 4171; x_wconf 86' lang='lat' dir='ltr'><strong>et</strong></span> <span class='ocrx_word' id='word_1_592' title='bbox 885 4116 949 4168; x_wconf 90' lang='lat' dir='ltr'><strong>ad</strong></span> <span class='ocrx_word' id='word_1_593' title='bbox 981 4115 1241 4169; x_wconf 90' lang='lat' dir='ltr'><strong>interiora</strong></span> <span class='ocrx_word' id='word_1_594' title='bbox 1275 4118 1463 4173; x_wconf 86' lang='lat' dir='ltr'><strong>venire</strong></span> <span class='ocrx_word' id='word_1_595' title='bbox 1505 4119 1782 4189; x_wconf 87' lang='lat' dir='ltr'><strong>mysteria.</strong></span> <span class='ocrx_word' id='word_1_596' title='bbox 1821 4119 2062 4175; x_wconf 88' lang='lat' dir='ltr'><strong>Murmu-</strong></span> 
     </span>
    </p>
   </div>
   <div class='ocr_carea' id='block_1_74' title="bbox 490 4205 2063 4281">
    <p class='ocr_par' dir='ltr' id='par_1_74' title="bbox 490 4205 2063 4281">
     <span class='ocr_line' id='line_1_74' title="bbox 490 4205 2063 4281; baseline 0.004 -20"><span class='ocrx_word' id='word_1_597' title='bbox 490 4216 754 4262; x_wconf 89' lang='lat' dir='ltr'><strong>raverunt</strong></span> <span class='ocrx_word' id='word_1_598' title='bbox 779 4206 925 4262; x_wconf 90' lang='lat' dir='ltr'><strong>enim</strong></span> <span class='ocrx_word' id='word_1_599' title='bbox 951 4206 1211 4262; x_wconf 88' lang='lat' dir='ltr'><strong>adversus</strong></span> <span class='ocrx_word' id='word_1_600' title='bbox 1253 4205 1507 4277; x_wconf 88' lang='lat' dir='ltr'><strong>Moysen,</strong></span> <span class='ocrx_word' id='word_1_601' title='bbox 1532 4219 1584 4264; x_wconf 92' lang='lat' dir='ltr'><strong>et</strong></span> <span class='ocrx_word' id='word_1_602' title='bbox 1607 4220 1890 4279; x_wconf 88' lang='lat' dir='ltr'><strong>propterea</strong></span> <span class='ocrx_word' id='word_1_603' title='bbox 1910 4212 2063 4281; x_wconf 87' lang='lat' dir='ltr'><strong>jubet</strong></span> 
     </span>
    </p>
   </div>
   <div class='ocr_carea' id='block_1_75' title="bbox 487 4298 2059 4370">
    <p class='ocr_par' dir='ltr' id='par_1_75' title="bbox 487 4298 2059 4370">
     <span class='ocr_line' id='line_1_75' title="bbox 487 4298 2059 4370; baseline 0.002 -15"><span class='ocrx_word' id='word_1_604' title='bbox 487 4299 748 4355; x_wconf 89' lang='lat' dir='ltr'><strong>Dominus</strong></span> <span class='ocrx_word' id='word_1_605' title='bbox 774 4307 834 4353; x_wconf 92' lang='lat' dir='ltr'><strong>ut</strong></span> <span class='ocrx_word' id='word_1_606' title='bbox 869 4298 1124 4353; x_wconf 88' lang='lat' dir='ltr'><strong>ostendat</strong></span> <span class='ocrx_word' id='word_1_607' title='bbox 1150 4299 1232 4354; x_wconf 92' lang='lat' dir='ltr'><strong>eis</strong></span> <span class='ocrx_word' id='word_1_608' title='bbox 1265 4310 1497 4368; x_wconf 89' lang='lat' dir='ltr'><strong>petram,</strong></span> <span class='ocrx_word' id='word_1_609' title='bbox 1532 4315 1599 4355; x_wconf 85' lang='lat' dir='ltr'><strong>ex</strong></span> <span class='ocrx_word' id='word_1_610' title='bbox 1623 4317 1727 4370; x_wconf 91' lang='lat' dir='ltr'><strong>qua</strong></span> <span class='ocrx_word' id='word_1_611' title='bbox 1761 4303 1969 4367; x_wconf 85' lang='lat' dir='ltr'><strong>bibant.</strong></span> <span class='ocrx_word' id='word_1_612' title='bbox 2004 4304 2059 4359; x_wconf 91' lang='lat' dir='ltr'><strong>Si</strong></span> 
     </span>
    </p>
   </div>
   <div class='ocr_carea' id='block_1_76' title="bbox 2166 3117 3743 3191">
    <p class='ocr_par' dir='ltr' id='par_1_76' title="bbox 2166 3117 3743 3191">
     <span class='ocr_line' id='line_1_76' title="bbox 2166 3117 3743 3191; baseline -0.005 -14"><span class='ocrx_word' id='word_1_613' title='bbox 2166 3125 2498 3177; x_wconf 86' lang='lat' dir='ltr'><strong>manducare</strong></span> <span class='ocrx_word' id='word_1_614' title='bbox 2530 3135 2748 3186; x_wconf 87' lang='lat' dir='ltr'><strong>manna,</strong></span> <span class='ocrx_word' id='word_1_615' title='bbox 2795 3136 2986 3191; x_wconf 88' lang='lat' dir='ltr'><strong>panem</strong></span> <span class='ocrx_word' id='word_1_616' title='bbox 3043 3119 3318 3172; x_wconf 71' lang='lat' dir='ltr'><strong>emlestem</strong></span> <span class='ocrx_word' id='word_1_617' title='bbox 3354 3118 3503 3171; x_wconf 89' lang='lat' dir='ltr'><strong>verbi</strong></span> <span class='ocrx_word' id='word_1_618' title='bbox 3542 3117 3656 3181; x_wconf 88' lang='lat' dir='ltr'><strong>Dei,</strong></span> <span class='ocrx_word' id='word_1_619' title='bbox 3684 3125 3743 3171; x_wconf 80' lang='lat' dir='ltr'><strong>et</strong></span> 
     </span>
    </p>
   </div>
   <div class='ocr_carea' id='block_1_77' title="bbox 2163 3206 3744 3280">
    <p class='ocr_par' dir='ltr' id='par_1_77' title="bbox 2163 3206 3744 3280">
     <span class='ocr_line' id='line_1_77' title="bbox 2163 3206 3744 3280; baseline -0.005 -12"><span class='ocrx_word' id='word_1_620' title='bbox 2163 3214 2354 3268; x_wconf 90' lang='lat' dir='ltr'><strong>bibere</strong></span> <span class='ocrx_word' id='word_1_621' title='bbox 2404 3226 2601 3280; x_wconf 85' lang='lat' dir='ltr'><strong>aquam</strong></span> <span class='ocrx_word' id='word_1_622' title='bbox 2661 3213 2728 3265; x_wconf 90' lang='lat' dir='ltr'><strong>de</strong></span> <span class='ocrx_word' id='word_1_623' title='bbox 2757 3222 2935 3280; x_wconf 89' lang='lat' dir='ltr'><strong>petra,</strong></span> <span class='ocrx_word' id='word_1_624' title='bbox 2968 3225 3198 3277; x_wconf 84' lang='lat' dir='ltr'><strong>cumque</strong></span> <span class='ocrx_word' id='word_1_625' title='bbox 3242 3211 3307 3263; x_wconf 87' lang='lat' dir='ltr'><strong>ad</strong></span> <span class='ocrx_word' id='word_1_626' title='bbox 3335 3209 3597 3263; x_wconf 87' lang='lat' dir='ltr'><strong>interiora</strong></span> <span class='ocrx_word' id='word_1_627' title='bbox 3643 3206 3744 3260; x_wconf 87' lang='lat' dir='ltr'><strong>do-</strong></span> 
     </span>
    </p>
   </div>
   <div class='ocr_carea' id='block_1_78' title="bbox 2163 3302 3747 3374">
    <p class='ocr_par' dir='ltr' id='par_1_78' title="bbox 2163 3302 3747 3374">
     <span class='ocr_line' id='line_1_78' title="bbox 2163 3302 3747 3374; baseline -0.006 -13"><span class='ocrx_word' id='word_1_628' title='bbox 2163 3307 2358 3361; x_wconf 74' lang='lat' dir='ltr'><strong>ctrinm</strong></span> <span class='ocrx_word' id='word_1_629' title='bbox 2396 3304 2659 3374; x_wconf 88' lang='lat' dir='ltr'><strong>spiritalis</strong></span> <span class='ocrx_word' id='word_1_630' title='bbox 2706 3302 3011 3357; x_wconf 87' lang='lat' dir='ltr'><strong>accesseris</strong></span> <span class='ocrx_word' id='word_1_631' title='bbox 3039 3341 3053 3365; x_wconf 94' lang='lat'><strong>,</strong></span> <span class='ocrx_word' id='word_1_632' title='bbox 3092 3311 3315 3370; x_wconf 89' lang='lat' dir='ltr'><strong>sperato</strong></span> <span class='ocrx_word' id='word_1_633' title='bbox 3368 3315 3638 3369; x_wconf 81' lang='lat' dir='ltr'><strong>pugnam;</strong></span> <span class='ocrx_word' id='word_1_634' title='bbox 3684 3309 3747 3353; x_wconf 83' lang='lat' dir='ltr'><strong>et</strong></span> 
     </span>
    </p>
   </div>
   <div class='ocr_carea' id='block_1_79' title="bbox 2165 3388 3745 3463">
    <p class='ocr_par' dir='ltr' id='par_1_79' title="bbox 2165 3388 3745 3463">
     <span class='ocr_line' id='line_1_79' title="bbox 2165 3388 3745 3463; baseline -0.005 -15"><span class='ocrx_word' id='word_1_635' title='bbox 2165 3407 2409 3463; x_wconf 58' lang='lat' dir='ltr'><strong>prapara</strong></span> <span class='ocrx_word' id='word_1_636' title='bbox 2442 3404 2494 3446; x_wconf 91' lang='lat' dir='ltr'><strong>te</strong></span> <span class='ocrx_word' id='word_1_637' title='bbox 2523 3393 2588 3446; x_wconf 87' lang='lat' dir='ltr'><strong>ad</strong></span> <span class='ocrx_word' id='word_1_638' title='bbox 2618 3392 2843 3445; x_wconf 91' lang='lat' dir='ltr'><strong>bellum.</strong></span> <span class='ocrx_word' id='word_1_639' title='bbox 2877 3388 3026 3444; x_wconf 88' lang='lat' dir='ltr'><strong>Bello</strong></span> <span class='ocrx_word' id='word_1_640' title='bbox 3086 3390 3251 3459; x_wconf 78' lang='lat' dir='ltr'><strong>igitur</strong></span> <span class='ocrx_word' id='word_1_641' title='bbox 3279 3390 3620 3454; x_wconf 90' lang='lat' dir='ltr'><strong>imminente,</strong></span> <span class='ocrx_word' id='word_1_642' title='bbox 3662 3388 3745 3441; x_wconf 87' lang='lat' dir='ltr'><strong>vi-</strong></span> 
     </span>
    </p>
   </div>
   <div class='ocr_carea' id='block_1_80' title="bbox 2164 3481 3739 3556">
    <p class='ocr_par' dir='ltr' id='par_1_80' title="bbox 2164 3481 3739 3556">
     <span class='ocr_line' id='line_1_80' title="bbox 2164 3481 3739 3556; baseline -0.004 -15"><span class='ocrx_word' id='word_1_643' title='bbox 2164 3486 2391 3541; x_wconf 88' lang='lat' dir='ltr'><strong>deamus</strong></span> <span class='ocrx_word' id='word_1_644' title='bbox 2426 3485 2556 3555; x_wconf 91' lang='lat' dir='ltr'><strong>quid</strong></span> <span class='ocrx_word' id='word_1_645' title='bbox 2609 3485 2892 3553; x_wconf 72' lang='lat' dir='ltr'><strong>praecipiat</strong></span> <span class='ocrx_word' id='word_1_646' title='bbox 2921 3483 3134 3553; x_wconf 75' lang='lat' dir='ltr'><strong>Moyses</strong></span> <span class='ocrx_word' id='word_1_647' title='bbox 3164 3504 3175 3536; x_wconf 87' lang='lat'><strong>:</strong></span> <span class='ocrx_word' id='word_1_648' title='bbox 3216 3500 3234 3532; x_wconf 79' lang='lat' dir='ltr'><strong>t</strong></span> <span class='ocrx_word' id='word_1_649' title='bbox 3270 3482 3434 3556; x_wconf 79' lang='lat' dir='ltr'><strong>Dixit,</strong></span> <span class='ocrx_word' id='word_1_650' title='bbox 3469 3481 3644 3550; x_wconf 89' lang='lat' dir='ltr'><strong>inquit</strong></span> <span class='ocrx_word' id='word_1_651' title='bbox 3668 3481 3739 3545; x_wconf 80' lang='grc'><strong>⁸³,</strong></span> 
     </span>
    </p>
   </div>
   <div class='ocr_carea' id='block_1_81' title="bbox 2170 3571 3741 3646">
    <p class='ocr_par' dir='ltr' id='par_1_81' title="bbox 2170 3571 3741 3646">
     <span class='ocr_line' id='line_1_81' title="bbox 2170 3571 3741 3646; baseline -0.004 -13"><span class='ocrx_word' id='word_1_652' title='bbox 2170 3580 2235 3633; x_wconf 89' lang='lat' dir='ltr'><strong>ad</strong></span> <span class='ocrx_word' id='word_1_653' title='bbox 2261 3577 2443 3632; x_wconf 79' lang='lat' dir='ltr'><strong>Jesum</strong></span> <span class='ocrx_word' id='word_1_654' title='bbox 2472 3595 2486 3631; x_wconf 89' lang='lat'><strong>:</strong></span> <span class='ocrx_word' id='word_1_655' title='bbox 2518 3577 2671 3646; x_wconf 80' lang='lat' dir='ltr'><strong>Elige</strong></span> <span class='ocrx_word' id='word_1_656' title='bbox 2702 3578 2794 3630; x_wconf 91' lang='lat' dir='ltr'><strong>tibi</strong></span> <span class='ocrx_word' id='word_1_657' title='bbox 2831 3576 2933 3645; x_wconf 89' lang='lat' dir='ltr'><strong>ipsi</strong></span> <span class='ocrx_word' id='word_1_658' title='bbox 2972 3576 3139 3638; x_wconf 77' lang='lat' dir='ltr'><strong>viros,</strong></span> <span class='ocrx_word' id='word_1_659' title='bbox 3180 3584 3234 3628; x_wconf 87' lang='lat' dir='ltr'><strong>et</strong></span> <span class='ocrx_word' id='word_1_660' title='bbox 3258 3575 3363 3639; x_wconf 78' lang='lat' dir='ltr'><strong>exi,</strong></span> <span class='ocrx_word' id='word_1_661' title='bbox 3423 3584 3476 3627; x_wconf 89' lang='lat' dir='ltr'><strong>et</strong></span> <span class='ocrx_word' id='word_1_662' title='bbox 3508 3571 3741 3642; x_wconf 85' lang='lat' dir='ltr'><strong>conﬂige</strong></span> 
     </span>
    </p>
   </div>
   <div class='ocr_carea' id='block_1_82' title="bbox 2164 3665 3743 3736">
    <p class='ocr_par' dir='ltr' id='par_1_82' title="bbox 2164 3665 3743 3736">
     <span class='ocr_line' id='line_1_82' title="bbox 2164 3665 3743 3736; baseline -0.006 -10"><span class='ocrx_word' id='word_1_663' title='bbox 2164 3687 2288 3726; x_wconf 88' lang='lat' dir='ltr'><strong>cum</strong></span> <span class='ocrx_word' id='word_1_664' title='bbox 2331 3671 2556 3725; x_wconf 84' lang='lat' dir='ltr'><strong>Amalec</strong></span> <span class='ocrx_word' id='word_1_665' title='bbox 2614 3670 2875 3723; x_wconf 90' lang='lat' dir='ltr'><strong>crastino.</strong></span> <span class='ocrx_word' id='word_1_666' title='bbox 2935 3687 2953 3721; x_wconf 78' lang='grc' dir='ltr'>ι</span> <span class='ocrx_word' id='word_1_667' title='bbox 3022 3666 3204 3736; x_wconf 86' lang='lat' dir='ltr'><strong>Usque</strong></span> <span class='ocrx_word' id='word_1_668' title='bbox 3257 3668 3321 3721; x_wconf 92' lang='lat' dir='ltr'><strong>ad</strong></span> <span class='ocrx_word' id='word_1_669' title='bbox 3383 3667 3525 3720; x_wconf 90' lang='lat' dir='ltr'><strong>hunc</strong></span> <span class='ocrx_word' id='word_1_670' title='bbox 3564 3665 3743 3718; x_wconf 89' lang='lat' dir='ltr'><strong>locum</strong></span> 
     </span>
    </p>
   </div>
   <div class='ocr_carea' id='block_1_83' title="bbox 2165 3756 3740 3832">
    <p class='ocr_par' dir='ltr' id='par_1_83' title="bbox 2165 3756 3740 3832">
     <span class='ocr_line' id='line_1_83' title="bbox 2165 3756 3740 3832; baseline -0.006 -15"><span class='ocrx_word' id='word_1_671' title='bbox 2165 3763 2311 3817; x_wconf 81' lang='lat' dir='ltr'><strong>beati</strong></span> <span class='ocrx_word' id='word_1_672' title='bbox 2349 3762 2462 3832; x_wconf 84' lang='lat'><strong>(65)</strong></span> <span class='ocrx_word' id='word_1_673' title='bbox 2485 3762 2719 3816; x_wconf 90' lang='lat' dir='ltr'><strong>nominis</strong></span> <span class='ocrx_word' id='word_1_674' title='bbox 2748 3759 2873 3814; x_wconf 80' lang='lat' dir='ltr'><strong>Jesu</strong></span> <span class='ocrx_word' id='word_1_675' title='bbox 2911 3774 3175 3828; x_wconf 86' lang='lat' dir='ltr'><strong>nusquam</strong></span> <span class='ocrx_word' id='word_1_676' title='bbox 3221 3758 3359 3811; x_wconf 83' lang='lat' dir='ltr'><strong>facta</strong></span> <span class='ocrx_word' id='word_1_677' title='bbox 3402 3767 3483 3811; x_wconf 87' lang='lat' dir='ltr'><strong>est</strong></span> <span class='ocrx_word' id='word_1_678' title='bbox 3515 3756 3740 3809; x_wconf 82' lang='lat' dir='ltr'><strong>mentio.</strong></span> 
     </span>
    </p>
   </div>
   <div class='ocr_carea' id='block_1_84' title="bbox 2166 3845 3743 3921">
    <p class='ocr_par' dir='ltr' id='par_1_84' title="bbox 2166 3845 3743 3921">
     <span class='ocr_line' id='line_1_84' title="bbox 2166 3845 3743 3921; baseline -0.006 -15"><span class='ocrx_word' id='word_1_679' title='bbox 2166 3852 2264 3907; x_wconf 88' lang='lat' dir='ltr'><strong>Hic</strong></span> <span class='ocrx_word' id='word_1_680' title='bbox 2282 3853 2517 3921; x_wconf 87' lang='lat' dir='ltr'><strong>pritnutn</strong></span> <span class='ocrx_word' id='word_1_681' title='bbox 2537 3850 2781 3905; x_wconf 89' lang='lat' dir='ltr'><strong>vocabuli</strong></span> <span class='ocrx_word' id='word_1_682' title='bbox 2804 3849 2961 3917; x_wconf 89' lang='lat' dir='ltr'><strong>hujus</strong></span> <span class='ocrx_word' id='word_1_683' title='bbox 2984 3848 3235 3915; x_wconf 88' lang='lat' dir='ltr'><strong>splendor</strong></span> <span class='ocrx_word' id='word_1_684' title='bbox 3252 3846 3471 3900; x_wconf 87' lang='lat' dir='ltr'><strong>etl‘ulsit.</strong></span> <span class='ocrx_word' id='word_1_685' title='bbox 3508 3845 3609 3899; x_wconf 92' lang='lat' dir='ltr'><strong>llic</strong></span> <span class='ocrx_word' id='word_1_686' title='bbox 3628 3845 3743 3913; x_wconf 88' lang='lat' dir='ltr'><strong>pri-</strong></span> 
     </span>
    </p>
   </div>
   <div class='ocr_carea' id='block_1_85' title="bbox 2169 3936 3744 4009">
    <p class='ocr_par' dir='ltr' id='par_1_85' title="bbox 2169 3936 3744 4009">
     <span class='ocr_line' id='line_1_85' title="bbox 2169 3936 3744 4009; baseline -0.004 -13"><span class='ocrx_word' id='word_1_687' title='bbox 2169 3959 2315 3997; x_wconf 93' lang='lat' dir='ltr'><strong>mum</strong></span> <span class='ocrx_word' id='word_1_688' title='bbox 2350 3943 2561 3996; x_wconf 78' lang='lat' dir='ltr'><strong>vocavit</strong></span> <span class='ocrx_word' id='word_1_689' title='bbox 2586 3938 2799 4009; x_wconf 85' lang='lat' dir='ltr'><strong>Moyses</strong></span> <span class='ocrx_word' id='word_1_690' title='bbox 2834 3938 3034 3999; x_wconf 83' lang='lat' dir='ltr'><strong>Jesmn,</strong></span> <span class='ocrx_word' id='word_1_691' title='bbox 3065 3948 3117 3992; x_wconf 89' lang='lat' dir='ltr'><strong>et</strong></span> <span class='ocrx_word' id='word_1_692' title='bbox 3164 3939 3298 3991; x_wconf 74' lang='lat' dir='ltr'><strong>dixrt</strong></span> <span class='ocrx_word' id='word_1_693' title='bbox 3326 3940 3374 3991; x_wconf 87' lang='lat' dir='ltr'><strong>ei</strong></span> <span class='ocrx_word' id='word_1_694' title='bbox 3412 3936 3497 3990; x_wconf 82' lang='lat'><strong>“:</strong></span> <span class='ocrx_word' id='word_1_695' title='bbox 3539 3953 3559 3987; x_wconf 77' lang='grc' dir='ltr'>ι</span> <span class='ocrx_word' id='word_1_696' title='bbox 3595 3936 3744 4002; x_wconf 83' lang='lat' dir='ltr'><strong>Elige</strong></span> 
     </span>
    </p>
   </div>
   <div class='ocr_carea' id='block_1_86' title="bbox 2169 4027 3744 4102">
    <p class='ocr_par' dir='ltr' id='par_1_86' title="bbox 2169 4027 3744 4102">
     <span class='ocr_line' id='line_1_86' title="bbox 2169 4027 3744 4102; baseline -0.006 -14"><span class='ocrx_word' id='word_1_697' title='bbox 2169 4036 2265 4089; x_wconf 92' lang='lat' dir='ltr'><strong>tibi</strong></span> <span class='ocrx_word' id='word_1_698' title='bbox 2304 4034 2404 4102; x_wconf 87' lang='lat' dir='ltr'><strong>ipsi</strong></span> <span class='ocrx_word' id='word_1_699' title='bbox 2440 4033 2606 4086; x_wconf 89' lang='lat' dir='ltr'><strong>viros.</strong></span> <span class='ocrx_word' id='word_1_700' title='bbox 2646 4048 2666 4083; x_wconf 73' lang='grc' dir='ltr'><strong><em>ι</em></strong></span> <span class='ocrx_word' id='word_1_701' title='bbox 2708 4029 2917 4099; x_wconf 87' lang='lat' dir='ltr'><strong>Moyses</strong></span> <span class='ocrx_word' id='word_1_702' title='bbox 2974 4039 3126 4083; x_wconf 83' lang='lat' dir='ltr'><strong>\‘ocal</strong></span> <span class='ocrx_word' id='word_1_703' title='bbox 3160 4028 3344 4083; x_wconf 80' lang='lat' dir='ltr'><strong>Jesum</strong></span> <span class='ocrx_word' id='word_1_704' title='bbox 3380 4068 3395 4092; x_wconf 88' lang='lat'><strong>,</strong></span> <span class='ocrx_word' id='word_1_705' title='bbox 3452 4027 3536 4081; x_wconf 78' lang='lat' dir='ltr'><strong>lex</strong></span> <span class='ocrx_word' id='word_1_706' title='bbox 3590 4036 3744 4081; x_wconf 82' lang='lat' dir='ltr'><strong>vocat</strong></span> 
     </span>
    </p>
   </div>
   <div class='ocr_carea' id='block_1_87' title="bbox 2168 4121 3743 4192">
    <p class='ocr_par' dir='ltr' id='par_1_87' title="bbox 2168 4121 3743 4192">
     <span class='ocr_line' id='line_1_87' title="bbox 2168 4121 3743 4192; baseline -0.006 -11"><span class='ocrx_word' id='word_1_707' title='bbox 2168 4126 2473 4189; x_wconf 84' lang='lat' dir='ltr'><strong>Christum,</strong></span> <span class='ocrx_word' id='word_1_708' title='bbox 2508 4132 2566 4177; x_wconf 92' lang='lat' dir='ltr'><strong>ut</strong></span> <span class='ocrx_word' id='word_1_709' title='bbox 2598 4122 2765 4192; x_wconf 83' lang='lat' dir='ltr'><strong>eligat</strong></span> <span class='ocrx_word' id='word_1_710' title='bbox 2813 4121 3026 4191; x_wconf 90' lang='lat' dir='ltr'><strong>sibiipsi</strong></span> <span class='ocrx_word' id='word_1_711' title='bbox 3084 4121 3234 4174; x_wconf 83' lang='lat' dir='ltr'><strong>viros</strong></span> <span class='ocrx_word' id='word_1_712' title='bbox 3272 4131 3515 4189; x_wconf 82' lang='lat' dir='ltr'><strong>potentes</strong></span> <span class='ocrx_word' id='word_1_713' title='bbox 3544 4121 3614 4174; x_wconf 89' lang='lat' dir='ltr'><strong>de</strong></span> <span class='ocrx_word' id='word_1_714' title='bbox 3645 4137 3743 4188; x_wconf 85' lang='lat' dir='ltr'><strong>po-</strong></span> 
     </span>
    </p>
   </div>
   <div class='ocr_carea' id='block_1_88' title="bbox 2167 4211 3744 4288">
    <p class='ocr_par' dir='ltr' id='par_1_88' title="bbox 2167 4211 3744 4288">
     <span class='ocr_line' id='line_1_88' title="bbox 2167 4211 3744 4288; baseline -0.003 -17"><span class='ocrx_word' id='word_1_715' title='bbox 2167 4219 2316 4288; x_wconf 91' lang='lat' dir='ltr'><strong>pulo.</strong></span> <span class='ocrx_word' id='word_1_716' title='bbox 2345 4215 2461 4271; x_wconf 83' lang='lat' dir='ltr'><strong>Non</strong></span> <span class='ocrx_word' id='word_1_717' title='bbox 2512 4224 2729 4285; x_wconf 89' lang='lat' dir='ltr'><strong>poterat</strong></span> <span class='ocrx_word' id='word_1_718' title='bbox 2786 4213 2999 4284; x_wconf 77' lang='lat' dir='ltr'><strong>Moyses</strong></span> <span class='ocrx_word' id='word_1_719' title='bbox 3026 4213 3245 4282; x_wconf 84' lang='lat' dir='ltr'><strong>eligere,</strong></span> <span class='ocrx_word' id='word_1_720' title='bbox 3278 4215 3368 4267; x_wconf 88' lang='lat' dir='ltr'><strong>sed</strong></span> <span class='ocrx_word' id='word_1_721' title='bbox 3403 4211 3560 4267; x_wconf 83' lang='lat' dir='ltr'><strong>Jesus</strong></span> <span class='ocrx_word' id='word_1_722' title='bbox 3594 4213 3744 4267; x_wconf 89' lang='lat' dir='ltr'><strong>solus</strong></span> 
     </span>
    </p>
   </div>
   <div class='ocr_carea' id='block_1_89' title="bbox 2167 4304 3739 4379">
    <p class='ocr_par' dir='ltr' id='par_1_89' title="bbox 2167 4304 3739 4379">
     <span class='ocr_line' id='line_1_89' title="bbox 2167 4304 3739 4379; baseline -0.003 -14"><span class='ocrx_word' id='word_1_723' title='bbox 2167 4320 2253 4365; x_wconf 90' lang='lat' dir='ltr'><strong>est</strong></span> <span class='ocrx_word' id='word_1_724' title='bbox 2287 4311 2381 4379; x_wconf 92' lang='lat' dir='ltr'><strong>qui</strong></span> <span class='ocrx_word' id='word_1_725' title='bbox 2422 4307 2590 4378; x_wconf 77' lang='lat' dir='ltr'><strong>possit</strong></span> <span class='ocrx_word' id='word_1_726' title='bbox 2620 4314 2872 4376; x_wconf 89' lang='lat' dir='ltr'><strong>potentes</strong></span> <span class='ocrx_word' id='word_1_727' title='bbox 2913 4307 3061 4361; x_wconf 88' lang='lat' dir='ltr'><strong>viros</strong></span> <span class='ocrx_word' id='word_1_728' title='bbox 3115 4307 3335 4377; x_wconf 80' lang='lat' dir='ltr'><strong>eligere,</strong></span> <span class='ocrx_word' id='word_1_729' title='bbox 3368 4306 3458 4375; x_wconf 89' lang='lat' dir='ltr'><strong>qui</strong></span> <span class='ocrx_word' id='word_1_730' title='bbox 3494 4307 3628 4359; x_wconf 77' lang='lat' dir='ltr'><strong>dixit</strong></span> <span class='ocrx_word' id='word_1_731' title='bbox 3650 4304 3694 4336; x_wconf 71' lang='grc' dir='ltr'><strong>θ’</strong></span> <span class='ocrx_word' id='word_1_732' title='bbox 3722 4322 3739 4360; x_wconf 90' lang='lat'>:</span> 
     </span>
    </p>
   </div>
   <div class='ocr_carea' id='block_1_90' title="bbox 484 4372 3743 4466">
    <p class='ocr_par' dir='ltr' id='par_1_90' title="bbox 484 4372 3743 4466">
     <span class='ocr_line' id='line_1_90' title="bbox 484 4372 3743 4466; baseline 0.001 -22"><span class='ocrx_word' id='word_1_733' title='bbox 484 4394 607 4463; x_wconf 83' lang='lat' dir='ltr'><strong>quis</strong></span> <span class='ocrx_word' id='word_1_734' title='bbox 628 4402 711 4447; x_wconf 89' lang='lat' dir='ltr'><strong>est</strong></span> <span class='ocrx_word' id='word_1_735' title='bbox 737 4394 826 4461; x_wconf 88' lang='lat' dir='ltr'><strong>qui</strong></span> <span class='ocrx_word' id='word_1_736' title='bbox 850 4392 1037 4460; x_wconf 88' lang='lat' dir='ltr'><strong>legens</strong></span> <span class='ocrx_word' id='word_1_737' title='bbox 1059 4390 1278 4462; x_wconf 86' lang='lat' dir='ltr'><strong>Moysen</strong></span> <span class='ocrx_word' id='word_1_738' title='bbox 1306 4402 1605 4447; x_wconf 90' lang='lat' dir='ltr'><strong>murmurat</strong></span> <span class='ocrx_word' id='word_1_739' title='bbox 1630 4398 1890 4450; x_wconf 89' lang='lat' dir='ltr'><strong>adversus</strong></span> <span class='ocrx_word' id='word_1_740' title='bbox 1911 4410 2056 4462; x_wconf 90' lang='lat' dir='ltr'><strong>eum,</strong></span> <span class='ocrx_word' id='word_1_741' title='bbox 2096 4372 2142 4428; x_wconf 81' lang='lat' dir='ltr'><strong>D</strong></span> <span class='ocrx_word' id='word_1_742' title='bbox 2174 4418 2192 4451; x_wconf 76' lang='lat' dir='ltr'><strong>r</strong></span> <span class='ocrx_word' id='word_1_743' title='bbox 2231 4372 2347 4453; x_wconf 66' lang='lat' dir='ltr'><strong>Non</strong></span> <span class='ocrx_word' id='word_1_744' title='bbox 2384 4372 2479 4453; x_wconf 81' lang='lat' dir='ltr'><strong>vos</strong></span> <span class='ocrx_word' id='word_1_745' title='bbox 2518 4372 2895 4465; x_wconf 41' lang='lat' dir='ltr'><strong>tne—elegistis</strong></span> <span class='ocrx_word' id='word_1_746' title='bbox 2920 4437 2935 4462; x_wconf 92' lang='lat'><strong>,</strong></span> <span class='ocrx_word' id='word_1_747' title='bbox 2972 4396 3068 4450; x_wconf 87' lang='lat' dir='ltr'><strong>sed</strong></span> <span class='ocrx_word' id='word_1_748' title='bbox 3101 4372 3215 4465; x_wconf 56' lang='lat' dir='ltr'><strong>egi;</strong></span> <span class='ocrx_word' id='word_1_749' title='bbox 3251 4411 3344 4450; x_wconf 86' lang='lat' dir='ltr'><strong>vos</strong></span> <span class='ocrx_word' id='word_1_750' title='bbox 3376 4372 3529 4466; x_wconf 84' lang='lat' dir='ltr'><strong>elegi.</strong></span> <span class='ocrx_word' id='word_1_751' title='bbox 3566 4414 3585 4446; x_wconf 75' lang='grc' dir='ltr'><strong><em>ι</em></strong></span> <span class='ocrx_word' id='word_1_752' title='bbox 3626 4394 3743 4463; x_wconf 89' lang='lat' dir='ltr'><strong>Ipse</strong></span> 
     </span>
    </p>
   </div>
   <div class='ocr_carea' id='block_1_91' title="bbox 484 4483 2059 4555">
    <p class='ocr_par' dir='ltr' id='par_1_91' title="bbox 484 4483 2059 4555">
     <span class='ocr_line' id='line_1_91' title="bbox 484 4483 2059 4555; baseline 0.002 -18"><span class='ocrx_word' id='word_1_753' title='bbox 484 4495 541 4537; x_wconf 86' lang='lat' dir='ltr'><strong>et</strong></span> <span class='ocrx_word' id='word_1_754' title='bbox 572 4484 819 4552; x_wconf 89' lang='lat' dir='ltr'><strong>displicet</strong></span> <span class='ocrx_word' id='word_1_755' title='bbox 844 4483 925 4537; x_wconf 89' lang='lat' dir='ltr'><strong>eis</strong></span> <span class='ocrx_word' id='word_1_756' title='bbox 951 4483 1061 4547; x_wconf 83' lang='lat' dir='ltr'><strong>lex,</strong></span> <span class='ocrx_word' id='word_1_757' title='bbox 1097 4498 1217 4550; x_wconf 72' lang='lat' dir='ltr'><strong>qua:</strong></span> <span class='ocrx_word' id='word_1_758' title='bbox 1243 4485 1542 4537; x_wconf 87' lang='lat' dir='ltr'><strong>secundum</strong></span> <span class='ocrx_word' id='word_1_759' title='bbox 1573 4485 1807 4539; x_wconf 83' lang='lat' dir='ltr'><strong>litteram</strong></span> <span class='ocrx_word' id='word_1_760' title='bbox 1857 4489 2059 4555; x_wconf 82' lang='lat' dir='ltr'><strong>scripta</strong></span> 
     </span>
    </p>
   </div>
   <div class='ocr_carea' id='block_1_92' title="bbox 486 4574 2067 4646">
    <p class='ocr_par' dir='ltr' id='par_1_92' title="bbox 486 4574 2067 4646">
     <span class='ocr_line' id='line_1_92' title="bbox 486 4574 2067 4646; baseline 0.001 -15"><span class='ocrx_word' id='word_1_761' title='bbox 486 4586 593 4641; x_wconf 88' lang='lat' dir='ltr'><strong>est,</strong></span> <span class='ocrx_word' id='word_1_762' title='bbox 622 4576 766 4644; x_wconf 87' lang='lat' dir='ltr'><strong>quod</strong></span> <span class='ocrx_word' id='word_1_763' title='bbox 796 4575 850 4627; x_wconf 93' lang='lat' dir='ltr'><strong>in</strong></span> <span class='ocrx_word' id='word_1_764' title='bbox 884 4574 1069 4628; x_wconf 87' lang='lat' dir='ltr'><strong>multis</strong></span> <span class='ocrx_word' id='word_1_765' title='bbox 1098 4590 1202 4627; x_wconf 91' lang='lat' dir='ltr'><strong>non</strong></span> <span class='ocrx_word' id='word_1_766' title='bbox 1238 4575 1451 4629; x_wconf 78' lang='lat' dir='ltr'><strong>videtur</strong></span> <span class='ocrx_word' id='word_1_767' title='bbox 1480 4591 1701 4631; x_wconf 79' lang='lat' dir='ltr'><strong>servare</strong></span> <span class='ocrx_word' id='word_1_768' title='bbox 1735 4593 2067 4646; x_wconf 84' lang='lat' dir='ltr'><strong>consequen-</strong></span> 
     </span>
    </p>
   </div>
   <div class='ocr_carea' id='block_1_93' title="bbox 485 4664 2060 4739">
    <p class='ocr_par' dir='ltr' id='par_1_93' title="bbox 485 4664 2060 4739">
     <span class='ocr_line' id='line_1_93' title="bbox 485 4664 2060 4739; baseline 0.003 -16"><span class='ocrx_word' id='word_1_769' title='bbox 485 4669 641 4730; x_wconf 89' lang='lat' dir='ltr'><strong>tiam,</strong></span> <span class='ocrx_word' id='word_1_770' title='bbox 666 4666 904 4722; x_wconf 89' lang='lat' dir='ltr'><strong>ostendit</strong></span> <span class='ocrx_word' id='word_1_771' title='bbox 943 4666 991 4719; x_wconf 92' lang='lat' dir='ltr'><strong>ei</strong></span> <span class='ocrx_word' id='word_1_772' title='bbox 1022 4664 1236 4734; x_wconf 71' lang='lat' dir='ltr'><strong>Moyses</strong></span> <span class='ocrx_word' id='word_1_773' title='bbox 1278 4675 1509 4734; x_wconf 87' lang='lat' dir='ltr'><strong>petram,</strong></span> <span class='ocrx_word' id='word_1_774' title='bbox 1534 4682 1652 4735; x_wconf 80' lang='lat' dir='ltr'><strong>qua:</strong></span> <span class='ocrx_word' id='word_1_775' title='bbox 1681 4679 1762 4723; x_wconf 88' lang='lat' dir='ltr'><strong>est</strong></span> <span class='ocrx_word' id='word_1_776' title='bbox 1788 4669 2060 4739; x_wconf 76' lang='lat' dir='ltr'><strong>Christus,</strong></span> 
     </span>
    </p>
   </div>
   <div class='ocr_carea' id='block_1_94' title="bbox 484 4756 2067 4835">
    <p class='ocr_par' dir='ltr' id='par_1_94' title="bbox 484 4756 2067 4835">
     <span class='ocr_line' id='line_1_94' title="bbox 484 4756 2067 4835; baseline 0.004 -23"><span class='ocrx_word' id='word_1_777' title='bbox 484 4770 540 4815; x_wconf 88' lang='lat' dir='ltr'><strong>et</strong></span> <span class='ocrx_word' id='word_1_778' title='bbox 570 4759 789 4813; x_wconf 79' lang='lat' dir='ltr'><strong>adducit</strong></span> <span class='ocrx_word' id='word_1_779' title='bbox 817 4772 941 4812; x_wconf 91' lang='lat' dir='ltr'><strong>eum</strong></span> <span class='ocrx_word' id='word_1_780' title='bbox 984 4758 1048 4811; x_wconf 90' lang='lat' dir='ltr'><strong>ad</strong></span> <span class='ocrx_word' id='word_1_781' title='bbox 1089 4756 1285 4825; x_wconf 86' lang='lat' dir='ltr'><strong>ipsam,</strong></span> <span class='ocrx_word' id='word_1_782' title='bbox 1334 4764 1391 4810; x_wconf 88' lang='lat' dir='ltr'><strong>ut</strong></span> <span class='ocrx_word' id='word_1_783' title='bbox 1428 4757 1552 4810; x_wconf 88' lang='lat' dir='ltr'><strong>inde</strong></span> <span class='ocrx_word' id='word_1_784' title='bbox 1583 4757 1730 4812; x_wconf 85' lang='lat' dir='ltr'><strong>bibat</strong></span> <span class='ocrx_word' id='word_1_785' title='bbox 1767 4773 1820 4815; x_wconf 87' lang='lat' dir='ltr'><strong>et</strong></span> <span class='ocrx_word' id='word_1_786' title='bbox 1854 4764 2067 4835; x_wconf 77' lang='lat' dir='ltr'><strong>reﬁciat</strong></span> 
     </span>
    </p>
   </div>
   <div class='ocr_carea' id='block_1_95' title="bbox 557 4945 1420 5012">
    <p class='ocr_par' dir='ltr' id='par_1_95' title="bbox 557 4945 1420 5012">
     <span class='ocr_line' id='line_1_95' title="bbox 557 4945 1420 5012; baseline -0.001 -10"><span class='ocrx_word' id='word_1_787' title='bbox 557 4945 607 4981; x_wconf 73' lang='lat'><strong>&quot;</strong></span> <span class='ocrx_word' id='word_1_788' title='bbox 628 4945 787 5002; x_wconf 76' lang='lat' dir='ltr'><strong>Num.</strong></span> <span class='ocrx_word' id='word_1_789' title='bbox 823 4963 885 5004; x_wconf 86' lang='grc' dir='ltr'><strong>ιι.</strong></span> <span class='ocrx_word' id='word_1_790' title='bbox 964 4945 1067 5001; x_wconf 80' lang='lat' dir='ltr'><strong>&quot;ll</strong></span> <span class='ocrx_word' id='word_1_791' title='bbox 1109 4946 1249 4999; x_wconf 81' lang='lat' dir='ltr'><strong>Tim.</strong></span> <span class='ocrx_word' id='word_1_792' title='bbox 1280 4962 1341 5012; x_wconf 83' lang='grc' dir='ltr'><strong>ιι,</strong></span> <span class='ocrx_word' id='word_1_793' title='bbox 1366 4947 1420 5001; x_wconf 71' lang='grc'><strong>4.</strong></span> 
     </span>
    </p>
   </div>
   <div class='ocr_carea' id='block_1_96' title="bbox 481 5017 1057 5080">
    <p class='ocr_par' dir='ltr' id='par_1_96' title="bbox 481 5017 1057 5080">
     <span class='ocr_line' id='line_1_96' title="bbox 481 5017 1057 5080; baseline -0.003 -7"><span class='ocrx_word' id='word_1_794' title='bbox 481 5018 533 5054; x_wconf 82' lang='grc'>⁹⁰</span> <span class='ocrx_word' id='word_1_795' title='bbox 564 5018 729 5073; x_wconf 81' lang='lat' dir='ltr'><strong>Amos</strong></span> <span class='ocrx_word' id='word_1_796' title='bbox 781 5032 879 5071; x_wconf 83' lang='lat' dir='ltr'><strong>vm</strong></span> <span class='ocrx_word' id='word_1_797' title='bbox 906 5058 921 5080; x_wconf 91' lang='lat'><strong>,</strong></span> <span class='ocrx_word' id='word_1_798' title='bbox 969 5017 1057 5072; x_wconf 79' lang='lat' dir='ltr'><strong>H.</strong></span> 
     </span>
    </p>
   </div>
   <div class='ocr_carea' id='block_1_97' title="bbox 482 5088 1020 5156">
    <p class='ocr_par' dir='ltr' id='par_1_97' title="bbox 482 5088 1020 5156">
     <span class='ocr_line' id='line_1_97' title="bbox 482 5088 1020 5156; baseline -0.004 -11"><span class='ocrx_word' id='word_1_799' title='bbox 482 5104 598 5145; x_wconf 78' lang='lat' dir='ltr'><strong>xvn</strong></span> <span class='ocrx_word' id='word_1_800' title='bbox 624 5130 640 5156; x_wconf 94' lang='lat'><strong>,</strong></span> <span class='ocrx_word' id='word_1_801' title='bbox 681 5088 736 5142; x_wconf 86' lang='lat'><strong>9.</strong></span> <span class='ocrx_word' id='word_1_802' title='bbox 809 5088 855 5119; x_wconf 67' lang='lat'><strong>9&#39;</strong></span> <span class='ocrx_word' id='word_1_803' title='bbox 887 5088 1020 5143; x_wconf 91' lang='lat' dir='ltr'><strong>ibid.</strong></span> 
     </span>
    </p>
   </div>
   <div class='ocr_carea' id='block_1_98' title="bbox 1134 5016 1617 5079">
    <p class='ocr_par' dir='ltr' id='par_1_98' title="bbox 1134 5016 1617 5079">
     <span class='ocr_line' id='line_1_98' title="bbox 1134 5016 1617 5079; baseline 0.01 -12"><span class='ocrx_word' id='word_1_804' title='bbox 1134 5017 1176 5049; x_wconf 73' lang='grc' dir='ltr'><strong>οι</strong></span> <span class='ocrx_word' id='word_1_805' title='bbox 1210 5016 1376 5072; x_wconf 84' lang='lat' dir='ltr'><strong>Zach.</strong></span> <span class='ocrx_word' id='word_1_806' title='bbox 1411 5033 1532 5079; x_wconf 77' lang='lat' dir='ltr'><strong>xm.</strong></span> <span class='ocrx_word' id='word_1_807' title='bbox 1565 5019 1617 5073; x_wconf 87' lang='lat' dir='ltr'><strong>&#39;l.</strong></span> 
     </span>
    </p>
   </div>
   <div class='ocr_carea' id='block_1_99' title="bbox 1130 5085 1597 5153">
    <p class='ocr_par' dir='ltr' id='par_1_99' title="bbox 1130 5085 1597 5153">
     <span class='ocr_line' id='line_1_99' title="bbox 1130 5085 1597 5153; baseline 0.013 -14"><span class='ocrx_word' id='word_1_808' title='bbox 1130 5088 1174 5118; x_wconf 82' lang='grc'><strong>⁹⁷</strong></span> <span class='ocrx_word' id='word_1_809' title='bbox 1205 5085 1361 5142; x_wconf 83' lang='lat' dir='ltr'><strong>Joau.</strong></span> <span class='ocrx_word' id='word_1_810' title='bbox 1395 5104 1481 5153; x_wconf 78' lang='lat' dir='ltr'><strong>xv,</strong></span> <span class='ocrx_word' id='word_1_811' title='bbox 1510 5087 1597 5145; x_wconf 81' lang='lat' dir='ltr'><strong>t6.</strong></span> 
     </span>
    </p>
   </div>
   <div class='ocr_carea' id='block_1_100' title="bbox 553 5220 2061 5304">
    <p class='ocr_par' dir='ltr' id='par_1_100' title="bbox 553 5220 2061 5304">
     <span class='ocr_line' id='line_1_100' title="bbox 553 5220 2061 5304; baseline 0.005 -22"><span class='ocrx_word' id='word_1_812' title='bbox 553 5228 667 5304; x_wconf 65' lang='grc'><strong>(64)</strong></span> <span class='ocrx_word' id='word_1_813' title='bbox 686 5220 785 5304; x_wconf 72' lang='lat' dir='ltr'><strong>Sin</strong></span> <span class='ocrx_word' id='word_1_814' title='bbox 807 5230 946 5304; x_wconf 68' lang='lat' dir='ltr'><strong>enim</strong></span> <span class='ocrx_word' id='word_1_815' title='bbox 970 5230 1194 5304; x_wconf 67' lang='lat' dir='ltr'><strong>tentatig</strong></span> <span class='ocrx_word' id='word_1_816' title='bbox 1221 5232 1620 5301; x_wconf 77' lang='lat' dir='ltr'><strong>interpretatur,</strong></span> <span class='ocrx_word' id='word_1_817' title='bbox 1649 5234 1910 5304; x_wconf 77' lang='lat' dir='ltr'><strong>Rupltidin</strong></span> <span class='ocrx_word' id='word_1_818' title='bbox 1943 5252 2061 5290; x_wconf 83' lang='lat' dir='ltr'><strong>vero</strong></span> 
     </span>
    </p>
   </div>
   <div class='ocr_carea' id='block_1_101' title="bbox 486 5297 2062 5375">
    <p class='ocr_par' dir='ltr' id='par_1_101' title="bbox 486 5297 2062 5375">
     <span class='ocr_line' id='line_1_101' title="bbox 486 5297 2062 5375; baseline 0.003 -21"><span class='ocrx_word' id='word_1_819' title='bbox 486 5297 693 5375; x_wconf 74' lang='lat' dir='ltr'><strong>sanitas</strong></span> <span class='ocrx_word' id='word_1_820' title='bbox 715 5298 938 5375; x_wconf 66' lang='lat' dir='ltr'><strong>judicii.</strong></span> <span class='ocrx_word' id='word_1_821' title='bbox 974 5297 1131 5375; x_wconf 68' lang='lat' dir='ltr'><strong>pnde</strong></span> <span class='ocrx_word' id='word_1_822' title='bbox 1152 5300 1253 5375; x_wconf 75' lang='lat' dir='ltr'><strong>Sin</strong></span> <span class='ocrx_word' id='word_1_823' title='bbox 1291 5297 1522 5358; x_wconf 86' lang='lat' dir='ltr'><strong>tentatio</strong></span> <span class='ocrx_word' id='word_1_824' title='bbox 1551 5297 1907 5375; x_wconf 77' lang='lat' dir='ltr'><strong>interpretari</strong></span> <span class='ocrx_word' id='word_1_825' title='bbox 1941 5322 2062 5375; x_wconf 90' lang='lat' dir='ltr'><strong>pos-</strong></span> 
     </span>
    </p>
   </div>
   <div class='ocr_carea' id='block_1_102' title="bbox 484 5366 2065 5506">
    <p class='ocr_par' dir='ltr' id='par_1_102' title="bbox 484 5366 2065 5506">
     <span class='ocr_line' id='line_1_102' title="bbox 486 5366 2065 5438; baseline 0.005 -14"><span class='ocrx_word' id='word_1_826' title='bbox 486 5374 561 5424; x_wconf 84' lang='lat' dir='ltr'><strong>sit</strong></span> <span class='ocrx_word' id='word_1_827' title='bbox 593 5366 805 5438; x_wconf 78' lang='lat' dir='ltr'><strong>ignoro,</strong></span> <span class='ocrx_word' id='word_1_828' title='bbox 836 5367 941 5421; x_wconf 91' lang='lat' dir='ltr'><strong>nisi</strong></span> <span class='ocrx_word' id='word_1_829' title='bbox 969 5366 1113 5424; x_wconf 85' lang='lat' dir='ltr'><strong>forte</strong></span> <span class='ocrx_word' id='word_1_830' title='bbox 1132 5372 1364 5425; x_wconf 84' lang='lat' dir='ltr'><strong>ducatur</strong></span> <span class='ocrx_word' id='word_1_831' title='bbox 1393 5389 1421 5426; x_wconf 88' lang='lat' dir='ltr'><strong>a</strong></span> <span class='ocrx_word' id='word_1_832' title='bbox 1451 5374 1617 5429; x_wconf 87' lang='lat' dir='ltr'><strong>verbo</strong></span> <span class='ocrx_word' id='word_1_833' title='bbox 1644 5366 2065 5434; x_wconf 59' lang='lat' dir='ltr'><strong>deiicientem:</strong></span> 
     </span>
     <span class='ocr_line' id='line_1_103' title="bbox 484 5437 2062 5506; baseline 0.006 -16"><span class='ocrx_word' id='word_1_834' title='bbox 484 5437 690 5502; x_wconf 80' lang='lat' dir='ltr'><strong>tollere,</strong></span> <span class='ocrx_word' id='word_1_835' title='bbox 746 5439 894 5506; x_wconf 88' lang='lat' dir='ltr'><strong>quod</strong></span> <span class='ocrx_word' id='word_1_836' title='bbox 948 5437 999 5490; x_wconf 83' lang='lat' dir='ltr'><strong>in</strong></span> <span class='ocrx_word' id='word_1_837' title='bbox 1038 5438 1161 5493; x_wconf 76' lang='lat' dir='ltr'><strong>Pili.</strong></span> <span class='ocrx_word' id='word_1_838' title='bbox 1189 5450 1367 5506; x_wconf 86' lang='lat' dir='ltr'><strong>sonat,</strong></span> <span class='ocrx_word' id='word_1_839' title='bbox 1395 5445 1631 5506; x_wconf 76' lang='lat' dir='ltr'><strong>tentavit,</strong></span> <span class='ocrx_word' id='word_1_840' title='bbox 1667 5445 1919 5506; x_wconf 77' lang='lat' dir='ltr'><strong>probavit.</strong></span> <span class='ocrx_word' id='word_1_841' title='bbox 1956 5446 2062 5499; x_wconf 61' lang='lat' dir='ltr'><strong>lia-</strong></span> 
     </span>
    </p>
   </div>
   <div class='ocr_carea' id='block_1_103' title="bbox 674 5462 2062 5506">
    <p class='ocr_par' dir='ltr' id='par_1_103' title="bbox 674 5462 2062 5506">
     <span class='ocr_line' id='line_1_104' title="bbox 674 5462 2062 5506; baseline 0.007 -16"><span class='ocrx_word' id='word_1_842' title='bbox 674 5479 690 5502; x_wconf 87' lang='lat'><strong>,</strong></span> <span class='ocrx_word' id='word_1_843' title='bbox 746 5462 894 5506; x_wconf 79' lang='lat' dir='ltr'><strong>quuu</strong></span> <span class='ocrx_word' id='word_1_844' title='bbox 948 5462 999 5490; x_wconf 77' lang='lat' dir='ltr'><strong>Ill</strong></span> <span class='ocrx_word' id='word_1_845' title='bbox 1038 5462 1161 5493; x_wconf 79' lang='lat' dir='ltr'><strong>rltt.</strong></span> <span class='ocrx_word' id='word_1_846' title='bbox 1189 5462 1367 5506; x_wconf 77' lang='lat' dir='ltr'><strong>sonat,</strong></span> <span class='ocrx_word' id='word_1_847' title='bbox 1395 5462 1631 5506; x_wconf 68' lang='lat' dir='ltr'><strong>tentavit,</strong></span> <span class='ocrx_word' id='word_1_848' title='bbox 1667 5462 1919 5506; x_wconf 83' lang='lat' dir='ltr'><strong>praoavu.</strong></span> <span class='ocrx_word' id='word_1_849' title='bbox 1957 5462 2062 5499; x_wconf 71' lang='lat' dir='ltr'><strong>ua-</strong></span> 
     </span>
    </p>
   </div>
   <div class='ocr_carea' id='block_1_104' title="bbox 484 5462 2057 5629">
    <p class='ocr_par' dir='ltr' id='par_1_104' title="bbox 484 5462 2057 5629">
     <span class='ocr_line' id='line_1_105' title="bbox 484 5462 2057 5523; baseline 0.006 -33"><span class='ocrx_word' id='word_1_850' title='bbox 484 5462 690 5518; x_wconf 60' lang='lat' dir='ltr'><strong>wttere,</strong></span> <span class='ocrx_word' id='word_1_851' title='bbox 746 5462 894 5506; x_wconf 79' lang='lat' dir='ltr'><strong>quuu</strong></span> <span class='ocrx_word' id='word_1_852' title='bbox 948 5462 999 5518; x_wconf 60' lang='lat' dir='ltr'><strong>ut</strong></span> <span class='ocrx_word' id='word_1_853' title='bbox 1038 5462 1161 5493; x_wconf 79' lang='lat' dir='ltr'><strong>rttt.</strong></span> <span class='ocrx_word' id='word_1_854' title='bbox 1189 5462 1367 5520; x_wconf 74' lang='lat' dir='ltr'><strong>sortat,</strong></span> <span class='ocrx_word' id='word_1_855' title='bbox 1395 5462 1631 5523; x_wconf 62' lang='lat' dir='ltr'><strong>tentayu,</strong></span> <span class='ocrx_word' id='word_1_856' title='bbox 1656 5462 1919 5523; x_wconf 72' lang='lat' dir='ltr'><strong>praoavu.</strong></span> <span class='ocrx_word' id='word_1_857' title='bbox 1957 5462 2057 5499; x_wconf 71' lang='lat' dir='ltr'><strong>ua-</strong></span> 
     </span>
     <span class='ocr_line' id='line_1_106' title="bbox 484 5507 2057 5629; baseline 0.009 -73"><span class='ocrx_word' id='word_1_858' title='bbox 484 5507 671 5629; x_wconf 58' lang='lat' dir='ltr'><strong>Ehtdm</strong></span> <span class='ocrx_word' id='word_1_859' title='bbox 704 5522 833 5561; x_wconf 88' lang='lat' dir='ltr'><strong>vero</strong></span> <span class='ocrx_word' id='word_1_860' title='bbox 883 5515 1089 5588; x_wconf 76' lang='lat' dir='ltr'><strong>optime</strong></span> <span class='ocrx_word' id='word_1_861' title='bbox 1143 5510 1387 5590; x_wconf 75' lang='lat' dir='ltr'><strong>redditur</strong></span> <span class='ocrx_word' id='word_1_862' title='bbox 1424 5524 1623 5568; x_wconf 77' lang='lat' dir='ltr'><strong>sanitas</strong></span> <span class='ocrx_word' id='word_1_863' title='bbox 1640 5515 1833 5583; x_wconf 74' lang='lat' dir='ltr'><strong>Judicii</strong></span> <span class='ocrx_word' id='word_1_864' title='bbox 1861 5532 1891 5569; x_wconf 87' lang='lat' dir='ltr'><strong>a</strong></span> <span class='ocrx_word' id='word_1_865' title='bbox 1926 5516 2057 5570; x_wconf 76' lang='lat' dir='ltr'><strong>Ver-</strong></span> 
     </span>
     <span class='ocr_line' id='line_1_107' title="bbox 526 5578 1313 5629; baseline 0.004 -3"><span class='ocrx_word' id='word_1_866' title='bbox 526 5589 569 5626; x_wconf 88' lang='lat' dir='ltr'><strong>ts</strong></span> <span class='ocrx_word' id='word_1_867' title='bbox 582 5579 698 5629; x_wconf 69' lang='lat' dir='ltr'><strong>NB“.</strong></span> <span class='ocrx_word' id='word_1_868' title='bbox 712 5586 916 5629; x_wconf 74' lang='lat' dir='ltr'><strong>sanavit</strong></span> <span class='ocrx_word' id='word_1_869' title='bbox 938 5582 1018 5629; x_wconf 74' lang='grc' dir='ltr'><strong><em>ππ</em></strong></span> <span class='ocrx_word' id='word_1_870' title='bbox 1044 5578 1313 5629; x_wconf 75' lang='lat' dir='ltr'><strong>iudicavit.</strong></span> 
     </span>
    </p>
   </div>
   <div class='ocr_carea' id='block_1_105' title="bbox 526 5577 1313 5645">
    <p class='ocr_par' dir='ltr' id='par_1_105' title="bbox 526 5577 1313 5645">
     <span class='ocr_line' id='line_1_108' title="bbox 526 5577 1313 5645; baseline 0.011 -19"><span class='ocrx_word' id='word_1_871' title='bbox 526 5577 698 5645; x_wconf 56' lang='grc' dir='ltr'><strong>ἱεκῇ</strong></span> <span class='ocrx_word' id='word_1_872' title='bbox 712 5577 916 5629; x_wconf 76' lang='lat' dir='ltr'><strong>sanavit</strong></span> <span class='ocrx_word' id='word_1_873' title='bbox 938 5578 1313 5645; x_wconf 68' lang='lat' dir='ltr'><strong>mjudt&#39;cavit.</strong></span> 
     </span>
    </p>
   </div>
   <div class='ocr_carea' id='block_1_106' title="bbox 558 5643 2051 5723">
    <p class='ocr_par' dir='ltr' id='par_1_106' title="bbox 558 5643 2051 5723">
     <span class='ocr_line' id='line_1_109' title="bbox 558 5643 2051 5723; baseline 0.009 -26"><span class='ocrx_word' id='word_1_874' title='bbox 558 5643 669 5713; x_wconf 65' lang='grc' dir='ltr'><strong>(ινδ)</strong></span> <span class='ocrx_word' id='word_1_875' title='bbox 693 5645 864 5702; x_wconf 75' lang='lat' dir='ltr'><strong>Exod.</strong></span> <span class='ocrx_word' id='word_1_876' title='bbox 895 5643 1115 5717; x_wconf 54' lang='lat' dir='ltr'><strong>xt&#39;n,&#39;9,</strong></span> <span class='ocrx_word' id='word_1_877' title='bbox 1148 5649 1401 5721; x_wconf 78' lang='lat' dir='ltr'><strong>primum</strong></span> <span class='ocrx_word' id='word_1_878' title='bbox 1434 5649 1576 5706; x_wconf 75' lang='lat' dir='ltr'><strong>LXX</strong></span> <span class='ocrx_word' id='word_1_879' title='bbox 1609 5653 1936 5723; x_wconf 83' lang='lat' dir='ltr'><strong>luterpretes</strong></span> <span class='ocrx_word' id='word_1_880' title='bbox 1964 5652 2051 5711; x_wconf 85' lang='lat' dir='ltr'><strong>Jo-</strong></span> 
     </span>
    </p>
   </div>
   <div class='ocr_carea' id='block_1_107' title="bbox 1548 4948 2591 5019">
    <p class='ocr_par' dir='ltr' id='par_1_107' title="bbox 1548 4948 2591 5019">
     <span class='ocr_line' id='line_1_110' title="bbox 1548 4948 2591 5019; baseline 0.007 -19"><span class='ocrx_word' id='word_1_881' title='bbox 1548 4948 1593 4979; x_wconf 83' lang='grc'><strong>⁸⁶</strong></span> <span class='ocrx_word' id='word_1_882' title='bbox 1633 4949 1804 5019; x_wconf 82' lang='lat' dir='ltr'><strong>Apoc.</strong></span> <span class='ocrx_word' id='word_1_883' title='bbox 1838 4967 1899 5016; x_wconf 85' lang='lat' dir='ltr'><strong>tt.</strong></span> <span class='ocrx_word' id='word_1_884' title='bbox 1935 4953 1989 5012; x_wconf 89' lang='lat'><strong>7.</strong></span> <span class='ocrx_word' id='word_1_885' title='bbox 2061 4958 2105 4991; x_wconf 82' lang='grc'><strong>⁸⁷</strong></span> <span class='ocrx_word' id='word_1_886' title='bbox 2142 4955 2308 5013; x_wconf 78' lang='lat' dir='ltr'><strong>Exod.</strong></span> <span class='ocrx_word' id='word_1_887' title='bbox 2342 4953 2591 5017; x_wconf 63' lang='lat'><strong>“11,12.</strong></span> 
     </span>
    </p>
   </div>
   <div class='ocr_carea' id='block_1_108' title="bbox 1730 5022 2230 5095">
    <p class='ocr_par' dir='ltr' id='par_1_108' title="bbox 1730 5022 2230 5095">
     <span class='ocr_line' id='line_1_111' title="bbox 1730 5022 2230 5095; baseline 0.006 -18"><span class='ocrx_word' id='word_1_888' title='bbox 1730 5022 1775 5053; x_wconf 71' lang='grc' dir='ltr'><em>η</em></span> <span class='ocrx_word' id='word_1_889' title='bbox 1807 5022 1827 5077; x_wconf 83' lang='lat'><strong>1</strong></span> <span class='ocrx_word' id='word_1_890' title='bbox 1852 5023 1982 5082; x_wconf 91' lang='lat' dir='ltr'><strong>Cor.</strong></span> <span class='ocrx_word' id='word_1_891' title='bbox 2016 5045 2073 5095; x_wconf 54' lang='grc' dir='ltr'><strong>κ.</strong></span> <span class='ocrx_word' id='word_1_892' title='bbox 2095 5028 2148 5092; x_wconf 75' lang='lat'><strong>5,</strong></span> <span class='ocrx_word' id='word_1_893' title='bbox 2176 5028 2230 5081; x_wconf 78' lang='lat' dir='ltr'><strong>t.</strong></span> 
     </span>
    </p>
   </div>
   <div class='ocr_carea' id='block_1_109' title="bbox 2167 4486 3745 4556">
    <p class='ocr_par' dir='ltr' id='par_1_109' title="bbox 2167 4486 3745 4556">
     <span class='ocr_line' id='line_1_112' title="bbox 2167 4486 3745 4556; baseline -0.003 -11"><span class='ocrx_word' id='word_1_894' title='bbox 2167 4493 2316 4546; x_wconf 89' lang='lat' dir='ltr'><strong>enim</strong></span> <span class='ocrx_word' id='word_1_895' title='bbox 2348 4490 2649 4543; x_wconf 89' lang='lat' dir='ltr'><strong>electorum</strong></span> <span class='ocrx_word' id='word_1_896' title='bbox 2684 4489 2814 4554; x_wconf 80' lang='lat' dir='ltr'><strong>dux,</strong></span> <span class='ocrx_word' id='word_1_897' title='bbox 2848 4488 2962 4556; x_wconf 84' lang='lat' dir='ltr'><strong>ipse</strong></span> <span class='ocrx_word' id='word_1_898' title='bbox 2989 4487 3290 4556; x_wconf 89' lang='lat' dir='ltr'><strong>potentium</strong></span> <span class='ocrx_word' id='word_1_899' title='bbox 3316 4487 3590 4555; x_wconf 85' lang='lat' dir='ltr'><strong>princeps,</strong></span> <span class='ocrx_word' id='word_1_900' title='bbox 3627 4486 3745 4554; x_wconf 84' lang='lat' dir='ltr'><strong>ipse</strong></span> 
     </span>
    </p>
   </div>
   <div class='ocr_carea' id='block_1_110' title="bbox 2163 4576 3742 4654">
    <p class='ocr_par' dir='ltr' id='par_1_110' title="bbox 2163 4576 3742 4654">
     <span class='ocr_line' id='line_1_113' title="bbox 2163 4576 3742 4654; baseline -0.003 -17"><span class='ocrx_word' id='word_1_901' title='bbox 2163 4584 2257 4654; x_wconf 92' lang='lat' dir='ltr'><strong>qui</strong></span> <span class='ocrx_word' id='word_1_902' title='bbox 2296 4581 2535 4651; x_wconf 89' lang='lat' dir='ltr'><strong>conﬂigit</strong></span> <span class='ocrx_word' id='word_1_903' title='bbox 2562 4595 2686 4635; x_wconf 90' lang='lat' dir='ltr'><strong>cum</strong></span> <span class='ocrx_word' id='word_1_904' title='bbox 2720 4578 2966 4632; x_wconf 86' lang='lat' dir='ltr'><strong>Amalec.</strong></span> <span class='ocrx_word' id='word_1_905' title='bbox 3006 4576 3122 4646; x_wconf 86' lang='lat' dir='ltr'><strong>Ipse</strong></span> <span class='ocrx_word' id='word_1_906' title='bbox 3164 4587 3247 4632; x_wconf 90' lang='lat' dir='ltr'><strong>est</strong></span> <span class='ocrx_word' id='word_1_907' title='bbox 3274 4579 3417 4632; x_wconf 90' lang='lat' dir='ltr'><strong>enim</strong></span> <span class='ocrx_word' id='word_1_908' title='bbox 3445 4580 3537 4647; x_wconf 88' lang='lat' dir='ltr'><strong>qui</strong></span> <span class='ocrx_word' id='word_1_909' title='bbox 3575 4580 3742 4633; x_wconf 89' lang='lat' dir='ltr'><strong>intrat</strong></span> 
     </span>
    </p>
   </div>
   <div class='ocr_carea' id='block_1_111' title="bbox 2164 4672 3743 4743">
    <p class='ocr_par' dir='ltr' id='par_1_111' title="bbox 2164 4672 3743 4743">
     <span class='ocr_line' id='line_1_114' title="bbox 2164 4672 3743 4743; baseline -0.003 -14"><span class='ocrx_word' id='word_1_910' title='bbox 2164 4677 2217 4741; x_wconf 88' lang='lat' dir='ltr'><strong>in</strong></span> <span class='ocrx_word' id='word_1_911' title='bbox 2247 4676 2467 4730; x_wconf 91' lang='lat' dir='ltr'><strong>domum</strong></span> <span class='ocrx_word' id='word_1_912' title='bbox 2502 4673 2662 4729; x_wconf 80' lang='lat' dir='ltr'><strong>fortis</strong></span> <span class='ocrx_word' id='word_1_913' title='bbox 2710 4682 2763 4727; x_wconf 92' lang='lat' dir='ltr'><strong>et</strong></span> <span class='ocrx_word' id='word_1_914' title='bbox 2790 4672 2978 4741; x_wconf 86' lang='lat' dir='ltr'><strong>alligat</strong></span> <span class='ocrx_word' id='word_1_915' title='bbox 3010 4672 3228 4737; x_wconf 80' lang='lat' dir='ltr'><strong>fortem,</strong></span> <span class='ocrx_word' id='word_1_916' title='bbox 3263 4682 3318 4727; x_wconf 90' lang='lat' dir='ltr'><strong>et</strong></span> <span class='ocrx_word' id='word_1_917' title='bbox 3347 4688 3473 4727; x_wconf 87' lang='lat' dir='ltr'><strong>vasa</strong></span> <span class='ocrx_word' id='word_1_918' title='bbox 3511 4674 3627 4743; x_wconf 86' lang='lat' dir='ltr'><strong>ejus</strong></span> <span class='ocrx_word' id='word_1_919' title='bbox 3658 4674 3743 4726; x_wconf 89' lang='lat' dir='ltr'><strong>di-</strong></span> 
     </span>
    </p>
   </div>
   <div class='ocr_carea' id='block_1_112' title="bbox 2161 4768 2311 4837">
    <p class='ocr_par' dir='ltr' id='par_1_112' title="bbox 2161 4768 2311 4837">
     <span class='ocr_line' id='line_1_115' title="bbox 2161 4768 2311 4837; baseline 0.013 -15"><span class='ocrx_word' id='word_1_920' title='bbox 2161 4768 2311 4837; x_wconf 88' lang='lat' dir='ltr'><strong>ripit.</strong></span> 
     </span>
    </p>
   </div>
   <div class='ocr_carea' id='block_1_113' title="bbox 2703 4949 3147 5013">
    <p class='ocr_par' dir='ltr' id='par_1_113' title="bbox 2703 4949 3147 5013">
     <span class='ocr_line' id='line_1_116' title="bbox 2703 4949 3147 5013; baseline -0.002 -8"><span class='ocrx_word' id='word_1_921' title='bbox 2703 4953 2750 4984; x_wconf 81' lang='grc'><strong>⁸⁸</strong></span> <span class='ocrx_word' id='word_1_922' title='bbox 2774 4951 2965 5005; x_wconf 81' lang='lat' dir='ltr'><strong>Matth.</strong></span> <span class='ocrx_word' id='word_1_923' title='bbox 3008 4968 3059 5013; x_wconf 76' lang='grc' dir='ltr'><strong>ν,</strong></span> <span class='ocrx_word' id='word_1_924' title='bbox 3097 4949 3147 5004; x_wconf 86' lang='grc'><strong>6.</strong></span> 
     </span>
    </p>
   </div>
   <div class='ocr_carea' id='block_1_114' title="bbox 2306 5021 3405 5087">
    <p class='ocr_par' dir='ltr' id='par_1_114' title="bbox 2306 5021 3405 5087">
     <span class='ocr_line' id='line_1_117' title="bbox 2306 5021 3405 5087; baseline -0.002 -9"><span class='ocrx_word' id='word_1_925' title='bbox 2306 5024 2511 5079; x_wconf 72' lang='lat' dir='ltr'><strong>“Cen.</strong></span> <span class='ocrx_word' id='word_1_926' title='bbox 2564 5022 2780 5087; x_wconf 65' lang='lat'><strong>“11,5.</strong></span> <span class='ocrx_word' id='word_1_927' title='bbox 2855 5021 2899 5053; x_wconf 66' lang='grc'>³⁸</span> <span class='ocrx_word' id='word_1_928' title='bbox 2937 5022 3105 5075; x_wconf 78' lang='lat' dir='ltr'><strong>Exod.</strong></span> <span class='ocrx_word' id='word_1_929' title='bbox 3156 5038 3266 5086; x_wconf 75' lang='lat' dir='ltr'><strong>xw,</strong></span> <span class='ocrx_word' id='word_1_930' title='bbox 3317 5022 3405 5077; x_wconf 76' lang='grc'><strong>14.</strong></span> 
     </span>
    </p>
   </div>
   <div class='ocr_carea' id='block_1_115' title="bbox 3258 4949 3738 5077">
    <p class='ocr_par' dir='ltr' id='par_1_115' title="bbox 3258 4949 3738 5077">
     <span class='ocr_line' id='line_1_118' title="bbox 3258 4949 3738 5016; baseline 0.004 -11"><span class='ocrx_word' id='word_1_931' title='bbox 3258 4950 3304 4983; x_wconf 83' lang='grc'><strong>⁸⁸</strong></span> <span class='ocrx_word' id='word_1_932' title='bbox 3334 4949 3482 5006; x_wconf 88' lang='lat' dir='ltr'><strong>Psal.</strong></span> <span class='ocrx_word' id='word_1_933' title='bbox 3516 4966 3647 5016; x_wconf 80' lang='lat' dir='ltr'><strong>xui,</strong></span> <span class='ocrx_word' id='word_1_934' title='bbox 3677 4954 3738 5008; x_wconf 77' lang='lat'><strong>2.</strong></span> 
     </span>
     <span class='ocr_line' id='line_1_119' title="bbox 3258 5021 3738 5077; baseline 0 0"><span class='ocrx_word' id='word_1_935' title='bbox 3258 5061 3266 5077; x_wconf 93' lang='lat'><strong>.</strong></span> <span class='ocrx_word' id='word_1_936' title='bbox 3317 5022 3405 5077; x_wconf 76' lang='lat' dir='ltr'><strong>i4.</strong></span> <span class='ocrx_word' id='word_1_937' title='bbox 3483 5022 3529 5054; x_wconf 73' lang='grc'><strong><em>’⁵</em></strong></span> <span class='ocrx_word' id='word_1_938' title='bbox 3564 5021 3738 5077; x_wconf 78' lang='lat' dir='ltr'><strong>Exod.</strong></span> 
     </span>
    </p>
   </div>
   <div class='ocr_carea' id='block_1_116' title="bbox 3609 5039 3738 5079">
    <p class='ocr_par' dir='ltr' id='par_1_116' title="bbox 3609 5039 3738 5079">
     <span class='ocr_line' id='line_1_120' title="bbox 3609 5039 3738 5079; baseline 0.031 -4"><span class='ocrx_word' id='word_1_939' title='bbox 3609 5039 3738 5079; x_wconf 63' lang='grc' dir='ltr'><strong>κου.</strong></span> 
     </span>
    </p>
   </div>
   <div class='ocr_carea' id='block_1_117' title="bbox 2168 5228 3742 5305">
    <p class='ocr_par' dir='ltr' id='par_1_117' title="bbox 2168 5228 3742 5305">
     <span class='ocr_line' id='line_1_121' title="bbox 2168 5228 3742 5305; baseline -0.004 -15"><span class='ocrx_word' id='word_1_940' title='bbox 2168 5251 2263 5291; x_wconf 86' lang='lat' dir='ltr'><strong>sne</strong></span> <span class='ocrx_word' id='word_1_941' title='bbox 2294 5234 2640 5305; x_wconf 87' lang='lat' dir='ltr'><strong>appellarunt</strong></span> <span class='ocrx_word' id='word_1_942' title='bbox 2669 5229 2873 5287; x_wconf 69' lang='lat' dir='ltr'><strong>Iesum.</strong></span> <span class='ocrx_word' id='word_1_943' title='bbox 2908 5228 3047 5285; x_wconf 87' lang='lat' dir='ltr'><strong>Hine</strong></span> <span class='ocrx_word' id='word_1_944' title='bbox 3076 5230 3393 5305; x_wconf 85' lang='lat' dir='ltr'><strong>allegoriam</strong></span> <span class='ocrx_word' id='word_1_945' title='bbox 3441 5244 3541 5283; x_wconf 92' lang='lat' dir='ltr'><strong>suo</strong></span> <span class='ocrx_word' id='word_1_946' title='bbox 3568 5242 3742 5305; x_wconf 90' lang='lat' dir='ltr'><strong>_more</strong></span> 
     </span>
    </p>
   </div>
   <div class='ocr_carea' id='block_1_118' title="bbox 2164 5300 3735 5373">
    <p class='ocr_par' dir='ltr' id='par_1_118' title="bbox 2164 5300 3735 5373">
     <span class='ocr_line' id='line_1_122' title="bbox 2164 5300 3735 5373; baseline -0.006 -13"><span class='ocrx_word' id='word_1_947' title='bbox 2164 5300 2627 5373; x_wconf 53' lang='lat' dir='ltr'><strong>ducit&#39;Origenes</strong></span> <span class='ocrx_word' id='word_1_948' title='bbox 2656 5342 2672 5367; x_wconf 94' lang='lat'><strong>,</strong></span> <span class='ocrx_word' id='word_1_949' title='bbox 2707 5317 2871 5370; x_wconf 89' lang='lat' dir='ltr'><strong>quam</strong></span> <span class='ocrx_word' id='word_1_950' title='bbox 2921 5316 2988 5354; x_wconf 93' lang='lat' dir='ltr'><strong>ne</strong></span> <span class='ocrx_word' id='word_1_951' title='bbox 3045 5300 3207 5369; x_wconf 77' lang='lat' dir='ltr'><strong>putes</strong></span> <span class='ocrx_word' id='word_1_952' title='bbox 3230 5300 3735 5373; x_wconf 79' lang='lat' dir='ltr'><strong>ornnino__otiosain</strong></span> 
     </span>
    </p>
   </div>
   <div class='ocr_carea' id='block_1_119' title="bbox 2162 5368 3736 5439">
    <p class='ocr_par' dir='ltr' id='par_1_119' title="bbox 2162 5368 3736 5439">
     <span class='ocr_line' id='line_1_123' title="bbox 2162 5368 3736 5439; baseline -0.006 -9"><span class='ocrx_word' id='word_1_953' title='bbox 2162 5390 2304 5438; x_wconf 89' lang='lat' dir='ltr'><strong>esse,</strong></span> <span class='ocrx_word' id='word_1_954' title='bbox 2335 5368 2555 5429; x_wconf 80' lang='lat' dir='ltr'><strong>adnotat</strong></span> <span class='ocrx_word' id='word_1_955' title='bbox 2583 5368 2965 5427; x_wconf 24' lang='lat' dir='ltr'><strong>Gene‘brardns</strong></span> <span class='ocrx_word' id='word_1_956' title='bbox 2991 5368 3116 5424; x_wconf 85' lang='lat' dir='ltr'><strong>eum</strong></span> <span class='ocrx_word' id='word_1_957' title='bbox 3150 5372 3240 5439; x_wconf 90' lang='lat' dir='ltr'><strong>qui</strong></span> <span class='ocrx_word' id='word_1_958' title='bbox 3285 5370 3415 5425; x_wconf 91' lang='lat' dir='ltr'><strong>olim</strong></span> <span class='ocrx_word' id='word_1_959' title='bbox 3448 5368 3736 5439; x_wconf 86' lang='lat' dir='ltr'><strong>dicebatur</strong></span> 
     </span>
    </p>
   </div>
   <div class='ocr_carea' id='block_1_120' title="bbox 2163 5438 3737 5513">
    <p class='ocr_par' dir='ltr' id='par_1_120' title="bbox 2163 5438 3737 5513">
     <span class='ocr_line' id='line_1_124' title="bbox 2163 5438 3737 5513; baseline -0.006 -14"><span class='ocrx_word' id='word_1_960' title='bbox 2163 5445 2351 5508; x_wconf 68' lang='lat' dir='ltr'><strong>Iosue.</strong></span> <span class='ocrx_word' id='word_1_961' title='bbox 2381 5453 2506 5513; x_wconf 82' lang='lat' dir='ltr'><strong>post</strong></span> <span class='ocrx_word' id='word_1_962' title='bbox 2537 5444 2913 5511; x_wconf 88' lang='lat' dir='ltr'><strong>captivitatem</strong></span> <span class='ocrx_word' id='word_1_963' title='bbox 2941 5438 3333 5513; x_wconf 78' lang='lat' dir='ltr'><strong>Babylonicam</strong></span> <span class='ocrx_word' id='word_1_964' title='bbox 3361 5438 3596 5513; x_wconf 85' lang='lat' dir='ltr'><strong>b_revius_</strong></span> <span class='ocrx_word' id='word_1_965' title='bbox 3635 5453 3737 5506; x_wconf 85' lang='lat' dir='ltr'><strong>ap-</strong></span> 
     </span>
    </p>
   </div>
   <div class='ocr_carea' id='block_1_121' title="bbox 2164 5505 3737 5583">
    <p class='ocr_par' dir='ltr' id='par_1_121' title="bbox 2164 5505 3737 5583">
     <span class='ocr_line' id='line_1_125' title="bbox 2164 5505 3737 5583; baseline -0.006 -15"><span class='ocrx_word' id='word_1_966' title='bbox 2164 5505 2423 5583; x_wconf 83' lang='lat' dir='ltr'><strong>pellatum</strong></span> <span class='ocrx_word' id='word_1_967' title='bbox 2469 5505 2654 5568; x_wconf 69' lang='lat' dir='ltr'><strong>Iesum</strong></span> <span class='ocrx_word' id='word_1_968' title='bbox 2690 5513 2937 5582; x_wconf 88' lang='lat' dir='ltr'><strong>Syriace.</strong></span> <span class='ocrx_word' id='word_1_969' title='bbox 2974 5505 3124 5583; x_wconf 74' lang='lat' dir='ltr'><strong>Unde</strong></span> <span class='ocrx_word' id='word_1_970' title='bbox 3178 5521 3232 5564; x_wconf 85' lang='lat' dir='ltr'><strong>et</strong></span> <span class='ocrx_word' id='word_1_971' title='bbox 3277 5509 3528 5583; x_wconf 77' lang='lat' dir='ltr'><strong>Christus</strong></span> <span class='ocrx_word' id='word_1_972' title='bbox 3571 5505 3737 5560; x_wconf 83' lang='lat' dir='ltr'><strong>Josne</strong></span> 
     </span>
    </p>
   </div>
   <div class='ocr_carea' id='block_1_122' title="bbox 2160 5579 3736 5650">
    <p class='ocr_par' dir='ltr' id='par_1_122' title="bbox 2160 5579 3736 5650">
     <span class='ocr_line' id='line_1_126' title="bbox 2160 5579 3736 5650; baseline -0.004 -14"><span class='ocrx_word' id='word_1_973' title='bbox 2160 5579 2355 5637; x_wconf 83' lang='lat' dir='ltr'><strong>nomen</strong></span> <span class='ocrx_word' id='word_1_974' title='bbox 2389 5579 2745 5650; x_wconf 77' lang='lat' dir='ltr'><strong>habuitjnxla</strong></span> <span class='ocrx_word' id='word_1_975' title='bbox 2775 5592 2948 5650; x_wconf 80' lang='lat' dir='ltr'><strong>vetus,</strong></span> <span class='ocrx_word' id='word_1_976' title='bbox 2990 5582 3148 5636; x_wconf 81' lang='lat' dir='ltr'><strong>.lesus</strong></span> <span class='ocrx_word' id='word_1_977' title='bbox 3184 5594 3309 5636; x_wconf 78' lang='lat' dir='ltr'><strong>vero</strong></span> <span class='ocrx_word' id='word_1_978' title='bbox 3342 5579 3498 5650; x_wconf 77' lang='lat' dir='ltr'><strong>juxta</strong></span> <span class='ocrx_word' id='word_1_979' title='bbox 3542 5591 3736 5633; x_wconf 83' lang='lat' dir='ltr'><strong>recens</strong></span> 
     </span>
    </p>
   </div>
   <div class='ocr_carea' id='block_1_123' title="bbox 2154 5651 2713 5710">
    <p class='ocr_par' dir='ltr' id='par_1_123' title="bbox 2154 5651 2713 5710">
     <span class='ocr_line' id='line_1_127' title="bbox 2154 5651 2713 5710; baseline -0.002 -3"><span class='ocrx_word' id='word_1_980' title='bbox 2154 5651 2461 5709; x_wconf 71' lang='lat' dir='ltr'><strong>Judaeonnn</strong></span> <span class='ocrx_word' id='word_1_981' title='bbox 2494 5653 2713 5710; x_wconf 84' lang='lat' dir='ltr'><strong>iJioma.</strong></span> 
     </span>
    </p>
   </div>
  </div>
