4122 6248
394 266 498 323 577

1590 268 1652 323 ΙΝ
1697 268 1981 327 EXODUM
2006 271 2303 328 HOMILIA
2338 270 2430 327 XI.

3557 272 3660 328 578

458 387 513 445 4.
539 386 645 445 Sed
665 389 879 446 interim
899 390 1313 461 videamusquid
1328 408 1470 446 nunc
1486 393 1711 447 historia
1735 410 1973 463 praesens
2004 402 2045 456 Α
2079 405 2215 457 tuos,
2251 397 2425 449 clama
2453 392 2520 446 ad
2556 393 2721 447 Deum
2744 432 2757 455 ,
2792 402 2849 445 ιιι
2878 392 3007 445 dicit
3045 391 3334 461 Apostolus
3366 391 3388 424 ’
3420 411 3434 447 :
3472 412 3488 445 ι
3516 393 3658 447 Ora-

392 490 634 537 retexat:
665 500 683 533 t
712 482 988 549 Ascendit,
1011 483 1267 552 inquit”,
1287 482 1567 552 Moysesiu
1587 486 1849 540 verticem
1868 486 1972 540 col-

391 572 478 627 lis.
500 589 520 623 ι
542 570 791 625 Nondum
807 572 1050 627 ascendit
1067 574 1119 626 itt
1138 574 1397 628 verticem
1419 575 1638 638 montis,
1663 578 1757 631 sed
1780 578 1831 630 in
1854 592 1973 630 ver-

390 662 551 717 ticem
569 661 743 717 collis.
758 661 1245 717 Servabatureuim
1261 664 1309 717 ei
1336 674 1461 718 tunc
1474 666 1768 720 ascendere
1786 666 1835 719 itt
1857 676 1974 720 ver-

392 760 551 813 ticem
580 757 795 819 montis,
815 773 1279 815 eumascensurus
1294 758 1674 824 eratJesus,et
1706 776 1825 814 cum
1851 761 1970 828 ipso

392 851 627 923 Moyses,
659 861 713 905 et
739 850 903 915 Elius,
936 863 991 909 et
1029 853 1101 907 ibi
1141 852 1621 907 transformandus
1653 852 1705 906 in
1758 854 1963 924 gloria.

391 941 543 997 Nunc
567 958 699 1014 ergo
735 943 881 999 velut
930 945 1169 999 nondum
1220 944 1557 1015 glorilicatus
1597 958 1661 998 ex
1698 945 1967 1000 ttansl'or—

391 1034 634 1089 matioue
660 1034 809 1102 .lesu,
853 1036 1089 1090 nondum
1125 1038 1371 1091 ascendit
1398 1037 1451 1090 in
1490 1035 1747 1089 verticem
1807 1051 1964 1090 mon-

388 1126 485 1190 tis,
519 1127 612 1180 sed
646 1127 889 1182 ascendit
915 1128 966 1181 in
996 1129 1255 1181 verticem
1285 1127 1474 1182 collis:
1504 1149 1522 1180 ι
1554 1129 1619 1183 Ει
1646 1129 1844 1186 factum
1860 1141 1964 1195 est,

388 1219 564 1287 inquit
613 1219 683 1285 θ’,
719 1234 843 1273 cum
885 1218 1126 1274 elevaret
1178 1219 1395 1290 Moyses
1440 1234 1632 1273 manus
1661 1258 1675 1283 ,
1713 1222 1957 1289 superior

389 1310 549 1365 ﬁebat
583 1308 771 1365 Israel.
814 1330 831 1363 ι
868 1310 1079 1382 Moyses
1107 1312 1323 1380 quidem
1350 1310 1530 1365 elevat
1566 1326 1760 1366 manus
1787 1351 1803 1375 ,
1855 1326 1963 1366 non

387 1400 670 1465 extendit;
705 1398 861 1455 Jesus
888 1410 1071 1454 autem
1103 1400 1194 1468 qui
1230 1400 1546 1454 universum
1585 1402 1771 1452 orbem
1807 1408 1968 1454 terra:

386 1492 658 1547 exaltatus
697 1492 751 1546 itt
774 1506 936 1545 cruce
976 1492 1366 1560 complexurus
1396 1499 1515 1543 erat
1557 1491 1793 1544 brachiis
1828 1491 1966 1554 suis,

386 1584 521 1637 dicit
555 1582 569 1612 ¹
601 1582 890 1637 ειΕκιθιιιΙι
918 1596 1111 1634 manus
1143 1595 1292 1635 meas
1326 1581 1392 1634 ad
1426 1579 1678 1649 populum
1711 1596 1817 1634 non
1845 1596 1965 1635 cre-

384 1675 603 1729 dentem
629 1712 645 1736 ,
684 1682 741 1726 et
803 1673 1271 1725 contradicentent
1312 1672 1466 1724 mihi.
1508 1691 1526 1723 ι
1572 1670 1779 1740 Moyses
1836 1686 1964 1741 ergo

2082 489 2212 541 lioui
2248 489 2541 548 instantes,
2575 495 2632 538 et
2664 482 2949 553 vigilantes
2979 484 3032 539 in
3058 500 3145 538 ea.
3179 505 3196 537 ι
3228 485 3353 540 llaze
3379 484 3525 538 euint
3570 495 3651 540 est

2077 578 2372 631 Christiani
2415 590 2615 644 pugna,
2642 589 2749 643 qua
2788 584 3009 643 superat
3042 575 3337 629 inimicmn.
3390 575 3526 631 Puto
3557 592 3656 629 au-

2080 676 2184 720 tem
2212 664 2354 732 quod
2408 680 2502 733 per
2534 665 2673 718 hanc
2731 664 2962 730 ﬁguram
2997 664 3160 717 etiam
3204 664 3431 716 duorum
3489 680 3656 735 popu~

2075 756 2244 810 lortttn
2275 754 2485 823 Moyses
2519 754 2747 808 formam
2784 753 3056 823 designet,
3114 765 3169 809 et
3198 756 3455 809 ostendat
3487 772 3653 809 unum

2072 862 2191 901 esse
2222 846 2476 916 populum
2506 861 2573 900 ex
2610 845 2868 914 gentibus
2901 846 2995 913 qui
3018 847 3194 899 elevet
3230 862 3423 899 manus
3456 844 3652 917 Moysi,

2072 949 2127 991 et
2151 940 2330 1006 erigat
2356 953 2447 992 eas
2468 978 2482 1002 ,
2512 938 2564 990 id
2595 946 2681 991 est
2705 937 2796 1004 qui
2831 937 2885 990 in
2914 938 3144 993 sublime
3174 939 3404 993 extollat
3438 955 3501 993 ea
3531 955 3655 1009 qua

2056 1029 2292 1097 scripsit
2322 1028 2554 1099 Moyses,
2590 1041 2643 1084 et
2673 1030 2725 1083 in
2754 1030 2972 1084 excelso
3025 1046 3214 1083 eorum
3246 1030 3657 1102 intelligentiam

2071 1128 2314 1184 statuat,
2350 1130 2407 1174 et
2439 1137 2535 1188 per
2564 1123 2663 1175 hoc
2704 1123 2919 1188 vincat;
2953 1121 3117 1176 alium
3154 1129 3337 1175 autent
3378 1137 3499 1177 esse
3534 1122 3656 1191 qui,

2072 1214 2336 1279 quoniam
2366 1228 2469 1266 non
2493 1212 2668 1266 elevat
2694 1229 2887 1267 manus
2909 1213 3101 1284 Moysi,
3129 1228 3230 1267 nec
3261 1213 3478 1268 extollit
3501 1228 3595 1267 eas
3622 1232 3653 1270 a

2082 1307 2250 1368 terra,
2301 1319 2399 1357 nec
2434 1305 2604 1356 altum
2641 1306 2689 1357 in
2729 1321 2793 1359 eo
2824 1306 3024 1374 aliquid
3057 1316 3113 1359 et
3164 1305 3368 1359 subtile
3399 1306 3658 1359 conside-

2076 1404 2180 1457 rat,
2232 1395 2469 1447 vincitur
2497 1397 2567 1450 ab
2606 1395 2958 1459 adversariis,
2996 1406 3050 1450 et
3086 1396 3476 1464 prosternitur.

2058 1519 2087 1544 ν
2145 1485 2198 1539 5.
2233 1486 2359 1538 Post
2390 1487 2502 1540 lucc
2536 1488 2685 1540 venit
2725 1488 2790 1539 ad
2823 1497 3056 1541 montem
3095 1488 3185 1539 Dei
3214 1488 3444 1559 Moyses,
3474 1498 3528 1542 et
3562 1503 3657 1543 oc-

2073 1577 2243 1629 eurrit
2271 1575 2534 1631 eiJetltro
2568 1594 2725 1631 socer
2760 1593 2891 1632 suns
2921 1578 2986 1630 ¹⁶.
3013 1578 3095 1631 At‘
3119 1578 3205 1632 ille
3237 1579 3416 1633 exitei
3439 1578 3654 1633 obviam

2072 1668 2139 1720 de
2174 1670 2393 1729 castris,
2428 1679 2481 1721 et
2516 1686 2621 1723 non
2649 1686 2771 1723 emn
2807 1671 2953 1724 ducit
2986 1670 3054 1723 ad
3102 1681 3341 1725 montem
3398 1670 3512 1736 Dei,
3554 1671 3652 1724 sed

384 1770 567 1824 elevat
601 1782 795 1822 manus
830 1781 983 1827 snas,
1018 1775 1067 1819 et
1103 1781 1223 1820 cum
1252 1765 1492 1820 elevaret
1529 1778 1743 1827 manus,
1782 1763 1962 1816 vince-
1999 1764 2039 1817 Β
2070 1758 2214 1812 ducit
2242 1773 2365 1811 eum
2393 1760 2457 1812 ad
2492 1760 2905 1814 tabernaculum
2943 1777 3123 1816 suum.
3159 1762 3275 1816 Non
3322 1762 3464 1815 enim
3502 1772 3655 1830 pote-

383 1862 553 1916 batur
600 1858 842 1912 Amalec.
876 1857 1104 1910 Elevare
1160 1870 1373 1923 manus,
1410 1857 1511 1908 hoc
1564 1865 1648 1908 est
1684 1869 1850 1925 Opera
1906 1864 1962 1909 et

388 1959 545 2003 actus
573 1949 786 2003 elevare
814 1949 879 2001 ad
934 1948 1123 2009 Deum,
1151 1955 1204 2000 et
1238 1961 1340 1999 non
1387 1947 1587 1999 habere
1616 1956 1772 2000 actus
1799 1948 1961 2001 deor-

388 2056 508 2094 sum
565 2039 827 2107 dejectos,
857 2048 910 2091 et
942 2037 1090 2091 hutui
1120 2037 1367 2103 jacentcs
1393 2078 1408 2101 ,
1440 2037 1533 2089 sed
1570 2037 1677 2090 Deo
1710 2036 1961 2106 placitos,

382 2143 439 2186 et
470 2131 538 2185 ad
569 2131 762 2185 caelum
795 2140 1028 2187 erectos.
1074 2131 1263 2184 Elevat
1292 2144 1420 2197 ergo
1468 2144 1678 2193 manus,
1720 2129 1810 2196 qui
1845 2129 1963 2181 tlte-

381 2223 629 2276 saurizat
660 2223 712 2276 in
738 2222 955 2284 cmlum,
994 2222 1086 2275 ubi
1118 2223 1262 2275 enim
1294 2221 1586 2275 thesaurus
1612 2220 1749 2288 ejus,
1800 2221 1869 2274 ibi
1908 2229 1965 2274 et

378 2314 573 2367 oculus
600 2313 743 2382 ejus,
775 2312 849 2366 ibi
876 2322 931 2367 et
968 2328 1159 2367 manus
1185 2313 1320 2382 ejus.
1350 2312 1534 2366 Elevat
1565 2328 1763 2366 manus
1791 2320 1845 2365 et
1873 2288 1963 2367 ilio

378 2404 469 2471 qui
492 2402 626 2456 dicit
654 2402 703 2453 ἐ
736 2420 754 2453 ι
793 2402 1036 2456 Elevatio
1069 2417 1332 2455 manuum
1380 2401 1540 2470 17o
1588 2416 1833 2455 mearum
1872 2416 1961 2455 sa-

378 2493 643 2548 crilicium
679 2487 1075 2562 vespertinum.
1110 2512 1128 2545 ι
1186 2493 1244 2548 Si
1284 2509 1415 2564 ergo
1469 2494 1751 2547 eleventur
1803 2504 1961 2547 actus

376 2584 575 2650 nostri,
615 2595 670 2639 et
701 2600 805 2637 non
842 2585 953 2638 sint
985 2585 1037 2637 in
1069 2594 1237 2646 terra,
1284 2584 1520 2639 vincitur
1553 2586 1795 2639 Amalec.
1852 2586 1959 2641 Sed

376 2687 432 2730 et
465 2676 759 2746 Apostolus
804 2676 825 2707 ³
857 2676 1106 2746 praecipit
1138 2676 1321 2731 levare
1357 2684 1575 2730 sanctas
1618 2693 1811 2731 manus
1842 2678 1961 2733 sine

376 2767 462 2822 ira
516 2776 571 2821 et
605 2767 1047 2837 disceptatione;
1102 2778 1156 2821 et
1208 2767 1275 2820 ad
1329 2769 1594 2837 quosdam
1632 2769 1849 2824 dicebat
1896 2770 1957 2824 δε

392 2877 412 2909 ι
453 2858 727 2913 Demissas
775 2873 970 2912 manus
994 2899 1009 2924 ,
1046 2868 1100 2912 et
1132 2858 1392 2912 dissoluta
1439 2874 1612 2928 genua
1644 2858 1836 2930 erigite
1863 2902 1877 2926 ,
1908 2869 1962 2915 et

374 2958 556 3005 rectos
606 2964 826 3018 gressus
867 2950 1031 3004 facite
1079 2950 1306 3018 pedibus
1366 2951 1584 3005 vestris.
1630 2968 1650 3002 ›
1710 2952 1767 3005 Si
1823 2967 1960 3019 ergo

376 3050 558 3095 servat
614 3042 847 3109 populus
880 3040 1058 3111 legem
1090 3081 1105 3105 ,
1153 3043 1330 3097 elevat
1362 3041 1580 3111 Moyses
1616 3058 1805 3096 manus
1837 3083 1852 3105 ,
1905 3053 1958 3096 et

2067 1861 2153 1903 rat
2178 1850 2432 1905 sacerdos
2460 1851 2670 1906 Madiau
2700 1855 2999 1909 ascendere
3031 1855 3095 1908 ad
3134 1865 3368 1909 montem
3404 1854 3522 1919 Dei,
3556 1853 3653 1909 sed

2068 1956 2164 1994 nec
2199 1942 2254 1995 in
2304 1940 2601 2012 .‘Egyptum
2634 1945 2970 1998 descendere
3021 1945 3194 2013 potuit
3231 1945 3311 1999 vel
3361 1944 3478 2012 ipse
3507 1984 3521 2006 ,
3571 1944 3653 1998 vel

2070 2047 2206 2084 uxor
2240 2031 2431 2103 Moysi,
2484 2035 2577 2087 sed
2613 2050 2759 2088 nunc
2784 2035 2848 2087 ad
2876 2049 2999 2087 eum
3034 2037 3178 2088 venit
3205 2052 3328 2088 cum
3363 2036 3489 2089 (iliis
3514 2036 3652 2103 ejus.

2068 2121 2183 2175 Non
2218 2124 2361 2176 enim
2392 2133 2570 2190 potest
2594 2126 2929 2179 descendere
2956 2125 3010 2178 in
3035 2123 3354 2195 Egyptum.
3382 2136 3437 2180 et
3463 2129 3655 2181 subire

2068 2230 2268 2284 agones
2294 2213 2603 2285 Egyptios,
2638 2216 2741 2270 nisi
2774 2218 2866 2285 qui
2899 2217 3064 2271 fuerit
3095 2220 3305 2271 athleta
3336 2220 3653 2287 probabilis.

2065 2316 2122 2360 et
2154 2307 2273 2361 talis
2306 2307 2520 2375 qualem
2549 2308 2681 2361 dicit
2727 2310 3017 2378 Apostolus
3046 2311 3108 2375 “,
3140 2313 3265 2381 quia
3300 2331 3317 2362 ι
3352 2313 3532 2365 onmis
3559 2314 3652 2382 qui

2066 2399 2117 2452 iu
2150 2414 2322 2468 agone
2347 2401 2651 2464 contendit,
2683 2401 2750 2455 ab
2780 2402 3039 2457 omnibus
3067 2406 3354 2458 continens
3380 2415 3463 2459 est
3493 2404 3649 2478 (67);

2065 2501 2117 2545 et
2146 2492 2219 2544 illi
2256 2492 2476 2560 quidem
2508 2499 2565 2544 ut
2597 2492 3012 2561 corruptibilem
3047 2510 3309 2547 coronam
3354 2497 3651 2564 accipiant,

2065 2598 2161 2637 uos
2194 2595 2378 2636 autem
2413 2584 2810 2651 incorruptam.
2848 2584 2959 2655 Ego
2994 2586 3161 2655 igitur
3195 2586 3275 2640 sic
3323 2601 3510 2651 curro,
3541 2603 3649 2641 non

2062 2676 2218 2744 quasi
2252 2676 2303 2728 in
2335 2677 2601 2729 incertum
2625 2694 2641 2741 ;
2666 2677 2745 2731 sic
2770 2692 2970 2745 pugno,
3000 2692 3104 2730 non
3138 2680 3292 2746 quasi
3320 2694 3501 2731 aerem
3528 2692 3651 2731 ver-

2063 2765 2284 2818 berans.
2323 2784 2340 2817 ι
2380 2765 2592 2836 Moyses
2624 2782 2751 2837 ergo
2778 2769 2903 2835 quia
2940 2784 3166 2837 magnus
3209 2780 3329 2822 erat
3364 2779 3419 2822 et
3455 2779 3649 2836 potens

2063 2855 2287 2921 athleta,
2324 2857 2603 2911 descendit
2628 2860 2695 2911 ad
2730 2874 2934 2927 agones
2984 2868 3039 2914 et
3067 2861 3327 2915 exercitia
3358 2862 3643 2915 virtutum.

2064 2947 2170 3003 Sed
2203 2959 2257 3003 et
2289 2949 2567 3003 Abraham
2608 2952 2889 3007 descendit
2920 2953 2971 3006 itt
3007 2953 3324 3022 Egyptum,
3366 2952 3489 3023 quia
3521 2962 3641 3007 erat

2068 3039 2180 3107 ipse
2214 3057 2442 3110 magnus
2475 3052 2529 3095 et
2560 3054 2755 3109 potens
2796 3043 3022 3098 athleta.
3055 3042 3190 3098 Nam
3226 3045 3291 3098 de
3317 3043 3486 3098 Jacob
3512 3044 3643 3114 quid

375 3131 720 3186 adversarius
747 3110 998 3187 vincitur.
1021 3133 1077 3187 Si
1112 3149 1216 3187 non
1249 3143 1433 3188 serVat
1459 3135 1955 3202 lcgem,invalescit
1985 3110 2026 3166 (ἶ
2062 3133 2234 3185 dicam
2258 3171 2274 3196 ,
2310 3135 2400 3201 qui
2439 3133 2556 3201 ipso
2607 3134 2826 3188 nomine
2864 3137 3063 3191 athleta
3106 3148 3190 3191 est
3244 3139 3326 3191 “'3
3387 3136 3646 3191 Luctator

376 3225 620 3280 Amalec.
658 3224 796 3292 Quia
837 3224 1002 3294 igitur
1036 3235 1090 3279 et
1126 3227 1286 3281 nobis
1337 3241 1518 3296 pugna
1551 3236 1636 3280 est
1690 3228 1954 3282 adversus

376 3314 673 3382 principes.
701 3324 754 3369 et
774 3324 1098 3383 potestates,
1127 3325 1183 3369 et
1209 3316 1391 3370 mundi
1426 3316 1583 3384 hujus
1606 3328 1844 3372 rectores
1875 3327 1953 3372 te-

376 3407 672 3459 nebrarutn
699 3445 714 3471 ,
754 3406 799 3460 si
828 3406 908 3459 vis
935 3405 1155 3461 vincere
1178 3446 1194 3472 ,
1238 3409 1283 3462 si
1339 3409 1421 3461 vis
1482 3411 1729 3465 obtinere
1755 3451 1768 3477 ,
1797 3411 1949 3465 eleva

375 3511 593 3560 manus,
631 3505 683 3550 et
704 3497 857 3551 eleva
896 3507 1050 3551 actus
1082 3506 1223 3560 tuos,
1260 3506 1315 3551 et
1349 3500 1693 3554 conversatio
1728 3510 1815 3554 tua
1847 3516 1949 3555 non

372 3588 449 3642 sit
483 3588 537 3642 ιιι
565 3588 751 3652 terris,
796 3590 891 3643 sed
927 3591 1066 3643 sicut
1098 3590 1242 3642 dixit
1272 3590 1562 3657 Apostolus
1592 3592 1614 3623 '
1641 3608 1655 3645 :
1718 3609 1736 3643 ι
1774 3593 1952 3663 Super

370 3690 574 3735 terram
631 3680 971 3735 ambulantes
1001 3720 1016 3745 ,
1051 3680 1526 3734 conversationem
1575 3682 1839 3739 habemus
1894 3685 1948 3737 itt

364 3773 529 3829 cwlo.
568 3791 587 3825 ι
631 3773 694 3826 Et
728 3772 801 3826 ita
839 3773 1041 3840 poteris
1072 3785 1334 3840 superare
1361 3772 1619 3840 populum
1645 3775 1947 3828 adversam

364 3878 477 3921 tem
512 3864 607 3919 tibi
655 3864 922 3929 Amalec,
974 3864 1048 3918 ita
1082 3874 1140 3917 ut
1190 3863 1406 3916 dicatur
1460 3866 1528 3921 de
1585 3876 1635 3923 te
1688 3851 1857 3923 ctiam
1888 3869 1946 3922 ἐ

366 3974 387 4006 ι
420 3955 558 4022 Quia
594 3957 643 4009 in
675 3971 835 4009 manu
874 3955 1090 4009 occulta
1121 3958 1470 4025 expugnabat
1499 3956 1762 4013 Dominus
1783 3960 1949 4014 Ama-

358 4046 467 4103 lec.
506 4066 525 4099 ι
563 4045 720 4100 Eleva
760 4054 815 4099 et
844 4054 900 4097 tu
935 4059 1126 4099 manus
1159 4046 1224 4098 ad
1261 4047 1449 4110 Deum,
1479 4056 1534 4102 et
1592 4048 1756 4118 imple
1792 4065 1949 4102 man-

356 4141 576 4200 datum,
602 4152 709 4206 quo
733 4135 1027 4205 Apostolus
1060 4135 1235 4190 dicit"
1265 4154 1278 4190 :
1321 4158 1339 4191 ι
1375 4139 1504 4193 Sine
1534 4139 1942 4197 intermissione

353 4239 518 4285 orate
549 4227 693 4299 (66):
725 4246 743 4279 ι
777 4236 832 4282 et
859 4235 989 4282 tunc
1019 4227 1111 4281 liet
1143 4228 1284 4297 quod
1324 4231 1590 4299 scriptum
1620 4241 1705 4286 est
1737 4232 1779 4297 ⁸,
1811 4235 1940 4301 quia

356 4339 377 4373 σ
410 4321 559 4376 sicut
602 4317 805 4372 vitulus
834 4318 1060 4387 ablingit
1082 4316 1137 4372 itt
1171 4321 1377 4391 campis
1408 4321 1633 4376 herbam
1669 4323 1899 4378 viridem
1924 4368 1938 4392 ,

2056 3225 2201 3278 enim
2260 3234 2317 3279 et
2374 3228 2747 3296 supplantator
2790 3230 2904 3299 (68)
2961 3232 3373 3299 interpretatur.
3415 3231 3478 3283 Et
3526 3231 3647 3284 ideo

2056 3316 2178 3370 cum
2211 3317 2589 3373 descendisset
2621 3321 2674 3373 in
2705 3323 3049 3391 septuaginta
3085 3323 3331 3391 quinque
3354 3320 3645 3373 animabus

2062 3408 2114 3461 in
2147 3406 2442 3479 Egyptum
2472 3408 2665 3477 Iacob,
2712 3412 2893 3466 lactus
2923 3421 3007 3466 est
3036 3412 3181 3465 sicut
3230 3411 3398 3466 stellae
3431 3411 3553 3464 ραιΙὶ
3590 3412 3642 3463 itt

2060 3499 2485 3555 multitudinem.
2542 3503 2650 3559 Sed
2683 3521 2874 3559 omnes
2899 3505 2989 3575 qtti
3021 3504 3358 3559 descendunt
3384 3503 3436 3555 itt
3469 3500 3641 3573 A‘ng-

2054 3600 2230 3659 ptum,
2288 3594 2363 3646 ita
2395 3606 2642 3664 pugnant
2691 3606 2746 3649 et
2781 3596 2853 3649 ita
2891 3596 3188 3663 expediunt
3220 3608 3445 3664 agones,
3479 3606 3535 3645 ut
3588 3591 3641 3644 in

2053 3681 2458 3738 multitudinem
2491 3687 2641 3752 liant,
2670 3696 2723 3740 et
2749 3702 2804 3740 ut
2835 3688 3006 3741 stella:
3034 3688 3158 3741 σαεΙί
3184 3685 3633 3753 multiplicemur.

2051 3773 2189 3827 Aliis
2225 3774 2277 3828 itt
2305 3777 2645 3830 contrarium
2684 3780 2830 3834 cedit
2864 3780 3210 3833 descendisse
3237 3780 3289 3832 itt
3316 3776 3637 3846 A‘Igyptum.

2058 3865 2186 3919 Scio
2218 3883 2321 3936 ego
2353 3865 2638 3925 Jeroboam
2673 3869 2967 3940 fugientem
3002 3888 3032 3926 a
3067 3872 3358 3927 Salomone
3407 3874 3638 3925 descen-

2052 3954 2195 4011 disse
2228 3959 2280 4010 itt
2326 3958 2636 4030 Egyptum,
2674 3971 2727 4016 et
2759 3980 2866 4017 non
2926 3964 3101 4018 solum
3161 3980 3266 4019 non
3301 3956 3544 4019 crevisse
3579 3964 3636 4018 in

2051 4051 2475 4119 multitudinem,
2509 4055 2601 4107 sed
2641 4063 2696 4107 et
2742 4056 2973 4109 scidisse
3012 4066 3067 4110 et
3109 4058 3418 4128 corrupisse
3467 4072 3637 4126 popu-

2056 4142 2163 4195 lum
2198 4144 2313 4208 Dei,
2347 4145 2471 4212 quia
2512 4146 2855 4202 descendens
2913 4148 2964 4202 itt
2992 4147 3287 4219 Aﬂgyptum
3332 4152 3548 4220 accepit
3602 4170 3632 4207 a

2057 4234 2345 4290 Stts‘achim
2381 4251 2505 4307 rege
2539 4253 2763 4293 uxorem
2802 4240 3150 4295 Thccimeua:
3181 4244 3365 4297 uxoris
3396 4244 3512 4313 ejus
3538 4259 3629 4299 so-

2050 4324 2227 4380 rorem
2259 4328 2301 4358 ¹³
2331 4327 2463 4398 (69).
2492 4328 2598 4384 Sed
2630 4331 2853 4386 interim
2887 4335 3031 4386 venit
3058 4331 3251 4388 Jethro
3285 4337 3351 4387 ad
3380 4334 3629 4404 Moysen,

352 4414 428 4467 ita
473 4410 712 4479 abliuget
742 4410 973 4480 populus
1005 4410 1093 4466 hic
1123 4411 1378 4482 populum
1411 4412 1504 4483 qui
1533 4428 1697 4483 super
1737 4425 1938 4469 terram
1976 4441 2018 4495 ι)
2049 4420 2326 4474 adducens
2356 4436 2542 4475 secum
2574 4419 2738 4476 filiam
2782 4440 2935 4478 suam
2968 4440 3194 4481 uxorem
3245 4425 3437 4496 Moysi,
3470 4437 3525 4480 et
3563 4430 3629 4480 li-

347 4513 462 4560 εει.
502 4523 523 4556 ι
563 4501 666 4556 Per
695 4501 860 4571 quod,
896 4511 957 4557 ut
994 4518 1023 4556 a
1063 4503 1360 4571 majoribus
1402 4505 1740 4575 accepimus,
1797 4506 1941 4560 indi-

349 4596 464 4652 cari
505 4593 711 4649 dicitur
736 4635 754 4661 ,
787 4595 913 4663 quia
950 4595 1180 4665 populus
1216 4594 1308 4650 Dei
1366 4611 1472 4650 non
1511 4608 1620 4651 tam
1658 4614 1821 4652 manu
1881 4608 1937 4653 et

348 4686 547 4748 armis,
578 4700 739 4754 quam
775 4700 907 4739 voce
928 4695 984 4740 et
1017 4686 1196 4755 lingua
1253 4689 1564 4758 pugnabat,
1596 4691 1645 4743 id
1682 4701 1762 4744 est
1798 4706 1931 4745 ora-

348 4779 559 4831 tionem
611 4772 842 4829 fundens
889 4774 956 4828 ad
993 4774 1181 4838 Deum,
1234 4781 1614 4845 prosternebat
1664 4780 1935 4839 inimicos.

344 4870 422 4923 Ita
460 4882 596 4937 ergo
630 4876 685 4921 et
720 4877 791 4931 ιιι,
831 4867 874 4921 si
909 4869 991 4923 vis
1042 4869 1259 4925 vincere
1292 4870 1565 4940 inimicos,
1604 4872 1753 4929 eleva
1778 4887 1934 4932 actus

414 5062 465 5096 “
502 5059 674 5114 Exod.
708 5075 853 5118 xui,
891 5060 977 5113 10.

346 5148 449 5199 ιιι,
484 5134 575 5192 1‘2,
604 5130 691 5182 15.

346 5204 390 5236 ⁸⁸
414 5203 594 5257 Exod.
626 5214 785 5257 ttvttt.

1075 5064 1118 5094 9°
1151 5062 1280 5119 ibid.
1315 5066 1401 5120 ll.

770 5130 790 5159 ⁵
813 5128 950 5204 Phil.
989 5132 1189 5204 t_tt,10.
1305 5136 1325 5167 ⁸
1352 5137 1517 5192 Exod.
1551 5154 1683 5204 χιιι,
1717 5128 1801 5196 16.

900 5200 941 5229 ³⁸
989 5197 1009 5250 ι
1040 5203 1163 5256 Cor.
1191 5218 1242 5256 ιι
1268 5244 1282 5268 ,
1313 5206 1401 5259 '25.
1517 5209 1559 5240 “
1588 5197 1725 5267 Gen.
1755 5228 1900 5272 xxvi.

419 5316 539 5384 (66)
570 5316 740 5385 Alias,
780 5339 799 5371 ι
835 5332 1076 5377 orantes.
1119 5340 1138 5375 ι

422 5387 540 5468 (ρῒ)
580 5388 748 5452 Alias,
786 5408 805 5441 ι
834 5394 904 5447 ab
932 5394 1188 5447 omnibus
1220 5410 1277 5449 se
1312 5396 1566 5453 abstinet.
1601 5415 1620 5449 ι
1656 5397 1761 5453 Sed
1797 5418 1926 5457 mss.

353 5468 409 5511 ιιι
441 5473 494 5510 ιιι
528 5469 716 5513 nostro
745 5470 918 5516 textu.

423 5525 539 5623 $68)
567 5526 976 5612 LuctulorOenim
1008 5542 1055 5585 et
1091 5533 1480 5623 s'upplanlutor,
1533 5548 1641 5592 etc.
1684 5539 1764 5592 All
1814 5553 1931 5623 1;?)

352 5598 663 5671 nalcoueunt
698 5602 862 5653 lenuit
891 5613 937 5655 et
978 5598 1358 5671 supplouluvit.

425 5668 542 5737 (U9)
573 5669 779 5740 Accepit
837 5690 869 5726 a
914 5668 1194 5729 Susurhim
1251 5691 1417 5744 regem
1478 5692 1691 5733 uxorem
1736 5677 1920 5735 Threi-

1479 5068 1495 5142 ξ
1536 5068 1637 5123 lsa.
1673 5086 1798 5134 va,
1832 5073 1888 5141 2,
1922 5087 1970 5127 et
2005 5076 2159 5131 Rom.
2190 5094 2243 5142 χ,
2275 5077 2364 5130 2|.

1920 5146 1938 5174 ⁷
1972 5146 1991 5200 ι
2031 5147 2223 5201 Thess.
2286 5165 2350 5210 v,
2402 5150 2486 5204 l6.

2049 4511 2147 4565 lios
2183 4513 2317 4579 ejus.
2357 4532 2376 4565 ι
2410 4515 2473 4569 Et
2513 4518 2660 4572 venit
2690 4559 2704 4584 ,
2740 4519 2917 4589 inquit
2967 4520 3010 4550 ¹³
3042 4560 3056 4585 ,
3107 4522 3290 4573 Aaron
3346 4530 3401 4575 et
3434 4536 3627 4575 omnes

2046 4602 2351 4672 presbyteri
2385 4605 2449 4660 de
2474 4605 2637 4660 lsrael
2692 4610 3023 4662 manducare
3057 4625 3251 4677 panem
3283 4624 3403 4663 cum
3433 4624 3628 4663 socero

2044 4693 2211 4765 Moysi
2254 4696 2307 4750 itt
2342 4709 2635 4768 conspectu
2670 4700 2784 4753 Dei.
2819 4721 2837 4753 ι
2877 4700 2991 4754 Non
3026 4716 3216 4756 omnes
3249 4716 3439 4768 panem
3471 4716 3626 4752 man-

2043 4790 2245 4844 ducant
2272 4791 2323 4845 itt
2363 4802 2659 4862 conspectu
2691 4792 2827 4861 Dei,
2862 4795 2954 4848 sed
2999 4794 3090 4863 qui
3119 4790 3427 4863 presbyteri
3463 4799 3621 4853 sunt,

2042 4882 2132 4952 qui
2168 4885 2433 4951 seniores,
2463 4886 2555 4954 qui
2593 4885 2819 4955 perfecti
2856 4894 2981 4939 sunt
3008 4927 3022 4953 ,
3056 4896 3109 4941 et
3143 4885 3353 4938 meritis
3384 4882 3623 4955 probati,

2973 5076 2993 5106 ³
3030 5075 3043 5129 Ι
3076 5074 3217 5128 Tim.
3257 5088 3317 5125 tt.
3396 5075 3412 5103 '
3450 5070 3617 5127 llebt'.

2443 5081 2462 5108 '
2500 5077 2641 5132 Psal.
2683 5093 2807 5142 CXL,
2841 5074 2893 5129 ‘2.
2973 5076 2993 5106 ³
3030 5075 3043 5129 Ι
3076 5074 3217 5128 Tim.
3257 5088 3317 5125 ll.
3396 5075 3412 5103 '
3450 5074 3616 5127 llebt'.

2443 5152 2486 5199 li.
2601 5150 2622 5180 ⁸
2654 5147 2811 5199 Νιιιιι.
2840 5162 2974 5199 χχιι.
3012 5147 3064 5199 εί.
3175 5146 3195 5176 ⁹
3219 5143 3430 5199 Coloss.
3458 5159 3529 5199 tv.
3555 5144 3616 5198 2.

2601 5150 2622 5180 ⁸
2654 5147 2811 5202 Νιιιιι.
2840 5162 2974 5207 χχιι,
3012 5147 3064 5199 εί.

2028 5219 2068 5248 ¹³
2094 5219 2155 5272 lll
2192 5218 2325 5292 Reg.
2354 5235 2413 5273 ιι.
2528 5220 2572 5253 ³³
2599 5219 2770 5273 Exod.
2807 5232 2928 5281 xm,
2961 5217 3046 5272 12.

2041 5355 2206 5392 meum
2234 5339 2416 5392 uxoris
2448 5336 2561 5405 ejus
2601 5352 2855 5389 sororem.
2909 5337 3013 5389 Aut
3065 5334 3354 5403 Origenes,
3387 5342 3477 5386 aut
3530 5332 3613 5388 in-

2039 5408 2393 5479 terprescjns
2430 5407 2659 5479 liulinus
2693 5407 2802 5479 hoc
2826 5406 2942 5479 loco
2998 5405 3257 5479 memoria
3296 5405 3479 5479 lapsus
3507 5414 3613 5479 est.

2036 5473 2151 5533 Non
2184 5478 2330 5531 ettim
2364 5476 2671 5541 lerohoam,
2711 5477 2805 5531 sed
2854 5478 2997 5530 Ader
3032 5476 3243 5539 accepit
3290 5473 3358 5544 ab
3394 5473 3615 5544 Aﬂgypti

2033 5563 2162 5674 {Ege
2198 5563 2427 5605 uxorem
2467 5545 2810 5604 'l‘ltccimemc
2836 5563 3099 5604 sororem.
3139 5543 3270 5604 Vide
3298 5542 3359 5600 lll
3392 5542 3612 5616 Reg)”,
