4106 6246
530 243 634 298 379

1969 232 2290 288 ()lilGENlS

3673 242 3793 298 380

525 358 625 426 ipsi
670 357 995 411 manzlucaut
1028 370 1220 425 panem
1262 354 1311 407 iu
1341 362 1633 420 conspectu
1675 353 1768 407 Dei
1796 391 1812 417 ,
1866 351 1955 420 qui
2000 349 2097 403 ob-
2131 355 2169 407 Α
2205 351 2432 418 genarii,
2460 352 2681 420 prmsint
2714 352 3011 409 minoribus
3029 353 3269 423 judieiis,
3302 368 3421 423 qu-e.
3447 358 3513 408 ad
3538 358 3794 427 singulos

525 456 747 501 servant
782 447 911 501 illttd
941 447 1085 515 quod
1116 445 1410 513 Apostolus
1440 445 1570 499 dicit
1603 446 1645 475 ι’
1678 461 1694 504 ;
1734 464 1751 495 ι
1795 444 1923 497 Sive
1955 457 2103 494 man-

525 540 761 602 ducatis,
794 540 909 593 sive
936 539 1137 601 bibitis,
1164 539 1280 592 sive
1331 537 1479 591 aliud
1510 538 1642 607 quid
1684 537 1888 603 facitis,
1917 535 2099 588 omnia

524 632 591 683 ad
639 632 867 700 gloriam
909 630 998 683 Dei
1052 628 1238 683 facite.
1273 648 1291 680 ›
1330 628 1524 683 Omnia
1577 643 1706 697 ergo
1739 643 1858 696 quae
1893 627 2102 681 faciunt

526 723 728 786 sancti,
764 723 817 774 in
869 730 1162 790 conspectu
1212 721 1302 775 Dei
1339 721 1562 775 faciunt.
1612 720 1872 775 Peccator
1918 730 2098 773 autem

522 827 552 863 a
608 820 906 880 conspectu
958 811 1047 865 Dei
1106 810 1261 879 fugit.
1324 811 1565 880 Denique
1633 811 1895 879 scriptum
1961 820 2047 865 est
2084 850 2098 870 .

521 900 645 964 quia
678 899 874 964 Adam,
908 910 1195 969 postquam
1229 899 1517 967 peccavit,
1550 897 1684 969 fugit
1716 914 1746 951 a
1802 906 2098 966 conspectu

523 988 641 1052 Dei,
673 997 728 1041 ct
776 988 1149 1056 interrogatus
1193 987 1468 1057 respondit
1502 988 1579 1044 ":
1637 1007 1656 1042 ι
1692 990 1883 1045 Audivi
1914 1004 2096 1044 vocem

521 1088 691 1143 tuam,
717 1088 770 1133 et
806 1079 1061 1134 abscondi
1098 1094 1182 1135 rue
1214 1081 1339 1148 quia
1377 1096 1526 1136 eram
1583 1082 1780 1137 nudus.
1838 1100 1857 1133 ι
1913 1080 2018 1137 Sed
2043 1092 2099 1137 et

517 1170 654 1223 (Zaiu
684 1180 969 1240 postquam
1008 1187 1107 1240 pro
1158 1172 1465 1228 fratricidio
1498 1172 1611 1243 (70)
1646 1173 2035 1228 eundemuatus
2064 1188 2095 1227 a

523 1257 631 1311 Deo
657 1266 762 1321 est,
806 1277 823 1309 ι
859 1259 1015 1325 exiit,
1044 1261 1219 1329 inquit
1248 1263 1314 1327 ⁸⁷,
1350 1277 1379 1315 a
1417 1259 1554 1316 facie
1592 1261 1714 1327 Dei,
1746 1272 1801 1316 et
1831 1261 2096 1315 habitavit

520 1350 572 1402 iu
604 1358 744 1403 terra
771 1348 927 1405 Naid.
966 1370 982 1403 ι
1020 1353 1168 1407 Exiit
1197 1369 1325 1423 ergo
1352 1369 1379 1406 a
1410 1354 1547 1408 facie
1580 1353 1694 1415 Dei,
1725 1354 1815 1421 qui
1843 1353 2095 1423 indignus

516 1452 599 1497 est
623 1453 916 1511 conspectu
951 1444 1064 1499 Dei.
1100 1446 1293 1500 Sancti
1322 1458 1504 1501 autem
1543 1447 1872 1502 manducant
1924 1456 1979 1501 et
2013 1447 2094 1501 bi-

516 1532 651 1586 bunt
679 1534 731 1586 in
765 1544 1062 1605 conspectu
1113 1536 1206 1591 Dei
1235 1578 1251 1600 ,
1302 1546 1357 1591 ct
1407 1539 1587 1591 omnia
1617 1553 1738 1608 qua:
1784 1547 1993 1607 agunt,
2038 1538 2091 1591 in

514 1634 805 1693 conspectu
866 1625 983 1693 ejus
1041 1636 1230 1695 agunt.
1285 1627 1397 1696 Ego
1438 1628 1670 1697 amplius
1711 1628 1886 1682 adhuc
1914 1629 2090 1683 locum

2202 458 2445 512 quosque
2492 445 2767 513 pertinent
2820 445 3156 501 dirimentes.
3218 446 3353 500 Puto
3397 457 3577 500 autem
3636 451 3795 503 hanc

2206 532 2376 599 ipsam
2404 536 2630 602 figuram
2664 550 2769 588 non
2798 535 2971 588 solum
3003 534 3057 587 in
3088 537 3337 603 praesenti
3370 538 3569 591 saeculo
3596 537 3795 593 Eccle-

2202 624 2297 677 sia:
2328 626 2530 688 datam,
2558 639 2748 677 verum
2783 625 2945 679 etiam
2978 627 3028 679 iii
3056 626 3241 679 futuro
3264 629 3606 681 servandam.
3637 632 3788 685 Audi

2202 714 2434 783 denique
2474 714 2604 783 quid
2651 714 2913 770 Dominus
2948 716 3087 770 dicat
3118 717 3169 770 in
3214 716 3505 785 Evangelia
3537 736 3551 772 :
3595 736 3615 770 ι
3642 720 3790 791 Qun

2200 807 2428 872 sederit,
2485 808 2660 878 inquit
2711 810 2779 872 “,
2813 808 2987 864 Filius
3040 810 3276 863 hominis
3324 824 3486 877 super
3524 810 3786 866 thronum

2202 898 2388 969 gloria:
2418 914 2564 965 suae,
2598 899 2862 955 sedebitis
2887 910 2938 954 et
2965 915 3063 955 vos
3097 915 3257 969 super
3301 900 3581 954 duodecim
3625 902 3783 957 thro-

2202 1005 2319 1054 nos,
2371 991 2683 1061 judicantes
2736 992 3022 1046 duodecim
3076 992 3251 1045 tribus
3314 990 3499 1045 Israel.
3538 1009 3557 1042 ι
3613 990 3789 1047 Vides

2201 1095 2332 1150 ergo
2367 1081 2493 1150 quia
2542 1097 2647 1136 non
2697 1082 2874 1136 solum
2909 1080 3169 1135 Dominus
3219 1078 3465 1148 judicat,
3498 1081 3583 1133 cui
3614 1096 3789 1135 omne

2195 1170 2454 1239 judicium
2491 1169 2654 1225 Pater
2686 1170 2855 1234 dedit,
2880 1169 2975 1224 sed
3012 1179 3066 1223 et
3096 1168 3383 1223 constituit
3418 1167 3517 1220 sibi
3544 1177 3599 1221 et
3638 1168 3784 1223 alios

2199 1261 2472 1331 principes
2506 1262 2596 1331 qui
2624 1262 2869 1332 judicent
2911 1260 3165 1331 populum
3211 1259 3276 1313 de
3304 1259 3603 1313 minoribus
3644 1275 3781 1314 cau-

2198 1355 2273 1409 sis
2294 1354 2431 1424 (72),
2463 1355 2686 1408 verbum
2717 1362 2901 1408 autem
2927 1353 3069 1421 quod
3099 1352 3318 1422 gravius
3347 1350 3509 1404 fuerit
3537 1352 3778 1406 referant

2199 1447 2265 1503 ad
2299 1449 2497 1517 ipsum.
2544 1446 2758 1501 Idcirco
2800 1446 3011 1499 dicebat
3045 1454 3099 1498 et
3148 1446 3410 1498 Dominus
3440 1445 3505 1498 de
3538 1446 3773 1513 quodam

2197 1541 2437 1610 quidem,
2481 1538 2606 1609 quia
2666 1556 2683 1589 ι
2715 1552 2839 1593 reus
2876 1538 2980 1591 erit
3008 1536 3287 1596 consilio»
3313 1537 3379 1591 de
3421 1536 3528 1590 alio
3566 1548 3769 1605 autem,

2204 1649 2221 1683 ι
2262 1647 2387 1686 reus
2421 1632 2528 1685 erit
2560 1628 2767 1700 judicio
2788 1668 2803 1693 ,
2832 1647 2849 1681 ι
2885 1638 2941 1682 et
2971 1629 3035 1682 de
3073 1627 3202 1691 alio,
3242 1644 3260 1676 ι
3288 1641 3410 1680 rcus
3436 1627 3543 1680 erit
3568 1628 3760 1695 gehen-

514 1727 835 1782 przrsentem
870 1718 1169 1773 discutiens
1198 1760 1213 1785 ,
1266 1720 1425 1773 video
1474 1720 1599 1787 quia
1652 1719 1741 1787 qui
1796 1719 2092 1788 pleniorem
2124 1710 2165 1764 Β
2198 1741 2278 1779 me
2314 1726 2452 1795 ignis
2475 1725 2540 1779 ¹².
2578 1741 2595 1773 ι
2634 1722 2738 1779 Sed
2771 1722 2913 1776 etde
2951 1719 3098 1774 omni
3130 1718 3294 1771 verbo
3325 1718 3501 1773 otioso
3544 1720 3762 1773 dicimur

514 1808 801 1862 scientiam
846 1810 941 1864 Dei
996 1812 1276 1880 accipiunt
1323 1820 1377 1865 ct
1419 1811 1633 1879 plenius
1666 1811 1863 1867 divinis
1898 1812 2089 1866 imbuti

512 1908 641 1951 sunt
672 1899 998 1969 disciplinis,
1030 1901 1120 1955 isti
1152 1902 1315 1956 etiam
1347 1902 1391 1957 si
1425 1902 1625 1955 malum
1652 1902 1879 1968 faciunt,
1904 1918 2090 1958 coram

516 1989 622 2042 Deo
653 1989 886 2055 faciunt,
917 2002 970 2045 et
1007 1992 1057 2044 in
1093 2002 1391 2062 conspectu
1425 1992 1541 2061 ejus
1575 1993 1798 2057 faciunt,
1832 1995 1971 2049 sicut
2001 1994 2092 2050 ille

511 2080 650 2133 dixit
677 2080 717 2111 ’⁸
750 2098 764 2135 :
803 2097 822 2132 ι
875 2080 995 2136 Tibi
1043 2081 1141 2136 soli
1194 2083 1442 2151 peccavi,
1475 2091 1529 2138 et
1584 2085 1785 2138 malum
1817 2099 2002 2139 coram
2040 2095 2093 2139 te

510 2168 634 2223 feci.
679 2188 697 2220 ι
730 2170 870 2237 Quid
900 2186 1032 2241 ergo
1080 2171 1200 2241 plus
1224 2173 1387 2228 habet
1411 2174 1504 2243 qui
1535 2174 1735 2228 malum
1766 2190 1949 2229 coram
1983 2176 2091 2230 Deo

508 2262 675 2316 facit?
705 2261 837 2315 lllml
871 2261 1115 2330 profecto
1149 2264 1291 2331 quod
1339 2265 1599 2318 continuo
1640 2266 1887 2334 pinuitet,
1921 2277 1975 2320 et
2007 2267 2091 2319 di-

508 2356 585 2408 cit
613 2355 696 2405 ’σε
737 2373 755 2405 ι
792 2353 1043 2410 Peccavi.
1080 2373 1097 2405 ι
1138 2354 1238 2421 Qui
1270 2366 1448 2409 autem
1480 2356 1708 2411 discedit
1736 2373 1764 2410 a
1798 2366 2089 2427 conspectu

513 2446 631 2511 Dei,
681 2445 860 2499 nescit
909 2447 1177 2510 converti,
1215 2455 1268 2501 et
1302 2456 1583 2516 peccatum
1620 2448 1933 2517 pmnitendo
1964 2466 2092 2519 pur-

509 2551 655 2603 gare.
686 2536 795 2591 lloc
824 2550 954 2607 ergo
990 2537 1249 2603 interest,
1290 2537 1489 2590 malum
1518 2553 1701 2592 coram
1742 2537 1852 2593 Deo
1885 2539 2084 2607 facere,

511 2638 562 2681 et
592 2643 621 2681 a
663 2627 755 2682 Dei
795 2640 1083 2698 cou3pectu
1119 2647 1223 2683 non
1254 2632 1573 2687 discessisse
1601 2642 1942 2702 peccantem.

577 2721 630 2773 6.
675 2719 781 2775 Sed
812 2729 869 2774 ut
900 2721 1054 2775 video
1100 2720 1287 2777 Jethro
1334 2739 1438 2777 non
1484 2722 1686 2779 frustra
1719 2726 1868 2780 venit
1928 2727 2082 2797 17],

507 2811 573 2864 ad
630 2811 870 2883 Moysen,
925 2828 1025 2869 nec
1072 2814 1271 2868 frustra
1328 2818 1679 2873 manducavit
1725 2834 1920 2887 panem
1963 2833 2086 2874 cum

508 2905 819 2960 senioribus
848 2907 1029 2975 populi
1078 2907 1128 2961 in
1170 2919 1466 2979 conspectu
1522 2911 1758 2965 Domini.
1810 2912 1909 2966 Dat
1940 2913 2085 2966 enim

508 2994 795 3048 consilium
846 2995 1013 3065 Moysi
1054 2997 1335 3064 probabile
1367 2998 1502 3053 satis
1534 3010 1586 3054 et
1619 3001 1784 3067 utile,
1836 3009 1894 3055 ut
1924 3002 2085 3069 eligat

509 3082 676 3147 viros,
717 3096 770 3139 et
815 3089 1110 3143 cnnstitnat
1142 3089 1417 3159 principes
1450 3089 1673 3159 populi,
1722 3090 1872 3144 viros
1919 3092 2084 3146 Deum

506 3171 744 3228 colentes
771 3213 787 3237 ,
839 3175 986 3230 viros
1017 3187 1269 3245 potentes
1294 3220 1309 3243 ,
1346 3188 1401 3234 et
1445 3179 1698 3234 odientes
1742 3180 2082 3248 superbiam.

507 3263 667 3320 Tales
699 3266 841 3320 enim
874 3278 1092 3337 oportet
1120 3284 1244 3325 esse
1281 3271 1555 3340 principes
1586 3269 1794 3339 populi,
1837 3272 1930 3341 qui
1979 3288 2084 3327 non

507 3353 679 3407 solum
714 3356 932 3424 superbi
974 3372 1077 3412 non
1120 3359 1263 3425 sint,
1297 3359 1392 3414 sed
1436 3369 1485 3414 et
1521 3361 1611 3429 qui
1643 3361 1860 3414 oderint
1888 3376 2084 3431 snper-

506 3446 678 3509 biam,
720 3447 771 3500 id
820 3458 903 3502 est
969 3459 1027 3503 ut
1069 3465 1174 3504 non
1210 3450 1383 3505 solum
1417 3451 1517 3521 ipsi
1552 3452 1757 3517 absmie
1786 3454 1918 3509 vitio
1954 3456 2083 3519 sint,

509 3539 602 3590 sed
643 3549 696 3593 et
737 3542 789 3595 in
841 3542 964 3596 aliis
1021 3543 1238 3597 oderint
1291 3545 1443 3599 vitia.
1498 3542 1612 3599 Non
1664 3545 1912 3601 homines
1963 3547 2086 3603 dico

506 3630 706 3695 odisse,
761 3634 855 3687 sed
918 3634 1089 3687 vitia:
1124 3634 1233 3689 «Et
1279 3635 1582 3701 ordinabis,
1638 3636 1816 3706 inquit
1870 3636 1937 3705 ὀ,
1989 3654 2085 3694 eos

508 3721 793 3785 tribunos,
826 3734 877 3777 et
915 3726 1269 3787 centuriones
1296 3765 1311 3791 ,
1361 3734 1416 3780 et
1462 3727 1982 3799 quinquagenarios,
2033 3740 2085 3786 et

509 3816 765 3891 decanos,
797 3825 848 3869 et
876 3816 1200 3887 jndirabuut
1239 3818 1497 3889 populum
1543 3822 1689 3874 omni
1734 3821 1886 3875 hora.
1946 3821 2083 3878 Ver-

509 3908 633 3959 bum
680 3917 862 3961 autem
914 3909 1056 3978 quod
1094 3910 1319 3979 gravius
1363 3909 1525 3965 fuerit
1569 3912 1804 3969 referent
1853 3914 1918 3967 ad
1952 3922 2020 3967 te.
2062 3932 2079 3966 ι

508 4000 743 4053 Audiant
772 3998 1044 4069 principes
1075 4000 1253 4068 populi
1288 4009 1343 4054 et
1393 4000 1695 4071 presbyteri
1739 4003 1928 4072 plebis,
1957 4006 2083 4073 quia

506 4090 708 4143 debent
766 4089 912 4145 omni
966 4090 1098 4144 hora
1150 4090 1406 4160 populum
1442 4091 1724 4160 judicare,
1774 4108 1990 4163 semper
2030 4104 2086 4150 et

506 4180 625 4232 sine
656 4180 1061 4235 intermissione
1091 4181 1282 4236 sedere
1308 4182 1361 4236 in
1382 4182 1612 4253 judicio,
1653 4183 1912 4239 dirimere
1942 4184 2080 4253 lites,

508 4271 862 4326 reconciliare
886 4272 1233 4335 dissidentes,
1263 4274 1315 4328 in
1342 4274 1572 4346 gratiam
1599 4291 1853 4332 revocare
1878 4276 2085 4331 discor-

2194 1817 2495 1888 przestaturi
2526 1816 2789 1871 rationem
2816 1856 2830 1879 ,
2860 1824 2915 1869 et
2948 1828 3055 1867 non
3087 1812 3223 1865 dixit
3251 1811 3378 1879 quia
3411 1810 3518 1863 Deo
3548 1821 3755 1880 pra’sta-

2194 1907 2370 1961 bimus
2407 1906 2698 1971 rationem,
2728 1904 2873 1959 sicut
2919 1903 2984 1956 de
3016 1900 3257 1970 perjurio
3292 1900 3423 1953 dicit
3451 1899 3496 1931 ”
3527 1919 3539 1952 :
3582 1919 3599 1951 ι
3630 1899 3757 1954 Red-

2193 1999 2291 2053 dcs
2350 2008 2531 2051 autem
2584 1995 2810 2049 Domino
2864 1991 3176 2062 iuramenta
3239 1999 3349 2043 tua.
3382 1988 3663 2043 r‘Verum
3719 2002 3767 2045 ct

2199 2108 2217 2141 ι
2247 2089 2430 2159 regina
2474 2086 2650 2141 austri
2687 2095 2872 2155 surget
2909 2085 2961 2138 in
2992 2082 3198 2151 judicio
3225 2096 3349 2135 cum
3381 2080 3509 2133 viris
3545 2095 3768 2149 genera-

2196 2183 2359 2237 tionis
2390 2181 2574 2251 hujus,
2605 2188 2658 2233 et
2688 2174 3077 2233 condemnabit
3115 2190 3210 2229 eos
3235 2174 3297 2226 ".
3328 2193 3346 2225 ι
3376 2174 3510 2228 Ecce
3544 2183 3594 2225 et
3625 2173 3767 2226 aliud

2184 2272 2373 2339 judicii
2402 2286 2595 2340 genus.
2620 2268 2751 2335 «Qui
2780 2267 2941 2321 habet
2969 2280 3128 2318 aures
3156 2264 3406 2317 audiendi
3430 2263 3617 2317 audiat
3664 2262 3763 2319 ³⁸⁵.»

2192 2363 2319 2417 ιιωε
2357 2363 2502 2417 enim
2526 2361 2713 2415 omnia
2744 2368 2902 2428 typus
2950 2367 3005 2410 et
3045 2357 3233 2410 umbra
3275 2364 3396 2408 sunt
3441 2354 3767 2420 cmlestium,

2190 2464 2243 2512 et
2284 2454 2464 2521 imago
2501 2450 2825 2505 futurorum.
2888 2446 3084 2503 Verum
3128 2447 3270 2500 sicut
3323 2446 3585 2514 scriptum
3640 2446 3769 2514 legi-

2194 2564 2311 2605 mus
2368 2549 2436 2615 ",
2493 2547 2621 2618 quia
2674 2564 2692 2597 ι
2726 2561 2832 2599 non
2884 2543 3120 2598 satiatur
3165 2540 3353 2596 oculus
3385 2543 3615 2596 videndo
3668 2557 3770 2596 nec

2192 2642 2339 2697 auris
2386 2640 2657 2693 audiendo
2689 2636 2823 2709 (7'5),
2855 2656 2873 2688 ι
2933 2652 3030 2691 nec
3088 2650 3186 2690 nos
3244 2634 3431 2688 satiari
3480 2648 3766 2701 possumus

2191 2733 2450 2788 intuendo
2497 2740 2552 2786 et
2594 2728 2989 2785 considerando
3030 2742 3150 2797 qua:
3195 2725 3397 2793 scripta
3442 2732 3601 2787 sunt,
3637 2732 3772 2791 quot

2190 2841 2255 2880 ex
2286 2825 2534 2894 partibus
2579 2837 2678 2877 nos
2724 2821 3029 2884 mdilicent,
3085 2819 3303 2889 quantis
3354 2832 3453 2872 nos
3492 2818 3772 2871 instruant

2190 2916 2384 2970 modis.
2434 2913 2645 2969 Etenim
2688 2926 2812 2966 cum
2854 2910 3120 2979 perSpicio
3176 2908 3317 2977 quod
3365 2907 3577 2976 Moyses
3636 2923 3767 2976 pru-

2113 3043 2156 3101 C
2192 3008 2351 3075 pheta
2396 3006 2507 3060 Deo
2551 3004 2765 3074 plenus,
2798 3003 2883 3057 cui
2920 3002 3059 3054 Deus
3087 2999 3226 3054 facie
3256 3001 3321 3053 ad
3349 2997 3769 3101 faciem-loque-

2192 3096 2371 3161 batur,
2401 3096 2687 3149 consilium
2722 3092 2931 3161 accepit
2950 3106 2977 3144 a
3002 3089 3193 3145 Jethro
3221 3090 3504 3144 sacerdote
3529 3088 3769 3154 Madion,

2189 3185 2548 3239 admiratione
2583 3182 2748 3236 nimia
2776 3190 3053 3250 stuporem
3084 3179 3286 3233 mentis
3334 3178 3572 3232 incurro.
3623 3175 3773 3232 Dicit

2188 3276 2331 3329 enim
2381 3272 2661 3342 Scriptura
2719 3272 2808 3323 ‘7:
2860 3288 2877 3320 ι
2911 3270 2978 3323 Ει
3037 3269 3241 3323 audivit
3303 3268 3511 3339 Moyses
3578 3282 3771 3322 vocem

2188 3366 2363 3422 soceri
2393 3366 2500 3430 sui,
2533 3374 2587 3419 et
2618 3363 2751 3419 fecit
2781 3376 3119 3432 quzecunque
3150 3361 3283 3416 dixit
3310 3362 3380 3416 ei.
3420 3380 3437 3411 ι
3487 3358 3601 3415 Non
3632 3362 3772 3416 dixit

2190 3458 2312 3531 quia
2348 3458 2477 3513 mihi
2516 3456 2657 3512 Deus
2703 3454 2974 3523 loquitur,
3027 3464 3082 3507 et
3114 3453 3247 3522 quid
3292 3467 3452 3522 agere
3497 3454 3763 3517 debeam,

2187 3550 2398 3608 cmlestl
2432 3550 2496 3603 ad
2527 3562 2612 3602 me
2640 3562 2893 3602 sermone
2920 3545 3182 3613 defertur,
3210 3553 3265 3599 et
3295 3545 3563 3613 quomodo
3588 3547 3769 3601 consi-

2190 3644 2319 3697 lium
2369 3642 2437 3697 ah
2483 3640 2705 3695 homine
2736 3638 3021 3705 accipiam,
3079 3646 3132 3691 et
3182 3636 3250 3690 ah
3297 3637 3514 3692 homine
3557 3636 3766 3707 gentili.

2189 3731 2365 3786 alieno
2392 3746 2420 3783 a
2447 3729 2644 3799 papulo
2676 3726 2816 3781 Dei?
2852 3726 2958 3780 Sed
2987 3726 3136 3779 audit
3164 3740 3350 3779 vocem
3385 3724 3520 3793 ejus,
3552 3737 3605 3781 et
3639 3726 3768 3781 facit

2186 3823 2369 3879 oumia
2401 3838 2522 3892 qua:
2552 3821 2710 3885 dicit,
2743 3828 2797 3875 et
2820 3834 2928 3873 non
2966 3818 3088 3886 quis
3110 3817 3297 3883 dicat,
3326 3818 3419 3871 sed
3449 3818 3575 3885 quid
3600 3817 3764 3882 dicat,

2188 3913 2480 3969 auscultat.
2512 3911 2667 3967 Unde
2694 3920 2753 3966 et
2783 3924 2882 3964 nos
2906 3911 2949 3962 si
2983 3908 3124 3963 forte
3150 3908 3439 3978 aliquando
3464 3908 3768 3963 invenimus

2188 4005 2392 4074 aliquid
2423 4002 2704 4073 sapienter
2735 4017 2764 4054 ει
2790 4000 3086 4071 gentilibus
3114 4000 3341 4064 dictum,
3367 4015 3473 4053 non
3506 4000 3768 4054 continuo

2187 4112 2311 4149 cum
2355 4092 2595 4147 auctoris
2645 4093 2862 4146 nomine
2916 4104 3177 4159 spernere
3208 4091 3470 4144 debemus
3510 4100 3563 4143 et
3600 4091 3765 4155 dicta,

2187 4202 2287 4240 nec
2315 4200 2412 4254 pro
2437 4200 2501 4239 eo
2532 4184 2676 4252 quod
2706 4183 2877 4252 legem
2915 4197 2943 4235 a
2992 4180 3100 4236 Deo
3132 4181 3308 4234 datam
3337 4190 3604 4248 tenemus,
3632 4196 3764 4234 cou-

2186 4279 2335 4332 venit
2366 4291 2463 4331 nos
2494 4287 2699 4330 tumere
2727 4274 3003 4344 superbia,
3050 4283 3105 4327 et
3128 4287 3388 4341 spernere
3422 4273 3587 4325 verba
3640 4287 3764 4339 pru-

504 4362 598 4414 ιιι-ε
630 4361 764 4432 (7|).
798 4364 981 4419 Discat
1026 4364 1399 4437 nuuSQuisqne
1438 4382 1506 4422 ex
1537 4367 1833 4437 Scripturis
1874 4371 2082 4425 sanctis
2113 4385 2158 4445 ι)
2189 4370 2429 4425 dentium
2452 4408 2466 4434 ,
2524 4369 2617 4424 sed
2666 4369 2808 4422 sicut
2856 4363 3146 4436 Apostolus
3202 4364 3335 4417 dicit
3392 4364 3435 4394 “
3465 4382 3481 4418 :
3516 4381 3535 4414 ι
3570 4362 3763 4417 Omnia

503 4452 737 4505 ndicium
769 4470 951 4509 suum.
990 4456 1227 4526 Moyses,
1260 4460 1457 4528 inquit,
1485 4470 1541 4513 nt
1569 4462 1639 4515 sit
1670 4460 1722 4514 in
1752 4461 1835 4514 his
1865 4476 1987 4531 qua:
2013 4464 2078 4518 ad

508 4542 671 4595 Deum
706 4556 854 4612 sunt,
886 4556 941 4602 et
973 4550 1199 4602 verbum
1232 4551 1322 4604 Dei
1366 4552 1641 4605 edisserat
1690 4552 1906 4621 populo.
1963 4554 2081 4610 Ca?-

505 4632 603 4685 teri
634 4642 813 4687 autem
864 4635 1142 4705 principes
1172 4652 1309 4705 quos
1357 4638 1631 4706 appellant
1666 4640 1912 4695 tribunos
1946 4641 2077 4714 (tri-

504 4724 629 4777 huni
676 4726 819 4779 enim
852 4742 917 4779 ex
970 4742 1036 4779 eo
1071 4725 1349 4790 dicuntur,
1397 4729 1540 4797 quod
1588 4731 1750 4785 tribui
1798 4734 2077 4807 pra-sint),

502 4816 683 4872 exteri
723 4832 855 4891 ergo
899 4818 1123 4885 tribuni,
1154 4818 1239 4875 vel
1270 4820 1649 4887 centuriones,
1682 4822 1765 4876 vel
1815 4827 2080 4899 quinqua-

577 5012 619 5043 ’⁸
651 5008 666 5062 1
704 5009 826 5064 Cor.
876 5028 931 5073 κ,
974 5013 1064 5065 51.
1182 5012 1224 5043 ⁸⁸
1258 5011 1392 5066 Gen.
1433 5027 1514 5076 ιιι,
1558 5013 1643 5068 10.

503 5097 648 5141 xviii,
684 5081 745 5132 ‘21
827 5083 869 5115 "
904 5083 1089 5135 Matth.
1134 5098 1249 5143 χιχ,
1280 5082 1371 5136 ‘28.

499 5152 544 5181 ἐ
598 5152 774 5204 Ευειο.
821 5154 963 5217 ι,8.
1038 5154 1081 5185 ³⁷
1140 5153 1308 5207 Exod.
1367 5167 1531 5217 xviii,

1472 5086 1516 5115 ³³
1545 5084 1735 5137 Matth.
1772 5101 1800 5134 v
1868 5089 1957 5140 ‘22.

1586 5155 1678 5207 21.

534 5298 683 5380 ,(70)
736 5300 911 5366 Alias,
942 5319 962 5352 ι
1021 5300 1337 5370 parricidio.
1400 5322 1418 5354 ι
1459 5302 1562 5358 Sed
1613 5318 1769 5367 mss.,
1828 5323 1845 5357 ι
1892 5304 2082 5361 {ratri-

498 5384 661 5422 (Ὶιλιι).
700 5389 718 5420 ι

573 5441 667 5503 (71
695 5441 713 5507 )
747 5442 914 5519 {\lias,
956 5460 971 5491 ι
1002 5442 1053 5495 in
1084 5443 1256 5509 gratia
1293 5444 1581 5499 recordare
1614 5443 1918 5500 discordes.
1951 5464 1969 5492 ι
2013 5448 2082 5500 At

504 5523 631 5561 Ιηὸἢ.
666 5524 715 5561 111
750 5528 800 5563 111
833 5522 1020 5565 IlU‘iU‘O
1059 5523 1226 5564 ltEXlll.

575 5580 689 5639 472)
735 5598 752 5630 ι
796 5582 946 5634 Alios
986 5584 1258 5649 principes
1310 5582 1397 5648 qui
1445 5583 1686 5649 judicent
1729 5583 1982 5651 populum
2018 5586 2083 5637 tle

508 5650 810 5705 minoribus
872 5654 1125 5706 causis.»
1203 5653 1454 5707 (Iuvcnda
1512 5653 1625 5709 haec
1685 5650 1831 5707 recte
1901 5664 2082 5709 monet

1760 5016 1801 5046 ¹⁷
1837 5016 2033 5073 Cenes.
2075 5039 2148 5083 iv,
2188 5018 2271 5071 ⁴16.
2386 5021 2390 5048 τ

1772 5101 1800 5134 ν
1868 5089 1957 5140 ‘2‘2.
2062 5093 2107 5121 "
2151 5092 2279 5145 iliitl.
2322 5090 2390 5145 55

2192 5106 2279 5144 ιΙιΙ.
2322 5106 2410 5144 00.

1775 5112 1796 5134 ν
1871 5112 1957 5140 zz.
2064 5112 2107 5121 ”’
2151 5112 2279 5146 111111.

1754 5156 1799 5187 ³⁸
1840 5157 1855 5210 l
1891 5157 2083 5215 Thess.
2115 5178 2162 5223 ι’,
2190 5161 2279 5215 2i.

2191 4463 2499 4532 probantes,
2528 4460 2671 4530 quod
2706 4461 2905 4515 bonum
2947 4465 3027 4512 est
3058 4465 3323 4513 tenentes.
3355 4479 3373 4512 ι
3409 4456 3545 4523 Quis
3583 4465 3764 4509 autem

2188 4555 2349 4609 hodie.
2374 4570 2562 4609 eorum
2602 4556 2691 4624 qui
2733 4554 2948 4625 populis
2988 4564 3227 4625 przesuut
3252 4593 3267 4618 ,
3299 4570 3401 4609 nou
3428 4553 3549 4606 dico
3577 4550 3622 4604 si
3648 4550 3762 4618 jam

2188 4651 2365 4719 aliqua
2396 4650 2445 4705 ei
2486 4668 2514 4704 a
2544 4650 2656 4705 Deo
2689 4649 2928 4705 revelata
2954 4657 3112 4713 sunt,
3160 4647 3252 4701 sed
3285 4646 3337 4699 iii
3372 4646 3503 4714 legis
3533 4644 3762 4698 scientia

2193 4746 2395 4814 aliquid
2441 4744 2621 4799 meriti
2656 4746 2855 4807 habet,
2884 4742 3172 4797 consilium
3201 4742 3455 4809 dignatur
3490 4736 3763 4791 inferioris

2192 4838 2395 4893 saltem.
2415 4837 2714 4893 sacerdotis
2748 4838 3043 4907 accipere?
3085 4837 3281 4891 nedum
3325 4833 3558 4887 dixerim
3597 4828 3761 4893 laici,

2386 5018 2427 5049 “‘
2458 5017 2684 5088 Psalon.
2724 5017 2778 5070 4.
2892 5016 2936 5046 ²⁹
2964 5014 3002 5068 11
3034 5014 3166 5088 lieg.
3198 5030 3295 5088 sit,
3331 5012 3414 5088 l5_.
3517 5014 3562 5043 ²⁰
3590 5009 3759 5088 Exod.

2519 5090 2565 5119 ⁸³
2618 5086 2810 5142 Matth.
2856 5100 2953 5150 xii,
2988 5086 3075 5139 62.
3116 5078 3141 5082 “
3178 5086 3221 5116 ’⁸
3252 5084 3445 5138 Matth.
3484 5099 3618 5144 xui,
3674 5078 3762 5130 45.

2184 5308 2591 5373 Genehrardns,
2622 5322 2741 5361 nam
2775 5304 2949 5360 sancti
2982 5303 3047 5357 de
3083 5303 3186 5355 hoc
3215 5298 3415 5353 mundo
3440 5292 3764 5367 judieabunt

2183 5379 2535 5449 approbando
2564 5391 2617 5433 et
2639 5377 2807 5447 judiei
2836 5374 3162 5449 assistendo.
3326 5437 3335 5447 .

2256 5440 2367 5519 (75)
2397 5449 2567 5511 Alias,
2616 5440 2805 5502 (sicut
2835 5446 3091 5519 scripturn
3120 5450 3220 5503 est,
3247 5440 3373 5519 quia
3403 5450 3506 5487 non
3534 5440 3756 5519 satiatiu

2183 5510 2373 5571 oculus
2423 5510 2561 5580 visu,
2626 5536 2725 5576 nee
2778 5510 3223 5577 auris’auditun
3278 5510 3373 5562 sed
3431 5521 3561 5561 mss.
3608 5511 3665 5555 ut
3706 5514 3760 5555 tu

2184 5599 2367 5645 nostro
2399 5596 2546 5643 textu
