4106 6246
380 277 481 335 581

1583 270 1649 325 ΙΝ
1682 266 1969 325 EXODUM
2009 258 2291 324 IIOMlLlA
2324 269 2441 324 XII.
2772 271 2796 291 ⁹

3531 270 3635 327 582

382 392 470 446 vel
497 389 736 461 gentilis.
767 389 871 443 Sed
912 386 1122 459 Moyses
1150 387 1240 457 qui
1274 394 1394 443 erat
1430 387 1592 441 homo
1630 394 1951 440 mansuetus
1979 381 2025 437 A
2060 398 2077 428 ε
2109 380 2245 448 Quia
2281 394 2495 451 tempus
2537 384 2702 438 breve
2728 390 2833 447 est,
2865 392 3115 451 superest
3150 392 3205 438 ut
3228 391 3282 438 et
3310 382 3402 454 qui
3432 383 3638 441 habent

384 496 550 552 super
583 494 774 534 omnes
816 480 883 542 ",
919 479 1125 546 accepit
1159 477 1443 532 consilium
1478 476 1776 539 inferioris,
1809 486 1866 528 ut
1900 482 1955 528 et

385 575 615 629 formam
660 571 982 626 humilitatis
1026 570 1346 640 populormn
1390 568 1727 639 principibus
1781 568 1953 625 daret,

381 677 436 721 et
472 665 639 718 futuri
677 663 1004 717 sacramenti
1036 663 1350 731 designaret
1384 660 1699 729 imaginem.
1735 658 1956 713 Sciebat

381 757 529 812 enim
558 754 796 806 futurum
829 751 1175 820 quandoque,
1216 761 1276 806 ut
1313 751 1545 821 gentiles
1578 751 1778 805 bonum
1825 764 1957 804 con-

383 846 559 903 silium
590 842 896 912 proferrent
929 844 1069 910 apud
1096 843 1340 913 Moysen,
1372 852 1433 897 ut
1461 843 1659 897 bonum
1690 850 1746 896 et
1786 842 1953 910 spiri-

384 936 544 991 talem
581 930 917 988 intellectum
965 932 1225 987 all'errent
1252 934 1318 986 ad
1353 933 1523 1004 legem
1558 932 1692 998 Del;
1726 940 1780 986 et
1811 933 1952 987 scie—

381 1027 475 1085 bat
534 1026 662 1095 quia
714 1025 896 1080 audiet
930 1038 1022 1079 eos
1078 1023 1186 1087 lex,
1252 1034 1306 1079 et
1358 1024 1523 1079 faciet
1577 1026 1762 1078 omnia
1812 1024 1954 1078 sicut

382 1116 592 1171 dicunt.
647 1113 763 1170 Non
812 1113 955 1168 enim
1001 1122 1180 1183 potest
1222 1112 1401 1168 facere
1457 1113 1537 1168 lex
1588 1114 1727 1168 sicut
1782 1113 1949 1168 ,Ιιιιιωι

382 1206 594 1269 dicunt,
647 1204 770 1273 quia
824 1202 1239 1258 inlirmaturlex
1295 1204 1347 1257 in
1376 1219 1544 1258 carne
1566 1203 1638 1268 '°,
1690 1204 1742 1257 id
1774 1214 1857 1259 est
1900 1204 1952 1257 in

378 1296 586 1359 littera,
618 1304 672 1350 et
700 1293 832 1348 nihil
875 1305 1053 1363 potest
1107 1295 1406 1349 secundum
1452 1294 1684 1353 litteram
1725 1294 1950 1349 facere:

379 1384 515 1441 nihil
558 1385 700 1440 enim
749 1386 815 1437 ad
855 1384 1153 1452 perfectum
1184 1386 1403 1440 adducit
1428 1386 1516 1439 lex
1547 1385 1613 1439 ".
1642 1385 1953 1440 Secundum

378 1486 560 1531 autem
609 1476 901 1532 consilium
956 1477 1099 1546 quod
1157 1491 1261 1531 nos
1307 1474 1585 1530 aiferimus
1636 1477 1701 1528 ad
1762 1477 1953 1544 legem,

376 1575 609 1639 possunt
642 1568 827 1621 omnia
858 1567 1181 1636 spiritaliter
1211 1564 1350 1621 fieri.
1393 1566 1624 1621 Possunt
1656 1577 1711 1622 et
1743 1569 1955 1621 sacriﬁ-

376 1662 461 1714 cia
509 1659 835 1729 spiritaliter
871 1658 1084 1725 offerri,
1128 1674 1250 1728 qua:
1296 1662 1455 1714 modo
1507 1660 1797 1714 carnaliter
1848 1676 1951 1713 non

377 1758 627 1819 possunt.
690 1750 874 1802 Potest
918 1757 968 1803 et
1010 1750 1093 1804 lex
1142 1751 1301 1820 lepra:
1348 1749 1673 1819 spiritaliter
1719 1752 1948 1817 servari,

378 1854 504 1908 quae
536 1839 832 1893 secundum
882 1839 1119 1895 litteram
1151 1858 1256 1895 non
1294 1850 1485 1910 potest.
1524 1840 1615 1896 Sic
1644 1856 1774 1912 ergo
1817 1858 1953 1911 quo-

380 1932 542 1986 modo
584 1947 682 1986 nos
735 1932 1110 2004 intelligimus,
1154 1933 1422 2002 quomodo
1453 1948 1551 1988 nos
1579 1935 1866 1997 sentimus,
1900 1944 1955 1990 et

379 2024 669 2080 consilium
700 2027 910 2093 damus,
945 2024 1124 2079 omnia
1162 2024 1289 2078 facit
1319 2024 1438 2090 lex;
1476 2027 1774 2079 secundum
1813 2027 1956 2084 litte-

380 2128 500 2168 ram
524 2128 702 2173 autem
732 2136 839 2173 non
877 2119 1077 2177 omnia,
1113 2118 1205 2172 sed
1238 2118 1529 2171 admodum
1560 2134 1754 2188 pauca.

450 2207 503 2259 7.
545 2206 673 2263 Post
708 2208 823 2263 inec
869 2217 1050 2261 autem
1084 2223 1207 2261 eum
1241 2208 1522 2276 profectus
1560 2222 1704 2265 esset
1738 2210 1951 2279 Jethro,

374 2306 433 2349 et
454 2298 692 2353 venisset
732 2297 945 2367 Moyses
978 2312 1042 2352 ex
1083 2297 1372 2366 Raphidim
1402 2299 1454 2352 in
1489 2300 1765 2354 desertum
1798 2303 1953 2369 Sina,

372 2390 564 2459 ibique
603 2391 656 2444 in
702 2391 951 2446 columna
995 2392 1156 2446 nubis
1199 2394 1568 2448 descendisset
1600 2395 1857 2451 Dominus
1888 2400 1953 2452 ad

378 2480 620 2551 Moysen,
659 2491 716 2535 ut
752 2482 944 2538 videns
992 2483 1221 2550 populus
1267 2486 1516 2540 crederet
1558 2486 1628 2548 ei,
1682 2497 1738 2540 et
1790 2490 1952 2543 verba

375 2571 495 2639 ejus
522 2572 757 2637 audiret,
786 2572 860 2626 ait
886 2573 1143 2629 Dominus
1171 2575 1238 2627 ad
1265 2574 1482 2644 Moysen
1507 2576 1551 2605 ³⁸
1578 2592 1593 2628 :
1620 2577 1951 2643 «Descende,

375 2669 692 2729 protestare
717 2663 915 2732 populo
937 2705 953 2728 ,
982 2673 1036 2720 et
1064 2666 1290 2735 purifica
1328 2666 1445 2720 illos
1472 2668 1668 2735 hodie,
1720 2679 1772 2723 et
1807 2686 1952 2735 cras,

377 2762 431 2805 et
482 2752 664 2808 lavent
712 2757 1036 2813 vestimenta
1081 2773 1213 2823 sua,
1255 2768 1310 2815 et
1359 2760 1463 2815 sint
1498 2764 1673 2827 parati
1713 2762 1766 2817 in
1813 2764 1953 2817 diem

380 2844 623 2897 tertium.
650 2864 670 2897 ι
731 2845 785 2900 Si
838 2850 961 2917 quis
1005 2858 1089 2905 est
1132 2852 1222 2919 qui
1258 2852 1325 2904 ad
1368 2852 1695 2906 audiendum
1728 2856 1952 2909 verbum

380 2930 475 2988 Dei
519 2936 841 3003 conveniat,
905 2940 1090 2993 audiat
1139 2940 1267 3009 quid
1322 2943 1583 3011 praecepit
1642 2943 1951 3001 Dominus:

378 3026 747 3082 sanctificatus
789 3029 979 3084 venire
1020 3031 1180 3085 debet
1212 3033 1279 3086 ad
1329 3034 1659 3089 audiendum
1705 3036 1949 3104 verbum,
1980 3050 2030 3112 ο

376 3112 561 3170 lavare
586 3117 743 3172 debet
773 3121 1093 3175 vestimenta
1126 3138 1244 3177 sua.
1296 3122 1352 3178 Si
1400 3126 1544 3179 enim
1593 3129 1811 3182 sordida
1846 3129 1955 3184 huc

374 3205 639 3261 detuleris
685 3213 1042 3275 vestimenta,
1099 3215 1289 3270 audies
1339 3226 1391 3269 et
1445 3226 1499 3271 tu
1540 3217 1586 3249 ³³
1629 3235 1642 3273 :
1690 3238 1707 3268 ι
1741 3219 1951 3284 Amice,

378 3300 652 3364 quomodo
697 3300 800 3355 huc
848 3301 1083 3357 introisti
1128 3319 1233 3357 non
1286 3306 1443 3375 172
1497 3307 1700 3363 habens
1748 3319 1952 3363 vestem

382 3386 721 3454 nup'ialem?
762 3410 781 3443 ι
841 3390 1007 3446 Nemo
1060 3409 1189 3461 ergo
1242 3406 1417 3464 potest
1479 3398 1671 3452 audire
1727 3402 1953 3454 verbum

383 3477 500 3543 Dei,
533 3480 634 3533 nisi
665 3483 815 3549 prius
845 3484 1008 3539 fuerit
1031 3488 1401 3540 sanctilieatus
1421 3527 1435 3551 ,
1466 3488 1516 3542 id
1545 3499 1624 3542 est
1661 3491 1763 3544 nisi
1792 3492 1957 3547 fuerit

378 3576 606 3623 sanctus
649 3585 879 3640 corpore
929 3581 984 3627 et
1034 3575 1266 3643 spiritu,
1316 3578 1417 3629 nisi
1470 3579 1797 3634 vestimenta
1859 3597 1953 3635 sua

379 3662 590 3715 laverit.
625 3660 968 3730 Ingressurus
998 3676 1081 3719 est
1103 3667 1246 3719 enim
1282 3668 1441 3735 paulo
1490 3677 1607 3736 post
1642 3671 1706 3722 ad
1742 3685 1954 3725 coenam

378 3752 711 3819 nuptialem,
774 3756 1197 3810 manducaturus
1244 3768 1324 3812 est
1375 3760 1441 3813 de
1495 3759 1751 3814 carnibus
1795 3763 1953 3831 Agni,

376 3854 663 3912 potaturus
696 3855 779 3900 est
831 3846 1084 3915 poculum
1127 3847 1403 3902 salutaris.
1459 3848 1629 3903 Nemo
1674 3852 1837 3905 intret
1890 3852 1955 3905 ad

376 3934 517 3990 hanc
556 3952 768 3992 orenam
823 3939 1060 3993 sordidis
1114 3939 1472 3995 vestimentis.
1538 3940 1651 3996 lloe
1698 3942 1844 3996 enim
1900 3953 1957 3998 ct

376 4027 503 4083 alibi
538 4028 816 4098 Sapientia
848 4031 1104 4100 prreecpit
1134 4032 1318 4085 dicens
1346 4031 1433 4085 ‘i:
1479 4050 1497 4083 ι
1523 4032 1579 4086 In
1618 4035 1765 4087 omni
1814 4046 1951 4089 tem-

377 4135 508 4190 pore
533 4122 639 4175 sint
679 4124 1009 4177 vestimenta
1053 4133 1140 4176 tua
1178 4124 1403 4179 munda.
1429 4144 1447 4177 ι
1487 4125 1618 4180 Lota
1655 4136 1782 4182 sunt
1809 4129 1953 4182 enim

378 4214 545 4267 semel
607 4215 926 4268 vestimenta
978 4224 1068 4267 tua
1126 4230 1246 4268 cum
1321 4217 1519 4271 venisti
1581 4219 1648 4272 ad
1720 4220 1953 4288 gratiam

376 4304 654 4371 baptismi,
690 4305 1008 4373 purificatus
1054 4319 1113 4359 es
1162 4319 1411 4375 corpore,
1457 4308 1751 4362 mundatus
1793 4324 1851 4363 es
1886 4309 1955 4362 ah

2058 486 2277 536 uxores,
2313 482 2565 541 tanquam
2609 489 2715 526 non
2748 472 3010 527 habentes
3051 473 3189 536 sint,
3218 483 3271 527 et
3296 474 3384 541 qui
3418 484 3629 537 emunt,

2060 571 2319 630 tanquam
2385 577 2491 615 non
2549 564 2929 631 possidentes,
2990 575 3043 616 et
3097 564 3189 632 qui
3256 574 3480 618 utuntur
3532 566 3637 621 hoc

2059 653 2282 716 mundo,
2314 663 2566 721 tauquam
2601 669 2711 708 non
2749 662 2987 706 utantur.
3026 653 3267 706 Praeterit
3300 655 3444 707 enim
3483 657 3636 711 habi-

2059 752 2145 797 tus
2171 742 2332 811 hujus
2358 742 2578 809 mundi,
2606 763 2624 796 ι
2664 743 2909 811 praeterit
2949 742 3246 811 temporale
3290 758 3533 812 regnum,
3578 754 3638 800 ut

2059 845 2377 904 perpetuum
2413 834 2595 889 veniat
2616 842 2670 887 et
2697 845 2959 888 aeternum
2990 851 3007 887 :
3041 834 3180 886 sicut
3205 842 3258 885 et
3292 832 3345 885 in
3387 836 3639 889 oratione

2059 924 2237 979 dicere
2281 924 2629 992 jubemuru
2660 924 2929 979 Adveniat
2998 938 3226 993 regnum
3282 931 3433 977 tuum
3487 924 3532 955 "'
3574 938 3631 977 τι

2060 1016 2112 1070 in
2142 1016 2362 1071 Christo
2404 1016 2530 1072 Jesu
2578 1017 2805 1070 Domino
2845 1024 3068 1078 nostro,
3109 1015 3194 1070 cui
3235 1026 3319 1069 est
3360 1015 3536 1085 gloria
3583 1021 3643 1072 et

2060 1108 2346 1176 imperium
2390 1108 2442 1162 iu
2481 1106 2678 1163 saecula
2726 1106 3069 1161 seculorum.
3112 1108 3307 1161 Amen.

2626 1195 2906 1253 IIOIllLIA
2949 1197 3067 1251 XII.

2061 1289 2135 1344 De
2166 1290 2310 1344 vultu
2344 1288 2517 1360 Moysi
2539 1289 2861 1358 glori/irato,
2883 1299 2930 1342 et
2965 1289 3220 1342 velamine
3252 1288 3392 1358 quod
3414 1289 3636 1353 ponebat

2666 1380 2719 1432 in
2745 1378 2880 1447 facie
2905 1394 3024 1431 sna.

2134 1475 2185 1528 l.
2213 1472 2398 1527 Lectio
2431 1472 2587 1527 nobis
2618 1470 2786 1526 Exodi
2823 1471 3049 1525 recitata
3094 1480 3196 1535 est,
3242 1486 3363 1540 quae
3414 1485 3515 1525 nos
3569 1469 3636 1525 ad

2060 1565 2432 1635 intelligentia:
2456 1563 2887 1634 inquisitionem,
2920 1563 3004 1618 vel
3037 1564 3245 1628 incitet,
3275 1564 3358 1617 vel
3392 1564 3635 1631 repellat.

2058 1656 2251 1710 Incitat
2284 1666 2495 1710 mentes
2545 1657 2818 1711 studiosas
2865 1665 2920 1710 et
2983 1654 3219 1718 liberas;
3303 1655 3520 1709 desides
3582 1664 3636 1707 et

2055 1758 2348 1816 occupatas
2400 1747 2636 1817 repellit,
2667 1748 2947 1817 jscriptum
2998 1759 3080 1804 est
3137 1747 3282 1801 enim
3316 1747 3360 1777 ³⁸
3396 1765 3410 1800 :
3448 1764 3466 1797 ι
3497 1745 3634 1813 Quia

2054 1842 2387 1896 viditAaron
2425 1851 2479 1896 et
2529 1856 2720 1897 omnes
2750 1842 2843 1897 ﬁlii
2878 1841 3046 1898 Israel
3109 1841 3351 1907 Moysen,
3400 1849 3456 1896 et
3514 1849 3637 1894 erat

2054 1932 2352 2001 glorificata
2381 1932 2550 1987 facies
2576 1934 2717 2000 ejus,
2745 1941 2799 1986 et
2821 1932 2971 1986 color
3000 1930 3181 1985 vultus
3204 1931 3339 1998 ejus,
3362 1939 3418 1983 et
3442 1928 3637 1981 timue-

2055 2036 2181 2079 runt
2208 2025 2469 2079 accedere
2504 2025 2572 2078 ad
2603 2024 2775 2077 illum.
2802 2042 2822 2076 ι
2870 2024 2934 2077 Et
2964 2032 3082 2093 post
3109 2038 3318 2091 pauca:
3343 2022 3634 2084 «Ροιιειιςιι,

2057 2117 2233 2185 inquit
2263 2116 2331 2181 ³⁸³,
2368 2114 2582 2186 Moyses
2605 2116 2849 2169 velamen
2878 2130 3040 2183 super
3066 2114 3262 2168 faciem
3294 2126 3472 2168 suam.
3500 2110 3635 2165 Cum

2059 2218 2243 2261 autem
2294 2208 2545 2263 introiret
2606 2206 2722 2279 (74)
2776 2207 2827 2261 in
2885 2214 3241 2277 conSpectum
3302 2203 3530 2265 Domini,
3579 2212 3637 2255 ut

2057 2301 2372 2369 loqueretur
2413 2299 2520 2363 illi,
2571 2300 2878 2368 deponebat
2909 2298 3226 2352 velamen.)
3276 2296 3403 2351 1|th
3452 2304 3633 2348 autem

2058 2388 2346 2457 Apostolus
2375 2388 2650 2445 disserens
2687 2392 2976 2461 magnifico
3013 2393 3106 2448 illo
3128 2408 3289 2448 sensu
3320 2408 3424 2464 quo
3448 2393 3500 2446 in
3531 2407 3636 2447 ca:-

2057 2478 2187 2533 teris
2224 2480 2424 2544 utitur,
2463 2481 2531 2536 de
2571 2497 2681 2551 quo
2723 2482 2921 2536 dixitM
2957 2502 2971 2539 :
3010 2502 3029 2537 ι
3057 2483 3167 2540 Nos
3196 2495 3386 2540 autem
3414 2498 3632 2539 sensum

2055 2569 2255 2625 Christi
2297 2571 2581 2638 habemus,
2610 2573 2686 2627 ait
2717 2590 2732 2627 :
2769 2573 2923 2640 Quod
2961 2576 3008 2632 si
3045 2577 3407 2631 ministerium
3444 2576 3635 2631 mortis

2054 2659 2110 2712 in
2159 2659 2357 2715 litteris
2414 2662 2778 2719 deformatum
2818 2663 2927 2738 (75)
2972 2666 3026 2721 in
3082 2667 3354 2736 lapidibus
3409 2666 3508 2719 fuit
3563 2666 3634 2721 ad

2058 2751 2306 2820 gloriam,
2336 2754 2411 2807 ita
2437 2769 2495 2810 ut
2520 2771 2626 2810 non
2658 2770 2884 2827 possent
2924 2759 3206 2814 intendere
3233 2760 3326 2814 lilii
3369 2758 3535 2814 Israel
3579 2758 3632 2812 in

2058 2841 2256 2898 faciem
2287 2844 2455 2917 Moysi
2489 2857 2713 2918 propter
2739 2849 2966 2918 gloriam
2993 2849 3172 2904 vultus
3200 2852 3335 2918 ejus,
3363 2865 3481 2917 quae
3505 2850 3633 2902 aho-

2060 2933 2219 2997 letur,
2241 2936 2513 3003 quomodo
2541 2952 2645 2991 non
2683 2939 2852 3008 magis
2881 2938 3239 2994 ministerimn
3262 2939 3498 3007 Spiritus
3530 2940 3635 2992 erit

2060 3026 2115 3079 in
2156 3026 2364 3096 gloria?
2394 3046 2413 3080 ι
2449 3027 2515 3082 Ει
2561 3029 2760 3084 iterum
2804 3032 2965 3098 paulo
3016 3043 3135 3103 post
3159 3033 3333 3088 dicit:
3368 3050 3386 3084 ι
3420 3034 3485 3088 Et
3524 3050 3631 3088 non

2059 3117 2435 3189 sicutMoyscs
2474 3121 2708 3189 ponebat
2742 3124 2986 3177 velamen
3025 3140 3188 3195 super
3223 3126 3417 3180 faciem
3456 3142 3632 3191 suam,

2059 3219 2117 3262 ut
2146 3223 2250 3262 non
2278 3209 2619 3263 intenderent
2650 3212 2743 3266 lilii
2789 3213 2950 3267 Israel
2981 3216 3033 3269 in
3065 3215 3256 3270 faciem
3286 3216 3465 3271 vultus
3492 3218 3631 3285 ejus.

2059 3299 2248 3356 Obtusi
2268 3304 2553 3357 suntenim
2573 3320 2765 3361 sensus
2784 3321 2996 3371 eorum,
3023 3323 3192 3376 usque
3223 3309 3274 3361 in
3304 3310 3631 3363 hodiernum

2057 3394 2223 3446 diem.
2243 3393 2374 3448 Cum
2396 3397 2538 3449 enim
2561 3397 2753 3466 legitur
2776 3397 3006 3468 Moyses,
3032 3400 3272 3454 velamen
3293 3411 3378 3454 est
3403 3401 3634 3469 positum

2057 3498 2223 3553 super
2253 3500 2350 3539 eor
2399 3501 2610 3541 corum.
2644 3505 2665 3539 ι
2730 3486 2864 3553 Quis
2921 3503 3026 3541 non
3079 3488 3383 3542 admiretur
3430 3498 3633 3559 myste-

2060 3578 2264 3630 riorum
2287 3577 2757 3646 magnitudinem?
2791 3580 2911 3648 quis
2937 3595 3046 3633 non
3074 3580 3421 3649 pertimescat
3453 3591 3633 3634 notam

2059 3668 2239 3720 cordis
2289 3669 2469 3722 obtusi
2509 3668 2670 3738 (76)?
2724 3669 3037 3725 Glorilieata
3078 3682 3162 3725 est
3218 3669 3388 3725 facies
3440 3670 3633 3741 Moysi,

2064 3760 2158 3811 sed
2194 3775 2297 3811 non
2329 3768 2579 3826 poterant
2619 3760 2903 3815 intendere
2948 3761 3000 3814 in
3046 3760 3239 3815 faciem
3284 3765 3461 3817 voltus
3518 3766 3636 3832 ejus

2061 3847 2154 3899 ﬁlii
2196 3846 2385 3910 Israel,
2426 3864 2533 3902 non
2572 3860 2785 3918 poterat
2828 3850 3108 3905 intendere
3152 3853 3380 3919 populus
3409 3853 3638 3923 Synago-

2060 3952 2159 4004 εδδ.
2204 3937 2407 4006 Siquis
2435 3948 2615 3991 autem
2649 3939 3151 4006 conversationem,
3178 3950 3230 3993 et
3262 3941 3423 3992 vitam
3459 3948 3638 4008 potest

2060 4029 2261 4083 habere
2288 4029 2707 4084 eminentiorem
2755 4047 2920 4098 quam
2954 4030 3220 4098 reliquum
3264 4032 3490 4101 vulgus,
3534 4032 3637 4085 iste

2059 4128 2232 4187 potest
2263 4120 2460 4175 intueri
2489 4121 2715 4186 gloriam
2749 4122 2931 4177 vultus
2965 4123 3102 4190 ejus.
3138 4141 3156 4173 ι
3190 4123 3255 4177 Ει
3294 4138 3437 4177 nunc
3462 4123 3639 4188 enim,

2058 4212 2199 4265 sicut
2238 4211 2367 4264 dicit
2401 4212 2699 4281 Apostolus
2745 4213 2813 4279 ",
2867 4214 3116 4269 velamen
3158 4223 3239 4269 est
3295 4216 3526 4284 positum
3582 4215 3640 4273 in

2061 4303 2290 4358 lectione
2317 4304 2530 4359 Veteris
2563 4304 3026 4361 Testamentinet
3052 4323 3194 4362 nunc
3228 4308 3441 4368 Movses
3472 4306 3638 4377 glori-

375 4396 523 4448 omni
576 4396 987 4463 inquinamento
1031 4396 1217 4450 carnis
1258 4408 1312 4450 et
1354 4399 1593 4466 spiritus.
1649 4399 1779 4466 Qua:
1817 4416 1949 4469 ergo
1987 4390 2031 4445 D
2065 4394 2223 4449 iieato
2244 4396 2393 4448 vultu
2429 4395 2691 4465 loquitur,
2730 4396 2824 4451 sed
2859 4398 3088 4466 gloriam
3127 4413 3245 4467 quae
3280 4407 3364 4451 est
3402 4396 3453 4449 in
3489 4396 3637 4450 vultu

378 4484 520 4537 Deus
545 4486 847 4551 mundavit,
882 4494 935 4539 tu
972 4485 1248 4539 immunda
1275 4502 1341 4540 nc
1372 4487 1587 4545 feceris.
1616 4490 1753 4543 Audi
1784 4490 1953 4559 igitur

376 4589 524 4628 nunc
570 4584 625 4628 et
661 4576 1113 4631 sanctificationis
1168 4591 1339 4644 genus
1381 4595 1394 4631 :
1424 4596 1442 4628 ι
1474 4579 1549 4633 Ne
1584 4582 1952 4645 secesseritis,

377 4662 553 4731 inquit
585 4662 651 4730 ⁸⁸,
709 4665 775 4717 ad
828 4664 1108 4718 mulierem
1151 4665 1334 4729 hodie,
1372 4676 1423 4720 et
1447 4660 1720 4732 crastina,
1756 4679 1815 4723 ut
1863 4672 1952 4727 die

382 4758 541 4811 tertia
591 4758 826 4813 audiatis
875 4761 1099 4812 verbum
1165 4758 1280 4813 Dei.
1324 4778 1343 4811 ι
1398 4759 1511 4816 Hoc
1571 4772 1653 4815 est
1697 4764 1841 4832 quod
1897 4774 1954 4819 et

378 4848 671 4917 Apostolus
704 4849 840 4905 dicit
873 4850 957 4904 ³⁶ε
1000 4869 1018 4901 ι
1049 4851 1254 4905 Βοιιιιιιι
1301 4862 1384 4906 est
1426 4854 1631 4907 homini
1669 4855 1949 4910 mulierem

380 4955 486 4993 non
532 4950 793 5011 tangere;
828 4958 846 4993 ι
873 4942 1024 4994 salvo
1060 4952 1243 4997 tamen
1303 4944 1543 4999 remedio
1581 4945 1666 4998 liis
1711 4948 1801 5015 qui
1854 4964 1952 5018 pro

378 5034 695 5088 inlirtnitate
723 5048 819 5087 sua
863 5037 1102 5089 remedio
1135 5036 1382 5106 indigent
1413 5039 1659 5104 nuptiali.
1719 5038 1954 5094 Verum-

380 5138 557 5181 tamen
611 5125 897 5179 consilium
955 5128 1242 5184 audiamus
1292 5131 1534 5198 Apostoli
1583 5131 1816 5186 dicentis
1859 5132 1949 5190 ³⁷ε

446 5266 491 5298 ⁸⁸
524 5265 683 5321 Num.
714 5268 883 5332 xu,5.
959 5266 1002 5298 ⁸⁰
1033 5268 1184 5322 Rom.
1212 5286 1306 5324 vn.
1379 5272 1419 5302 ³¹
1452 5271 1609 5324 llebr.
1638 5289 1699 5337 tt,
1734 5274 1816 5331 l9.

371 5335 417 5405 ’ξ
462 5337 631 5388 Exod.
678 5353 789 5398 xix,
835 5338 918 5392 15.
996 5339 1041 5368 ³⁶
1082 5340 1253 5394 lCor.
1298 5356 1393 5405 vn,
1430 5344 1481 5393 l.

369 5403 413 5432 "’
460 5407 591 5462 ibid.
634 5407 722 5461 δι.
823 5410 865 5439 ⁴¹
908 5408 949 5461 ll
998 5409 1122 5463 Cor.
1170 5426 1248 5475 ιιι,
1286 5410 1337 5463 ’1.

444 5524 561 5594 (74)
605 5524 763 5589 lllss.,
801 5544 817 5576 ι
846 5527 1149 5579 introiret.»
1188 5526 1327 5580 Editi
1361 5528 1515 5587 libh.,
1551 5545 1569 5579 ι
1600 5530 1893 5586 introierit.
1922 5552 1940 5586 ι

371 5594 556 5715 ιω275)
593 5594 743 5662 Mss.,
783 5596 1210 5654 t‘tlefortnatum.
1238 5617 1255 5651 ι
1296 5598 1450 5653 Libb.
1479 5599 1605 5654 editi
1629 5638 1644 5667 ,
1697 5618 1714 5652 ι
1745 5602 1948 5659 forma-

472 5680 509 5715 ι.
540 5683 561 5715 ιν

472 5680 561 5717 Li

1897 5278 1941 5309 δ’
1969 5279 2135 5333 tam.
2167 5295 2219 5345 ιι,
2256 5278 2341 5337 l0,
2372 5276 2455 5330 ll.

1558 5342 1601 5371 ³⁷
1642 5344 1654 5394 l
1692 5346 1815 5398 Cor.
1846 5363 1943 5408 vn,
1985 5352 2078 5407 ἓξ).
2118 5342 2216 5410 5ιι,’
2250 5348 2338 5400 3i.

1419 5411 1462 5441 "
1514 5411 1557 5464 ll
1615 5414 1740 5467 Cor.
1780 5431 1861 5480 ιιι,
1908 5420 1995 5474 id.

2063 4487 2180 4556 ejus
2219 4503 2325 4541 non
2352 4503 2639 4557 possumus
2676 4488 2902 4542 intueri.
2938 4487 3147 4543 Idcirco
3183 4498 3360 4542 autem
3390 4504 3494 4541 non
3524 4504 3642 4559 pose

2062 4594 2272 4643 sumus,
2308 4580 2435 4648 quia
2467 4580 2645 4633 adhuc
2695 4580 2926 4649 populus
2970 4596 3178 4643 sumus,
3214 4590 3264 4634 et
3293 4581 3425 4634 nihil
3451 4581 3636 4642 studii,

2064 4670 2199 4724 nihil
2227 4670 2424 4734 meriti,
2460 4669 2745 4738 plusquam
2779 4670 2986 4739 reliqua
3014 4671 3189 4739 plebs,
3220 4672 3501 4725 habemus.
3536 4668 3638 4721 νιτ-

2062 4781 2181 4821 rum
2207 4765 2331 4834 quia
2363 4764 2492 4817 dicit
2515 4771 2737 4817 sanctus
2768 4764 3055 4832 Apostolus
3088 4781 3103 4818 :
3138 4782 3155 4815 ι
3187 4764 3418 4833 ldipsum
3457 4770 3637 4814 autem

2056 4856 2297 4909 velamen
2349 4854 2402 4908 iu
2448 4854 2682 4908 lectione
2730 4850 2941 4906 Veteris
2976 4852 3311 4907 Testamcnti
3358 4859 3575 4915 manet,
3613 4868 3633 4900 ι

2059 4957 2366 5016 amputaret
2402 4947 2562 5001 nobis
2584 4961 2800 5001 onmem
2830 4946 3201 5015 intelligentia:
3228 4960 3377 5012 spem
3406 4941 3543 4996 tanti
3580 4948 3637 4994 et

2058 5042 2183 5097 talis
2213 5040 2454 5109 Apostoli
2497 5038 2709 5107 prolata
2741 5037 3015 5091 sententia
3040 5078 3055 5102 ,
3086 5037 3187 5091 nisi
3214 5035 3512 5089 addidisset
3542 5033 3587 5064 ⁸³
3623 5050 3636 5085 ;

2064 5136 2237 5190 «Cum
2277 5146 2457 5189 autem
2514 5134 2636 5203 quis
2669 5146 2967 5187 cenversus
2996 5129 3158 5183 fuerit
3201 5128 3269 5181 ad
3325 5126 3637 5191 Dominum,

2536 5276 2581 5307 ³³
2610 5272 2798 5327 Matth.
2832 5288 2969 5336 χχιι,
2999 5270 3083 5325 19..
3162 5270 3206 5301 ³⁵
3238 5268 3410 5322 Ecclc.
3440 5282 3513 5327 Ix,
3550 5266 3635 5320 10.

2418 5345 2463 5377 ³⁸
2500 5345 2689 5398 Matth.
2734 5360 2807 5407 Vt,
2860 5344 2944 5397 ιι).
3023 5343 3066 5374 ³⁸
3110 5341 3281 5397 Exod.
3321 5354 3505 5405 xxxiv,
3542 5337 3634 5394 5t).

2074 5421 2119 5452 “
2168 5420 2299 5473 ibid.
2343 5417 2429 5469 16.

2129 5534 2242 5606 (ῖϐ)
2287 5532 2479 5585 Notam
2504 5533 2687 5587 cordis
2720 5531 2943 5606 obtusi?
2980 5531 3059 5606 sic
3090 5546 3220 5586 mss.
3271 5528 3419 5584 Libri
3453 5534 3632 5584 autem

2057 5602 2262 5667 Ctlili,t
2289 5606 2533 5660 velamen
2573 5605 2752 5660 obtusi
2790 5602 3014 5659 cordis?
3040 5621 3058 5654 ι
