4106 6246
542 242 648 297 385

1987 239 2310 299 ORIGENIS

3680 237 3796 294 384

539 358 817 411 auferetur
890 358 1209 414 velamen.»
1292 362 1457 431 Igitur
1528 377 1750 417 causam
1823 362 2081 416 auferend

2213 356 2268 410 Si
2297 356 2438 410 enim
2471 352 2667 423 ille'qui
2706 354 2878 417 adest,
2910 352 2997 422 qui
3030 352 3199 411 audit.
3228 362 3285 407 et
3334 352 3572 407 intentus
3600 364 3708 417 est,
3734 362 3799 407 et

538 447 844 513 velaminis,
907 453 1321 506 conversionem
1389 464 1631 508 nostram
1697 469 1818 509 esse
1871 454 1999 508 dicit
2044 452 2110 505 ad

538 533 849 591 Dominum.
904 540 979 592 Ex
1025 555 1131 608 quo
1171 543 1477 611 colligenda
1512 556 1639 598 sunt
1682 546 1839 598 nobis
1882 544 2109 607 indicia,

535 628 680 694 quod
727 629 898 682 donec
945 632 1184 700 legentes
1240 633 1554 703 Scripturas
1594 636 1806 690 divinas
1842 637 1967 690 latet
2014 651 2112 690 nos

540 714 865 784 intellectus,
898 722 1066 775 donec
1094 723 1325 777 obscura
1354 736 1479 778 sunt
1507 726 1665 780 nobis
1694 736 1748 779 et
1780 727 1963 780 clausa
1994 741 2111 794 qua:

536 805 736 873 scripta
763 817 911 873 sunt,
948 813 1183 865 nondum
1216 815 1467 869 conversi
1494 817 1559 869 ad
1586 817 1870 871 Dominum
1901 833 2106 873 sumus.

535 891 592 948 8i
626 896 767 949 enim
798 901 1043 953 conversi
1069 916 1312 958 essemus
1352 905 1417 957 ad
1449 906 1762 971 Dominum,
1792 910 1912 963 sine
1947 909 2108 963 dubio

535 984 847 1038 auferretur
884 988 1150 1043 velamen.

602 1072 655 1125 2.
691 1074 795 1128 Sed
827 1086 881 1129 et
919 1077 1020 1131 hoc
1054 1080 1226 1147 ipsum
1265 1086 1510 1140 converti
1539 1088 1603 1141 ad
1638 1088 1919 1144 Domimnn
1949 1091 2106 1161 quale

534 1166 603 1219 sit
632 1165 929 1219 videmnus.
968 1168 1031 1222 Et
1069 1181 1126 1223 ιιι
1160 1174 1467 1229 evidentius
1498 1177 1637 1232 scire
1668 1182 1945 1248 possimus
1974 1183 2102 1249 quid

530 1253 601 1304 sit
634 1268 943 1317 conversus,
991 1259 1281 1315 dicendum
1322 1266 1477 1320 nobis
1508 1266 1620 1337 (77)
1669 1269 1821 1337 prius
1861 1281 1943 1325 est
1973 1273 2101 1341 quid

531 1341 601 1391 sit
632 1357 875 1397 aversus.
911 1346 1098 1402 Omnis
1130 1354 1243 1419 qui,
1272 1368 1395 1407 cum
1432 1357 1727 1411 recitantur
1754 1361 1913 1413 verba
1948 1360 2098 1431 legis,

529 1432 906 1486 connmmibus
933 1436 1129 1491 fabulis
1160 1454 1483 1511 occupatur,
1521 1461 1745 1501 aversus
1766 1457 1869 1502 est.
1912 1450 2102 1507 Omnis

529 1520 642 1586 qui,
669 1538 787 1575 cum
818 1522 1012 1593 legitur
1037 1527 1271 1598 Moyses,
1311 1532 1378 1585 de
1407 1535 1638 1602 negotiis
1666 1540 1873 1603 sasculi,
1902 1543 1968 1593 de
2007 1558 2101 1609 pe-

530 1613 710 1676 cunia,
755 1614 821 1669 de
860 1615 1027 1671 lucris
1070 1620 1484 1674 sollicitudinem
1519 1626 1695 1692 gerit,
1742 1642 1963 1683 aversus
1992 1641 2094 1682 est.

2217 463 2336 516 qua:
2369 447 2518 514 audit
2548 454 2829 511 retractat,
2864 456 2914 498 et
2938 447 3177 508 discutit,
3207 454 3259 498 et
3281 459 3401 512 quae
3428 443 3643 513 assequi
3675 459 3799 498 non

2216 545 2413 605 potest,
2455 544 2823 603 percontatur,
2854 545 2909 588 et
2945 536 3124 600 discit,
3155 536 3239 586 vix
3276 545 3453 601 potest
3474 536 3539 587 ad
3564 535 3797 589 liberta-

2216 634 2321 677 tem
2371 626 2612 678 scientia:
2658 626 2978 693 pervenire;
3035 624 3122 677 ille
3170 624 3264 693 qui
3307 625 3591 678 abscondit
3626 640 3798 680 aures

2211 732 2337 769 snas
2369 732 2435 770 ne
2460 717 2668 779 audiat,
2697 728 2751 771 et
2783 729 2931 784 terga
2961 717 3012 770 in
3048 718 3235 771 faciem
3269 718 3491 783 legentis
3526 716 3793 779 obvertit,

2212 807 2483 874 quomodo
2524 807 2784 861 dicendus
2825 815 2908 860 est
2945 807 3186 861 velamen
3236 808 3437 861 habere
3470 808 3795 873 superposi-

2212 906 2321 949 tum
2356 896 2602 961 cordi,ad
2631 911 2789 965 quem
2832 910 2898 951 ne
2946 898 3120 965 ipsum
3154 898 3369 966 quidem
3411 898 3651 951 velamen
3687 898 3790 951 lit-

2211 996 2338 1041 tera:
2362 1002 2470 1054 quo
2495 1001 2687 1041 sensus
2712 986 2939 1054 velatur,
2965 988 3059 1058 qui
3092 998 3168 1043 est
3197 1002 3361 1041 sonus
3394 988 3562 1052 vocis,
3589 1003 3789 1044 acces-

2206 1076 2323 1131 sit?
2359 1077 2592 1132 Evidens
2650 1079 2815 1147 igitur
2859 1080 3028 1148 ﬁgura
3073 1088 3176 1143 est,
3226 1080 3495 1147 quomodo
3542 1080 3784 1148 gloriosa

2206 1166 2435 1222 eﬂicitur
2472 1169 2642 1225 facies
2672 1168 2838 1241 Moysi
2874 1188 2887 1223 :
2913 1170 3115 1226 habent
3140 1171 3283 1224 enim
3311 1172 3534 1241 gloriam
3564 1188 3626 1226 ea
3658 1189 3785 1242 qua

2207 1257 2485 1326 loquitur:
2512 1262 2605 1314 sed
2632 1260 2747 1315 haec
2775 1263 2996 1329 tegitur,
3021 1273 3075 1317 et
3100 1262 3422 1330 occultatur,
3455 1272 3507 1318 et
3546 1274 3631 1318 est
3654 1281 3779 1320 om—

2208 1350 2296 1402 nis
2320 1349 2489 1417 gloria
2532 1350 2651 1417 ejus
2682 1351 3029 1407 intrinsecus.

2276 1441 2327 1494 5.
2362 1440 2498 1495 lllud
2536 1457 2752 1511 queque
2805 1444 3017 1500 intuere
3066 1446 3225 1514 quale
3284 1446 3376 1511 sit,
3401 1448 3543 1515 quod
3577 1447 3628 1501 in
3661 1448 3779 1521 lege

2203 1532 2382 1585 vultus
2415 1534 2637 1603 quidem
2676 1534 2843 1604 Moysi
2873 1535 3208 1605 glorificatus
3238 1538 3493 1602 refertur,
3528 1538 3656 1593 licet
3683 1555 3773 1596 ve-

2206 1623 2410 1677 lamine
2443 1635 2797 1692 contegatur;
2834 1642 3024 1680 manus
3050 1637 3230 1680 autem
3265 1627 3385 1695 ejus
3423 1630 3565 1685 intra
3594 1633 3767 1687 sinum

526 1700 716 1755 Omnis
766 1708 857 1773 qui
900 1715 1295 1776 possessionum
1328 1717 1474 1770 curis
1511 1719 1816 1787 stringitur,
1856 1730 1910 1775 et
1956 1724 2061 1776 divi

2206 1715 2392 1779 missa,
2436 1715 2646 1783 leprosa
2692 1715 2835 1771 facta
2875 1727 3211 1770 memoratur
3248 1720 3389 1773 sicut
3424 1721 3539 1774 nix.
3572 1721 3624 1775 ln
3655 1739 3762 1791 quo

526 1791 725 1845 tiarum
762 1798 1053 1865 cupidita'e
1088 1802 1429 1871 distenditur,
1467 1809 1555 1876 qui
1605 1808 1790 1877 gloria:
1830 1813 2012 1867 saeculi
2043 1824 2097 1869 et

531 1884 717 1936 mundi
752 1885 1049 1946 honoribus
1078 1894 1279 1959 studet,
1313 1911 1537 1952 aversus
1568 1908 1669 1953 est.
1700 1900 1804 1954 Sed
1831 1912 1885 1956 ct
1912 1906 1999 1972 qui
2030 1907 2098 1959 ab

525 1969 609 2025 his
644 1974 857 2041 quidem
887 1978 1096 2033 videtur
1129 1981 1357 2048 alienus,
1407 1985 1615 2041 assistit
1645 1997 1826 2043 autem
1862 1969 2095 2048 etiandit

524 2063 687 2115 verba
730 2064 862 2134 legis
888 2107 902 2131 ,
958 2078 1010 2122 et
1036 2072 1184 2126 vultu
1218 2084 1379 2143 atque
1416 2077 1591 2133 oculis
1619 2080 1881 2147 intentus,
1933 2087 2097 2140 corde

526 2159 701 2205 tamen
731 2164 785 2208 et
815 2159 1233 2226 cogitationibus
1253 2176 1513 2234 evagatur
1558 2185 1785 2227 aversus
1816 2183 1922 2227 est.
1954 2175 2092 2242 Quid

521 2256 649 2311 ergo
678 2255 762 2299 est
789 2253 1029 2303 converti
1056 2250 1079 2303 ?
1111 2253 1166 2307 Si
1197 2256 1281 2309 his
1318 2259 1568 2313 omnibus
1601 2270 1749 2331 terga
1794 2275 2089 2330 vertamus,

520 2341 572 2383 et
607 2335 810 2402 stmlio,
844 2338 1084 2405 actibus,
1125 2352 1338 2409 mente,
1372 2346 1765 2412 sollicitudine,
1799 2353 1965 2405 verbo
1998 2355 2087 2408 Dei

522 2436 745 2492 operam
776 2423 997 2494 demus,
1031 2439 1085 2483 et
1119 2430 1172 2484 in
1204 2431 1317 2501 lege
1351 2432 1465 2502 ejus
1490 2436 1578 2490 die
1618 2454 1681 2492 ac
1715 2450 1871 2496 nocte
1918 2446 2088 2499 medi-

524 2521 717 2579 temur,
746 2518 959 2571 omissis
990 2522 1241 2575 omnibus
1284 2525 1394 2579 Deo
1428 2542 1704 2592 vacenms,
1738 2547 2091 2590 exerceamur

520 2604 573 2655 in
637 2607 960 2662 testimoniis
1009 2609 1148 2677 ejus,
1208 2613 1309 2668 hoc
1369 2626 1451 2669 est
1496 2632 1810 2673 conversum
1854 2637 1976 2678 esse
2020 2626 2087 2680 ad

518 2693 824 2750 Dominum.
862 2699 939 2753 Tu
990 2715 1139 2770 ergo.
1196 2704 1238 2756 si
1280 2705 1513 2761 volueris
1561 2709 1727 2763 lilium
1759 2719 1903 2766 tuutn
1947 2717 2089 2770 scire

517 2784 725 2839 litteras
748 2803 882 2857 quas
924 2790 1175 2848 liberales
1214 2806 1427 2861 vocant,
1459 2802 1602 2859 scire
1636 2811 2085 2878 grammaticam,

519 2877 674 2947 173
706 2880 788 2933 vel
834 2883 1155 2941 riu-loricam
1201 2888 1562 2961 disciplinam,
1598 2900 1836 2967 nunquid
1865 2918 1971 2958 non
2018 2877 2086 2959 ab

2204 1806 2331 1858 mihi
2359 1807 2571 1859 videtur
2596 1806 2764 1859 forma
2798 1808 2959 1859 totius
2982 1807 3113 1877 legis
3142 1809 3451 1875 plenissime
3474 1812 3754 1879 designari.

2202 1895 2255 1948 lu
2294 1894 2439 1950 vultu
2472 1897 2614 1950 enim
2638 1897 2757 1966 ejus
2790 1913 2973 1951 sermo
3003 1898 3155 1967 legis,
3194 1900 3246 1953 in
3281 1917 3442 1955 manu
3474 1918 3643 1973 opera
3675 1907 3761 1960 de-

2197 1988 2505 2057 signantur.
2545 1987 2678 2054 Quia
2712 2004 2839 2058 ergo
2867 2006 2930 2044 ex
2962 1991 3217 2059 Operibns
3248 1990 3382 2062 legis
3424 1995 3604 2051 nullus
3654 2008 3768 2053 erat

2191 2079 2594 2147 justificamlus,
2625 2095 2724 2135 nec
2764 2081 2999 2149 aliquem
3030 2083 3096 2135 ad
3150 2083 3451 2150 perfectum
3500 2088 3769 2144 adducere

2197 2178 2412 2237 poterat
2448 2169 2558 2237 lex,
2583 2170 2790 2225 idcirco
2822 2188 3018 2228 manus
3064 2172 3230 2245 Moysi
3269 2175 3479 2243 leprosa
3528 2177 3606 2241 fit,
3638 2180 3766 2234 etin

2195 2261 2372 2312 sinum
2431 2261 2764 2327 reconditur,
2818 2273 3074 2333 tanquam
3132 2267 3264 2319 nihil
3315 2268 3538 2336 perfecti
3585 2274 3769 2339 aperis

2199 2349 2446 2404 habitura
2475 2367 2490 2403 :
2519 2350 2688 2407 facies
2722 2368 2847 2408 vero
2875 2353 2990 2423 ejus
3018 2355 3318 2425 gloriﬁcata
3356 2368 3462 2423 est,
3494 2363 3586 2415 sed
3626 2362 3769 2415 vela-

2197 2441 2339 2494 mine
2412 2442 2659 2513 tegitur;
2705 2445 2830 2513 quia
2885 2460 3066 2500 sermo
3116 2448 3233 2516 ejus
3300 2450 3462 2505 habet
3522 2454 3768 2509 scientia

2194 2525 2443 2596 gloriam,
2490 2532 2582 2586 sed
2617 2536 2913 2589 occultam.
2950 2537 3103 2595 Unde
3137 2551 3188 2595 et
3222 2546 3480 2611 propheta
3509 2545 3639 2599 dicit
3670 2546 3717 2577 "
3745 2564 3763 2603 :

2197 2636 2215 2669 ι
2255 2616 2368 2673 Nisi
2402 2624 2709 2691 audieritis,
2742 2629 2957 2682 occulte
3006 2630 3241 2698 plorabit
3284 2634 3396 2704 (80)
3450 2636 3628 2689 anima
3672 2652 3767 2692 ve-

2190 2717 2323 2773 stra,
2354 2729 2371 2760 ι
2401 2724 2454 2763 et
2486 2713 2651 2767 David
2678 2714 2808 2768 dicit
2835 2716 2916 2771 “:
2948 2737 2964 2769 ι
3000 2717 3207 2775 Incerta
3232 2731 3287 2775 et
3311 2723 3521 2778 occulta
3546 2726 3768 2793 sapien-

2194 2800 2278 2854 tia:
2306 2811 2409 2857 tua:
2444 2805 2805 2862 manifestasti
2859 2810 3012 2864 mihi.
3053 2830 3073 2864 ι
3106 2812 3161 2867 lu
3215 2814 3332 2883 lege
3371 2831 3501 2887 ergo
3549 2818 3766 2893 Moyses

2189 2892 2358 2945 solani
2384 2894 2577 2949 faciem
2610 2898 2770 2952 habet
2801 2899 3185 2969 glorificatam,
3219 2922 3393 2975 neque
3430 2925 3621 2965 manus
3643 2892 3765 2980 ejus

513 2970 761 3026 o.unibus
793 2989 915 3027 eum
943 2992 1168 3032 vacuum
1200 2992 1254 3036 et
1286 2984 1514 3040 liberum
1559 2990 1776 3047 reddis?
1805 2993 2081 3065 Nunquid,

2190 2982 2391 3039 habent
2420 2990 2650 3055 gloriam
2673 3029 2689 3055 ,
2734 2994 2843 3045 imo
2890 2994 3072 3061 potius
3103 3006 3157 3049 et
3196 3001 3573 3055 contumeliam
3616 3021 3629 3057 :
3662 3004 3761 3059 sed

515 3071 621 3111 non
647 3062 862 3118 omissis
886 3070 1116 3133 cauet-is,
1155 3072 1279 3127 huic
1331 3077 1419 3130 uni
1477 3080 1654 3134 studio
1680 3083 1811 3137 dare
1854 3100 2077 3153 operam

514 3145 679 3203 facis?
707 3150 1055 3227 Pa'ilagogos,
1092 3165 1395 3233 magistros,
1444 3167 1631 3235 libros,
1663 3145 1955 3242 impensas,
1992 3180 2075 3232 ni-

512 3236 589 3291 hil
647 3256 867 3309 prorsus
920 3250 1108 3305 deesse
1161 3254 1336 3319 faris,
1389 3236 1752 3329 quoadusque
1780 3236 2076 3333 perfectum

514 3336 774 3400 propositi
805 3341 965 3393 stmlii
994 3357 1127 3411 opus
1160 3356 1415 3413 reportet.
1463 3350 1593 3414 Quis
1634 3363 1877 3407 nostrum
1913 3356 1986 3409 ita
2018 3370 2077 3413 se

508 3422 577 3475 ad
609 3425 801 3481 divina:
829 3429 962 3498 legis
996 3436 1170 3494 stmlia
1204 3441 1525 3493 convertit?
1560 3443 1690 3508 Quis
1726 3456 1972 3499 nostrum
1997 3446 2073 3503 ita

508 3526 727 3579 operam
765 3518 952 3574 dedit?
1000 3523 1131 3589 Quis
1164 3536 1313 3584 tanto
1352 3532 1531 3586 studio
1576 3549 1642 3589 ac
1687 3534 1871 3590 labore
1894 3539 2073 3593 divina

508 3606 704 3673 quierit
749 3611 951 3679 studia,
1000 3628 1203 3684 quanto
1248 3623 1497 3689 quaesivit
1532 3624 1809 3682 humana?
1854 3632 1920 3685 Et
1943 3634 2073 3702 quid

506 3700 892 3765 conquerimur
941 3705 984 3758 si
1023 3709 1165 3775 quod
1220 3726 1326 3765 non
1374 3714 1679 3783 didicimus,
1718 3720 2072 3786 ignoramus?

502 3786 679 3857 Aliqui
721 3800 954 3849 vestrum
989 3797 1096 3869 (78)
1128 3809 1183 3853 ιιι
1207 3803 1423 3857 recitari
1449 3807 1719 3863 audierint
1740 3827 1860 3881 quae
1889 3813 2072 3885 legun-

504 3890 610 3942 tur,
646 3884 823 3935 statim
852 3886 1155 3942 discedunt.
1190 3888 1342 3943 Nulla
1378 3907 1443 3945 ex
1483 3895 1565 3950 his
1605 3913 1728 3967 quae
1772 3901 1914 3955 dicta
1942 3884 2070 3958 sunt

501 3971 777 4037 inquisitio
812 3978 878 4029 ad
909 3977 1161 4044 invicem,
1186 3981 1327 4034 nulla
1371 3983 1612 4051 collatFO,
1649 4004 1913 4057 nusquam
1959 4009 2071 4048 me—

502 4064 670 4115 meria
704 4068 939 4119 mandati
977 4069 1142 4132 illius,
1171 4088 1278 4140 quo
1320 4084 1371 4129 te
1398 4077 1575 4130 divina
1606 4078 1689 4133 lex
1719 4095 2065 4138 commonet:

505 4169 523 4200 ι
553 4149 828 4225 Interroga
865 4168 1046 4226 patres
1080 4171 1217 4225 tuos,
1240 4173 1293 4216 et
1333 4166 1515 4222 dii-ent
1548 4169 1682 4233 tibi;
1722 4172 2067 4242 presbyteros

501 4252 640 4307 tuos,
665 4255 718 4300 et
744 4250 1144 4307 annuntiabunt
1166 4256 1261 4310 tibi
1280 4256 1511 4325 “.cAlii,
1534 4274 1602 4314 ne
1623 4262 1915 4332 hocipsum
1943 4267 2067 4333 qui-

2188 3090 2363 3145 neque
2402 3079 2566 3147 pedes
2599 3080 2731 3151 (8i).
2772 3083 3013 3154 Denique
3051 3089 3264 3143 solvere
3301 3091 3517 3159 jubetur
3540 3093 3758 3147 calcea-

2186 3179 2424 3223 mentum
2463 3186 2642 3237 suum,
2694 3175 2772 3228 sic
2822 3177 2966 3231 nulla
3017 3188 3136 3233 erat
3199 3182 3373 3251 gloria
3426 3184 3480 3239 in
3532 3184 3760 3253 pedibus

2182 3260 2319 3328 ejus,
2347 3260 2474 3315 licet
2499 3272 2554 3316 et
2584 3265 2687 3319 hoc
2718 3264 2874 3320 fieret
2903 3282 3006 3322 non
3039 3270 3158 3325 sine
3184 3272 3413 3340 alicujus
3439 3273 3611 3328 forma
3636 3291 3757 3348 my-

2183 3351 2358 3405 sterii.
2388 3351 2691 3408 Novissima
2726 3371 2961 3425 namque
2989 3375 3117 3427 pars
3148 3362 3386 3417 hominis
3415 3367 3579 3432 pedes
3604 3377 3753 3422 sunt.

2182 3438 2581 3496 Ostendebatur
2615 3459 2746 3515 ergo
2783 3447 2927 3516 quod
2967 3449 3020 3502 in
3071 3452 3379 3508 novissimis
3421 3457 3754 3524 temporibus

2181 3533 2417 3586 solveret
2458 3533 2665 3604 Moyses
2712 3537 3141 3595 calceamentum
3176 3561 3333 3599 suum
3390 3558 3443 3600 ut
3480 3548 3753 3617 acciperet

2180 3624 2321 3678 alius
2350 3640 2624 3694 sponsam,
2652 3637 2707 3682 et
2753 3630 2838 3683 illa
2872 3644 3164 3688 vocaretur
3195 3637 3384 3692 domus
3436 3640 3747 3696 disealceatl

2184 3728 2353 3783 usque
2391 3717 2442 3768 in
2481 3716 2804 3772 hodiernum
2835 3720 2999 3776 diem.
3024 3722 3167 3778 Nihil
3214 3743 3342 3795 ergo
3367 3729 3511 3783 aliud
3547 3732 3598 3785 in
3632 3731 3750 3803 lege

2178 3804 2471 3872 gloriosum
2534 3811 2695 3865 habet
2746 3811 2977 3883 Moyses,
3040 3816 3141 3871 nisi
3198 3819 3365 3871 solam
3417 3819 3634 3875 faciem.
3690 3822 3748 3877 In

2179 3895 2488 3966 Evangeliis
2554 3914 2736 3956 autem
2795 3913 2938 3960 totus
2997 3906 3337 3977 gloriﬁcatur
3387 3928 3453 3966 ex
3513 3915 3745 3984 integro.

2175 3989 2315 4043 Audi
2352 3991 2493 4043 cnim
2529 3993 2658 4059 quid
2713 3995 2925 4050 dicatur
2961 3999 3010 4051 in
3042 3998 3349 4069 Evangeliis
3398 4002 3439 4036 ⁸⁷
3487 4021 3500 4058 :
3548 4024 3566 4056 ι
3612 4004 3745 4060 Cum

2176 4082 2512 4137 ascendisset
2552 4082 2709 4140 .lesus
2763 4088 2815 4141 in
2848 4100 3085 4144 montem
3128 4093 3423 4157 excelsum,
3464 4111 3746 4151 assumens

2174 4188 2357 4227 secum
2380 4173 2615 4243 Petrum,
2635 4186 2687 4230 et
2705 4175 2970 4234 Joannem
3016 4180 3367 4252 etJacobum,
3396 4186 3747 4243 transforma-

2178 4275 2261 4321 tus
2285 4279 2365 4321 est
2391 4267 2462 4321 ibi
2490 4284 2673 4323 coram
2700 4270 2832 4341 ipsis
2861 4288 2874 4324 :
2904 4282 2958 4326 et
2982 4288 3108 4327 ecce
3131 4290 3522 4345 apparuerunt,
3545 4280 3743 4349 inquit,

499 4337 617 4391 dem
642 4339 909 4405 patienter
932 4356 1269 4414 exspectant,
1297 4364 1575 4420 ttsquequo
1598 4354 1858 4411 lectiones
1877 4357 2060 4428 (79)in
2096 4351 2140 4407 ι)
2169 4357 2375 4428 Moyses
2409 4366 2463 4411 et
2503 4358 2647 4414 Elias
2678 4337 2734 4413 in
2782 4360 2973 4430 gloria,
3018 4362 3385 4433 colloquentes
3429 4384 3554 4422 cum
3592 4385 3675 4423 eo.
3716 4390 3737 4422 ι

499 4428 733 4484 Ecclesia
754 4434 1067 4491 recitentur.
1091 4438 1195 4492 Alii
1217 4456 1344 4495 vero
1363 4458 1460 4498 nec
1473 4445 1520 4498 si
1539 4447 1840 4502 recitantur
1855 4452 2055 4517 sciunt,

495 4519 589 4569 sed
612 4518 662 4571 in
690 4522 1069 4578 remotioribus
1101 4528 1386 4584 Dominicae
1404 4533 1595 4588 domus
1620 4536 1770 4602 locis,
1794 4541 2067 4595 sa-culari-

496 4607 595 4663 bus
618 4609 811 4666 fabulis
825 4625 1174 4684 occupantur.
1203 4619 1275 4673 De
1299 4623 1493 4691 quibus
1515 4640 1645 4695 ergo
1659 4642 1821 4684 ausus
1842 4646 1960 4685 sum
1986 4635 2066 4687 di-

494 4715 639 4763 θυι-ο,
654 4703 795 4771 quia,
812 4722 932 4759 cum
950 4706 1506 4783 legiturMoyses,jam
1526 4732 1629 4771 non
1646 4719 1886 4776 velamen
1902 4739 2064 4792 super

493 4806 588 4845 cor
616 4808 822 4861 eorum,
854 4800 944 4851 sed
976 4802 1155 4869 paries
1184 4805 1401 4871 quidam
1428 4817 1481 4860 et
1510 4825 1693 4864 murus
1721 4824 1801 4865 est
1831 4817 2055 4881 positus.

563 4907 609 4940 “
638 4909 788 4962 Deut.
819 4927 986 4973 xxxn.
1017 4915 1069 4969 7.
1148 4916 1193 4949 “
1246 4917 1448 4975 Jerem.
1483 4939 1600 4989 xm,
1636 4925 1721 4980 17.

564 5023 677 5102 (77)
723 5025 1009 5102 Dicendum
1041 5029 1202 5102 nobis,
1256 5043 1360 5102 etc.
1394 5036 1537 5090 Citat
1579 5038 1721 5094 lntnc
1753 5040 1929 5096 locum
1963 5045 2053 5102 Jo-

489 5095 890 5179 nasqé‘nr‘elian.
934 5098 1023 5150 lib.
1064 5115 1104 5160 I,
1137 5100 1211 5155 De
1256 5101 1437 5179 Instit.
1478 5108 1675 5179 laicitli,
1706 5126 1828 5179 cap.
1859 5095 1944 5167 l3.

561 5162 670 5241 (78)
700 5164 880 5241 Aliqui
901 5178 1145 5241 uestrum,
1176 5182 1280 5227 etc.
1316 5175 1526 5230 (litatur
1551 5178 1640 5232 hic
1664 5162 1825 5236 ioch
1963 5200 2054 5241 co-

487 5230 607 5285 dem
642 5230 775 5284 Juna
799 5230 1032 5289 ibidem.

557 5301 671 5390 (7:9)
702 5302 807 5354 Alii
843 5321 904 5357 ne
949 5309 1045 5390 hoc
1072 5308 1257 5390 ipsum
1315 5314 1520 5390 quidem
1567 5319 1826 5385 patienter
1874 5338 2054 5390 exspe-

482 5384 563 5423 cm
578 5380 953 5448 rit-,“usqueqno
985 5376 1250 5448 lectiones,
1288 5376 1393 5437 etc.
1443 5376 1652 5439 (Iitalur
1684 5390 1770 5444 hic
1805 5376 2044 5448 locns'in

483 5440 720 5492 concilio
752 5440 1060 5531 Parisieusii
1097 5440 1372 5531 sexntolib.
1428 5471 1488 5531 ιι3
1526 5473 1644 5524 cap.
1687 5440 1770 5512 1‘2:
1815 5459 1911 5514 Ubi
1950 5478 2047 5531 pro

483 5523 773 5600 muneque,
793 5514 1446 5600 male.vi1lgataISi-riptura
1474 5514 1656 5600 habet,
1683 5533 1841 5596 quod,
1866 5514 2042 5600 legeu:

485 5580 610 5633 dum
639 5592 754 5633 erat
778 5584 967 5648 quoad.
998 5580 1129 5641 a5...
1160 5580 1318 5645 lectio
1348 5595 1485 5660 quod
1527 5580 1846 5666 pro'q'uoad
1866 5580 2043 5657 ‘i‘éiéi-

1800 4928 1845 4960 εο
1879 4930 2022 4989 Psal.
2063 4956 2109 5006 ι,
2148 4940 2181 4994 8

2172 4450 2270 4505 llic
2306 4468 2410 4507 non
2454 4451 2687 4506 refertur
2718 4453 2843 4519 quia
2895 4454 3229 4523 glorificatus
3262 4467 3345 4511 est
3390 4461 3571 4515 vultus
3598 4460 3739 4528 ejus,

2169 4544 2263 4595 sed
2298 4542 2425 4611 quia
2459 4554 2604 4596 totus
2631 4545 2883 4613 apparuit
2928 4544 2981 4597 in
3037 4545 3229 4613 gloria,
3265 4549 3575 4618 colloquens
3615 4568 3740 4605 cum

2167 4635 2315 4697 Jesu,
2348 4646 2400 4690 et
2430 4636 2502 4690 ibi
2534 4636 2585 4690 ei
2610 4636 2912 4705 completur
2942 4638 3028 4691 illa
3057 4640 3366 4707 promissio,
3394 4658 3553 4709 quam
3579 4659 3739 4698 acce-

2168 4731 2243 4798 pit
2272 4731 2323 4782 in
2372 4740 2554 4782 monte
2585 4730 2738 4793 Sina,
2774 4744 2895 4784 cum
2928 4731 3126 4785 dictum
3158 4742 3242 4786 est
3263 4734 3311 4787 ei
3358 4734 3402 4765 ⁸⁸
3437 4753 3450 4787 :
3495 4754 3513 4786 ι
3561 4736 3742 4791 Poste-

2167 4825 2310 4878 riora
2344 4837 2460 4875 mea
2513 4822 2737 4876 videbis.
2784 4840 2803 4873 ι
2850 4823 2999 4877 Vidit
3058 4839 3190 4893 ergo
3242 4829 3545 4893 posteriora
3593 4831 3732 4896 ejus.

2292 4939 2333 4971 “
2365 4936 2555 4993 Matth.
2584 4953 2714 5004 xvn,
2744 4939 2794 5001 l,
2822 4939 2878 5004 ‘2,
2912 4940 2966 4995 ὃ.
3043 4940 3087 4971 ⁸⁸
3117 4941 3291 4997 Exod.
3316 4960 3507 5011 XXXIII.
3537 4947 3624 5002 23-

2183 4982 2215 5006 ὀ

2152 5054 2285 5107 litur
2322 5067 2386 5105 ex
2420 5051 2672 5131 Origenis
2711 5051 2870 5107 libris
2928 5064 3038 5108 tum
3097 5056 3260 5110 editis
3306 5069 3415 5111 tum
3472 5074 3600 5115 mss.
3638 5064 3731 5131 qui

2155 5139 2428 5191 usquequo
2454 5121 2733 5191 exhibent.

2229 5190 2340 5265 (80)
2369 5190 2539 5251 Alias,
2565 5208 2591 5265 ¢_
2612 5190 2721 5243 Nisi
2750 5192 3029 5249 amlieritis
3051 5194 3263 5249 occulta
3292 5196 3543 5265 plorabit.
3573 5218 3591 5249 ι
3619 5210 3726 5253 etc.

2155 5258 2259 5314 Sed
2294 5275 2422 5333 mss.
2462 5269 2529 5333 _ut
2580 5258 2632 5311 in
2668 5272 2881 5333 _nostro
2932 5273 3113 5333 textu.
3148 5276 3245 5319 nec
3293 5258 3466 5319 'aliter
3505 5266 3726 5333 Vulgata

2153 5331 2339 5407 Graeca
2390 5329 2589 5383 habent
2620 5347 2634 5381 :
2663 5328 2758 5381 ἐὰν
2791 5330 2847 5383 δὲ
2884 5332 2958 5402 μὴ
2981 5334 3251 5406 ἀκούσητε
3276 5376 3289 5399 ,
3328 5328 3728 5407 κεκρυμμέέθως

2156 5399 2471 5485 κ)“ῗίηύ.σεῖῗιί’
2503 5408 2608 5452 ⁸⁸⁸³·
2706 5467 2719 5485 .
2885 5399 2894 5402 ⁷
2947 5399 2957 5402 ⁷
3006 5474 3037 5485 ..
3176 5399 3186 5406 ’
3606 5476 3615 5485 .

2226 5471 2334 5550 (ξι)
2369 5467 2524 5550 Mss,
2561 5486 2579 5519 ι
2622 5467 2803 5550 pedes,
2841 5488 2858 5521 ι
2910 5474 3105 5529 rectius
3137 5488 3299 5544 quam
3331 5474 3459 5529 editi
3499 5473 3619 5531 libri
3663 5474 3722 5530 ln

2153 5537 2349 5611 quibus
2380 5537 2574 5608 legitur
2608 5557 2625 5590 ι
2658 5538 2903 5609 pedibus.
2941 5559 2961 5594 ι
