4106 6246
360 377 464 433 385

1561 375 1626 429 IN
1669 375 1955 431 EXODUM
1996 375 2274 432 HOMIIJA
2316 380 2433 436 XII.

3519 395 3625 448 386

366 498 510 551 Vidit
538 494 681 549 enim
716 509 834 564 qua:
865 494 916 547 in
946 494 1339 563 posterioribus
1381 503 1434 549 et
1466 495 1782 549 novissimis
1830 496 1944 550 die-
1975 500 2017 554 Α
2048 500 2316 565 parvitate
2367 498 2741 566 intelligentia:
2795 517 2925 558 meae
2974 505 3176 559 sentire
3214 523 3451 576 possum,
3495 525 3625 577 puto

362 593 461 647 bus
500 590 645 645 t'acta
694 599 841 650 sunt,
880 600 926 642 et
967 590 1182 655 gavisus
1228 596 1332 643 est.
1391 586 1547 641 Sicut
1592 588 1738 641 enim
1772 586 1946 640 Abra-

362 681 489 736 ham
520 681 831 749 concupivit
854 680 1037 733 videre
1065 681 1207 733 diem
1249 680 1483 745 Domini,
1512 688 1563 734 et
1589 678 1744 742 vidit,
1784 687 1838 732 et
1860 692 1948 747 ga-

364 775 513 829 visus
548 784 631 826 est
662 774 707 805 ⁸⁹
743 788 756 824 :
787 772 857 825 ita
890 780 943 825 et
975 771 1182 842 Moyses
1227 772 1542 840 concupivit
1590 772 1773 825 videre
1800 772 1942 825 diem

368 866 597 929 Domini,
637 876 689 919 et
721 865 876 927 vidit,
912 866 1203 931 etgavisus
1251 873 1331 917 est
1369 884 1382 917 :
1424 875 1472 917 et
1510 865 1825 918 necessario
1850 881 1944 935 ga-

365 956 513 1010 visus
552 964 657 1017 est,
710 954 834 1023 quia
876 953 986 1019 jam
1042 968 1145 1005 non
1199 954 1378 1007 solum
1424 952 1573 1008 vultu
1610 954 1943 1024 glorificatus

361 1045 643 1101 descendit
674 1044 739 1096 de
772 1052 976 1107 monte,
1009 1042 1102 1097 sed
1134 1052 1280 1097 totus
1325 1042 1663 1110 gloriﬁcatus
1696 1044 1943 1097 ascendit

359 1137 414 1192 in
452 1149 712 1189 montem.
747 1135 978 1190 Gavisus
1022 1144 1106 1189 est
1164 1136 1281 1189 sine
1328 1136 1492 1189 dubio
1538 1136 1765 1206 Moyses,
1795 1137 1939 1205 quod

358 1245 482 1284 eum
517 1229 583 1283 de
614 1244 718 1296 quo
749 1229 960 1282 dixerat
998 1229 1044 1260 ⁸⁰
1075 1248 1088 1284 :
1125 1248 1144 1281 ι
1188 1230 1514 1297 Prophetam
1569 1230 1721 1282 Vobis
1768 1229 1943 1283 susci-

361 1322 497 1374 tabit
529 1319 791 1373 Dominus
834 1320 971 1373 Dctts
995 1330 1174 1375 vester
1206 1335 1270 1374 ex
1299 1319 1555 1374 fratribus
1590 1319 1805 1377 vestris.
1838 1319 1941 1371 sic-

362 1423 423 1465 ut
462 1411 725 1479 meipsum
780 1410 1012 1465 audietis
1075 1426 1173 1479 per
1223 1412 1447 1476 omnia;
1501 1430 1519 1461 ι
1568 1425 1711 1465 nunc
1754 1412 1943 1463 adesse

359 1505 639 1568 cernebat,
671 1514 727 1558 et
759 1502 916 1556 (idem
957 1503 1135 1558 facere
1184 1504 1531 1557 sermonibus
1585 1503 1718 1555 suis.
1758 1503 1821 1555 Et
1869 1516 1935 1554 ne

357 1605 712 1652 cunctaretur
735 1596 787 1648 iu
817 1594 1021 1663 aliquo,
1057 1595 1209 1648 audit
1233 1601 1511 1661 paternam
1540 1609 1726 1648 vorem
1755 1595 1942 1648 dicen-

359 1698 465 1742 tem
498 1686 542 1719 "
579 1706 593 1741 :
629 1704 647 1737 «ι
680 1685 777 1739 Hic
804 1695 887 1739 est
914 1684 1086 1738 Filius
1120 1699 1273 1738 meus
1311 1684 1561 1744 dilectus,
1592 1685 1642 1737 in
1677 1700 1783 1753 quo
1808 1685 1936 1739 mihi

358 1781 497 1834 bene
545 1777 845 1846 complacui
883 1792 899 1831 :
944 1778 1117 1847 ipsum
1168 1776 1365 1830 audite.
1401 1795 1418 1826 ι
1469 1775 1679 1845 Moyses
1731 1775 1932 1829 dudum

359 1870 517 1933 dixit,
547 1886 569 1920 ι
599 1868 750 1922 ἱΙΙιιιιι
787 1867 1062 1931 audietis;
1101 1884 1120 1919 ι
1164 1880 1306 1919 nunc
1341 1865 1495 1919 Pater
1529 1866 1660 1919 dicit
1705 1883 1738 1919 ε·
1774 1884 1791 1916 ι
1840 1865 1939 1921 Hic

359 1968 443 2013 est
471 1958 643 2013 Filius
672 1973 843 2021 meus,
887 1961 1059 2025 ipsum
1105 1956 1321 2018 audite;
1359 1975 1377 2007 ι
1432 1965 1483 2010 ει
1519 1968 1838 2024 praesentem
1872 1958 1938 2012 de

359 2067 470 2122 quo
506 2051 657 2116 dicit,
715 2050 971 2105 ostendit.
1016 2048 1264 2103 Gaudere
1294 2049 1457 2103 etiam
1515 2049 1643 2102 mihi
1680 2063 1779 2117 pro
1838 2051 1939 2102 hoc

358 2146 574 2199 videtur
604 2144 830 2214 Moyses,
860 2143 984 2211 quia
1018 2149 1072 2194 et
1096 2142 1207 2209 ipse
1243 2141 1648 2207 Quodammodo
1677 2157 1820 2194 nunc
1844 2142 1939 2196 de-

353 2237 505 2305 ponit
535 2236 779 2291 velamen
809 2249 1105 2291 conversus
1128 2233 1195 2286 ad
1230 2232 1539 2300 Dominum,
1567 2249 1689 2286 cum
1714 2233 1939 2288 eviden-

353 2336 436 2379 ter
461 2341 582 2395 qua:
612 2326 858 2395 praedixit
911 2324 1235 2395 implentur;
1290 2324 1373 2378 vel
1409 2339 1533 2378 cum
1597 2332 1811 2393 tempus
1841 2325 1937 2378 ad-

351 2418 520 2482 venit,
548 2426 606 2472 ut
640 2432 737 2488 per
769 2416 1031 2487 Spiritum
1076 2424 1324 2471 sanctum
1368 2430 1492 2485 qua:
1523 2414 1810 2469 obtexcrat
1844 2431 1929 2469 re-

352 2508 619 2562 velentur.

419 2595 476 2650 4.
506 2594 904 2650 Retractandus
934 2603 1113 2649 tamen
1135 2601 1221 2649 est
1247 2593 1419 2647 sancti
1449 2592 1688 2664 Apostoli
1718 2608 1931 2660 sensus,

350 2698 409 2743 et
429 2685 884 2743 considerandum
903 2685 1029 2754 quid
1047 2684 1095 2739 ei
1125 2685 1298 2738 visum
1328 2684 1420 2747 sit,
1452 2699 1574 2737 cum
1601 2684 1828 2739 dixisset
1848 2686 1931 2739 "z

355 2797 376 2831 ι
420 2779 477 2833 Si
516 2788 697 2832 autem
729 2790 1028 2831 conversus
1056 2776 1177 2844 quis
1207 2775 1371 2829 luerit
1403 2775 1469 2829 ad
1494 2775 1804 2842 Dominum,
1835 2792 1932 2829 auc

352 2871 557 2924 feretur
592 2868 866 2930 velamen.
908 2886 926 2920 ι
962 2874 1017 2920 ιιι
1061 2866 1282 2920 adderet
1316 2884 1331 2920 :
1369 2884 1386 2918 ι
1430 2866 1697 2921 Dominus
1746 2878 1929 2921 autem

351 2963 575 3034 spiritus
603 2972 723 3027 est;
766 2979 785 3013 ι
831 2960 1103 3030 per'quod
1134 2959 1293 3029 quasi
1331 2960 1676 3029 interpretari
1710 2961 1932 3015 videtur

354 3056 486 3126 quid
516 3065 601 3110 est
634 3054 910 3108 Dominus.
938 3053 1070 3119 Quis
1114 3053 1258 3107 enim
1293 3053 1465 3107 nescit
1492 3052 1637 3122 quod
1671 3052 1928 3107 Dominus

348 3148 572 3218 spiritus
589 3146 705 3201 est?
726 3146 830 3199 Sed
852 3143 1011 3216 175
1027 3144 1265 3213 nunquid
1288 3144 1343 3198 in
1371 3144 1471 3198 hoc
1491 3144 1609 3199 loco
1627 3144 1693 3198 de
1714 3143 1928 3199 Domini
1958 3167 1998 3222 (ς

348 3244 431 3296 vel
467 3250 683 3305 natura,
728 3238 813 3293 vel
858 3238 1157 3292 substantia
1204 3238 1562 3301 tractabatur,
1615 3247 1674 3289 ut
1719 3236 1932 3291 diceret

349 3333 475 3403 quia
510 3331 770 3385 Dominus
805 3330 1031 3398 spiritus
1064 3329 1192 3383 est?
1229 3328 1524 3383 Videamus
1553 3343 1686 3397 ergo
1718 3343 1785 3381 ne
1815 3342 1924 3382 non

350 3424 526 3480 solum
554 3438 678 3476 cum
709 3420 919 3487 Moyses
951 3424 1165 3490 legitur,
1196 3421 1292 3475 sed
1325 3430 1378 3474 et
1406 3436 1530 3475 cum
1568 3419 1765 3473 Paulus
1795 3420 1929 3488 legi-

350 3524 459 3581 tur,
517 3514 762 3567 velameu
811 3512 881 3567 sit
931 3513 1165 3581 positmn
1215 3525 1378 3580 super
1423 3525 1519 3565 cor
1561 3520 1830 3564 nostrum.
1865 3509 1931 3564 Et

350 3604 660 3669 manifeste,
700 3604 745 3658 si
796 3604 1134 3674 negligenter
1164 3602 1434 3669 audimus,
1479 3602 1523 3655 si
1574 3601 1710 3655 nihil
1755 3602 1928 3655 studii

347 3698 415 3753 ad
456 3696 819 3751 eruditionem
866 3703 922 3748 et
971 3693 1394 3762 intelligentiam
1425 3692 1787 3761 conferimus,
1824 3711 1928 3748 non

346 3790 519 3845 solum
551 3789 685 3858 legis
720 3797 774 3841 et
805 3786 1196 3857 prophetarum
1226 3786 1531 3857 Scriptura,
1569 3787 1664 3841 sed
1707 3797 1762 3840 et
1802 3800 1932 3854 apo-

345 3880 608 3936 stolorum
655 3889 710 3933 et
739 3877 1163 3947 Evangeliorum
1211 3878 1408 3946 grandi
1466 3876 1625 3932 nobis
1660 3877 1930 3931 velamine

350 3974 569 4044 tegitur.
596 3972 706 4041 Ego
728 3979 907 4025 autem
935 3984 1147 4032 vereor,
1182 3984 1249 4022 ne
1279 3983 1375 4037 per
1407 3968 1626 4022 nimiam
1657 3968 1931 4037 negligen-

350 4070 479 4124 tiam
511 4078 567 4123 et
590 4064 941 4120 stoliditatem
977 4063 1186 4129 cordis,
1223 4076 1329 4116 uou
1387 4061 1560 4115 solum
1597 4060 1770 4115 velata
1823 4060 1930 4114 siut

350 4161 507 4217 nobis
532 4161 712 4216 divina
752 4158 1047 4222 volumina,
1082 4155 1175 4209 sed
1206 4163 1261 4208 et
1304 4153 1553 4223 signata;
1606 4163 1665 4206 ut
1694 4152 1738 4206 si
1772 4152 1928 4206 detur

346 4257 403 4313 in
442 4270 635 4310 manus
663 4253 899 4307 hominis
926 4249 1224 4305 nescientis
1249 4248 1458 4301 litteras
1486 4244 1620 4299 liber
1646 4244 1924 4315 legendus.

350 4352 498 4407 dicat
525 4349 652 4420 quia
715 4346 897 4401 nescio
944 4344 1156 4399 litteras
1194 4358 1208 4397 :
1243 4342 1287 4397 si
1327 4342 1483 4396 detur
1521 4340 1572 4393 in
1608 4354 1799 4393 manus
1829 4336 1925 4390 ho-

350 4446 513 4501 minis
548 4443 768 4499 scieutis
818 4441 1049 4501 litteras,
1103 4438 1249 4492 dicat
1305 4436 1429 4505 quia
1498 4435 1741 4501 signatus
1818 4439 1921 4485 est.

2047 590 2188 658 quod
2226 591 2460 646 Verbum
2494 589 2586 646 Dei
2620 606 2717 661 pro
2739 608 2805 647 eo
2835 596 2977 663 quod
3002 597 3338 652 auditoribus
3369 601 3619 665 interest,

2047 691 2103 734 ut
2135 697 2275 751 smpe
2304 683 2415 750 jam
2445 684 2703 749 diximus,
2739 701 2882 740 nunc
2906 687 3012 751 via,
3049 704 3189 741 nunc
3223 692 3446 755 veritas,
3476 707 3622 746 nunc

2047 775 2176 837 vita,
2208 790 2349 827 nunc
2375 778 2705 830 resurrectio
2739 778 3075 845 nominatur,
3107 795 3250 832 nunc
3284 781 3445 833 etiam
3471 798 3619 850 caro,

2046 882 2186 920 nunc
2216 882 2343 921 vero
2368 869 2591 937 spiritus
2633 869 2857 924 dicitur.
2892 869 3154 936 Quamvis
3197 874 3340 925 cnim
3387 888 3513 929 vere
3558 892 3624 930 ex

2044 957 2262 1027 Virgine
2289 960 2646 1014 substantiam
2679 960 2859 1013 carnis
2895 962 3163 1030 acceperit
3200 964 3249 1015 in
3292 978 3395 1030 qua
3419 974 3473 1018 et
3502 981 3628 1019 cru-

2044 1066 2162 1104 cem
2214 1051 2452 1119 pertulit,
2501 1060 2555 1104 et
2597 1055 3054 1107 resurrectionem
3094 1054 3368 1121 initiavit;
3434 1066 3616 1111 tamen

2044 1150 2128 1195 est
2154 1141 2242 1194 ubi
2278 1141 2571 1211 Apostolus
2593 1142 2723 1196 dicit
2751 1143 2798 1174 ⁸³
2834 1160 2847 1196 :
2884 1160 2903 1193 ι
2933 1142 3042 1196 Etsi
3076 1146 3432 1211 cognovimus
3462 1146 3626 1202 Chri--

2045 1242 2190 1284 stum
2227 1232 2523 1285 secundum
2558 1247 2799 1295 carnem,
2840 1231 2933 1285 sed
2966 1247 3108 1284 nunc
3156 1232 3269 1299 jam
3318 1249 3424 1287 non
3468 1236 3626 1288 novi-

2045 1339 2185 1379 mus.
2227 1341 2244 1373 ι
2289 1322 2424 1388 Quia
2454 1338 2585 1393 ergo
2621 1333 2674 1376 ct
2713 1339 2856 1376 nunc
2886 1337 3065 1375 sermo
3111 1325 3227 1388 ejus
3269 1327 3336 1378 ad
3370 1327 3625 1381 subtilio-

2046 1430 2159 1468 rem
2185 1424 2240 1468 et
2269 1415 2566 1482 spiritalem
2596 1415 3008 1485 intelligentiam
3038 1427 3296 1485 provocat
3324 1418 3624 1486 auditores.

2043 1515 2097 1559 et
2137 1505 2253 1558 vult
2288 1520 2383 1559 eos
2427 1506 2559 1559 nihil
2609 1507 2829 1560 carnale
2876 1507 2930 1559 iu
2967 1507 3079 1576 lege
3110 1509 3340 1574 sentire,
3381 1511 3621 1566 dicitur:

2043 1597 2144 1662 Qui
2184 1597 2298 1651 vult
2332 1597 2534 1651 auferri
2571 1602 2814 1651 velamen
2853 1599 2920 1654 de
2974 1599 3129 1653 corde
3178 1614 3297 1668 suo,
3333 1612 3623 1656 converta-

2045 1695 2132 1739 tur
2157 1688 2224 1739 ad
2260 1688 2573 1755 Dominmn,
2609 1705 2716 1743 non
2751 1689 2906 1757 quasi
2947 1692 3014 1744 ad
3042 1705 3264 1745 carnem
3315 1692 3623 1757 Dominum,

2040 1785 2125 1829 est
2146 1778 2288 1830 enim
2312 1789 2367 1831 et
2394 1778 2520 1846 hoc,
2542 1780 2667 1848 quia
2693 1799 2710 1831 ι
2732 1778 2971 1834 Verbum
3002 1796 3130 1834 caro
3146 1782 3344 1836 factum
3372 1794 3451 1838 est
3482 1785 3559 1850 ";
3599 1803 3620 1837 ι

2043 1868 2136 1921 sed
2169 1870 2321 1937 quasi
2354 1869 2421 1924 ad
2461 1873 2715 1940 spiritum
2747 1872 3055 1927 Dominum.
3090 1874 3145 1929 Si
3189 1874 3334 1928 enim
3372 1876 3529 1942 quasi
3555 1877 3622 1930 ad

2042 1959 2291 2026 spiritum
2344 1960 2633 2014 Dominum
2671 1973 3047 2029 convertatur,
3091 1965 3155 2018 de
3204 1966 3515 2019 carnalibus
3555 1970 3622 2021 ad

2040 2046 2306 2114 spiritalia
2328 2049 2529 2114 veniet,
2556 2058 2609 2103 et
2638 2050 2705 2103 ad
2733 2051 3035 2106 libertatem
3062 2054 3127 2106 de
3154 2055 3417 2108 servitute
3446 2066 3624 2109 trans—

2043 2137 2142 2191 ibit
2173 2155 2187 2192 :
2229 2157 2247 2190 ι
2287 2137 2375 2192 ubi
2420 2158 2438 2190 ι
2473 2140 2616 2192 enim
2656 2158 2673 2191 ι
2704 2142 2929 2207 spiritus
2979 2141 3224 2209 Domini,
3261 2144 3331 2197 ibi
3364 2154 3417 2198 et
3454 2145 3620 2198 liber-

2044 2236 2124 2280 tas
2154 2228 2220 2282 ⁸⁷.
2257 2246 2276 2280 ι
2311 2227 2377 2281 Ει
2424 2239 2482 2282 ιιι
2520 2229 2695 2283 adhuc
2741 2230 3046 2285 evidentius
3082 2232 3169 2284 liat
3220 2233 3363 2301 quod
3399 2234 3619 2299 dicitur,

2041 2326 2259 2371 utamur
2281 2326 2336 2373 et
2358 2319 2479 2374 aliis
2509 2320 2751 2388 Apostoli
2783 2321 3053 2376 sensibus.
3084 2322 3167 2377 Ad
3200 2325 3461 2391 quosdam
3491 2326 3622 2380 dicit

2038 2423 2176 2478 quos
2213 2419 2460 2463 senserat
2503 2410 2811 2480 incapaces,
2857 2415 2981 2483 quia
3045 2432 3063 2465 ι
3105 2414 3239 2468 nihil
3273 2416 3616 2485 mejudicavi

2036 2500 2182 2554 aliud
2216 2501 2357 2555 scire
2395 2501 2540 2554 inter
2569 2517 2685 2567 vos,
2721 2502 2825 2557 nisi
2853 2503 3125 2558 Christum
3153 2504 3361 2570 Jesum,
3392 2517 3448 2561 et
3476 2507 3620 2563 hunc

2036 2593 2356 2648 cruciﬁxum
2387 2593 2456 2647 ⁸⁸.
2498 2613 2517 2645 ι
2567 2595 2694 2648 Istis
2730 2595 2925 2650 talibus
2957 2611 3060 2650 non
3100 2597 3311 2652 diccbat
3344 2598 3469 2667 quia
3510 2599 3615 2655 Do-

2037 2686 2216 2740 minus
2245 2686 2471 2755 spiritus
2506 2697 2611 2751 est,
2665 2702 2761 2742 nec
2813 2689 3029 2743 dicebat
3072 2690 3153 2746 eis
3184 2692 3308 2759 quia
3362 2692 3619 2747 Christus

2038 2777 2130 2831 Dei
2161 2777 2429 2846 sapientia
2461 2786 2545 2831 est
2578 2779 2648 2832 ”.
2686 2778 2801 2833 Non
2841 2781 2983 2833 enim
3017 2791 3265 2849 poterant
3312 2797 3612 2851 agnoscere

2035 2868 2313 2923 Christum
2340 2872 2639 2925 secundum
2668 2871 2767 2926 hoc
2802 2876 2947 2941 quod
2973 2873 3242 2941 sapientia
3278 2874 3367 2929 Dei
3392 2886 3496 2943 est,
3520 2877 3615 2932 sed

2035 2961 2331 3014 secundum
2365 2960 2471 3014 hoc
2501 2961 2643 3029 quod
2685 2962 2982 3017 crucifixus
3030 2975 3133 3017 est.
3170 2963 3247 3018 Illi
3286 2975 3465 3020 autem
3494 2969 3615 3037 qui.

2034 3052 2134 3106 bus
2170 3051 2386 3105 dicebat
2417 3050 2498 3103 ‘°:
2541 3068 2560 3101 ι
2592 3049 2928 3119 Sapientiam
2953 3050 3231 3118 loquimur
3259 3052 3402 3107 inter
3432 3053 3613 3124 perfe-

2034 3150 2172 3203 ctos,
2205 3139 2533 3209 sapientiam
2580 3150 2763 3194 autern
2812 3156 2920 3195 non
2967 3140 3127 3208 hujus
3173 3143 3385 3208 saeculi,
3441 3161 3615 3215 neque

2034 3231 2340 3300 principum
2384 3230 2543 3299 hujus
2592 3231 2804 3295 mundi,
2842 3230 2936 3299 qui
2980 3232 3353 3298 destrnuutur,
3392 3235 3484 3289 sed
3533 3237 3614 3289 lo-

2031 3321 2255 3391 quimur
2294 3321 2385 3375 Dei
2416 3320 2737 3389 sapientiam
2776 3321 2829 3374 in
2864 3324 3125 3393 mysterio
3156 3324 3565 3389 absconditam;
3591 3344 3609 3376 ι

2031 3426 2137 3468 non
2174 3410 2489 3481 indigebant
2511 3422 2568 3466 ut
2601 3411 2835 3466 Verbum
2863 3414 2953 3467 Dei
2982 3416 3277 3468 secundum
3309 3416 3409 3469 hoc
3435 3418 3612 3471 susci-

2031 3513 2242 3574 pcrent,
2275 3505 2416 3574 quod
2446 3519 2575 3560 caro
2621 3503 2822 3559 factum
2863 3514 2970 3569 est,
3004 3504 3097 3559 sed
3141 3504 3436 3561 secundum
3485 3506 3612 3573 hoc,

2030 3598 2172 3667 quod
2208 3600 2479 3668 sapientia
2512 3600 2563 3653 in
2595 3598 2860 3670 mysterio
2888 3599 3199 3653 abscondita
3226 3608 3330 3654 est.
3366 3598 3455 3655 Sic
3482 3615 3612 3671 ergo

2031 3700 2085 3744 et
2120 3691 2172 3744 in
2204 3693 2306 3745 hoc
2334 3691 2474 3758 loco,
2507 3692 2574 3746 iis
2606 3693 2695 3760 qui
2724 3693 2792 3746 de
2841 3691 3045 3745 carnali
3088 3692 3165 3749 ad.
3198 3692 3498 3761 spiritalem
3533 3695 3614 3747 in-

2034 3784 2380 3853 telligentiam
2432 3792 2817 3852 provocamur,
2869 3784 3071 3838 dicitur
3103 3799 3117 3836 :
3156 3804 3177 3835 ‹
3214 3785 3475 3839 Dominus
3511 3801 3609 3838 au-

2035 3881 2140 3926 tem
2183 3872 2405 3941 spiritus
2436 3882 2558 3937 est;
2592 3872 2681 3927 ubi
2721 3884 2901 3926 autem
2933 3874 3157 3943 spiritus
3188 3873 3424 3940 Domini,
3460 3876 3530 3929 ibi
3556 3886 3611 3929 et

2032 3962 2273 4019 libertas.
2311 3983 2330 4016 ι
2366 3963 2434 4019 Ut
2458 3973 2639 4017 autem
2672 3967 3009 4029 ostenderet,
3040 3966 3163 4035 quia
3209 3966 3322 4035 ipse
3352 3968 3463 4036 jam
3491 3982 3613 4036 per—

2033 4055 2177 4109 venit
2209 4055 2276 4108 ad
2314 4055 2559 4108 scientia:
2592 4052 2929 4118 libertatem,
2960 4063 3015 4107 et
3044 4064 3239 4108 exutus
3267 4065 3346 4109 est
3377 4054 3442 4109 de
3468 4053 3615 4108 vela—

2031 4149 2190 4201 minis
2211 4148 2500 4211 servitute,
2529 4146 2681 4201 addit
2712 4145 2817 4214 bis,
2846 4155 2902 4201 et
2929 4146 3064 4200 dicit
3090 4147 3133 4178 ⁶¹
3174 4165 3188 4201 :
3222 4164 3242 4197 ι
3288 4147 3396 4201 Nos
3430 4155 3609 4200 autem

2027 4253 2235 4301 omnes,
2263 4237 2497 4292 revelata
2524 4237 2683 4302 faeie,
2704 4238 2930 4308 gloriam
2955 4237 3165 4291 Domini
3194 4237 3552 4307 speculantes.
3585 4253 3609 4290 ι

2029 4329 2086 4385 Si
2117 4344 2244 4399 ergo
2281 4339 2336 4384 et
2364 4345 2465 4385 nos
2500 4330 2790 4385 Dominum
2840 4329 3219 4398 deprecemur,
3268 4338 3324 4382 ιιι
3363 4328 3609 4381 velamen

2029 4423 2093 4476 de
2125 4422 2290 4476 co‘rde
2327 4432 2520 4476 nostro
2550 4421 2800 4490 dignetur
2829 4420 3066 4484 auferre,
3100 4434 3294 4488 capere
3324 4434 3612 4488 possumus

348 4534 503 4594 Unde
534 4533 840 4589 ostenditur
866 4544 970 4583 non
996 4527 1170 4581 solum
1206 4502 1445 4582 stud—ium
1476 4523 1631 4577 nobis
1662 4521 1925 4576 adhiben-
1958 4502 2001 4556 Ῑ)
2032 4517 2446 4587 intelligentiam
2479 4516 2804 4585 spiritalem,
2838 4514 2884 4567 si
2922 4523 3100 4568 tamen
3132 4522 3512 4567 convertamur
3543 4513 3611 4567 ad

346 4627 474 4681 dum
522 4639 643 4680 esse
690 4625 753 4678 ad
798 4621 1085 4677 discendas
1124 4620 1334 4674 litteras
1382 4629 1590 4679 sacras,
1631 4628 1818 4668 verum
1870 4622 1925 4665 et

345 4717 755 4788 supplicandum
795 4714 1041 4779 Domino,
1080 4722 1135 4767 et
1164 4711 1353 4765 diebus
1385 4724 1449 4764 ac
1477 4706 1726 4763 noctibus
1758 4704 1927 4758 obse-

345 4812 636 4869 crandum,
673 4821 729 4860 ut
759 4807 942 4859 veniat
993 4806 1176 4873 Agnus
1233 4818 1300 4857 ex
1346 4801 1491 4856 tribu
1524 4798 1684 4864 Juda,
1714 4804 1768 4851 et
1808 4797 1923 4863 ipse

348 4904 624 4974 accipiens
656 4901 852 4955 librmn
886 4900 1157 4967 signatum
1211 4894 1467 4964 dignetur
1516 4889 1750 4960 aperire.
1805 4886 1923 4955 Ipse

345 5008 432 5053 εει
462 4998 604 5051 enim
630 4995 721 5064 qui
751 4994 1064 5061 Scripturas
1107 4987 1448 5055 adapcrieus,
1482 4981 1731 5038 accendit
1758 4980 1921 5033 corda

348 5090 761 5160 discipulorum,
791 5087 863 5139 ita
890 5093 947 5136 ιιι
970 5082 1150 5135 dicant
1173 5080 1219 5111 ⁸³
1247 5101 1258 5134 :
1292 5097 1311 5131 ι
1342 5078 1529 5131 Nonne
1553 5091 1649 5129 cor
1678 5085 1921 5127 nostrum

346 5192 467 5239 erat
498 5184 695 5237 ardens
726 5183 864 5235 intra
898 5192 1016 5238 nos,
1051 5188 1173 5227 cum
1208 5172 1443 5241 aperiret
1476 5168 1634 5223 nobis
1674 5166 1921 5235 Scriptu-

353 5280 478 5334 ras?
506 5297 525 5330 ι
567 5278 683 5346 Ipse
714 5290 845 5343 ergo
872 5271 1031 5324 etiam
1066 5282 1211 5322 nunc
1245 5265 1400 5320 nobis
1426 5264 1641 5333 aperire
1674 5261 1925 5330 dignetur

348 5373 478 5441 quid
502 5378 585 5423 est
608 5367 753 5437 quod
785 5361 1044 5433 Apostolo
1071 5376 1167 5415 suo
1194 5356 1482 5426 inspiravit
1514 5364 1569 5408 ut
1598 5350 1807 5407 diceret
1839 5351 1920 5404 ’ῖς

353 5481 373 5515 ι
416 5464 676 5516 Dominus
704 5467 885 5513 autem
923 5455 1151 5524 spiritus
1184 5461 1289 5515 est,
1339 5449 1430 5503 tibi
1466 5458 1645 5502 autem
1699 5444 1925 5514 spiritus

351 5555 591 5619 Domini,
631 5551 704 5607 ibi
753 5542 996 5605 libertas.
1033 5564 1052 5597 ι
1104 5545 1214 5613 Ego
1258 5542 1475 5611 quidem
1519 5548 1779 5608 quantum
1825 5550 1925 5605 pro

416 5670 464 5702 ⁸’
496 5650 659 5724 «Ιοπιιξ
687 5680 800 5729 vtu,
850 5663 939 5717 56.
1014 5660 1060 5691 ⁸⁰
1094 5658 1248 5729 Deut.
1305 5669 1481 5729 xvnt.
1508 5654 1623 5729 l;‘i.__
1661 5653 1711 5729 f‘
1747 5650 1941 5729 Matth.
1968 5648 2209 5729 _xvu,__!fi2

1013 5732 1058 5764 ⁵⁸
1097 5729 1133 5781 Il
1161 5728 1286 5782 Cor.
1316 5741 1366 5786 v,
1420 5724 1505 5778 ιϐ.
1581 5724 1626 5755 ⁵⁸
1653 5721 1809 5777 Jnan.
1848 5736 1885 5786 ι,
1924 5721 2010 5776 ll.

348 5740 397 5778 εδ
428 5740 468 5794 ιι
517 5741 643 5795 Cor.
707 5753 789 5798 ιιι,
850 5736 933 5790 l7.

345 5793 442 5869 ει,
515 5793 557 5842 ⁶⁷’
598 5810 724 5863 ibid.
757 5793 827 5875 νί,
862 5808 912 5861 7.
994 5805 1033 5836 “
1071 5800 1112 5855 ll
1145 5801 1267 5854 Cor.
1301 5812 1377 5859 ttt,
1409 5793 1492 5849 l8.

2032 4609 2342 4671 Dominum,
2389 4619 2443 4662 et
2483 4607 2786 4661 libertatem
2828 4604 3074 4658 scientiae
3108 4604 3468 4674 requiramus.
3504 4602 3611 4657 Sed

2031 4702 2303 4771 quomodo
2330 4701 2576 4754 invenire
2607 4714 2894 4769 possumus
2935 4697 3267 4761 libertatem,
3305 4696 3394 4765 qui
3433 4695 3611 4750 servi-

2033 4810 2152 4848 mus
2191 4792 2410 4858 saaculo,
2459 4792 2551 4860 qui
2596 4790 2866 4845 servimus
2901 4789 3171 4857 pecuniar,
3220 4789 3310 4855 qui
3342 4785 3610 4840 servimus

2026 4886 2309 4941 desideriis
2332 4883 2546 4939 carnis?
2588 4883 2698 4952 Ego
2729 4882 2993 4950 meipsum
3039 4878 3295 4946 corripio,
3342 4875 3607 4945 meipsum

2020 4976 2227 5045 judico,
2254 4991 2354 5044 ego
2377 4990 2524 5029 meas
2549 4974 2732 5041 culpas
2758 4986 2950 5040 arguo,
2982 4969 3213 5023 viderint
3235 4967 3327 5036 qui
3355 4966 3611 5031 audiunt,

2027 5069 2157 5139 quid
2211 5069 2278 5123 de
2330 5067 2635 5134 semetipsis
2696 5063 2961 5117 sentiant.
3040 5060 3153 5130 Ego
3209 5058 3427 5113 interim
3486 5057 3611 5111 dico

2026 5160 2194 5230 quod,
2232 5159 2403 5213 donec
2433 5157 2592 5210 alicui
2626 5156 2820 5209 horum
2851 5152 3126 5217 deservio,
3175 5164 3278 5203 non
3312 5163 3433 5203 sum
3473 5164 3576 5204 con

2029 5268 2218 5307 versus
2269 5253 2334 5304 ad
2366 5249 2677 5313 Dominum,
2738 5262 2838 5301 nec
2895 5246 3060 5301 ullam
3108 5253 3436 5298 consecutus
3485 5256 3605 5297 sum

2030 5346 2336 5401 libertatem
2373 5344 2545 5399 donec
2581 5338 2708 5412 talia
2741 5354 2830 5394 me
2862 5338 3073 5408 negotia
3110 5345 3167 5390 et
3214 5333 3607 5389 sollicitudines

2028 5438 2328 5507 stringunt.
2360 5436 2507 5490 llllns
2533 5451 2561 5488 a
2592 5450 2697 5505 quo
2725 5434 3071 5502 constringor
3099 5429 3296 5500 negotii
3334 5434 3389 5480 et
3415 5426 3586 5480 sollici

2032 5531 2240 5586 tudinis
2268 5545 2459 5585 servus
2490 5542 2630 5582 sum.
2671 5526 2798 5582 Scio
2837 5524 2982 5580 enim
3013 5522 3274 5590 scriptum
3303 5532 3446 5585 esse,
3478 5517 3604 5587 quia

2301 5642 2414 5697 "ll
2448 5641 2573 5696 Cor.
2638 5658 2718 5708 ιιι,
2772 5640 2858 5700 l6,
2912 5640 2996 5693 l7.
3068 5637 3115 5669 ⁸³
3148 5634 3479 5708 ιιιικηχιιιι,
3515 5627 3600 5683 52.

2120 5720 2164 5751 ³⁷
2195 5718 2235 5773 ll
2282 5716 2410 5772 Cor.
2463 5728 2544 5781 ιιι,
2590 5705 2713 5767 Π(
2753 5712 2842 5766 ⁸⁸1
2874 5712 2998 5766 Cor.
3044 5724 3103 5775 ιι,
3156 5708 3210 5762 2.
3285 5706 3329 5738 ⁸³
3361 5708 3377 5759 ι
3408 5705 3591 5765 llum,
