4106 6246
484 358 586 416 387

1956 353 2279 409 OlilGENlS

3638 348 3745 404 388

410 472 413 473 ⁷
487 474 858 543 unusquisque
886 489 913 527 a
944 488 1049 543 quo
1073 473 1332 539 vincitur,
1371 474 1495 529 huic
1543 483 1597 530 et
1628 489 1819 530 servus
1851 475 2055 528 addici-
2088 479 2130 535 Α
2162 490 2285 527 reor
2307 472 2450 526 enim
2478 486 2545 525 ne
2576 471 2714 527 forte
2741 470 2950 526 etiamsi
2980 468 3233 525 Dominus
3282 464 3526 522 revelare
3551 464 3733 535 digne.-

488 576 576 619 tur
605 564 671 629 ⁸³,
707 565 870 617 etiam
894 566 939 617 si
973 578 1057 618 me
1080 580 1232 617 amor
1257 566 1499 631 pecnnim
1534 581 1640 619 non
1683 573 1909 633 supcrat
1930 564 2065 633 (89.),

484 657 647 711 etiam
667 656 709 708 si
733 654 1132 724 possessionum
1151 665 1205 710 et
1220 656 1532 709 divitiarum
1551 670 1681 710 cura
1704 671 1809 709 non
1832 656 2069 725 stringit,

486 745 659 801 laudis
684 757 860 799 tamen
882 747 1110 813 cupidus
1143 761 1284 810 sum,
1317 754 1373 798 et
1426 746 1651 813 gloriam
1676 756 1853 799 sector
1885 748 2071 799 huma-

487 851 633 899 nam,
658 838 701 888 si
728 836 790 889 de
822 836 1100 889 hominum
1117 834 1352 888 vultibus
1379 844 1433 888 et
1462 834 1804 888 sermonibus
1836 837 2065 905 pendeo,

485 926 613 994 quid
641 925 705 978 de
731 939 813 977 me
843 924 933 977 ille
958 924 1177 984 sentiat,
1212 922 1481 990 quomodo
1513 922 1601 977 ille
1645 938 1729 978 me
1753 923 1971 987 habeat,
2002 938 2068 978 ne

485 1016 559 1069 illi
593 1015 690 1080 dis;
714 1014 928 1079 liceam,
962 1013 1003 1065 si
1040 1013 1111 1064 illi
1145 1012 1403 1079 placeam.
1468 1012 1650 1068 Donec
1684 1016 1904 1082 requiro
1937 1016 2063 1080 ista,

483 1120 673 1160 servus
728 1106 919 1158 horum
979 1118 1121 1156 sum.
1160 1104 1266 1157 Sed
1302 1104 1549 1158 volebam
1594 1120 1659 1160 ex
1718 1106 1819 1161 hoc
1873 1107 2061 1161 saltem

485 1195 618 1249 satis
658 1206 842 1260 agere.
882 1192 927 1245 si
964 1192 1165 1259 possim
1225 1191 1363 1247 liber
1418 1194 1558 1257 ﬁeri,
1606 1195 1649 1250 si
1704 1196 1903 1265 possim
1935 1196 2064 1266 jngo

487 1282 640 1335 fmdze
677 1280 831 1348 hujus
859 1283 1135 1337 servitutis
1161 1284 1369 1338 absolvi
1408 1285 1540 1356 (83),
1579 1296 1633 1341 et
1672 1289 1957 1358 pervenire
1993 1290 2059 1344 ad

484 1371 788 1423 libertatem
821 1373 1116 1424 secundum
1174 1375 1417 1443 Apostoli
1465 1378 1949 1433 commonitionem
1980 1378 2062 1431 di-

482 1462 655 1516 centis
694 1463 738 1493 ³³
777 1479 791 1515 :
832 1481 849 1513 ι
882 1464 937 1517 lu
973 1464 1276 1519 libertatem
1310 1469 1486 1521 vocati
1534 1470 1685 1534 estis,
1722 1471 1888 1523 nolite
1944 1470 2058 1528 ﬁeri

482 1552 623 1605 servi
657 1554 958 1608 hominum.
1002 1572 1020 1604 ι
1055 1554 1161 1608 Sed
1192 1557 1313 1621 quis
1352 1558 1481 1610 mihi
1518 1560 1671 1613 dabit
1698 1562 1836 1615 hanc
1865 1578 2059 1616 manu-

487 1644 839 1697 missionem?
870 1645 1001 1711 Quis
1029 1662 1111 1699 me
1140 1646 1206 1697 ab
1232 1646 1334 1701 hac
1365 1649 1625 1702 servitute
1657 1651 1963 1717 turpissima
1992 1653 2059 1706 li-

482 1733 712 1797 berabit,
743 1736 844 1788 nisi
877 1737 963 1790 ille
988 1738 1075 1807 qui
1107 1737 1243 1791 dixit
1276 1756 1289 1791 :
1323 1737 1369 1769 “
1405 1756 1423 1788 α
1464 1738 1521 1793 Si
1569 1754 1663 1794 vos
1709 1740 1879 1796 Filius
1922 1743 2058 1798 libe-

2178 577 2267 620 tnr
2300 567 2457 619 alicui
2486 604 2503 626 ,
2539 566 2679 619 sicut
2730 565 2867 619 forte
2908 564 3161 634 dignatur
3188 560 3286 630 (de
3333 575 3420 614 me
3458 559 3602 613 enim
3634 574 3745 611 non

2170 672 2289 709 sum
2322 671 2488 709 ausus
2518 654 2756 725 dicere),
2790 669 2981 709 vereor
3005 694 3020 717 ,
3056 654 3274 721 inquam
3304 693 3319 717 ,
3350 660 3406 706 et
3453 649 3610 703 valde
3642 650 3746 703 du-

2170 749 2285 802 bito
2311 788 2326 811 ,
2366 749 2411 802 si
2452 748 2687 801 inveniat
2718 746 2993 800 auditores
3026 745 3139 813 (85)
3167 762 3180 797 :
3213 752 3268 799 et
3296 758 3417 798 eum
3450 743 3521 795 ita
3550 741 3642 804 sit,
3674 754 3748 795 ne

2169 838 2308 894 forte
2339 840 2405 894 ab
2439 854 2503 894 eo
2535 839 2628 908 qui
2681 840 2972 907 explanare
3022 838 3307 893 conabitur
3333 875 3348 899 ,
3385 834 3699 902 requiratur
3726 872 3745 897 ,

2172 930 2464 985 Dominieae
2512 933 2821 1002 margarita:
2854 932 2968 996 ubi,
3012 929 3093 983 vel
3140 927 3409 997 quomodo
3436 965 3451 989 ,
3497 926 3582 979 vel
3614 938 3750 980 ante

2168 1039 2305 1093 quos
2342 1025 2641 1078 mittantur.
2678 1022 2874 1077 Verum
2904 1022 3160 1091 quoniam
3192 1033 3515 1089 magnopere
3541 1035 3742 1087 exspe-

2168 1116 2329 1171 ctatis
2359 1126 2415 1168 ut
2446 1116 2624 1184 aliqua
2659 1129 2724 1170 ex
2763 1116 2849 1170 his
2878 1129 2996 1183 qua:
3024 1112 3161 1167 lecta
3191 1120 3350 1175 sunt,
3382 1112 3743 1176 disserantur,

2165 1217 2219 1261 et
2245 1206 2491 1275 praecipit
2524 1205 2655 1259 mihi
2690 1205 2950 1259 Dominus
2980 1216 3133 1257 meus
3164 1202 3352 1256 dicens
3376 1201 3421 1231 “
3449 1219 3463 1254 :
3516 1218 3535 1252 ι
3560 1199 3742 1269 Opor-

2170 1300 2313 1352 tebat
2346 1308 2397 1353 te
2430 1300 2558 1353 dare
2586 1297 2871 1367 pecuniam
2918 1310 3097 1349 meam
3146 1294 3211 1348 ad
3245 1309 3485 1347 mensam
3510 1334 3524 1356 ,
3557 1303 3610 1349 et
3639 1308 3743 1364 ego

2171 1391 2396 1446 veniens
2426 1406 2549 1445 cum
2578 1392 2760 1445 usuris
2781 1390 2963 1459 utique
2994 1388 3294 1458 exegissem
3320 1400 3475 1440 eam:
3508 1405 3526 1438 ι
3563 1386 3741 1454 ipsum

2167 1483 2387 1553 ragabo,
2416 1490 2473 1535 ut
2498 1482 2719 1536 verbum
2745 1497 2924 1536 meum
2953 1495 3105 1535 suam
3133 1478 3420 1548 pecuniam
3451 1476 3634 1533 facere
3661 1479 3744 1532 di-

2164 1583 2380 1644 gnetur,
2416 1574 2491 1628 uti
2526 1589 2629 1628 non
2659 1589 2835 1628 meam
2862 1572 3168 1644 pecuniam,
3200 1584 3305 1623 non
3338 1584 3515 1623 meum
3543 1586 3739 1623 aurum

2162 1665 2315 1718 vobis
2339 1702 2355 1729 ,
2389 1665 2481 1719 sed
2525 1665 2695 1734 ipsius
2732 1663 2996 1719 {tenerem
3022 1704 3036 1729 ,
3072 1662 3241 1731 ipsius
3272 1662 3427 1715 vobis
3454 1661 3635 1722 verbo,
3683 1671 3738 1715 et

2163 1758 2334 1826 ipsius
2362 1772 2523 1811 sensu
2556 1758 2748 1825 loquar
2768 1798 2782 1821 ,
2817 1766 2872 1811 et
2914 1756 2979 1809 ad
3010 1756 3227 1810 auditos
3256 1755 3419 1808 vestri
3452 1755 3562 1809 haec
3587 1754 3730 1808 defe-

483 1824 705 1886 raverit,
742 1840 866 1879 vere
902 1827 1055 1881 liberi
1090 1829 1281 1882 eritis?
1316 1846 1335 1879 >
1380 1830 1590 1883 Etenim
1625 1833 1741 1885 scio
1776 1832 1902 1900 quia
1939 1849 2057 1889 ser-

2165 1864 2278 1902 ram
2308 1863 2571 1901 mensam.
2609 1847 2714 1901 Vos
2742 1846 2853 1914 jam
2887 1848 3136 1902 videritis
3166 1845 3531 1915 suscipientes
3560 1846 3733 1899 Domi-

482 1930 577 1969 vus
619 1931 722 1969 non
760 1926 938 1984 potest
988 1918 1235 1973 libertate
1265 1920 1479 1984 donari,
1529 1922 1631 1976 nisi
1673 1923 1905 1979 ﬁdeliter
1948 1940 2060 1979 ser-

481 2007 656 2070 viens,
695 2009 798 2061 nisi
846 2008 1129 2064 Domimtm
1168 2012 1415 2081 diligens.
1472 2014 1535 2066 Et
1588 2015 1708 2069 ideo
1753 2015 1918 2070 etiam
1962 2032 2059 2071 nos

481 2098 708 2152 ﬁdeliter
762 2100 1082 2161 serviamus,
1138 2112 1192 2154 et
1225 2117 1291 2157 ex
1340 2113 1450 2158 toto
1500 2105 1685 2170 corde,
1743 2115 1795 2159 et
1829 2121 1895 2160 ex
1950 2116 2060 2161 toto

482 2193 679 2254 animo,
743 2200 797 2245 et
837 2205 900 2246 ex
934 2201 1042 2247 tota
1104 2192 1306 2248 virtute
1337 2205 1520 2250 nostra
1558 2196 1843 2265 diligamus
1880 2199 2059 2251 Domi-

484 2298 608 2334 num
639 2283 803 2334 Deum
843 2293 1109 2343 nostrum,
1136 2292 1196 2336 ut
1234 2298 1545 2338 mereamur
1574 2285 1825 2341 libertate
1866 2286 2058 2341 donari

479 2388 506 2424 a
543 2373 762 2426 Christo
790 2372 915 2427 Jesn
953 2374 1090 2431 Filio
1138 2376 1254 2442 ejus
1309 2376 1536 2431 Domino
1572 2386 1781 2441 nostro,
1838 2380 1922 2431 cui
1974 2390 2059 2432 est

479 2462 649 2531 gloria
683 2472 737 2515 et
775 2462 1059 2531 imperium
1100 2464 1151 2514 in
1182 2464 1376 2516 stecula
1413 2462 1757 2519 szecnlorum.
1789 2464 1981 2518 Amen.

937 2554 1093 2623 175
1131 2552 1412 2608 lthi‘iLlA
1452 2552 1587 2607 Xlll.

647 2645 724 2699 De
752 2645 833 2697 liis
874 2662 990 2713 quw
1023 2647 1321 2713 offeruntur
1356 2647 1424 2699 ad
1470 2645 1893 2700 tabernaculum.

549 2757 602 2811 1.
635 2757 752 2813 Jam
786 2759 1003 2826 quidem
1036 2770 1090 2813 et
1121 2761 1271 2828 prius
1307 2759 1374 2814 de
1420 2760 1771 2814 tabernaculo
1802 2776 1899 2829 pro
1927 2761 2062 2815 viri-

479 2845 577 2900 bus
609 2847 961 2912 dixeramus;
1005 2863 1191 2903 verum
1224 2850 1479 2918 quoniam
1527 2864 1667 2918 smpe
1707 2849 1759 2902 in
1794 2850 1957 2903 Exodi
1990 2849 2055 2902 li-

480 2937 576 2990 bro
628 2938 891 3006 repetitur
924 2939 1037 3007 ipsa
1075 2940 1400 3009 descriptio;
1432 2940 1628 2993 dicitur
1654 2940 1796 2994 enim
1852 2949 1905 2994 et
1934 2956 2058 2995 cum

482 3028 738 3082 Dominus
772 3030 1028 3099 przeeepit
1074 3031 1247 3101 Moysi
1295 3030 1529 3100 qualiter
1577 3032 1695 3086 ﬁeri
1732 3032 1968 3100 debeat,
2006 3042 2062 3088 et

2165 1942 2341 1995 nicam
2369 1940 2679 2009 pecuniam,
2709 1938 2981 2008 quomodo
3009 1952 3203 1992 usuras
3224 1936 3340 2004 ejus
3369 1936 3606 1991 venienti
3639 1937 3739 1991 Do-

2162 2033 2307 2085 mino
2336 2032 2673 2101 praeparetis.
2710 2031 2895 2085 Usurse
2925 2037 3105 2084 autem
3139 2037 3267 2083 sunt
3304 2028 3452 2082 verbi
3489 2026 3609 2091 Dei,
3645 2028 3742 2079 ha-

2164 2124 2289 2178 bere
2323 2125 2376 2177 in
2414 2139 2512 2177 usu
2545 2124 2665 2176 vita;
2698 2132 2751 2177 et
2777 2133 2995 2176 actuum
3032 2137 3093 2176 ea
3130 2136 3248 2189 qua:
3279 2120 3530 2189 prmeepit
3557 2132 3743 2173 sermo

2165 2215 2274 2268 Dei.
2304 2215 2358 2268 Si
2393 2229 2521 2283 ergo
2547 2214 2827 2268 audientes
2861 2214 3086 2267 verbum
3124 2212 3338 2266 utimini
3370 2225 3456 2275 eo,
3484 2220 3539 2265 et
3574 2209 3743 2276 agitis

2160 2308 2457 2361 secundum
2481 2323 2544 2361 ea
2575 2322 2693 2374 qum
2724 2308 2942 2372 auditis,
2980 2315 3035 2361 et
3058 2307 3356 2361 secundum
3389 2305 3504 2359 hac
3532 2304 3739 2365 vivitis,

2161 2412 2355 2453 usuras
2388 2399 2618 2453 Domino
2647 2399 3007 2468 praeparatis:
3034 2407 3088 2451 et
3120 2408 3296 2467 potest
3323 2396 3438 2450 ﬁeri
3475 2404 3534 2449 ut
3566 2411 3739 2449 unus-

2160 2492 2390 2560 quisque
2431 2500 2669 2545 vestrum
2722 2490 2787 2543 de
2814 2490 3051 2557 quinque
3087 2488 3301 2541 talentis
3331 2487 3492 2541 faciat
3524 2487 3739 2550 decem,

2160 2592 2215 2635 et
2240 2582 2427 2636 audiat
2456 2596 2484 2634 a
2516 2581 2742 2637 Domino
2766 2582 2833 2633 "z
2865 2598 2883 2632 ι
2911 2579 3078 2649 Euge,
3107 2595 3266 2633 serve
3296 2581 3436 2632 bone
3458 2588 3514 2632 et
3543 2577 3739 2643 ﬁdeiis,

2161 2674 2270 2727 eris
2320 2682 2646 2741 potestatem
2697 2672 2907 2727 habens
2958 2687 3123 2740 super
3164 2671 3351 2724 decem
3404 2670 3676 2724 civitates.
3714 2685 3736 2720 ι

2162 2763 2395 2818 Tantum
2451 2764 2576 2818 illud
2632 2764 2862 2829 videte,
2911 2779 2977 2817 ne
3015 2765 3141 2833 quis
3188 2773 3424 2815 vestrum
3457 2770 3741 2829 acceptam

2162 2854 2449 2922 pecuniam
2472 2892 2487 2917 ,
2519 2862 2613 2905 aut
2648 2854 2699 2905 in
2730 2853 2953 2907 sudario
2987 2854 3243 2923 colliget,
3278 2861 3373 2905 aut
3407 2850 3652 2905 defodiat
3680 2851 3737 2905 io

2166 2955 2390 3009 terram,
2422 2944 2545 3011 quia
2573 2943 2882 3011 huiusmodi
2912 2944 3149 2998 hominis
3179 2944 3230 2996 in
3264 2944 3495 2995 adventu
3525 2941 3739 2995 Domini

2163 3037 2286 3104 quis
2325 3037 2396 3089 sit
2427 3036 2608 3090 exitus
2643 3037 2779 3090 bene
2815 3037 3009 3092 nostis.
3046 3033 3580 3103 Tentabimusigitur
3604 3047 3738 3100 pau-

481 3120 677 3173 iterum
703 3136 828 3174 cum
860 3121 1071 3191 Moyses
1092 3123 1348 3190 praecepit
1377 3126 1593 3192 populo,
1620 3132 1679 3177 ut
1708 3123 1901 3177 oﬁ'erat
1927 3140 2057 3179 eon-
2083 3162 2125 3220 ϐ
2163 3143 2224 3181 ca
2263 3129 2331 3183 de
2366 3128 2574 3191 multis,
2609 3129 2715 3182 imo
2750 3128 3009 3196 pauciora
3042 3126 3108 3181 de
3138 3125 3350 3195 paucis,
3384 3126 3581 3192 quippe
3617 3125 3767 3199 quin

479 3214 739 3266 struendo
769 3216 919 3282 operi
959 3215 1245 3279 materias,
1275 3215 1417 3267 sicut
1459 3215 1571 3268 haec
1600 3215 1761 3269 lectio
1791 3217 2050 3281 continet,

476 3316 597 3369 qua:
632 3302 788 3356 nobis
843 3302 1002 3355 modo
1036 3302 1265 3355 recitata
1312 3311 1435 3354 est:
1486 3300 1579 3354 sed
1613 3309 1669 3355 et
1712 3303 2054 3370 postmodum

479 3402 872 3446 enumerantur
894 3392 1129 3460 singula,
1155 3405 1277 3445 cum
1308 3406 1403 3457 per
1425 3390 1723 3454 Beselehel,
1746 3402 1802 3445 et
1830 3402 2057 3446 caeteros

478 3482 752 3549 sapientes
784 3484 932 3536 viros
960 3482 1390 3545 fabricantur,et
1421 3480 1642 3547 iterum,
1676 3496 1799 3536 cum
1833 3484 1901 3537 ad
1929 3498 2058 3536 con-

480 3584 727 3641 spectum
756 3572 920 3643 Moysi
947 3573 1285 3637 deferuntur;
1315 3583 1367 3626 et
1392 3588 1630 3637 rursum,
1659 3588 1781 3627 cum
1806 3589 1900 3642 per
1922 3589 2059 3642 prae-

480 3675 695 3733 ceptum
729 3665 839 3736 (84)
884 3664 1098 3720 Domini
1130 3665 1487 3729 dedicantur;
1530 3664 1588 3717 ﬁt
1619 3673 1882 3734 praeterea
1917 3676 1969 3719 et
2001 3666 2054 3719 in

480 3757 622 3821 aliis,
660 3758 739 3811 vel
775 3758 947 3821 libris,
981 3756 1067 3812 vel
1091 3756 1248 3821 locis,
1283 3755 1477 3810 horum
1502 3757 1971 3821 commemoratio,
2003 3768 2081 3813 et

483 3848 796 3917 frequenter
836 3850 1104 3917 repetitur
1124 3888 1139 3911 ,
1177 3855 1365 3916 utpote
1393 3848 1535 3916 quod
1570 3849 1879 3903 necessario
1909 3863 2057 3902 com-

480 3955 753 4004 monetur;
792 3956 935 3995 nunc
976 3955 1105 4008 ergo
1137 3942 1393 3994 recitatus
1435 3952 1521 3995 est
1553 3942 1708 3995 nobis
1743 3942 1831 3997 ille
1853 3957 2053 4009 sermo,

480 4032 569 4085 ubi
612 4031 743 4083 dicit
773 4031 851 4083 “z
906 4048 924 4081 ι
948 4024 1013 4083 Ει
1046 4030 1181 4085 dixit
1216 4029 1429 4100 Moyses
1457 4032 1525 4084 ad
1565 4047 1781 4087 omnem
1827 4047 2057 4102 synago-

478 4138 599 4193 gam
640 4123 874 4175 ﬁliorum
910 4122 1096 4185 Israel,
1132 4122 1350 4177 dicens:
1395 4122 1509 4177 lloc
1540 4132 1624 4178 est
1654 4122 1877 4177 verbum
1912 4123 2055 4192 quod

482 4214 739 4281 praecepit
776 4212 1033 4267 Dominus
1059 4212 1286 4268 dicens:
1321 4213 1529 4267 Sumite
1559 4228 1586 4266 a
1615 4212 1770 4267 vobis
1806 4213 1936 4282 ipsis
1974 4228 2057 4267 re—

479 4304 845 4373 demptionem
909 4305 1156 4359 DOutino.
1195 4306 1387 4361 Omnis
1436 4306 1529 4374 qui
1574 4305 1824 4375 concepit
1851 4306 2053 4371 corde,

480 4394 673 4447 nll‘erat
716 4396 867 4448 initia
907 4397 1172 4450 Domino:
1205 4411 1419 4459 aurum,
1456 4405 1763 4465 argentum,
1794 4410 2058 4450 mramen-

2163 3220 2261 3273 bus
2292 3229 2345 3273 et
2385 3227 2567 3273 noster
2598 3233 2777 3273 sermo
2811 3218 3104 3281 librandns,
3132 3226 3185 3272 et
3216 3226 3400 3271 vester
3424 3214 3663 3268 auditus.

2229 3311 2285 3363 2.
2323 3311 2503 3365 Primo
2538 3310 2703 3379 igitur
2733 3310 2973 3364 omnium
3008 3309 3288 3363 videamus
3319 3305 3452 3375 quid
3484 3305 3736 3373 estquod

2159 3402 2291 3456 dicit
2339 3400 2551 3473 Moyses
2597 3402 2664 3453 ad
2704 3400 2843 3454 ﬁlios
2876 3398 3043 3453 Israel
3074 3399 3153 3452 “z
3208 3415 3227 3449 ι
3257 3396 3468 3451 Sumite
3503 3410 3532 3448 a
3577 3394 3738 3448 vobis

2161 3493 2291 3563 ipsis
2331 3492 2756 3560 redemptionem
2796 3491 3059 3554 Domino,
3095 3489 3274 3543 omnis
3302 3488 3393 3556 qui
3426 3486 3738 3553 conceperit

2159 3586 2339 3649 corde,
2378 3582 2572 3639 offerat
2601 3583 2755 3637 initia
2788 3582 3034 3636 Domino.
3063 3599 3081 3632 ι
3124 3579 3239 3634 Non
3266 3578 3378 3633 vult
3408 3576 3641 3648 Moyses,
3662 3585 3740 3652 ,ιιι

2157 3677 2359 3747 aliquid
2384 3675 2579 3731 oll'eras
2600 3675 2707 3729 Deo
2733 3676 2875 3743 quod
2901 3683 3053 3727 extra
3075 3682 3126 3727 te
3154 3680 3260 3736 est,
3293 3687 3312 3721 ι
3338 3686 3367 3723 a
3398 3668 3552 3723 vobis
3581 3668 3737 3736 ipsis,

2160 3769 2352 3838 inquit,
2380 3767 2602 3833 sumite,
2633 3774 2689 3822 et
2718 3765 2867 3821 initia
2885 3764 3075 3819 offerte
3106 3762 3351 3825 Domino,
3383 3770 3541 3830 prout
3565 3771 3735 3814 unus-

2156 3856 2384 3925 quisque
2419 3855 2666 3924 concepit
2710 3854 2895 3909 corde.
2934 3871 2952 3905 ι
2987 3853 3191 3907 Aurum
3218 3851 3437 3918 jubetur
3461 3859 3514 3904 et
3542 3862 3735 3917 argen-

2160 3954 2272 3997 tum
2304 3942 2500 3998 deferri
2530 3982 2547 4006 ,
2581 3958 2655 3997 res
2683 3952 2738 3996 et
2764 3952 2978 3995 ca‘terte
3012 3940 3255 3994 materia:
3286 3979 3302 4003 ,
3333 3938 3602 4006 quomodo
3633 3935 3733 3988 hnc

2158 4052 2376 4104 possum
2421 4049 2520 4103 ego
2547 4036 2613 4088 de
2660 4034 2867 4104 mcipso
2901 4032 3141 4088 oll‘erre?
3176 4030 3427 4099 Nunquid
3475 4030 3614 4081 intra
3650 4043 3736 4080 me

2159 4142 2354 4182 aurum
2376 4126 2619 4180 nascitur
2644 4133 2739 4177 aut
2764 4132 3069 4192 argentum,
3101 4131 3153 4177 et
3180 4131 3376 4176 caetera
3406 4118 3737 4188 qumjuben-

2160 4217 2289 4272 tur?
2320 4216 2507 4269 Nonne
2541 4214 2643 4270 hoc
2676 4214 3046 4283 unusquisque
3078 4213 3143 4266 de
3177 4207 3559 4283 pfomptuariis
3590 4216 3644 4261 et
3669 4208 3737 4259 de

2158 4309 2385 4364 scriniis
2413 4308 2528 4363 suis
2556 4306 2794 4378 profert?
2828 4307 2964 4372 Quid
2992 4317 3075 4360 est
3098 4320 3227 4376 ergo
3254 4304 3395 4373 quod
3431 4301 3559 4355 dicit
3592 4299 3738 4366 Moy-

2159 4417 2266 4467 ses,
2303 4400 2492 4456 oﬁ'ertc
2520 4414 2550 4453 a
2586 4399 2737 4453 vobis
2765 4398 2915 4465 ipsis,
2950 4406 3006 4451 et
3038 4396 3406 4464 unusquisque
3434 4393 3577 4447 sicut
3607 4403 3737 4444 eon-

481 4495 618 4551 tmn,
656 4487 1034 4555 hyacintbum,
1068 4503 1391 4557 purpuram,
1424 4503 1645 4543 coccum
1680 4486 2049 4557 duplicatum,
2086 4505 2129 4560 ι)
2159 4500 2302 4569 cepi;
2334 4497 2545 4552 corde?
2581 4496 2711 4550 mud
2747 4494 2960 4564 quidem
2997 4507 3189 4547 aurum
3225 4505 3277 4545 οι
3307 4497 3589 4556 argentum
3625 4500 3735 4538 cm-

479 4584 534 4631 et
574 4578 792 4647 byssum
830 4587 1025 4632 tortam
1053 4620 1068 4644 ,
1100 4580 1238 4647 pilos
1263 4594 1554 4647 caprarum
1582 4619 1597 4643 ,
1630 4588 1685 4633 et
1719 4579 1882 4647 pelles
1913 4578 2055 4631 arie-

480 4678 593 4724 tum
628 4670 950 4734 rubricatas,
981 4681 1034 4725 et
1067 4670 1235 4740 pelles
1268 4670 1677 4741 hyacinthinas.
1710 4670 1849 4738 ligna
1884 4670 2056 4738 impu-

482 4762 713 4828 tribtlia,
754 4774 809 4817 et
840 4762 1051 4831 lapides
1086 4763 1371 4826 sardinos,
1402 4771 1459 4816 et
1485 4762 1689 4832 lapides
1719 4762 1783 4815 ad
1816 4760 2057 4829 sculptu-

478 4869 595 4906 ram
632 4854 681 4907 in
712 4855 977 4909 humerali
1008 4865 1061 4909 et
1097 4855 1327 4923 pedere;
1360 4862 1414 4909 et
1436 4853 1612 4907 omnis
1643 4852 1860 4921 sapiens
1890 4852 2054 4905 corde

481 4951 533 5003 in
569 4952 723 5004 vobis
760 4952 980 5013 veniat,
1018 4961 1072 5007 et
1125 4960 1381 5021 Operetur
1427 4949 1609 5004 omnia
1639 4965 1757 5017 qua:
1803 4950 2058 5018 przecepit

484 5044 761 5100 Dominus.
792 5064 811 5098 ο
830 5046 961 5101 Cum
992 5050 1278 5101 considero
1300 5047 1560 5115 meipsutn
1587 5049 1842 5117 primum,
1867 5058 1921 5101 et
1944 5047 2056 5100 dis-

482 5139 649 5202 eutio,
682 5140 826 5209 piget
851 5142 918 5194 ad
946 5141 1061 5195 haec
1086 5142 1378 5211 aperienda
1428 5156 1647 5195 manum
1681 5140 1917 5196 mittere.
1953 5138 2055 5194 Vc-

554 5299 599 5329 “
629 5300 675 5353 ll
722 5301 866 5357 Petr.
910 5318 967 5364 ιι,
998 5304 1085 5358 l9.

1164 5304 1207 5335 ⁸³
1234 5303 1351 5360 Gal.
1389 5318 1441 5367 v,
1471 5303 1557 5366 15,
1590 5313 1646 5357 et
1688 5301 1706 5356 l
1742 5302 1866 5356 Cor.
1909 5317 2001 5367 vn,
2027 5302 2117 5358 23.

2166 4597 2400 4659 tera‘que
2448 4587 2694 4642 materia:
2725 4585 2868 4640 unde
2925 4582 3328 4640 tabernaculum
3365 4587 3734 4635 constructum

2162 4691 2245 4737 est
2264 4723 2280 4747 ,
2322 4690 2537 4737 constat
2562 4682 2627 4736 de
2657 4680 2874 4735 scriniis
2897 4690 2951 4734 et
2972 4676 3355 4748 promptuariis
3385 4669 3738 4737 uniuscujus-

2162 4788 2267 4843 que
2322 4773 2609 4843 prolatunt.
2642 4772 2915 4842 Spiritalis
2950 4781 3126 4826 autem
3163 4769 3246 4822 lex
3280 4781 3468 4820 aurum
3504 4760 3734 4831 requirit

2167 4864 2233 4918 ad
2289 4862 2696 4918 tabernaculum
2722 4902 2738 4925 ,
2771 4861 2914 4931 quod
2968 4860 3113 4915 intra
3147 4873 3244 4913 nos
3282 4866 3360 4911 est
3390 4896 3406 4922 ,
3450 4859 3734 4921 argentum

2164 4958 2306 5027 quod
2338 4957 2476 5011 intra
2520 4970 2617 5011 nos
2650 4964 2765 5018 est,
2802 4966 2857 5008 et
2884 4969 3077 5008 omnes
3116 4952 3349 5020 reliquas
3377 4946 3632 5001 materias
3666 4944 3735 4995 il-

2160 5050 2241 5104 las
2264 5047 2527 5116 deposcit,
2562 5061 2697 5115 quas
2724 5055 2779 5100 et
2809 5046 2949 5099 intra
2980 5060 3080 5099 nos
3113 5044 3315 5099 habere
3345 5053 3654 5109 possumus,
3682 5043 3739 5088 et

2162 5138 2408 5209 proferre
2462 5138 2527 5193 de
2567 5136 2742 5192 nobis.
2796 5136 2935 5190 Dicit
2987 5136 3130 5190 enim
3181 5129 3557 5203 Scriptura”,
3605 5127 3734 5199 quia

2198 5294 2243 5325 "’
2269 5290 2425 5349 Joan.
2462 5306 2573 5357 vui,
2600 5288 2687 5343 56.
2768 5288 2810 5320 "
2842 5287 3011 5343 Exod.
3048 5303 3210 5353 xxxv,
3242 5286 3296 5352 4,
3327 5285 3384 5352 5,
3419 5286 3472 5351 li,
3503 5283 3555 5349 7,
3587 5282 3641 5348 8,
3675 5282 3732 5338 9.

487 5359 535 5390 ⁸⁸
568 5369 757 5427 Matth.
794 5388 916 5440 xxv,
952 5358 1043 5427 Ξῖ.
1116 5375 1158 5404 ⁸⁷
1185 5358 1314 5427 an.
1346 5358 1495 5439 xxix,
1527 5358 1611 5427 l7.
1689 5372 1732 5403 "
1760 5372 1930 5428 Exod.
1963 5358 2058 5427 xxx

2163 5367 2211 5420 4.
2291 5365 2334 5395 ⁶⁹
2367 5364 2525 5415 Rom.
2560 5376 2610 5424 ι,
2642 5362 2697 5425 8,
2725 5358 2777 5413 9.

558 5523 667 5599 (se)
694 5526 859 5599 Alias,
896 5546 918 5580 α
957 5538 1194 5599 superet,
1234 5549 1252 5581 ι
1286 5530 1380 5584 sed
1426 5545 1556 5584 mss.
1598 5547 1617 5580 ι
1648 5537 1884 5597 superat.
1923 5547 1944 5580 ι

552 5596 645 5670 (ὃς)
680 5598 826 5670 Alias
863 5596 1133 5653 omittitur
1184 5619 1203 5651 ι
1249 5600 1428 5664 ῐωὼιξ,
1476 5621 1493 5653 ι
1548 5609 1607 5653 et
1654 5596 1849 5670 legitur
1884 5623 1894 5653 :
1933 5618 1952 5651 ι
1996 5598 2053 5652 Si

485 5666 687 5733 pnasitn
718 5667 781 5719 de
804 5668 932 5736 jugo
965 5670 1123 5736 hujus
1148 5671 1429 5724 servitutis
1461 5666 1757 5734 absolvift
1795 5670 1890 5726 sed
1918 5684 2049 5725 mss.

484 5736 769 5791 let-tinuetur
803 5738 973 5792 uestri
1005 5748 1185 5795 textus
1212 5740 1488 5794 exhibent.

2226 5526 2337 5598 (8!)
2369 5526 2525 5593 Mss.,
2548 5544 2569 5579 ι
2603 5540 2697 5595 per
2726 5532 3075 5594 praeceptum.
3110 5540 3127 5573 ι
3164 5520 3321 5576 Libh.
3352 5519 3516 5583 editi,
3551 5534 3571 5569 ι
3596 5530 3737 5587 ρων

2152 5609 2329 5666 cepto.
2363 5617 2380 5649 ι

2227 5657 2340 5739 (85)
2376 5666 2432 5721 Si
2462 5669 2687 5721 inveniat
2718 5668 3008 5732 auditores,
3036 5674 3143 5739 etc.
3176 5663 3425 5739 Sic__mss.
3456 5657 3605 5711 Libri
3636 5673 3733 5711 au-

2159 5735 2267 5795 tem
2308 5740 2435 5794 editi
2474 5740 2697 5804 habent,
2735 5756 2753 5789 ι
2784 5740 2827 5793 si
2866 5738 3138 5792 inveniam
3176 5735 3477 5796 auditores,
3516 5746 3534 5779 ι
3568 5739 3671 5783 etc.
