4106 6246
405 370 509 424 581)

1598 370 1661 425 IN
1702 367 1984 423 EXODUM
2025 368 2301 423 IlOMll.l.-\
2344 370 2475 425 Xlll.

3540 386 3648 437 3M

408 512 426 543 ι
465 502 627 557 prope
676 497 758 541 cst
789 488 1008 542 verbum
1048 486 1100 540 in
1147 502 1240 541 ore
1276 497 1391 550 tuo,
1422 490 1567 558 quia,
1605 490 1648 543 si
1694 489 1978 543 confessus
2008 494 2049 546 Α
2084 501 2201 552 qum
2248 489 2355 542 sint
2393 490 2542 542 initia
2596 492 2711 544 auri
2744 532 2757 555 ,
2800 493 2879 547 vel
2933 511 3050 563 qua:
3097 499 3345 566 primitim
3394 497 3649 571 argenti?

401 580 569 635 fueris
599 580 649 632 in
683 595 776 633 ore
809 589 898 633 tuo
938 582 1220 635 Dominum
1250 580 1433 635 Jesum
1460 624 1473 641 ,
1507 589 1561 633 et
1594 580 1889 633 credideris
1918 580 1969 634 in

400 672 563 724 corde
594 682 684 723 tuo
711 712 726 735 ,
758 672 898 740 quod
947 674 1083 727 Deus
1122 674 1269 725 illum
1306 673 1590 725 suscitavit
1636 688 1664 724 a
1700 672 1931 725 mortuis
1955 711 1970 734 ,

403 762 581 815 salvus
621 763 749 817 eris.
780 781 796 813 ι
852 762 907 817 Si
943 779 1073 833 ergo
1103 764 1404 819 credideris
1440 764 1493 817 in
1529 764 1695 817 corde
1732 773 1843 827 tuo,
1877 778 1972 816 cor

405 865 549 906 tuum
580 894 595 917 ,
630 862 684 907 et
736 869 927 907 sensus
963 866 1085 910 tuus
1128 872 1320 909 aurum
1356 864 1458 908 est.
1493 854 1748 910 Obtulisti
1807 855 1973 923 igitur

401 959 590 998 aurum
624 944 688 997 ad
720 947 1148 1013 tabernaculum,
1187 948 1238 1000 id
1270 958 1351 1001 est
1380 946 1535 1000 fidem
1570 947 1749 1000 cordis
1782 947 1877 998 tui.
1912 944 1967 998 Si

404 1047 531 1085 vero
564 1031 846 1088 confessus
880 1034 1068 1097 fueris,
1105 1050 1408 1089 sermonem
1447 1035 1720 1099 obtulisti,
1756 1050 1967 1089 sermo-

402 1140 520 1178 nem
554 1126 910 1181 confessionis
939 1138 1243 1198 argentum.
1273 1128 1479 1183 Idcirco
1506 1144 1638 1197 crgo
1666 1130 1795 1182 dicit
1827 1128 1967 1198 Moy-

400 1231 485 1270 ses
520 1220 608 1285 qui
644 1230 727 1271 est
772 1219 853 1272 lex
884 1221 1183 1290 spiritalis,
1226 1240 1243 1273 ι
1278 1223 1475 1276 sumite
1511 1236 1538 1272 a
1573 1222 1726 1275 vobis
1755 1222 1905 1290 ipsis.
1944 1239 1962 1272 ι

400 1308 521 1363 "rec
551 1323 580 1363 a
608 1318 656 1362 te
688 1309 801 1379 ipso
824 1313 1012 1378 sumis,
1047 1314 1162 1367 haec
1191 1314 1332 1367 intra
1361 1321 1411 1367 te
1434 1323 1585 1375 sunt,
1612 1312 1725 1367 hace
1750 1312 1965 1367 etiamsi

397 1401 570 1455 nudus
595 1401 687 1465 sis,
720 1403 918 1458 habere
942 1412 1117 1472 potes.
1148 1405 1253 1459 Sed
1280 1413 1332 1457 et
1354 1405 1496 1474 quod
1522 1405 1751 1467 addidit,
1773 1419 1969 1458 «unus—

394 1492 621 1561 qnisque
655 1494 797 1547 sicut
839 1496 1093 1564 concepit
1134 1496 1318 1559 corde,
1366 1515 1384 1547 ι
1426 1498 1527 1551 bne
1562 1496 1803 1565 respicit.
1852 1496 1963 1551 Non

392 1584 533 1636 enim
566 1586 769 1651 poteris
802 1586 1009 1654 aliquid
1061 1588 1127 1639 de
1160 1602 1321 1640 sensu
1359 1596 1449 1640 tuo
1484 1587 1678 1641 offerre
1713 1587 1849 1651 Deo,
1881 1589 1965 1642 vcl

393 1673 457 1725 de
486 1673 654 1725 verbo
694 1682 827 1738 tuo,
879 1674 982 1728 nisi
1019 1676 1173 1743 prius
1217 1691 1337 1744 quae
1370 1677 1566 1744 scripta
1622 1687 1751 1730 sunt
1802 1683 1965 1732 corde

394 1763 735 1829 conceperis,
771 1763 873 1818 nisi
910 1765 1155 1820 intentus
1180 1766 1362 1831 fueris,
1395 1777 1446 1821 et
1470 1767 1752 1836 diligenter
1780 1769 1963 1822 audie-

2075 578 2353 644 Quomodo
2385 590 2565 633 autem
2597 582 2664 633 de
2698 597 2883 647 cocco,
2922 596 2973 637 et
3009 602 3263 655 purpura,
3299 601 3350 644 ct
3381 593 3539 664 bysso
3569 612 3648 650 vn-

2075 670 2270 721 dcntnr
2302 670 2535 723 conferri
2571 673 2856 738 primitiae?
2880 678 2987 729 Ant
3012 682 3285 744 quomodo
3312 684 3453 736 sicut
3485 689 3647 741 corde

2073 761 2381 828 conceperit
2414 765 2535 829 quis
2585 764 2787 818 offert?
2824 764 2935 820 lloe
2979 767 3090 833 jam
3133 772 3374 839 singulos
3408 786 3642 831 nostrum

2074 849 2274 913 pulsat,
2312 851 2588 905 videamus
2617 856 2776 908 simul
2814 869 2867 910 et
2900 862 3169 926 quomodo
3201 866 3363 917 corde
3394 870 3643 936 concepi-

2075 954 2213 992 mus.
2256 941 2449 1005 Quanti
2495 946 2652 997 modo
2684 947 2771 1000 hic
2806 960 3101 1016 praesentes
3134 968 3347 1018 smnus,
3383 967 3431 1011 cl
3471 974 3649 1010 sermo

2073 1032 2165 1087 Dei
2198 1035 2500 1087 tractatur?
2531 1035 2668 1091 Sunt
2698 1040 2786 1106 qui
2819 1042 3136 1111 concipiunt
3164 1048 3331 1099 corde
3359 1064 3478 1116 quae
3512 1050 3644 1102 lecta

2071 1134 2214 1189 sunt,
2254 1131 2379 1179 sunt
2410 1123 2499 1191 qui
2533 1128 2760 1179 Omnino
2799 1144 2903 1182 non
2941 1134 3279 1201 concipiunt,
3305 1149 3423 1203 qua:
3453 1138 3645 1191 dicun~

2072 1222 2180 1278 tur,
2226 1221 2318 1270 sed
2355 1228 2437 1273 est
2470 1235 2619 1273 mens
2654 1235 2841 1274 eorum
2871 1231 2923 1275 et
2955 1238 3049 1275 cor
3082 1231 3175 1276 ant
3212 1225 3262 1276 in
3295 1228 3525 1293 negotiis
3555 1238 3645 1281 aut

2071 1304 2122 1358 in
2173 1308 2386 1363 actibus
2440 1311 2665 1373 smcnli,
2702 1322 2795 1365 aut
2855 1314 3330 1383 supputationibus
3374 1316 3549 1371 lucri:
3591 1331 3641 1373 et

2070 1398 2341 1466 pnceipne
2366 1400 2641 1463 mulieres,
2666 1402 2933 1468 quomodo
2956 1410 3112 1471 putas
3136 1405 3297 1459 corde
3312 1408 3642 1474 concipiunt,

2068 1502 2189 1555 qua:
2223 1497 2428 1543 tantum
2467 1493 2744 1561 garriunt,
2780 1508 2898 1561 quze
2935 1502 3142 1548 tantum
3194 1495 3387 1551 fabulis
3429 1498 3640 1552 obstre-

2070 1587 2199 1641 punt
2225 1617 2239 1641 ,
2276 1588 2334 1631 ut
2368 1594 2471 1634 non
2517 1583 2699 1635 sinant
2743 1595 2863 1636 esse
2906 1583 3229 1639 silentium?
3262 1586 3380 1641 Jam
3416 1590 3544 1656 quid
3578 1592 3642 1642 de

2069 1672 2245 1717 mente
2275 1680 2488 1727 earnm.
2519 1669 2646 1735 quid
2671 1672 2739 1724 de
2766 1671 2927 1724 corde
2956 1673 3266 1736 discutiam.
3293 1676 3338 1729 si
3372 1676 3437 1731 dc
3468 1677 3643 1731 infan-

2069 1755 2211 1808 tibus
2244 1756 2376 1821 suis,
2414 1767 2507 1811 aut
2538 1759 2602 1813 de
2638 1759 2759 1812 lana
2795 1761 3056 1829 cogitent,
3097 1772 3193 1817 aut
3223 1764 3290 1819 de
3320 1770 3642 1821 necessariis

395 1851 491 1915 ris,
518 1867 623 1904 non
654 1862 832 1920 potest
873 1870 1063 1909 aurum
1094 1864 1240 1908 tuum
1271 1857 1549 1925 probatum
1578 1873 1714 1918 esse.
1749 1875 1848 1913 nee
1877 1874 1954 1914 ar-

2066 1846 2303 1900 domns?
2341 1848 2542 1903 Vereor
2574 1851 2748 1918 magis
2786 1865 2853 1905 ne
2896 1865 3199 1920 sequantur
3233 1854 3382 1918 illas,
3419 1858 3485 1911 de
3519 1859 3639 1926 qni-

396 1951 651 2010 gentnm:
705 1944 999 2010 requiritur
1046 1947 1188 1999 enim
1242 1955 1301 2000 ut
1354 1950 1643 2017 probatum
1681 1950 1769 2007 sit.
1824 1953 1961 2007 Audi

397 2030 724 2098 Scripturam
755 2031 1024 2087 dicentem
1056 2035 1136 2087 7°:
1176 2054 1194 2086 ι
1220 2036 1443 2106 Eloquia
1480 2037 1715 2103 Domini,
1746 2041 1960 2110 eloquia

388 2130 561 2182 casta,
596 2130 875 2187 argentum
924 2123 1045 2192 igne
1078 2127 1366 2194 probatum
1391 2168 1404 2193 ,
1443 2139 1728 2198 purgatum
1772 2142 1960 2202 septu-

383 2208 552 2279 plum.
586 2229 604 2261 ι
643 2211 698 2264 Si
734 2227 864 2281 ergo
893 2229 1012 2282 qua:
1042 2216 1246 2285 scripta
1278 2229 1402 2272 sunt
1430 2225 1591 2276 corde
1620 2225 1957 2292 conceperis,

381 2301 486 2355 erit
514 2317 707 2355 aurum
738 2312 913 2366 tuum,
942 2304 996 2358 id
1025 2315 1111 2361 est
1160 2324 1351 2365 sensus
1385 2322 1506 2365 tuus
1529 2317 1750 2383 probus,
1783 2327 1835 2371 et
1868 2334 1959 2371 ar-

380 2403 596 2461 gentum
630 2404 801 2461 tuum,
831 2398 921 2465 qui
952 2408 1034 2452 est
1064 2414 1242 2455 sermo
1279 2411 1418 2468 tuus,
1462 2406 1622 2477 176
1652 2409 1956 2476 probatum.

380 2484 518 2549 Quid
550 2486 711 2539 etiam
746 2488 811 2542 de
837 2504 945 2542 mre
979 2491 1257 2545 dicemus?
1283 2508 1421 2561 opus
1451 2507 1527 2549 est
1560 2508 1612 2550 et
1637 2514 1743 2553 mre
1771 2502 1836 2554 ad
1872 2512 1956 2555 ta-

383 2574 653 2628 bernaculi
688 2580 1176 2635 constructionem.
1225 2582 1449 2637 Videtur
1481 2588 1696 2655 quidem
1734 2605 1807 2643 ms
1858 2607 1957 2659 pro

382 2664 696 2720 fortitudine
743 2670 944 2737 suscipi
973 2711 987 2734 ,
1018 2682 1073 2725 et
1108 2672 1227 2726 loco
1262 2674 1386 2741 poni
1421 2690 1489 2744 po
1510 2692 1584 2730 -‘se
1624 2678 1956 2736 fortitudinis

378 2764 432 2809 et
466 2760 818 2815 constantire:
850 2762 944 2815 sed
980 2778 1045 2815 ne
1077 2765 1198 2826 quis
1230 2765 1393 2829 dicat,
1429 2766 1539 2822 lloc
1563 2769 1809 2826 divinare
1843 2788 1953 2824 ma-

379 2844 461 2910 gis
501 2856 584 2901 est
612 2864 777 2915 quam
808 2851 1136 2920 explanare,
1171 2853 1257 2907 ubi
1299 2857 1441 2933 quod
1483 2858 1679 2912 dicitur
1701 2900 1715 2923 ,
1755 2876 1860 2915 non
1889 2862 1954 2917 de
1996 2896 2002 2902 -

380 2936 779 3005 Scripturarum
807 2943 1128 2997 auctoritate
1154 2949 1415 3013 munitur,
1450 2960 1577 3018 puto
1601 2964 1730 3021 ergo
1757 2967 1831 3007 tes
1860 2969 1952 3007 ac-

380 3025 480 3091 cipi
518 3041 674 3093 posse
718 3042 816 3096 pro
847 3044 1001 3085 voce.
1034 3032 1194 3087 Aliud
1249 3036 1392 3089 enim
1426 3048 1507 3091 cst
1540 3053 1720 3093 sermo
1744 3080 1758 3105 ,
1802 3041 1951 3096 aliud

2062 1937 2164 1993 bus
2193 1939 2324 1992 dicit
2353 1939 2641 2008 Apostolus
2668 1942 2753 1996 7‘:
2801 1960 2819 1991 ι
2845 1944 2973 2007 Quae
2998 1944 3212 1998 discunt
3239 1946 3525 2000 circumire
3547 1949 3642 2002 do.

2065 2043 2200 2092 mos,
2230 2046 2335 2083 non
2368 2031 2542 2084 solum
2572 2034 2834 2096 verbosas,
2868 2035 2959 2087 sed
2992 2043 3045 2088 et
3075 2036 3328 2100 curiosze,
3360 2037 3644 2106 loquentes

2063 2133 2183 2187 quae
2216 2135 2323 2173 non
2354 2131 2592 2189 oportet.
2623 2141 2641 2173 ι
2679 2122 2961 2189 Quomodo
2992 2139 3123 2195 ergo
3160 2126 3276 2181 ista:
3306 2128 3442 2182 tales
3477 2133 3640 2183 corde

2062 2213 2421 2282 concipiunt?
2468 2212 2585 2268 Non
2633 2216 2912 2283 concipiet
2960 2218 3123 2271 corde
3159 2218 3283 2287 quis
3334 2218 3435 2273 nisi
3484 2232 3640 2273 vacet

2062 2304 2225 2355 conte
2253 2343 2266 2365 ,
2299 2303 2399 2357 nisi
2438 2304 2509 2357 sit
2541 2313 2721 2360 mente
2755 2306 2891 2361 liber
2929 2317 2983 2361 et
3022 2316 3166 2362 totus
3213 2310 3456 2364 intentus
3479 2349 3494 2375 ,
3532 2311 3636 2364 nisi

2061 2392 2223 2446 corde
2253 2392 2457 2462 vigilet,
2499 2411 2602 2448 non
2632 2405 2808 2464 potest
2832 2398 2997 2450 corde
3026 2399 3334 2467 concipere,
3361 2409 3414 2454 et
3445 2399 3640 2456 oll’erre

2060 2488 2199 2537 dona
2238 2484 2365 2539 Deo.
2402 2485 2555 2551 Quod
2602 2488 2646 2542 si
2700 2486 2966 2542 hactenus
3017 2489 3355 2558 negleximus
3382 2533 3396 2556 ,
3438 2508 3501 2546 ex
3535 2493 3637 2546 hoc

2058 2574 2252 2627 saltent
2290 2576 2611 2631 attentiores
2652 2579 2842 2645 simus,
2887 2590 2942 2633 et
2988 2582 3217 2636 sollicite
3247 2582 3587 2638 intendamus
3617 2624 3633 2647 .

2060 2673 2115 2716 ut
2146 2664 2414 2732 possimus
2444 2677 2622 2721 mente
2664 2672 2975 2736 concipere.
3002 2668 3214 2723 Justum
3242 2677 3326 2723 est
3371 2671 3536 2735 enim,
3577 2682 3635 2724 nt

2058 2754 2109 2807 in
2151 2754 2502 2811 tabernaculo
2536 2756 2745 2811 Domini
2791 2759 3099 2814 inveniatur
3131 2759 3503 2829 unusquisque
3538 2762 3636 2816 ha-

2058 2841 2187 2895 bere
2224 2846 2523 2909 portionem
2554 2861 2729 2901 suam.
2774 2848 2887 2901 Non
2923 2851 3065 2901 enim
3097 2848 3228 2903 latet
3268 2848 3432 2903 Deum
3466 2866 3635 2903 unus-

2055 2932 2281 2999 quisque
2328 2935 2454 3002 quid
2491 2937 2538 2989 ei
2577 2936 2785 2991 oll'erat.
2820 2940 2990 3004 Quam
3032 2940 3326 3008 gloriosum
3384 2941 3478 2995 tibi
3509 2953 3588 2996 est
3612 2979 3633 3006 ,

2054 3021 2099 3074 si
2146 3022 2359 3077 dicatur
2415 3027 2465 3079 in
2530 3028 2877 3083 tabernaCulo
2915 3032 3167 3085 Domini:
3205 3028 3407 3087 Aurum
3464 3035 3630 3102 istud,

379 3129 501 3168 vox.
558 3117 749 3172 sermo
802 3120 1002 3175 diem".
1039 3123 1250 3192 lnquela
1296 3128 1491 3182 rationi
1528 3131 1781 3187 subnixa.
1834 3134 1948 3188 vox
1979 3144 2021 3202 ο
2057 3111 2205 3165 verbi
2241 3127 2406 3168 causa
2434 3154 2447 3178 ,
2483 3130 2591 3184 quo
2623 3131 2748 3169 area
2805 3120 3112 3173 testamenti
3146 3120 3449 3189 obtegitur,
3488 3124 3632 3177 illius

378 3220 508 3260 vero
538 3218 640 3269 cst,
663 3210 812 3263 verbi
845 3226 1030 3276 causa,
1052 3213 1323 3281 siLatinc,
1357 3220 1399 3274 si
1436 3219 1621 3276 Grmce
1638 3224 1873 3290 dicatur,
1903 3228 1948 3281 si

376 3296 636 3352 elevatius
668 3339 683 3361 ,
735 3301 778 3354 si
830 3304 1093 3369 pressius.
1141 3306 1245 3361 Sed
1304 3310 1415 3365 haec
1450 3317 1761 3369 necessario
1794 3326 1850 3371 ιιι
1884 3320 1949 3372 de

380 3386 675 3455 Seriptnris
730 3391 1062 3463 probemus,
1122 3398 1377 3466 exigitis.
1428 3404 1563 3459 Audi
1621 3408 1750 3474 quid
1803 3408 1950 3462 dicat

377 3474 662 3541 Apostolus
692 3478 770 3531 τις
813 3496 832 3529 t
871 3478 925 3533 Si
962 3480 1183 3551 linguis,
1209 3488 1489 3544 hominum
1525 3492 1718 3560 loquar
1764 3506 1816 3550 et
1848 3511 1946 3550 an.

376 3565 638 3628 gelorum,
662 3568 979 3624 charitatem
1006 3582 1183 3626 autem
1213 3592 1315 3631 non
1340 3581 1595 3647 habeam,
1626 3584 1804 3640 factus
1830 3601 1945 3640 sum

375 3664 433 3706 ut
466 3668 816 3713 teramcutum
850 3676 1052 3717 sonans
1080 3704 1096 3729 ,
1146 3678 1241 3721 aut
1290 3672 1595 3739 cymbalum
1633 3677 1885 3731 tinniens.
1925 3698 1942 3729 ι

376 3745 450 3798 Ita
476 3760 601 3815 ergo
628 3751 769 3819 loqui
796 3753 1013 3823 linguis,
1038 3769 1091 3811 et
1118 3760 1458 3829 interpretari
1482 3779 1544 3817 ex
1574 3766 1677 3819 alia
1708 3768 1757 3821 in
1784 3770 1944 3824 aliam

376 3836 642 3906 linguam,
672 3842 797 3897 teris
829 3845 1031 3899 oblatio
1060 3858 1164 3907 est.
1199 3850 1429 3906 Necesse
1462 3867 1546 3908 est
1583 3860 1729 3909 enim
1761 3861 1945 3913 omnia

376 3928 573 3983 habere
604 3935 1013 3990 tabernaculum
1047 3937 1140 3993 Dei
1170 3980 1185 4004 ,
1230 3952 1282 3996 et
1317 3944 1449 3998 nihil
1483 3947 1668 4001 deesse
1699 3950 1750 4002 in
1786 3951 1945 4005 domo

375 4018 603 4073 Domini.
647 4022 739 4078 Est
774 4026 975 4095 igitur,
1029 4037 1086 4083 ut
1114 4031 1372 4099 diximus,
1412 4037 1537 4091 aeris
1584 4040 1786 4094 oblatio
1817 4058 1941 4099 vox.

377 4105 484 4163 Vox
520 4124 700 4168 autem
729 4127 811 4171 cst
840 4133 960 4188 qua:
993 4121 1217 4177 alterius
1262 4140 1481 4181 sensum
1512 4130 1563 4183 in
1590 4133 1814 4188 alteram
1843 4137 1944 4190 liu-

371 4217 529 4267 guam
565 4208 743 4260 vertit.
778 4208 969 4265 Sermo
1004 4227 1133 4268 vero
1164 4226 1265 4279 est,
1302 4220 1391 4286 qui
1422 4235 1637 4275 sensum
1666 4228 1941 4295 pleprium

372 4293 580 4359 profert
608 4297 743 4367 (86).
776 4299 969 4357 Omnia
999 4320 1129 4375 ergo
1154 4306 1452 4364 olferautnr
1486 4311 1614 4379 Deo,
1647 4326 1700 4369 et
1727 4293 1940 4387 sensus,

369 4397 420 4439 et
453 4399 654 4453 sermo,
683 4399 736 4443 et
767 4406 889 4446 vox.

437 4475 491 4531 5.
523 4477 663 4542 Quid
696 4480 761 4532 de
790 4484 997 4539 exteris
1040 4484 1315 4545 dicemus?
1346 4491 1504 4546 Multa
1535 4508 1660 4550 sunt
1688 4499 1852 4563 enim,
1884 4512 1936 4555 et
1968 4508 2012 4562 ῐ)

368 4565 578 4635 singula
605 4570 872 4628 disvutcre
898 4592 1031 4645 opus
1056 4590 1139 4634 est
1170 4582 1378 4653 ingens.
1400 4584 1596 4641 Verum
1618 4590 1744 4658 quid
1808 4598 1935 4647 rod-

366 4658 494 4719 rrit,
538 4670 593 4712 ut
630 4673 815 4717 nostro
846 4669 1061 4733 qmdem
1094 4672 1296 4743 ingenti
1324 4677 1505 4730 labore
1553 4682 1835 4747 dicantur,
1868 4687 1935 4739 ab

367 4751 646 4815 occupatis
680 4768 804 4807 vero
834 4759 1192 4828 auditoribus,
1222 4775 1275 4818 et
1309 4768 1391 4818 vix
1430 4769 1589 4824 unius
1622 4775 1771 4826 hora:
1801 4791 1937 4843 pnn-

368 4844 454 4888 cto
494 4840 662 4894 verbo
693 4841 783 4896 Dei
815 4847 1194 4905 assistentibus
1225 4868 1576 4922 speruantur,
1602 4869 1654 4913 et
1686 4840 1940 4929 pereant?

373 4943 393 4977 ι
417 4927 525 4981 Nisi
555 4932 697 4985 enim
727 4935 979 4991 Dominus
1004 4943 1350 4998 :editicaverit
1379 4948 1620 5010 domum.
1654 4953 1707 5007 in
1739 4968 1933 5010 vanum

370 5027 743 5087 laboraverunt
781 5034 869 5102 qui
912 5036 1177 5092 aedificant
1220 5054 1337 5095 eam
1378 5042 1442 5095 ⁷⁸.
1494 5062 1512 5094 ι
1563 5045 1940 5105 Verumtamen

368 5134 488 5177 nos.
515 5130 569 5174 ut
593 5138 755 5192 supra
778 5126 979 5181 dictum
1003 5139 1106 5193 est,
1132 5132 1394 5187 tradimus
1418 5136 1483 5189 ad
1506 5151 1746 5192 mensam
1774 5157 1941 5209 pecu-

367 5209 509 5263 niam
550 5211 781 5277 Domini,
808 5216 986 5271 videat
1021 5219 1165 5272 enim
1206 5224 1573 5295 unusquisque
1611 5229 1938 5298 auditorum,

364 5302 635 5368 quomodo
671 5306 927 5374 suscipiat
975 5323 1093 5375 qua:
1145 5310 1446 5365 traduntur.
1509 5334 1526 5364 ι
1562 5314 1940 5389 Unusquisque

363 5399 540 5444 autem
574 5434 588 5455 ,
642 5392 814 5473 inquit
866 5396 913 5425 ⁷³
942 5436 956 5458 ,
1007 5407 1290 5463 nostrum,
1336 5401 1475 5456 sicut
1529 5407 1690 5461 corde
1739 5425 1939 5466 conce-

358 5482 456 5550 pit,
480 5485 671 5539 offerat
698 5488 845 5543 initia
874 5491 1117 5545 Domino.
1142 5511 1161 5543 ι
1196 5492 1348 5558 Quod
1373 5494 1510 5549 dixit
1534 5496 1711 5559 initia,
1743 5513 1926 5567 quer

459 5620 504 5652 ⁷ο
541 5620 679 5676 Psal.
716 5639 814 5690 xu,
848 5624 903 5683 6.
977 5626 1020 5656 ⁷¹
1059 5625 1227 5684 lCor.
1260 5643 1376 5693 xm,
1412 5630 1464 5681 l.

428 5757 543 5825 (86)
580 5758 728 5825 Mss"
766 5779 783 5810 ι
816 5764 1037 5831 profert,
1079 5783 1096 5815 ι
1137 5764 1291 5829 alias,
1332 5783 1348 5815 ι
1385 5766 1569 5821 refert.
1605 5787 1622 5818 ι

1538 5632 1583 5662 ⁷¹
1608 5631 1750 5686 ΡμειΙ.
1783 5649 1965 5701 exxvt,

2008 5638 2055 5690 l.

2053 3211 2174 3264 cst;
2204 3212 2486 3271 argentum
2509 3218 2573 3257 ex
2602 3220 2711 3273 quo
2740 3206 2897 3262 bases
2943 3218 2996 3262 et
3018 3211 3280 3265 columna:
3301 3224 3448 3275 sunt,
3480 3214 3623 3267 illius

2050 3301 2161 3355 est;
2193 3307 2266 3345 tes
2292 3293 2359 3345 de
2381 3309 2488 3361 quo
2518 3296 2724 3359 annuli,
2759 3307 2812 3350 et
2844 3300 3249 3366 candelabrum,
3278 3313 3328 3356 et
3358 3305 3631 3359 nonnulla:

2051 3384 2426 3436 columnarum
2461 3385 2621 3439 bases
2652 3386 2809 3440 facta:
2842 3398 2987 3454 sunt,
3017 3382 3160 3444 illius
3187 3402 3305 3457 est;
3335 3397 3430 3447 sed
3465 3405 3516 3448 et
3554 3397 3628 3448 Ιη-

2050 3473 2207 3541 pides
2246 3474 2329 3528 isti
2361 3476 2678 3541 bumeralis,
2715 3486 2768 3530 et
2796 3477 2945 3547 logii,
2981 3478 3123 3533 illius
3147 3492 3307 3547 sunt;
3338 3492 3392 3537 et
3427 3499 3628 3554 purpu-

2050 3579 2107 3616 ra
2139 3579 2244 3633 qua
2279 3576 2513 3621 ornatur
2546 3568 2789 3635 pontifex
2817 3609 2831 3632 ,
2872 3570 3015 3624 illius
3046 3579 3149 3636 est,
3177 3584 3231 3626 et
3257 3589 3452 3628 coccus
3484 3576 3627 3630 illius

2048 3666 2152 3722 est,
2181 3668 2233 3711 et
2258 3670 2457 3713 caetera
2486 3674 2715 3729 quaeque
2747 3675 2843 3730 per
2869 3662 3104 3730 singula.
3136 3664 3201 3717 Et
3226 3680 3440 3718 rursum
3462 3682 3625 3736 quant

2049 3749 2355 3802 indecorum
2388 3790 2403 3814 ,
2444 3766 2605 3819 quam
2640 3751 2901 3805 miserum
2950 3754 3093 3817 erit,
3144 3756 3187 3808 si
3239 3755 3497 3809 Dominus
3529 3772 3623 3809 ve-

2049 3840 2205 3893 niens
2233 3842 2511 3909 requirere
2532 3842 2819 3897 aedificium
2846 3844 3201 3909 tabernaculi,
3231 3845 3361 3899 nihil
3384 3850 3627 3901 muneris

2049 3932 2122 3985 toi
2156 3932 2393 3988 inveniat
2425 3934 2476 3986 in
2505 3948 2591 3995 eo,
2617 3934 2756 3988 nihil
2784 3950 2812 3988 a
2852 3944 2902 3988 te
2931 3945 3222 4003 cognoscat
3247 3937 3507 3991 oblatum.
3534 3940 3627 3992 Sic

2049 4023 2333 4078 indevotus
2356 4068 2370 4091 ,
2404 4025 2485 4079 sie
2538 4025 2772 4081 infidelis
2825 4027 3042 4090 vixisti,
3075 4035 3133 4080 ut
3169 4028 3302 4081 nihil
3349 4031 3627 4084 memoria)

2048 4123 2151 4169 tuae
2201 4115 2251 4169 in
2288 4117 2636 4172 tabernaculo
2682 4118 2771 4171 Dei
2808 4132 2928 4172 esse
2957 4120 3254 4188 gestieris?
3288 4120 3442 4175 Sicut
3474 4123 3622 4177 enim

2046 4207 2295 4274 princeps
2328 4208 2487 4276 hujus
2535 4209 2721 4263 mundi
2756 4211 2907 4264 venit
2955 4212 3018 4264 ad
3055 4228 3494 4282 unumquemque
3525 4230 3619 4267 nr.-

2045 4307 2240 4361 strum,
2274 4309 2327 4351 et
2355 4299 2548 4368 quaerit
2576 4300 2620 4353 si
2653 4300 2781 4368 quid
2814 4301 2879 4354 de
2906 4301 3020 4355 suis
3053 4303 3266 4357 actibus
3301 4304 3537 4357 inveniat
3566 4307 3619 4357 in

2046 4388 2221 4451 nobis,
2254 4397 2307 4442 et
2337 4390 2381 4443 si
2409 4389 2629 4457 quidem
2666 4390 2955 4455 invenerit,
2982 4391 3086 4445 sibi
3120 4406 3217 4446 nos
3245 4394 3516 4448 vindicat:
3548 4396 3621 4449 ita

2043 4488 2095 4530 et
2128 4480 2440 4532 econtrario
2484 4479 2532 4532 si
2581 4483 2804 4535 veniens
2840 4482 3100 4537 Dominus
3141 4484 3379 4538 inveniat
3411 4486 3619 4556 aliqud

2042 4579 2191 4621 tuum
2228 4570 2277 4622 in
2314 4570 2666 4625 tabernaculo
2697 4586 2797 4627 suo
2824 4612 2839 4637 ,
2885 4574 2954 4627 ibi
2994 4584 3045 4629 te
3073 4575 3348 4643 defendit,
3376 4591 3430 4634 et
3460 4596 3619 4635 suum

2044 4672 2093 4716 te
2129 4663 2280 4716 dicit.
2318 4663 2543 4719 Domine
2576 4663 2727 4729 Jesu,
2762 4676 2953 4734 prmsta
2988 4668 3139 4733 mihi,
3169 4678 3223 4723 nt
3257 4670 3462 4740 aliquid
3496 4686 3616 4725 ιιι-

2040 4755 2278 4809 nnmcuti
2328 4757 2527 4811 habere
2577 4772 2790 4811 merear
2842 4758 2895 4812 in
2948 4758 3296 4817 tabernaculo
3349 4774 3457 4815 tuo.
3505 4763 3619 4827 Ego

2038 4855 2301 4913 optarem,
2340 4850 2382 4901 si
2420 4849 2533 4901 lieri
2571 4858 2788 4917 posset,
2824 4865 2947 4906 esse
2975 4852 3180 4919 aliquid
3225 4868 3401 4905 meum
3432 4853 3482 4906 iu
3524 4854 3617 4906 illo

2040 4950 2193 5002 auro,
2224 4952 2290 4991 ex
2326 4954 2433 5007 quo
2463 4940 2899 5007 protritiatorium
2936 4940 3251 5004 fabricatur,
3288 4941 3370 4995 vel
3404 4958 3470 4996 ex
3501 4958 3607 5009 quo

2040 5066 2165 5104 arca
2199 5053 2535 5121 contegitur,
2575 5052 2655 5106 vel
2690 5068 2755 5107 ex
2798 5066 2905 5121 quo
2940 5053 3327 5107 candelabrum
3365 5055 3421 5107 fit
3458 5055 3610 5108 lumi-

2040 5144 2124 5196 nis
2153 5152 2207 5197 et
2238 5143 2491 5197 luecrme.
2530 5146 2635 5197 Aut
2666 5144 2712 5198 si
2748 5159 2937 5197 aurum
2966 5161 3069 5197 non
3097 5144 3293 5204 habeo.
3324 5156 3610 5213 argentum

2036 5234 2224 5287 saltem
2254 5234 2453 5302 aliquid
2484 5235 2729 5289 inveniar
2762 5233 2959 5289 olTerre
2990 5238 3131 5303 quod
3166 5237 3412 5303 proficiat
3442 5238 3492 5291 in
3518 5252 3609 5290 co-

2034 5322 2280 5385 lumnas,
2316 5322 2396 5375 vel
2448 5323 2497 5374 in
2549 5323 2707 5377 bases
2756 5338 2965 5377 earum.
3018 5326 3129 5378 Aut
3173 5336 3321 5378 certe
3354 5325 3435 5378 vel
3482 5341 3609 5379 tetas

2034 5412 2233 5480 aliquid
2265 5413 2463 5466 habere
2499 5428 2708 5467 merear
2747 5414 2797 5467 in
2839 5417 3211 5487 tabernaculo,
3244 5419 3385 5472 unde
3414 5419 3607 5477 circuli

2034 5505 2201 5567 liant,
2243 5512 2297 5556 et
2336 5510 2528 5555 caztera
2564 5517 2684 5571 qua:
2714 5520 2895 5559 sermo
2930 5508 3147 5563 divinus
3181 5509 3457 5565 describit.
3494 5510 3608 5566 υιι-

2133 5636 2178 5668 ⁷³
2215 5637 2384 5693 Exod.
2418 5652 2579 5706 xxxv,
2614 5637 2667 5695 ε’».
2747 5640 2790 5670 ⁷⁸
2826 5639 2841 5692 Ι
2871 5640 2987 5694 Tim
3021 5656 3073 5705 v,
3113 5640 3192 5694 l3.
