4106 6246
475 353 569 408 391

1935 345 2258 402 οῐιιϐπκιε

3599 329 3704 386 53

457 487 582 526 nam
626 472 754 526 nubi
793 484 932 528 esset
965 471 1222 540 possibile
1254 484 1415 523 unum
1449 483 1564 522 esse
1595 483 1657 522 ex
1697 469 2099 538 principibtts.A
2130 467 2406 533 plicatum.
2469 461 2703 515 Diﬁicilia
2759 462 2869 516 lucc.
2919 463 2985 514 ad
3035 460 3478 530 intelligendum,
3529 471 3582 517 et
3630 467 3703 518 ad

456 571 511 616 et
542 562 737 616 offerre
765 577 1006 628 gemmas
1034 563 1098 614 ad
1133 569 1508 614 ornamentmn
1543 560 1812 628 pontificis
1844 561 2027 613 hume-

459 651 606 712 ralis,
642 662 693 703 et
727 653 872 716 logii!
915 653 1018 705 Sed
1054 653 1178 719 quia
1213 652 1325 704 lucc
1359 666 1519 718 supra
1554 665 1638 703 me
1676 659 1800 704 sunt
1831 691 1845 712 ,
1883 658 2030 702 certe

459 743 543 793 vel
573 743 706 809 pilos
753 757 1036 808 caprarum
1090 742 1288 794 habere
1338 755 1551 793 merear
1587 741 1637 792 in
1680 739 2029 792 tabernaculo

466 827 555 880 Dei
583 869 596 888 ,
627 838 828 881 tantum
859 845 925 880 ne
977 829 1026 879 in
1062 828 1314 881 omnibus
1341 828 1558 895 jejunus
1595 840 1650 881 et
1706 829 2028 881 infecundus

463 919 724 971 inveniar.
763 939 778 969 ι
807 920 1184 987 Unusquisque
1207 934 1332 984 ergo
1363 921 1503 972 sicut
1525 921 1771 988 concepit
1799 935 1890 970 cor
1913 921 1977 971 le.
2006 939 2023 970 ι

459 1007 649 1062 Videte
680 1010 721 1062 si
757 1010 1036 1075 concipitis
1063 1048 1076 1071 ,
1110 1010 1287 1061 videte
1335 1013 1376 1061 si
1417 1012 1612 1064 tenetis
1639 1053 1651 1075 ,
1687 1028 1752 1064 ne
1789 1011 1928 1064 forte
1953 1011 2029 1063 ef-

458 1095 624 1150 ﬂuant
651 1113 768 1164 qua:
801 1097 1072 1155 dicuntur,
1098 1107 1151 1146 et
1179 1106 1419 1162 pereant.
1455 1095 1587 1149 Volo
1614 1113 1707 1149 vos
1741 1099 2030 1150 admonere

460 1188 736 1254 religionis
783 1196 971 1237 vestr;e
999 1187 1298 1253 exemplis:
1338 1187 1509 1240 nostis
1542 1188 1632 1256 qui
1671 1188 1866 1240 divinis
1911 1202 2028 1255 my-

459 1279 643 1331 steriis
676 1278 933 1330 interesse
971 1278 1274 1330 consuestis
1300 1319 1313 1340 ,
1349 1279 1618 1344 quomodo
1647 1293 1766 1329 cum
1798 1278 2029 1344 suscipi-

463 1369 534 1420 tis
557 1382 751 1433 corpus
781 1365 1013 1428 Domini,
1039 1383 1160 1421 cum
1193 1368 1335 1420 omni
1361 1369 1570 1421 cautela
1603 1379 1655 1422 et
1685 1370 2030 1422 veneratione

460 1455 711 1515 zervatis,
741 1469 806 1506 ne
832 1469 895 1507 ex
919 1471 980 1506 eo
1004 1472 1190 1522 parum
1219 1459 1344 1525 quid
1376 1458 1606 1522 decidat,
1632 1475 1699 1511 ne
1723 1459 2026 1513 consecrati

461 1544 699 1596 numeris
731 1544 928 1612 aliquid
965 1545 1233 1597 dilabatur
1262 1545 1394 1616 (87).
1430 1547 1571 1601 Reos
1606 1549 1746 1600 enim
1789 1563 1880 1599 vos
1911 1563 2032 1601 cre-

461 1635 612 1694 ditis,
638 1643 691 1685 et
721 1643 864 1686 recte
889 1635 1126 1694 creditis,
1152 1634 1195 1685 si
1225 1637 1351 1701 quid
1380 1635 1502 1690 inde
1529 1653 1625 1703 per
1649 1637 2030 1704 negligentiam

461 1725 688 1776 decidat.
739 1723 888 1786 Quod
937 1725 1146 1774 sicirca
1198 1738 1391 1789 corpus
1447 1725 1562 1792 ejus
1607 1725 2027 1778 conservandum

462 1825 610 1867 tanta
649 1815 860 1866 utimini
900 1814 1128 1874 cautela,
1161 1825 1216 1866 et
1249 1815 1440 1867 merito
1473 1815 1686 1867 utimini
1717 1832 1729 1878 ;
1763 1816 2029 1882 quomodo
2064 1804 2103 1856 Β

459 1905 659 1973 putatis
697 1905 920 1960 minoris
946 1919 1066 1957 esse
1091 1904 1284 1972 piaculi
1324 1907 1547 1960 verbum
1579 1906 1670 1959 Dei
1707 1907 2028 1974 neglexisse,

464 1996 620 2064 177
655 2011 812 2063 quam
846 2010 1041 2062 corpus
1078 1993 1226 2059 ejus?
1271 1994 1423 2048 Initia
1473 2012 1604 2065 ergo
1633 1997 1893 2065 jubentur
1943 1997 2028 2050 of-

461 2087 624 2150 ferre,
660 2087 760 2139 hoc
806 2098 889 2139 est
922 2087 1208 2154 primitias.
1253 2087 1349 2152 Qui
1395 2085 1558 2140 oerrt
1601 2091 1742 2155 quod
1794 2090 2028 2158 primum

460 2187 577 2239 est,
631 2180 940 2231 necessario
999 2179 1194 2230 habeat
1250 2178 1363 2244 ipse
1406 2180 1548 2246 quod
1613 2178 1878 2246 reliquum
1926 2190 2027 2233 est.

465 2264 596 2319 Vide
637 2276 895 2333 quantum
949 2281 1045 2320 nos
1092 2276 1306 2333 oportet
1350 2268 1626 2321 abundare
1663 2284 1815 2328 auro.
1859 2283 2031 2336 quan-

464 2363 574 2406 tum
627 2364 874 2422 argento,
924 2371 986 2407 ac
1045 2355 1266 2421 reliquis
1316 2358 1567 2410 omnibus
1613 2373 1732 2425 qua:
1775 2357 2033 2424 jubentur

461 2444 666 2508 oﬂ'erri,
698 2455 834 2499 utet
885 2448 1110 2500 Domino
1143 2446 1456 2510 offeramus,
1498 2457 1551 2502 et
1581 2450 1742 2503 nobis
1773 2450 2029 2516 supersit.

462 2535 646 2589 Primo
676 2537 817 2589 enim
846 2537 1084 2590 omnium
1114 2537 1272 2590 debet
1303 2553 1494 2590 sensus
1529 2554 1681 2592 meus
1729 2540 2031 2609 intelligere

463 2627 653 2691 Deum,
695 2637 747 2680 et
789 2628 888 2695 ipsi
926 2627 1120 2681 oﬂ'erre
1170 2629 1435 2694 primitias
1485 2630 1796 2685 intellectus
1829 2633 1935 2696 sui,
1975 2641 2033 2688 ιιι

463 2736 587 2774 cum
621 2722 784 2774 Deum
834 2720 967 2774 bene
1007 2720 1348 2783 intellexerit,
1385 2722 1589 2789 reliqua
1638 2735 2034 2791 consequenter

463 2821 742 2880 agnoscat.
788 2810 900 2864 Hoc
930 2810 1095 2864 etiam
1149 2825 1332 2864 sermo
1379 2811 1574 2876 faciat,
1618 2813 1721 2864 hoc
1757 2821 1811 2865 et
1853 2811 2032 2864 omnia

465 2917 584 2969 qum
625 2903 674 2955 in
711 2903 868 2954 nobis
897 2910 1040 2963 sunt,
1069 2911 1251 2968 agant.
1283 2903 1386 2956 Sed
1425 2904 1702 2958 videamus
1731 2914 1784 2957 et
1817 2914 2031 2968 caetera,

467 2995 819 3062 hyacinthum
853 3003 904 3046 et
939 3009 1252 3063 purpuram,
1300 3005 1356 3048 et
1403 3011 1629 3049 coccum
1666 2997 2032 3064 duplicatum,

465 3095 522 3138 et
574 3087 790 3154 hyssum
827 3094 1050 3137 tortam.
1098 3083 1344 3148 Quatuor
1391 3087 1491 3138 ista
1545 3095 1669 3139 sunt
1722 3102 1787 3138 ex
1838 3087 2033 3154 quibus

466 3177 832 3228 conficiuntur
887 3175 969 3228 vel
1012 3176 1279 3241 pontiﬁcis
1342 3177 1652 3230 indumenta
1706 3179 1789 3230 vel
1839 3190 2031 3233 caetera

467 3281 588 3335 qua:
616 3268 680 3319 ad
707 3281 917 3320 sacrum
953 3275 1209 3333 parantur
1233 3277 1505 3320 ornatum.
1545 3268 1618 3320 De
1655 3269 1739 3321 his
1781 3270 2037 3322 dixerunt

466 3358 686 3426 quidam
723 3367 847 3411 ante
881 3373 976 3412 nos
1013 3358 1136 3428 '(88)
1166 3375 1179 3411 :
1211 3369 1263 3412 et
1311 3360 1451 3412 sicut
1504 3375 1607 3411 non
1661 3361 1818 3414 decet
1865 3361 2035 3413 aliena

467 3448 675 3512 furari,
724 3449 796 3502 ita
849 3452 1180 3504 conveniens
1233 3460 1359 3518 puto
1401 3451 1537 3503 bene
1592 3451 1753 3503 dictis
1816 3450 2039 3504 alterius

469 3557 574 3595 non
609 3541 756 3594 abuti
799 3541 1080 3595 fatentem.
1134 3541 1236 3594 Ista
1278 3557 1428 3609 ergo,
1464 3552 1602 3596 utet
1646 3544 1918 3611 prioribus
1965 3542 2042 3594 vi-

470 3649 588 3687 sutn
640 3646 758 3698 est,
809 3645 1042 3702 quatuor
1108 3636 1540 3696 elementorum,
1597 3649 1660 3686 ex
1737 3635 1932 3701 quibus
1985 3642 2041 3687 et

474 3731 704 3784 mundus
740 3741 949 3784 constat
978 3743 1030 3785 et
1069 3745 1266 3798 corpus
1319 3732 1636 3789 humanum,
1676 3737 1857 3782 tenent
1902 3728 2039 3795 figu-

471 3837 621 3886 ram,
669 3823 718 3876 id
765 3833 847 3877 est
891 3825 1068 3885 aeris,
1116 3825 1276 3892 ignis.
1309 3837 1460 3890 aqum
1492 3833 1545 3874 et
1593 3831 1769 3873 ιρι-τερ.
1809 3817 2040 3889 Hyacin-

473 3919 597 3971 thus
621 3933 748 3987 ergo
779 3918 844 3971 ad
881 3933 1059 3971 aerem
1093 3916 1351 3979 refertur,
1384 3917 1485 3969 hoc
1514 3917 1658 3969 enim
1698 3916 1810 3981 ipse
1841 3915 2043 3966 indicat

475 4009 646 4073 color,
691 4010 826 4061 sicut
878 4017 932 4061 et
983 4021 1180 4061 coccus
1224 4007 1290 4057 ad
1347 4006 1548 4074 ignem.
1599 4005 1843 4072 Purpura
1891 4019 2044 4072 aqua:

479 4109 624 4154 tenet
654 4103 898 4166 tignram,
931 4097 1084 4165 quasi
1119 4112 1236 4165 qua:
1265 4095 1330 4147 de
1368 4095 1523 4162 aquis
1568 4095 1797 4159 accipiat
1839 4094 2041 4148 fucum.

472 4191 670 4264 Byssus
705 4201 880 4252 terrm,
918 4191 1043 4258 quia
1075 4190 1252 4241 oritur
1291 4203 1354 4241 ex
1405 4195 1567 4240 terra.
1603 4186 1873 4240 Habemus
1915 4202 2044 4255 ergo

470 4293 527 4336 et
573 4295 672 4336 nos
716 4281 828 4334 Ita‘c
871 4279 1054 4332 omnia
1104 4277 1154 4328 in
1195 4275 1370 4336 nobis,
1419 4286 1472 4330 et
1521 4278 1642 4345 quia
1687 4291 1750 4330 ex
1801 4277 1884 4329 his
1936 4278 2046 4344 pri-

473 4374 653 4427 tnitias
711 4372 936 4426 Domino
987 4370 1238 4437 jnbemur
1296 4369 1528 4434 offerre,
1583 4369 1701 4421 ideo
1759 4369 1892 4422 dicit
1936 4369 1979 4399 ⁷⁸
2025 4386 2038 4422 :

2135 553 2512 622 proferendum
2545 552 2710 604 nmlto
2737 551 3058 605 difficiliora.
3099 551 3507 615 Verumtamen,
3538 565 3704 619 prout

2131 645 2390 697 Dominus
2445 642 2690 706 dederit,
2747 641 3073 695 tentabimus
3121 640 3436 709 explanare.
3475 640 3704 710 Oportet

2129 735 2272 788 enim
2305 744 2357 787 et
2388 734 2490 786 dici
2525 733 2726 800 aliqtta,
2755 742 2809 785 et
2841 731 3118 800 aliquanta
3148 731 3373 785 serVari.
3408 730 3704 789 Videamus

2130 841 2260 895 ergo
2294 841 2398 894 qua
2434 825 2644 878 ratione
2675 839 2898 878 coccum
2931 823 3126 876 dixerit
3159 825 3510 892 duplicatum.
3535 826 3699 883 Color

2133 917 2256 979 iste,
2296 925 2354 968 ut
2393 914 2658 980 diximus,
2701 915 2840 983 ignis
2897 915 3098 967 indicat
3149 915 3499 968 elementum.
3550 917 3704 986 Ignis

2131 1015 2311 1060 autem
2359 1006 2627 1074 duplicem
2678 1007 2841 1058 habet
2888 1005 3177 1068 virtutem,
3222 1022 3382 1057 unam
3420 1021 3523 1073 qua
3577 1008 3704 1060 illu-

2133 1099 2322 1160 minat,
2353 1096 2512 1149 aliam
2555 1111 2659 1165 qua
2695 1096 2951 1150 incendit.
2981 1095 3102 1149 llaec
3133 1107 3212 1148 est
3260 1097 3496 1150 historiae
3529 1098 3698 1153 ratio.

2136 1187 2423 1241 Veniamus
2447 1197 2500 1240 et
2535 1188 2600 1239 ad
2639 1186 3042 1240 intellectualia.
3074 1186 3248 1238 Etiam
3294 1187 3345 1239 in
3390 1188 3520 1256 ipsis
3557 1189 3704 1253 ignis

2132 1278 2326 1345 duplex
2358 1288 2442 1331 est
2492 1277 2624 1346 (89).
2660 1277 2751 1330 Est
2797 1277 2934 1346 ignis
2977 1279 3198 1344 quidam
3243 1279 3293 1330 in
3335 1279 3434 1331 hoc
3477 1282 3701 1343 saeculo,

2131 1378 2216 1423 est
2262 1377 2314 1422 et
2358 1370 2410 1421 in
2461 1369 2658 1420 futuro.
2696 1368 2951 1420 Dominus
2991 1367 3146 1421 Jcsus
3188 1369 3318 1420 dicit
3345 1370 3432 1422 7°:
3473 1388 3491 1418 ι
3521 1371 3703 1438 Ignem

2132 1461 2253 1514 veni
2290 1462 2504 1514 mittere
2536 1461 2587 1512 in
2623 1469 2841 1512 terram.
2876 1479 2893 1511 ι
2932 1460 3072 1528 Ignis
3106 1459 3204 1514 iste
3237 1460 3531 1518 illuminat.
3569 1463 3704 1518 Item

2135 1568 2322 1606 rursus
2362 1552 2617 1604 Dominus
2671 1553 2812 1605 dicet
2858 1552 2910 1604 itt
2964 1553 3143 1605 futuro
3189 1554 3456 1620 operariis
3495 1555 3701 1624 iniqui-

2136 1643 2263 1694 tatis
2287 1644 2328 1673 ⁷⁷
2361 1660 2374 1694 :
2414 1662 2432 1694 ι
2459 1642 2536 1695 Ite
2566 1643 2617 1695 in
2652 1643 2826 1711 ignem
2857 1653 3146 1706 aeternum,
3177 1659 3334 1712 quem
3377 1649 3700 1714 praparavit

2133 1731 2290 1784 Pater
2325 1747 2474 1785 meus
2508 1733 2720 1785 diabolo
2762 1743 2816 1784 et
2852 1733 3058 1802 angelis
3087 1732 3226 1798 eius.
3255 1751 3273 1785 ι
3305 1733 3399 1789 Ille
3438 1736 3567 1802 ignis
3609 1739 3692 1790 in-

2135 1824 2331 1875 cendit.
2367 1822 2746 1875 Verumtamen
2790 1824 2890 1877 iste
2927 1825 3088 1889 ignis,
3117 1840 3276 1893 quem
3308 1827 3455 1880 venit
3488 1829 3694 1882 mittere

2133 1914 2309 1980 Jesus,
2345 1915 2607 1968 illuminat
2643 1915 2856 1982 quidem
2891 1931 3105 1971 omnem
3161 1919 3432 1972 hominem
3477 1920 3701 1973 venien-

2136 2016 2239 2060 tem
2275 2007 2325 2059 in
2363 2007 2507 2061 hunc
2535 2006 2788 2059 tmmdnm
2818 2007 2883 2068 7“,
2919 2009 3075 2062 habet
3107 2018 3286 2062 tamen
3327 2010 3530 2078 aliquid
3560 2014 3702 2078 quod

2132 2108 2186 2152 et
2237 2098 2524 2162 incendat,
2575 2100 2716 2152 sicut
2760 2099 3093 2153 confitentur
3133 2101 3206 2154 illi
3251 2102 3339 2170 qui
3399 2103 3585 2156 dicunt
3608 2104 3702 2156 ":

2139 2209 2157 2240 ι
2199 2189 2386 2244 Nonne
2426 2205 2522 2245 cor
2571 2201 2811 2244 nostrmu
2866 2193 3063 2246 ardens
3097 2201 3214 2246 erat
3253 2195 3391 2246 intra
3429 2209 3551 2259 nos,
3582 2211 3702 2249 cum

2133 2278 2443 2341 adaperiret
2486 2277 2640 2331 nobis
2693 2278 3043 2346 Scripturas?
3080 2298 3097 2330 ι
3146 2280 3320 2335 Simul
3366 2298 3494 2352 ergo
3529 2295 3582 2339 et
3617 2287 3701 2339 in-

2133 2367 2403 2421 cendebat
2453 2377 2508 2420 et
2567 2368 2941 2432 illuminabat,
2996 2371 3312 2439 adaperiens
3369 2373 3702 2443 Scripturas.

2135 2457 2330 2511 Nescio
2366 2467 2545 2511 autem
2592 2459 2633 2510 si
2671 2470 2725 2512 et
2756 2459 2842 2513 ille
2881 2459 3020 2528 ignis
3055 2462 3106 2514 in
3159 2462 3340 2516 futuro
3376 2466 3577 2518 seculo
3610 2469 3702 2534 qui

2135 2548 2402 2611 inccttdit,
2463 2549 2655 2602 habeat
2707 2548 2908 2616 aliquid
2965 2552 3104 2617 quod
3160 2560 3215 2605 et
3267 2553 3556 2608 illumiuet.
3611 2557 3706 2610 Est

2134 2649 2282 2702 ergo,
2328 2646 2382 2686 nt
2415 2637 2767 2701 ostendimus,
2808 2646 2996 2690 natura
3028 2639 3170 2709 ignis
3219 2642 3440 2710 duplex,
3484 2657 3539 2698 et
3582 2647 3704 2698 ideo

2130 2721 2351 2790 jutietur
2395 2721 2579 2776 olTerri
2629 2740 2826 2780 coccus
2874 2727 3198 2796 duplicatus.
3247 2731 3527 2794 Quomodo
3575 2751 3706 2803 ergo

2137 2829 2234 2866 nos
2262 2812 2457 2868 ofi'erre
2503 2829 2784 2883 possumus
2830 2817 3004 2885 ignem
3055 2819 3212 2873 istnnt
3261 2822 3592 2890 duplicatum
3635 2826 3702 2878 ad

2135 2908 2418 2959 aedilicium
2453 2907 2805 2971 tabernaculi,
2835 2909 3134 2963 videamus.
3178 2911 3234 2963 Si
3273 2913 3463 2967 doctor
3496 2930 3574 2979 es,
3610 2931 3704 2970 ev-

2138 2997 2301 3051 Stru‘is
2340 2998 2742 3051 tabernaculum
2776 2997 3050 3053 aadificans
3083 3001 3377 3057 Ecclesiant
3411 3005 3535 3069 Dei;
3573 3009 3704 3062 dicit

2138 3099 2269 3152 ergo
2296 3094 2350 3139 et
2389 3087 2454 3138 ad
2494 3094 2542 3140 te
2577 3087 2715 3141 Detts
2747 3089 2888 3154 quod
2921 3099 2975 3142 et
3015 3091 3082 3144 ad
3116 3089 3404 3148 Jerentiam
3453 3098 3585 3151 dixit
3608 3098 3654 3129 ⁸⁸
3687 3117 3702 3154 :

2142 3195 2159 3225 ι
2193 3174 2330 3229 Ecce
2363 3177 2480 3230 dedi
2523 3178 2685 3230 verba
2716 3194 2831 3232 mea
2866 3180 2917 3230 in
2958 3196 3019 3232 os
3055 3189 3226 3246 tuum,
3254 3203 3270 3233 ι
3305 3186 3354 3237 id
3383 3197 3465 3241 est
3501 3189 3704 3258 ignem.

2141 3269 2197 3322 Si
2225 3283 2353 3336 ergo
2380 3269 2578 3323 docens
2603 3280 2655 3323 et
2689 3273 2964 3326 :edilicaus
2987 3273 3284 3328 Ecclesiant
3314 3277 3425 3342 Dei,
3457 3278 3708 3348 increpes

2141 3359 2512 3413 tantummodo
2553 3370 2607 3413 et
2643 3377 2836 3430 arguas
2869 3372 2923 3416 et
2967 3365 3222 3433 castiges,
3260 3375 3562 3435 etpeccata
3613 3387 3710 3438 po-

2141 3451 2249 3513 puli
2290 3450 2603 3516 exprobres,
2646 3453 2780 3505 nihil
2824 3465 3000 3507 autem
3039 3457 3424 3513 consolationis
3465 3461 3709 3528 proferas

2139 3541 2206 3595 de
2258 3541 2555 3609 Scripturis
2613 3542 2846 3608 divinis,
2897 3545 3188 3598 obscurum
3243 3548 3375 3602 nihil
3426 3552 3704 3618 explanes,

2142 3633 2274 3685 nihil
2333 3634 2573 3687 scientia:
2642 3635 3007 3700 profundioris
3054 3639 3311 3709 attingas,
3364 3655 3463 3694 nec
3506 3642 3710 3711 aliquid

2144 3723 2512 3790 intelligentiae
2562 3723 2886 3776 sacratioris
2923 3726 3159 3792 aperias,
3208 3727 3447 3782 obtulisti
3491 3731 3708 3796 quidem

2143 3830 2384 3878 coccum,
2417 3815 2508 3868 sed
2544 3830 2647 3867 non
2686 3816 3041 3884 duplicatum.
3103 3817 3246 3886 Ignis
3277 3822 3422 3874 enim
3470 3832 3591 3874 tuus
3624 3821 3708 3874 itt-

2144 3907 2325 3958 cendit
2363 3907 2750 3967 tantummodo,
2800 3917 2853 3959 et
2890 3920 2994 3958 non
3049 3907 3333 3963 illuminat.
3376 3911 3441 3964 Et
3493 3927 3709 3964 rursum

2144 3997 2188 4048 si
2233 3997 2432 4050 docens
2481 4001 2737 4068 mysteria
2782 4000 2914 4069 legis
2961 4001 3195 4070 aperias,
3240 4013 3575 4056 secretorum
3619 4018 3710 4056 ar—

2145 4101 2279 4138 cana
2337 4087 2632 4154 discutias,
2678 4106 2990 4160 peccantem
3038 4107 3164 4148 vero
3206 4109 3308 4146 non
3349 4109 3563 4163 arguas,
3611 4109 3709 4147 ne-

2146 4178 2432 4248 gligentem
2491 4197 2596 4234 non
2658 4187 2959 4253 corripias,
3012 4187 3356 4240 severitatem
3411 4187 3710 4255 disciplinae

2147 4287 2251 4324 non
2305 4281 2517 4340 teneas,
2558 4278 2798 4331 obtulisti
2871 4280 3082 4348 quidem
3146 4295 3409 4343 coccum,
3452 4281 3545 4332 sed
3603 4293 3707 4331 non

2148 4364 2496 4435 duplicatum.
2526 4368 2670 4438 Ignis
2707 4371 2846 4422 enim
2881 4381 3001 4424 tuus
3033 4381 3238 4424 tantum
3282 4372 3569 4432 illuminat,
3603 4385 3708 4423 non

479 4484 500 4517 ι
537 4466 750 4519 Sumite
795 4480 861 4518 ex
906 4463 1059 4515 vobis
1095 4461 1246 4530 ipsis,
1281 4471 1336 4515 et
1377 4462 1570 4516 offerte
1616 4462 1883 4531 primitias
1934 4462 2038 4516 Do-
2073 4461 2115 4515 D
2146 4460 2412 4512 accendit.
2459 4460 2559 4525 Qui
2592 4477 2720 4531 ergo
2768 4470 2912 4516 recte
2964 4461 3156 4525 offert,
3199 4471 3254 4516 et
3301 4472 3448 4517 reete
3497 4461 3710 4520 dividit,

473 4569 640 4610 1111110.
674 4573 691 4606 1

547 4647 598 4700 ι.
640 4644 841 4698 Verum
873 4643 1014 4696 istud
1061 4641 1518 4696 considerandum
1555 4651 1703 4711 puto,
1736 4643 1877 4712 quod
1913 4658 2034 4698 cum

472 4739 540 4794 de
573 4738 789 4792 caeteris
857 4733 1182 4802 simpliciter
1231 4735 1366 4788 dixit
1418 4733 1660 4803 Moyses,
1717 4743 1923 4786 tantum
1974 4735 2040 4787 de

475 4845 639 4885 cocco
672 4826 875 4881 addidit
906 4826 1273 4892 duplicatum,
1319 4834 1372 4879 et
1415 4826 1636 4895 byssum
1683 4833 1897 4878 tortam.
1939 4824 2040 4877 Rev

473 4924 707 4994 quiritur
729 4936 878 4989 ergo,
906 4934 1003 4973 cur
1032 4917 1165 4971 alias
1196 4918 1414 4986 quidem
1451 4916 1730 4978 materias,
1755 4931 1819 4968 ex
1845 4915 2041 4983 quibus

471 5026 526 5070 et
563 5027 758 5068 caetera
794 5010 1103 5064 indicantur
1131 5009 1424 5072 elementa,
1453 5007 1774 5073 simpliciter
1809 5007 2038 5070 dixerit;

472 5120 692 5160 coccum
725 5120 831 5174 quo
879 5102 1019 5170 ignis
1061 5101 1392 5169 designatur,
1444 5099 1617 5154 solum
1669 5098 1912 5167 posuerit
1946 5098 2042 5147 du-

550 5251 598 5289 "
629 5251 797 5306 Exod.
822 5264 983 5312 xxxv,
1022 5246 1074 5300 5.
1149 5245 1195 5277 ’⁸
1234 5244 1364 5300 Luc.
1395 5257 1508 5308 xu,
1534 5242 1624 5296 49.

570 5442 656 5502 87)
697 5439 776 5494 Nc
811 5436 1097 5491 consecrati
1141 5433 1370 5488 muneris
1397 5433 1596 5502 aliquid
1633 5431 1922 5486 dilabatur.
1961 5430 2035 5483 Ita

474 5512 635 5568 etiam
686 5509 1048 5564 Tertulliantts
1107 5505 1198 5559 lib.
1248 5504 1322 5557 De
1377 5519 1612 5557 corona:
1662 5502 1900 5554 «Calicis
1948 5509 2041 5552 attt

474 5583 630 5652 panis
669 5581 831 5634 etiam
867 5577 1032 5630 nostri
1070 5575 1271 5643 aliquid
1323 5573 1497 5628 decuti
1558 5573 1609 5625 in
1648 5582 1844 5622 lCl’l‘:tltt
1878 5571 2042 5623 anxie

476 5654 857 5722 ρειιίιιιιιικᾼι,Δ
1360 5711 1376 5722 _
1516 5711 1527 5722 _
1854 5709 1866 5722 Δ
1926 5708 1958 5722 Δ,

548 5721 658 5792 (88)
717 5717 944 5784 Quidam
1004 5724 1124 5766 ante
1193 5729 1306 5765 nos.
1351 5711 1569 5779 Joscplt.
1609 5710 1700 5763 lib.
1733 5725 1788 5762 ιιι
1835 5709 2038 5776 Antiq.,

1700 5243 1741 5272 77
1787 5239 1976 5293 Matth.
2006 5255 2131 5308 xxv,
2157 5239 2243 5294 41.

2147 4563 2366 4604 coccum
2410 4550 2569 4606 oll'ert
2599 4553 2942 4621 duplicatum,
2981 4563 3038 4606 ut
3071 4570 3193 4608 cunt
3231 4553 3472 4607 scientia:
3514 4551 3712 4605 lumine

2149 4643 2438 4713 igniculum
2467 4646 2774 4698 severitatis
2807 4645 3120 4698 admisceat.

2219 4734 2270 4786 5.
2315 4734 2450 4800 Quid
2496 4745 2675 4788 autem
2725 4737 2824 4790 sibi
2876 4737 2999 4789 velit
3029 4747 3081 4789 et
3136 4736 3324 4805 byssus
3358 4743 3498 4789 torta
3532 4733 3714 4786 videa-

2152 4839 2294 4877 mus.
2341 4823 2404 4876 ΕΙ.
2446 4823 2535 4876 hic
2569 4825 2712 4878 enim
2755 4825 2902 4877 dedit
2954 4823 3154 4891 aliquid
3204 4823 3553 4876 additantenti
3603 4834 3714 4888 prae

2146 4915 2356 4968 caeteris
2402 4915 2705 4969 elementis.
2750 4915 2972 4984 Byssum
3025 4915 3265 4968 diximus
3306 4925 3464 4969 terra:
3511 4913 3716 4967 habere

2149 5005 2399 5069 formam,
2431 5005 2572 5075 quod
2609 5019 2692 5062 est
2740 5024 2866 5062 caro
2915 5020 3117 5062 nostra.
3167 5007 3398 5061 Carnem
3445 5019 3572 5071 ergo
3604 5017 3714 5054 non

2152 5097 2263 5149 vult
2297 5098 2477 5151 offerri
2516 5100 2621 5152 Deo
2668 5098 2966 5154 ﬂuitantem
2999 5101 3148 5161 luxu,
3183 5108 3237 5152 et
3268 5096 3474 5151 deliciis
3505 5099 3716 5148 resolu-

2321 5241 2367 5292 i!
2403 5239 2562 5294 Joan.
2589 5256 2627 5304 t,
2650 5241 2703 5294 9.
2778 5242 2821 5272 ⁷⁸
2862 5240 2992 5296 Luc.
3027 5256 3171 5304 xxiv,
3200 5239 3288 5294 5‘2.
3363 5237 3408 5269 “
3442 5236 3554 5292 Jer.
3589 5249 3625 5300 ι,
3657 5233 3716 5291 9.

2778 5242 2821 5272 τ’
2862 5240 2992 5296 Luc.
3027 5256 3171 5305 xxiv,
3200 5239 3288 5294 5‘2.

2148 5447 2267 5501 cap.
2293 5430 2436 5501 8,_ct
2465 5427 2616 5480 Philo
2645 5425 2718 5478 De
2754 5426 2857 5501 uita
2891 5423 3129 5501 Mopsis._
3163 5491 3176 5501 ,
3224 5497 3233 5501 ,
3275 5489 3308 5501 ,.
3384 5498 3393 5501 -
3557 5487 3589 5501 ..

2221 5487 2343 5568 (891
2364 5499 2509 5551 Libri
2542 5508 2695 5549 antea
2720 5496 2852 5568 editi
2881 5512 2895 5546 :
2928 5512 2944 5544 ι
2982 5487 3044 5546 Et
3066 5493 3130 5546 ad
3163 5489 3492 5568 intellectum
3523 5487 3712 5568 alium.

2153 5563 2327 5623 Etiam
2379 5569 2516 5636 ignis
2563 5568 2672 5633 ipse
2702 5566 2896 5634 duplex
2941 5574 3077 5631 est,i
3127 5563 3221 5615 sed
3270 5563 3621 5626 manuscripu
3655 5564 3714 5606 ut

2157 5644 2208 5694 in
2240 5650 2425 5693 nostro
2458 5647 2626 5691 textu.
