4090 6200
368 258 463 317 395
1528 244 1595 310 ΙΝ
1635 255 1921 313 EXODUM
1961 246 2247 312 HOXHLIA
2289 242 2430 309 XI".

3527 258 3629 309 5M

370 390 495 444 tam,
549 376 644 433 sed
695 374 939 446 torqueri
983 367 1135 445 jubet
1183 384 1301 429 eam
1349 382 1402 431 et
1453 378 1778 448 constringi.
1813 378 1945 445 Quis
1977 376 2019 440 Α
2049 377 2228 431 omnia
2276 390 2441 445 opera
2513 386 2767 425 manuum
2815 376 3037 425 suarum
3084 378 3205 442 qua?
3252 372 3304 427 in
3363 378 3633 432 mandatis

371 476 492 540 ergb
531 480 614 525 est
644 470 734 539 qui
772 470 1061 538 torquebat
1093 472 1313 523 Carnem
1344 468 1525 523 suam?
1551 454 1641 524 ille
1685 472 1945 524 nimirum

371 564 453 629 qui
508 559 644 614 dixit
669 560 715 590 δι
745 578 759 611 :
795 577 813 609 ι
846 559 1058 613 Macero
1102 573 1305 625 corpus
1348 576 1549 626 meum,
1589 572 1643 615 et
1687 561 1740 614 in
1775 561 1949 615 servi-

372 662 541 706 tutem
589 651 842 720 subiit-io,
873 666 939 703 ne
986 650 1121 704 forte
1166 667 1288 704 cum
1335 652 1457 708 aliis
1506 654 1948 721 przcdicaverim,

373 744 483 813 ipse
543 747 810 813 reprobus
863 744 1091 800 eﬂiciar.
1127 762 1145 795 ι
1205 743 1297 798 Sic
1346 759 1476 815 ergo
1523 754 1607 799 est
1652 744 1850 799 olIerre
1895 746 1951 801 et

368 837 587 907 byssmn
622 845 847 899 tortam,
878 850 1096 889 carnem
1132 836 1479 900 abstinentia,
1514 836 1715 905 vigiliis
1752 847 1806 893 et
1840 853 1951 894 me-

370 932 691 982 ditationum
725 928 906 983 labore
943 927 1233 983 conﬁcere.
1268 927 1579 984 Oﬂernntu'r
1610 939 1667 985 et
1709 932 1803 1001 pili
1854 946 1951 986 ca-

370 1034 611 1086 prarum.
651 1020 761 1075 lloc
812 1037 982 1091 genus
1031 1020 1256 1089 pecudis
1305 1021 1359 1075 in
1403 1021 1529 1093 lege
1582 1037 1682 1091 pro
1722 1032 1951 1092 peccato

372 1110 590 1177 iubetur
638 1112 844 1168 oﬂcrri.
890 1114 1036 1168 Pilus
1089 1131 1218 1170 vero
1266 1114 1477 1187 species
1529 1121 1613 1169 est
1660 1122 1949 1179 emortua,

372 1203 665 1271 exsanguis
693 1213 747 1257 et
783 1203 1073 1259 exanimis.
1106 1200 1257 1261 lianc
1292 1206 1383 1276 qtti
1415 1197 1599 1270 oﬂ‘ert,
1632 1206 1870 1260 ostendit
1898 1204 1950 1259 in

373 1309 431 1349 se
477 1311 699 1350 sensum
734 1297 941 1365 peccati
973 1298 1087 1365 jam
1121 1308 1418 1362 mortuum,
1469 1312 1569 1351 nec
1600 1296 1652 1350 in
1696 1295 1954 1350 membris

373 1390 486 1443 suis
538 1388 678 1442 ultra
734 1391 917 1442 vivere
970 1398 1065 1443 aut
1122 1403 1353 1460 regnare
1408 1398 1713 1459 peccatum.
1776 1386 1954 1442 Pelles

372 1490 593 1550 quoque
642 1466 950 1533 offeruntur
996 1481 1251 1535 arietum.
1310 1474 1549 1536 Arietem
1613 1483 1778 1534 etiam
1827 1488 1955 1533 ante

374 1587 473 1626 nos
507 1572 728 1641 quidam
762 1587 862 1640 pro
907 1573 1088 1627 furore
1138 1583 1454 1641 posuerunt.
1508 1572 1577 1627 Et
1626 1572 1753 1642 quia
1797 1571 1955 1640 pellis

377 1667 577 1719 mortui
620 1666 872 1720 animalis
910 1666 1164 1721 indicium
1197 1676 1306 1728 est,
1335 1667 1575 1722 ostendit
1608 1667 1661 1720 in
1710 1680 1768 1720 se
1803 1664 1957 1718 furo-

2052 468 2264 524 Domini
2302 464 2436 537 agit.

2121 560 2175 618 6.
2211 554 2440 615 Additur
2478 567 2599 628 post
2633 557 2774 620 brcc,
2802 556 2926 626 quia
2955 565 3009 610 et
3037 555 3175 625 apud
3207 574 3366 628 quem
3410 560 3631 617 inventa

2051 659 2182 707 sunt
2216 650 2359 721 ligna
2398 647 2780 719 impntribilia,
2818 648 3013 702 obtulit
3049 649 3178 704 Deo.
3212 650 3266 704 Si
3303 653 3426 721 quis
3455 653 3637 723 diligit

2052 741 2327 798 Christum
2352 740 2888 810 Dominum,lignnm
2926 741 3259 811 imputribile
3293 744 3423 798 etin
3453 746 3634 801 incor-

2053 833 2305 903 ruptione
2358 828 2516 885 offert
2566 832 2816 886 Domino.
2865 831 3061 888 Beatus
3110 850 3241 902 ergo
3289 839 3427 904 apud
3471 853 3632 902 quem

2053 925 2349 988 invenitur,
2381 922 2461 978 vel
2491 937 2683 977 sensus
2716 923 3084 993 incorruptus,
3112 925 3194 981 vel
3226 942 3422 996 corpus
3456 928 3638 983 incure

2054 1031 2303 1090 ruptum,
2345 1028 2401 1071 et
2459 1016 2561 1070 hoc
2612 1010 2772 1071 olfert
2814 1008 2945 1071 Deo.
2998 1012 3153 1073 Unde
3202 1028 3257 1073 et
3302 1010 3439 1076 bene
3479 1023 3637 1079 valde

2055 1108 2192 1166 dixit
2219 1106 2310 1164 ":
2350 1127 2369 1160 ι
2399 1103 2559 1176 Apud
2614 1122 2771 1177 quem
2811 1104 3027 1164 inventa
3072 1116 3200 1164 sunt
3254 1110 3397 1182 ligna
3461 1114 3639 1185 impn-

2057 1196 2278 1251 tribilia.
2320 1210 2340 1249 ι
2380 1193 2495 1249 Νοιι
2536 1198 2679 1249 enim
2723 1197 2863 1266 apud
2899 1213 3089 1253 omnes
3114 1188 3467 1256 inveniuntur
3494 1202 3637 1274 ligna

2057 1288 2436 1358 imputrihilia.
2471 1279 2544 1343 De
2581 1298 2716 1341 auro
2751 1293 2856 1341 tion
2892 1284 3032 1343 dixit
3065 1306 3242 1361 neque
3278 1292 3346 1347 de
3383 1304 3632 1364 argento,

2056 1382 2197 1453 apud
2234 1396 2395 1450 quem
2432 1383 2714 1436 inventum
2746 1388 2849 1436 est.
2876 1380 3059 1437 Potest
3088 1385 3232 1439 enim
3268 1387 3409 1456 apud
3441 1403 3637 1444 omnes

2056 1473 2292 1527 inveniri
2330 1488 2525 1528 sensus
2553 1481 2606 1528 et
2652 1479 2853 1528 sermo.
2893 1473 2999 1529 Sed
3035 1490 3133 1531 nec
3166 1479 3232 1533 de
3278 1491 3514 1549 quatuor
3546 1496 3641 1537 cos

2058 1563 2265 1619 lorihus
2300 1565 2406 1620 hoc
2439 1564 2595 1620 dixit.
2629 1563 2882 1619 Omnium
2916 1583 3151 1638 namque
3178 1581 3261 1625 est
3298 1588 3363 1625 ex
3401 1580 3640 1643 quatuor

2058 1667 2317 1713 constare
2354 1657 2651 1713 secundum
2683 1671 2880 1726 corpus
2919 1660 3225 1717 elementis.
3256 1662 3424 1735 Ligna
3458 1672 3639 1722 autem

378 1772 491 1811 rem
534 1762 806 1811 mortuum
850 1758 942 1828 qui
993 1758 1099 1813 Deo
1128 1756 1287 1814 otl‘ert
1333 1762 1566 1813 arietum
1602 1757 1792 1829 pelles.
1827 1756 1954 1811 Post
1984 1767 2027 1822 Β
2058 1742 2444 1820 imputribilia,
2487 1751 2539 1806 id
2586 1759 2690 1817 est,
2724 1750 3154 1822 iucorruptionis
3199 1766 3251 1811 et
3301 1759 3642 1828 virginitatis

375 1847 529 1901 haec:
569 1864 588 1898 ι
612 1847 679 1900 Ει
716 1846 844 1911 viri,
887 1847 1062 1918 inquit
1086 1848 1155 1913 ⁸⁸,
1190 1858 1517 1917 acceperunt
1556 1864 1585 1901 a
1632 1848 1953 1905 mulieribus

373 1942 507 2004 suis,
539 1956 730 1995 omnes
773 1928 972 2011 quibus
1005 1942 1177 1995 visum
1216 1948 1301 1996 est
1333 1946 1494 1996 scnsu
1537 1928 1673 2012 (9D),
1712 1951 1765 1996 et
1805 1942 1953 1993 attu-

374 2031 556 2086 lerunt
599 2046 864 2102 gemmas,
911 2041 965 2087 et
1014 2031 1256 2097 inaures,
1299 2042 1353 2088 et
1396 2033 1648 2097 anuulos,
1693 2042 1743 2087 et
1794 2035 1955 2104 178

374 2124 788 2186 discriminalia,
818 2132 873 2178 et
912 2123 1229 2179 dextralia.»
1269 2123 1432 2181 Vides
1468 2135 1522 2181 et
1555 2126 1646 2181 hic
1679 2129 1953 2196 quomodo

375 2216 449 2269 illi
494 2213 733 2269 afferunt
780 2214 917 2269 dona
970 2215 1100 2281 Deo,
1133 2216 1222 2285 qui
1268 2216 1434 2272 corde
1478 2216 1702 2283 vident,
1736 2219 1826 2282 qni
1872 2218 1957 2271 in-

377 2300 651 2362 tellectum
688 2308 853 2362 corde
899 2308 1233 2376 concipiunt,
1276 2308 1366 2376 qui
1401 2318 1638 2363 mentem
1684 2309 1954 2364 intentam

376 2412 433 2455 et
471 2401 713 2454 deditam
751 2400 952 2455 habent
994 2400 1061 2453 ad
1093 2400 1318 2454 verbum
1368 2399 1483 2455 Dei.
1528 2400 1619 2454 Isti
1667 2415 1798 2469 ergo
1827 2397 1960 2456 επιξ-

375 2502 505 2548 runt
558 2507 809 2556 munera,
838 2502 893 2546 et
928 2491 1167 2547 aﬁbrunt
1211 2493 1376 2547 etiam
1412 2508 1441 2547 a
1485 2493 1804 2548 mulieribus
1847 2495 1960 2549 suis

382 2588 676 2651 «inaures,
724 2585 926 2654 inquit,
963 2594 1019 2639 et
1064 2600 1330 2654 gemmas,
1358 2594 1413 2640 et
1461 2585 1754 2641 dextralia.
1781 2605 1799 2638 ι
1845 2585 1962 2641 Mu-

377 2680 480 2733 lier
532 2676 646 2749 (9t)
706 2678 1005 2732 secundum
1060 2678 1411 2748 allegoricam
1467 2678 1763 2744 rationem,
1818 2692 1961 2750 omne

369 2772 484 2840 jam
530 2771 793 2834 diximus,
826 2770 967 2839 quod
1009 2784 1138 2824 caro
1179 2771 1442 2839 accipitur
1476 2780 1531 2826 et
1589 2773 1673 2827 vir
1718 2772 1962 2830 rationa-

378 2863 502 2919 bilis
535 2876 751 2918 sensus.
802 2862 963 2917 Bome
1007 2871 1136 2917 sunt
1183 2869 1313 2933 ergo
1366 2862 1484 2919 ista:
1538 2866 1796 2923 mulieres
1840 2883 1961 2937 ane

377 2955 643 3009 obediunt
672 2954 808 3008 viris
833 2953 967 3007 suis.
1002 2952 1152 3007 Bona
1184 2963 1267 3009 est
1296 2968 1427 3008 caro
1453 2970 1572 3024 quae
1594 2956 1705 3025 jam
1742 2958 1960 3027 spiritui

377 3062 485 3101 non
529 3054 815 3115 repugnat,
844 3045 938 3100 sed
970 3046 1311 3116 obtemperat
1338 3058 1393 3102 et
1424 3049 1719 3115 consentit,
1751 3060 1806 3104 et
1842 3050 1962 3105 ideo

2056 1844 2249 1913 gratia,
2282 1843 2422 1913 apud
2455 1858 2637 1897 rarum
2682 1861 2954 1916 quemque
2983 1849 3215 1903 inveniri
3257 1860 3459 1919 potest,
3495 1853 3641 1909 sicut

2056 1945 2112 1993 et
2146 1925 2406 1993 Dominus
2438 1938 2567 1992 dicit
2590 1926 2675 1994 ⁶⁴⁵ε
2712 1958 2731 1991 ι
2761 1930 2879 1995 Νοιι
2924 1946 3115 1997 omnes
3148 1945 3374 2013 capiunt
3411 1946 3636 2001 verbum

2057 2029 2226 2093 istud,
2252 2030 2344 2084 sed
2379 2029 2575 2099 quibus
2605 2032 2790 2086 datum
2819 2041 2955 2087 est.»

2129 2110 2181 2176 Ἰ.
2215 2122 2321 2179 Sed
2349 2132 2403 2179 et
2432 2142 2450 2175 ι
2481 2124 2781 2195 principes,
2812 2126 2987 2196 inquit
3008 2126 3079 2191 ⁸⁷,
3102 2127 3419 2184 obtulerunt
3445 2148 3463 2182 ι
3497 2129 3636 2186 dona

2063 2231 2182 2271 sua.
2223 2215 2352 2283 Qua:
2388 2225 2513 2269 sunt
2546 2217 2646 2270 ista
2678 2220 2817 2272 dona
2865 2233 2987 2288 quae
3036 2220 3313 2291 principes
3359 2222 3639 2279 otl'eruut?

2064 2325 2082 2359 ι
2112 2306 2390 2369 Gemmas,
2429 2306 2621 2377 ittquit,
2655 2308 2990 2375 obtulerunt,
3021 2320 3078 2367 et
3128 2306 3338 2381 lapides
3387 2322 3637 2387 smarag-

2059 2399 2180 2467 dos,
2204 2400 2482 2469 etlapides
2510 2400 2843 2470 repletionis,
2871 2413 2925 2457 et
2955 2403 3159 2473 lapides
3198 2406 3635 2465 adhumerales.»

2060 2490 2289 2561 Lapides
2339 2494 2654 2564 repletlonis
2703 2495 2987 2559 dicuntttr,
3032 2496 3123 2565 qni
3160 2506 3437 2567 panttntnr
3470 2502 3522 2555 ln
3559 2494 3640 2557 lo—

2062 2580 2171 2652 gio,
2210 2582 2312 2637 hoc
2362 2595 2440 2637 est
2481 2584 2571 2651 qui
2618 2584 2670 2638 in
2720 2596 2943 2653 pectore
2980 2586 3250 2655 pontiﬁcis
3282 2581 3639 2658 collocantur,

2063 2672 2307 2744 inscripti
2357 2678 2573 2732 nomine
2608 2676 2722 2748 (92)
2760 2678 2994 2731 tribuunt
3035 2678 3270 2735 ﬁliorum
3306 2680 3495 2738 Israel.
3528 2684 3641 2739 Hoc

2062 2765 2208 2832 quod
2283 2766 2483 2821 dicitur
2549 2766 2763 2837 legion,
2813 2768 2864 2822 id
2914 2774 2999 2824 est
3064 2772 3362 2839 rationale,
3418 2775 3508 2839 qui
3558 2758 3681 2830 est“

2062 2866 2275 2924 pannus
2306 2857 2533 2928 exiguus
2579 2875 2647 2915 ex
2685 2862 2821 2913 auro
2864 2870 2917 2915 et
2952 2862 3204 2931 gemmis,
3250 2863 3644 2936 coloribusque

2066 2944 2256 3009 variis,
2301 2954 2356 2999 et
2407 2950 2835 3018 superhumerali
2880 2962 3076 3006 contra
3124 2963 3315 3023 pectus
3367 2958 3645 3026 pontiﬁcis

2067 3042 2486 3107 annectebatur,
2542 3045 2768 3102 [oratam
2827 3048 2994 3103 habet
3047 3064 3242 3107 sensus
3304 3054 3647 3111 rationabilis

383 3158 401 3190 ι
429 3136 475 3193 si
503 3114 719 3192 duobus
744 3137 824 3189 vel
861 3137 1035 3191 tribus
1069 3138 1122 3193 in
1154 3114 1309 3194 vobis
1352 3114 1797 3206 convenerit,ex
1835 3159 1961 3213 qua-

2070 3129 2160 3197 q‘ui
2199 3132 2250 3184 iu
2308 3134 2463 3189 nobis
2509 3146 2614 3191 est.
2668 3137 2721 3191 In
2766 3141 2868 3196 hoc
2916 3143 3075 3212 positi
3132 3144 3389 3199 dicuntur
3435 3146 3647 3217 lapides

378 3245 595 3301 cunque
630 3244 689 3285 re
730 3229 1000 3300 petieritis
1042 3230 1135 3285 ﬁet
1176 3231 1353 3297 vobis,
1382 3249 1401 3283 ι
1443 3233 1578 3288 dicit
1608 3232 1868 3289 Dominus
1895 3235 1965 3291 ⁸³.

379 3323 631 3380 Oderunt
688 3337 819 3390 ergo
868 3336 896 3375 a
942 3321 1259 3378 mulieribus
1318 3324 1430 3379 suis
1486 3325 1727 3381 inaures.
1798 3326 1967 3383 Vides

381 3415 663 3485 quomodo
692 3413 924 3469 Domino
955 3412 1179 3469 oﬁ'et‘tur
1209 3416 1450 3471 auditus.
1481 3416 1585 3472 Sed
1614 3426 1671 3472 et
1698 3418 1965 3473 dextralia

380 3509 614 3562 Domino
671 3506 1006 3570 oﬁ‘eruntur;
1052 3522 1219 3575 opera
1251 3508 1465 3576 dextra,
1508 3519 1565 3564 et
1596 3510 1967 3579 operabona,

378 3616 500 3672 qua:
550 3615 651 3670 per
695 3614 914 3653 carnem
976 3610 1256 3667 geruntur.
1313 3600 1440 3655 Haec
1492 3600 1721 3656 Domino
1774 3600 1970 3657 oﬁ‘erat

380 3692 732 3749 rationabilis
778 3707 993 3749 sensus.
1030 3696 1136 3749 Sed
1178 3705 1233 3751 et
1272 3694 1672 3750 discriminalia
1718 3691 1968 3748 oﬁ‘erun-

381 3800 495 3845 tur.
530 3788 703 3844 Oﬂ’ert
757 3789 1169 3852 discriminalia,
1198 3790 1288 3860 qui
1330 3790 1468 3844 bene
1506 3789 1610 3844 scit
1651 3788 1971 3843 discernere

378 3883 508 3952 quid
541 3882 815 3951 agendum
865 3882 965 3945 sit,
1016 3881 1144 3951 quid
1179 3882 1489 3946 vitandum,
1531 3881 1659 3951 quid
1696 3880 1805 3934 Deo
1855 3879 1970 3950 pla-

378 3983 528 4038 ceat,
558 3972 763 4041 quidve
808 3970 1109 4040 displiceat,
1142 3971 1269 4041 quid
1312 3971 1520 4039 justum
1565 3973 1671 4037 sit,
1703 3971 1833 4041 quid
1885 3970 1971 4024 in-

374 4069 614 4139 justum.
652 4066 757 4119 lsta
806 4074 935 4120 sunt
965 4063 1353 4120 discriminalia
1402 4080 1521 4134 quae
1571 4064 1799 4119 Domino
1831 4062 1969 4117 oﬂ'e-

384 4173 607 4216 ruutur.
661 4158 754 4213 lia:
799 4172 933 4228 ergo
980 4157 1239 4213 mulieres
1287 4158 1508 4212 inaures
1562 4155 1793 4213 Domino
1834 4156 1968 4213 οπε-

382 4266 535 4318 runt,
558 4253 687 4325 quia
703 4262 827 4307 sunt
845 4250 1103 4306 mulieres
1116 4251 1406 4321 sapientes.
1439 4267 1458 4301 ι
1483 4241 1765 4304 Nevcrunt
1793 4249 1968 4314 enim,

384 4342 675 4416 iuquit'”.
701 4344 961 4398 mulieres
982 4343 1277 4406 sapientes,
1293 4350 1347 4396 et
1370 4340 1619 4395 fecerunt
1635 4355 1971 4411 quaecunque

2069 3222 2408 3289 repletionis,
2440 3227 2531 3293 qui
2585 3237 2762 3284 tamen
2799 3232 3106 3299 coluerent,
3148 3244 3203 3289 et
3235 3239 3466 3292 connexi
3514 3253 3645 3295 sunt

2067 3315 2135 3368 ad
2183 3315 2391 3385 lapides
2455 3316 2788 3387 lmmerales,
2835 3332 2998 3393 atque
3044 3337 3109 3380 ex
3164 3326 3249 3383 his
3298 3332 3649 3387 continentur

2069 3408 2301 3463 astricti.
2353 3408 2663 3468 llumeralis
2713 3422 2941 3469 Ornatus
2996 3416 3257 3473 indicium
3304 3432 3389 3476 cst
3428 3434 3645 3479 actuum

2068 3499 2361 3557 bonorum.
2410 3506 2581 3560 Actus
2635 3492 2767 3576 ergo
2809 3524 2931 3564 cum
2985 3511 3198 3569 ratione
3232 3523 3285 3568 et
3330 3516 3473 3571 ratio
3521 3533 3647 3573 cum

2069 3594 2283 3651 actibus
2334 3598 2598 3664 sociatur,
2644 3609 2702 3653 ιιι
2748 3601 2818 3655 sit
2864 3607 3225 3662 consonantia
3278 3609 3329 3662 in
3375 3619 3647 3681 utroque:

2074 3703 2093 3737 ι
2121 3685 2221 3753 Qui
2270 3689 2415 3742 enim
2462 3690 2655 3745 fecerit
2693 3702 2748 3747 et
2779 3694 3047 3763 docuerit,
3087 3698 3175 3753 hic
3208 3714 3438 3770 magnus
3483 3718 3649 3757 voca-

2071 3777 2219 3833 bitur
2273 3779 2324 3833 in
2372 3795 2538 3850 regno
2588 3783 2853 3840 caelorum
2892 3787 3011 3841 δ”.)
3069 3788 3153 3844 Sit
3204 3804 3337 3863 ergo
3384 3793 3436 3847 itt
3492 3793 3651 3849 nobis

2072 3884 2251 3924 sermo
2308 3873 2374 3927 de
2425 3875 2640 3930 actibus
2693 3880 2968 3947 pendens,
3028 3891 3085 3935 et
3137 3896 3440 3939 sermonem
3497 3893 3653 3942 actus

2072 3974 2359 4021 exornent.
2391 3964 2493 4020 Hic
2519 3968 2663 4022 enim
2698 3971 2973 4039 pontiﬁcis
3003 3966 3236 4029 refertur
3262 3984 3507 4032 Ornatus.
3543 3979 3652 4034 Sed

2074 4055 2143 4110 ad
2179 4055 2292 4111 [nec
2337 4056 2602 4126 explenda
2639 4063 2922 4133 principes
2974 4064 3331 4133 requiruntur
3365 4085 3380 4122 :
3417 4068 3519 4124 iste
3558 4085 3655 4125 or-

2075 4157 2236 4203 natus
2276 4164 2468 4203 eorum
2500 4159 2608 4215 est,
2640 4160 2731 4221 qui
2770 4163 2978 4209 tantum
3017 4156 3386 4226 profecerunt,
3420 4168 3479 4214 ut
3522 4176 3656 4232 prae—

2072 4256 2195 4297 esse
2228 4244 2444 4313 pupulis
2480 4256 2813 4301 mereantur.
2843 4247 3089 4304 Otl'ernnt
3118 4251 3279 4305 etiam
3306 4251 3482 4307 oleum
3512 4255 3659 4324 prin-

2073 4335 2221 4402 cipes
2274 4338 2341 4390 ad
2401 4352 2531 4393 usus
2591 4336 2830 4409 duplices
2881 4342 3259 4412 profuturum,
3309 4345 3550 4403 lucernis
3599 4357 3658 4404 et

386 4439 700 4494 necessaria
728 4444 885 4491 erant
904 4436 972 4491 ad
1002 4436 1314 4490 indumenta
1331 4433 1622 4504 pontiﬁcis.
1663 4451 1681 4485 ι
1713 4431 1817 4486 Illae
1838 4446 1969 4486 vero
2002 4458 2046 4520 ι)
2076 4427 2390 4485 Chrismali.
2427 4430 2595 4487 Debel
2624 4433 2769 4488 οιιίηι
2808 4434 3027 4489 lucerna
3068 4446 3260 4490 86mm
3302 4440 3392 4507 qui
3441 4440 3656 4513 POPUliS

386 4535 649 4586 mulieres
675 4546 794 4600 quae
843 4530 1061 4584 inaures
1101 4540 1226 4582 suas
1265 4523 1575 4579 obtulerunt
1611 4532 1669 4577 ut
1702 4523 1856 4579 ﬁeret
1890 4522 1968 4576 vi-

386 4626 558 4691 tulus,
604 4624 930 4694 insipientes
988 4628 1183 4684 erant,
1236 4634 1353 4687 qua:
1400 4633 1428 4672 a
1469 4617 1698 4673 veritate
1744 4616 1964 4687 quidem

388 4727 713 4772 averterunt
759 4717 1044 4776 auditum,
1090 4713 1157 4765 ad
1215 4710 1426 4765 tabulas
1476 4719 1659 4764 autem
1714 4708 1967 4779 impieta-

390 4821 611 4880 temque
643 4825 700 4865 se
724 4816 1128 4868 converterunt,
1157 4814 1211 4859 et
1249 4805 1370 4860 ideo
1400 4802 1717 4858 obtulerunt
1751 4801 1971 4855 inaures

388 4917 541 4964 suas,
591 4910 653 4955 ut
699 4902 853 4955 ﬁeret
916 4909 1079 4967 caput
1126 4898 1300 4953 vituli.
1350 4895 1454 4951 Sed
1504 4902 1559 4949 et
1598 4893 1668 4948 in
1720 4890 1969 4947 Iudicum

392 4997 530 5052 libro
564 4997 614 5029 ⁸³
659 4996 805 5050 aliud
878 4994 1229 5051 nihilominus
1281 4991 1483 5047 idolum
1549 4987 1858 5044 invenimus
1903 5002 1970 5040 ex

392 5090 687 5143 mulierum
741 5088 1020 5142 inauribns
1061 5085 1285 5141 factum.
1322 5084 1441 5138 Istae
1470 5096 1602 5152 ergo
1645 5081 1819 5136 beatae
1851 5093 1972 5133 mu-

391 5180 583 5245 lieres,
640 5183 795 5237 beata
854 5181 952 5235 ista
1015 5188 1178 5244 caro,
1226 5188 1346 5248 qua;
1408 5176 1635 5230 Domino
1678 5173 1837 5229 oﬂert
1890 5172 1974 5226 iu—

392 5290 556 5332 aures
603 5291 756 5341 snas,
797 5284 853 5329 et
901 5272 1167 5328 dextralia
1216 5285 1334 5339 sua,
1366 5278 1421 5326 et
1455 5268 1686 5324 annulos
1737 5281 1887 5331 suos,
1921 5274 1973 5320 et

466 5442 511 5474 ⁸¹
555 5440 721 5497 lCor.
750 5456 826 5503 Ix,
850 5439 938 5492 27.
1016 5439 1060 5470 δ’
1100 5439 1265 5491 Exod.
1316 5452 1478 5501 xxxv,
1506 5434 1598 5489 Ἡ.
1673 5432 1719 5466 ⁸³
1743 5432 1935 5489 Matth.
1968 5442 2122 5487 va.
2149 5427 2234 5483 l9.

466 5513 637 5560 Exod-
664 5510 938 5560 unxit.
1014 5510 1059 5541 ⁸⁸
1084 5509 1273 5560 Matth.
1307 5525 1417 5560 χιχ-
1446 5508 1531 5560 Η.
1609 5506 1653 5538 ³⁷
1696 5505 1866 5560 Exod.
1893 5517 2059 5560 xxxv.
2084 5501 2175 5553 27.
2252 5495 2299 5531 ⁸⁸

396 5512 439 5545 ⁸³
462 5513 637 5568 Exod.
664 5510 938 5574 axxvﬂs.
1014 5510 1059 5541 ⁸⁸
1084 5509 1273 5562 Matth.
1307 5525 1418 5569 xix,
1446 5508 1531 5562 Η.

464 5610 598 5679 (90)
642 5606 1032 5676 Manuscripti,
1089 5606 1310 5659 «visum
1370 5614 1452 5660 est
1517 5618 1744 5659 sensu.»
1810 5601 1972 5656 Libb.

330 5712 345 5724 ο
396 5682 548 5739 editi.
586 5700 602 5729 ι
630 5681 778 5731 visus
809 5687 891 5730 est
919 5692 1131 5731 sensus.
1158 5696 1174 5725 ι

470 5749 587 5821 (9:)
630 5744 785 5809 3155.,
821 5760 838 5796 ι
866 5746 1110 5801 mulich
1150 5744 1303 5800 Libb.
1331 5745 1489 5815 editi,
1520 5756 1539 5798 ι
1573 5742 1849 5799 mulieres.
1878 5759 1896 5795 ι

672 5844 947 5904 Ρλτιιοι.
983 5840 1099 5902 Gs.
1138 5840 1278 5904 XII-

2077 4530 2349 4591 prmsunt,
2395 4537 2502 4580 non
2533 4526 2827 4591 abscondi,
2878 4536 2969 4581 aut
2999 4527 3101 4583 sub
3143 4530 3323 4586 modio
3365 4533 3523 4602 poni,
3563 4534 3658 4589 sed

2077 4630 2242 4687 super
2271 4618 2684 4686 candelabrum,-
2715 4623 2774 4675 ut
2802 4620 2983 4677 luceat
3008 4622 3259 4677 omnibus
3287 4625 3377 4694 qui
3412 4625 3464 4679 in
3499 4624 3661 4680 domo

2078 4719 2202 4765 sunt
2238 4713 2309 4769 ⁸⁸.
2361 4715 2467 4769 Sed
2515 4724 2570 4769 et
2618 4717 2821 4770 incensi
2874 4716 3326 4784 compositionem
3387 4716 3662 4786 principes

2079 4803 2347 4871 offerunt,
2395 4812 2515 4877 Qua:
2568 4818 2926 4878 componatur
2981 4818 3076 4877 per
3139 4808 3357 4880 Moysen
3401 4809 3453 4862 in
3492 4809 3662 4863 odore

2079 4897 2365 4952 suavitatis
2396 4897 2646 4961 Domino,
2682 4906 2743 4951 ιιι
2775 4908 2829 4953 et
2864 4899 2961 4968 ipsi
3008 4899 3215 4965 dicant,
3240 4900 3366 4969 quia
3406 4918 3425 4953 ‹
3454 4899 3661 4957 Christi

2078 4986 2253 5043 bonus
2282 4988 2418 5044 odor
2448 5004 2635 5044 smnus
2659 4990 2725 5043 9°.
2749 5007 2768 5042 ι
2817 4988 2885 5043 Ει
2935 5000 3289 5060 posteaquam
3327 4993 3526 5049 obtulit
3562 5009 3659 5064 po.

2078 5078 2259 5149 pulns,
2302 5082 2554 5146 vocavit,
2596 5082 2802 5152 inquit,
2844 5081 3057 5153 Moyses
3099 5094 3315 5137 clunem
3357 5085 3659 5155 sapientem

2079 5173 2147 5226 ad
2195 5170 2599 5241 fabricandum,
2640 5184 2692 5229 et
2725 5175 3106 5242 architectum,
3154 5186 3212 5230 ut
3249 5188 3664 5249 componerent,

2080 5276 2133 5320 et
2166 5265 2573 5323 fabricarentnr
2606 5268 2819 5339 singula
2842 5284 3096 5339 .quchne
3123 5285 3242 5339 quae
3270 5269 3473 5341 scripta
3508 5283 3661 5331 sunt.

2334 5432 2400 5461 ³⁵·
2449 5427 2619 5484 Exod.
2663 5442 2832 5486 xxvv.
2882 5417 2953 5481 25
2989 5433 3044 5481 et
3078 5426 3167 5482 29.
3252 5424 3300 5461 “
3341 5424 3468 5482 Jud.
3510 5442 3667 5483 xvm.

2369 5500 2555 5553 Matth.
2582 5516 2634 5564 v,
2660 5499 2744 5553 t9.
2820 5497 2865 5529 ⁸⁹
2892 5496 3020 5552 ibid.
3054 5496 3137 5551 15.
3214 5498 3259 5531 ’θ
3292 5496 3335 5551 ιι
3358 5498 3484 5553 Cor.
3510 5512 3577 5563 tt,
3611 5497 3667 5554 5.

2155 5596 2508 5677 (Din-Mss”
2564 5615 2582 5647 ι
2619 5593 2865 5677 inscripti
2927 5594 3168 5649 nomine.
3202 5613 3219 5646 ι
3286 5595 3445 5654 Libb.
3491 5595 3668 5665 editi,

2088 5687 2108 5721 ι
2138 5670 2324 5740 scripti
2361 5684 2455 5739 per
2491 5670 2728 5724 notuitta.
2756 5684 2780 5733 ηρ

3342 5778 3407 5843 13
