4106 6246
393 352 495 406 599

392 583 587 641 sponte
617 570 834 639 ﬁtquod
865 568 1136 638 quispiam
1169 569 1276 638 agit
1301 569 1528 624 malum.
1557 570 1971 625 Observandum

395 662 752 732 ignorantiam
781 660 1230 725 involuntariatn,
1251 673 1533 730 peccatum
1556 663 1739 715 vocari
1766 677 1796 716 a
1823 662 1973 717 Scri-

393 761 573 822 ptura.
618 750 727 804 Imo
780 749 1013 804 aliormn
1049 751 1410 817 quorumdam
1465 752 1715 805 meminit
1750 751 1972 817 Paulus,

391 845 578 897 dicens
615 843 661 874 ’⁸
707 859 721 896 :
777 860 794 892 ι
846 839 1110 897 Umbram
1169 843 1317 896 enim
1380 842 1572 897 habuit
1619 841 1703 897 lex
1763 845 1977 898 l'uturo-

394 952 536 991 rum.
575 955 594 988 ι

465 1026 742 1093 Eiusdem.
775 1024 911 1082 illud
953 1026 1096 1095 quod
1127 1025 1328 1079 dicitur
1360 1047 1371 1080 :
1411 1043 1429 1077 ι
1474 1024 1532 1080 Si
1577 1024 1756 1081 anima
1785 1041 1977 1097 pecca-

391 1119 532 1174 verit
564 1133 672 1172 non
701 1125 896 1188 sponte
921 1125 977 1171 et
1012 1131 1118 1170 non
1156 1115 1348 1170 fecerit
1377 1117 1442 1171 de
1471 1117 1724 1173 omnibus
1749 1119 1973 1172 manda-

395 1212 465 1266 tis
499 1209 732 1276 Domini,
767 1227 786 1262 ι
823 1215 1030 1263 natura:
1060 1218 1484 1263 consentaneum
1513 1216 1616 1263 est.
1660 1209 1800 1264 Sunt
1829 1209 1973 1264 enim

346 1329 355 1336 -
395 1303 534 1359 forte
577 1302 831 1372 quaedam
873 1310 1140 1371 praecepta
1184 1301 1401 1355 Domini
1433 1317 1554 1370 qua:
1585 1317 1688 1355 non
1723 1301 1972 1356 facienda

393 1405 521 1452 sunt
543 1395 696 1465 juxta
727 1393 857 1448 illttd
887 1393 934 1426 ”
967 1410 981 1447 :
1017 1410 1035 1444 ι
1073 1391 1202 1448 Dedi
1233 1395 1310 1449 eis
1347 1404 1610 1464 ptmcepta
1644 1410 1749 1448 non
1774 1395 1968 1447 bona.»

393 1485 589 1540 Anima
617 1498 746 1553 ergo
769 1492 959 1554 peccat
985 1499 1090 1538 non
1123 1492 1338 1554 Sponte,
1366 1484 1582 1552 quando
1611 1484 1832 1538 obtentu
1858 1484 1974 1552 pie-

395 1576 528 1651 tatis
552 1574 603 1628 id
634 1573 778 1644 quod
809 1572 898 1629 lex
931 1580 1100 1638 vetat,
1132 1581 1335 1628 servat.
1367 1573 1430 1626 Et
1452 1572 1723 1627 sacriﬁcio
1770 1572 1977 1642 indiget

396 1668 463 1722 ad
505 1667 720 1722 veniam
764 1664 1144 1720 obtinendam.
1187 1665 1259 1718 At
1308 1663 1582 1718 sacriﬁcio
1620 1677 1726 1717 nou
1771 1662 1977 1732 indiget

396 1761 490 1831 qui
523 1761 776 1816 consulto
806 1760 943 1830 agit,
986 1759 1131 1814 sicut
1179 1757 1224 1811 is
1262 1756 1354 1826 qui
1397 1754 1616 1810 Judaeus
1666 1754 1842 1807 lactus
1891 1762 1973 1809 est

1897 351 2054 410 υιιιιέ
2065 351 2149 407 ΕΝ
2161 355 2199 410 Ε

465 477 526 529 Si
561 483 733 528 autem
770 474 947 528 animo
977 489 1078 526 tum
1109 474 1398 541 peccaverit
1431 490 1531 529 non
1560 484 1742 543 sponte
1759 478 1830 535 ⁸⁷.
1855 475 1970 531 Non
2002 478 2049 536 Δ

3553 365 3660 418 400

2159 477 2301 531 Ἐὰν
2327 477 2397 530 δὲ
2429 478 2598 549 ψυχὴ
2619 479 2729 549 μία
2759 479 2989 549 ἁμάρτῃ
3014 480 3335 549 ἀκουσίως.
3376 479 3660 535 Ἀκσύσιόν

2077 568 2224 620 ἐστιν
2249 568 2386 640 ὅπερ
2412 569 2477 623 ἄν
2509 587 2593 634 τις
2625 573 2752 642 ποιῇ
2777 572 2965 625 κακόν.
2993 571 3331 642 Σημειωτέον
3387 567 3471 622 ὅτι
3505 567 3566 620 τὸ
3595 572 3662 623 ἀ-

2071 654 2286 727 γνόημα
2302 658 2362 712 τὸ
2403 659 2680 725 ἀκούσιον,
2725 660 3000 732 ἁμαρτίαν
3030 659 3186 714 καθιεῖ
3223 662 3256 732 ή
3305 660 3519 732 Γραφή.
3554 663 3664 716 Καὶ

2075 747 2250 802 ἄλλων
2282 749 2443 835 τινῶν
2484 751 2759 824 μέμνηται
2795 754 2822 806 6
2851 752 3124 823 μακάριος
3153 750 3364 835 Παῦλος
3399 752 3663 822 φάσκωνσ

2079 842 2266 896 Σκιὰν
2291 833 2415 914 γὰρὴ
2438 841 2604 914 εἶχεν
2634 848 2666 899 ό
2687 847 2874 915 νόμος
2910 843 3030 898 τῶν
3042 833 3413 914 μελλόντων.

2147 1026 2262 1082 ’Τοῦ
2289 1027 2493 1082 αὐτοῦ.
2537 1046 2555 1081 ι
2600 1027 2764 1100 Ψυχὴ
2793 1025 2887 1081 ἐὰν
2913 1005 3146 1100 ἀμάρτῇ
3167 1026 3459 1091 ἀκουσίως,
3489 1029 3646 1099 φησι,

2076 1119 2274 1192 καὶμὴ
2321 1122 2525 1195 ποιήσῃ
2573 1121 2680 1176 ἀπὸ
2712 1121 2904 1174 πασῶν
2937 1120 3044 1174 τῶν
3091 1118 3320 1173 ἐντολῶν
3362 1121 3591 1192 Κυρίου,
3629 1139 3652 1172 ο

2077 1213 2220 1266 κατὰ
2253 1212 2413 1282 φύσιν
2464 1214 2598 1286 ἔχει.
2633 1215 2796 1268 Ἐστι
2815 1213 2925 1285 γὰρ
2955 1212 3094 1284 τάχα
3135 1212 3259 1266 τινὰ
3302 1212 3398 1268 καὶ
3430 1215 3661 1285 προστά-

2074 1321 2260 1376 γματα
2304 1305 2532 1378 Κυρίου,
2568 1305 2607 1360 ἀ
2639 1307 2698 1360 οὑ
2733 1306 2814 1360 δεῖ
2866 1308 3040 1360 ποιεῖν
3076 1306 3218 1360 κατά
3263 1305 3357 1359 τό·
3393 1324 3412 1358 ι
3443 1307 3662 1362 Ἔδωκα

2077 1395 2261 1458 αὐτοῖς
2292 1396 2694 1471 προστάγματα
2725 1396 2786 1449 οὐ
2827 1395 2986 1450 καλά.
3031 1415 3050 1448 ι
3085 1395 3248 1466 Ψυχὴ
3291 1389 3385 1449 οὖν
3411 1397 3662 1469 ἁμαρτά-

2075 1504 2158 1541 νει
2207 1486 2497 1552 ἀκουσίως,
2548 1487 2637 1540 ὅτε
2695 1487 2967 1558 προφάσει
3009 1485 3292 1550 εὐσεϐείας
3335 1486 3398 1540 τὸ
3432 1487 3506 1558 μὴ
3544 1487 3662 1542 δέον

2075 1581 2251 1652 τηρεῖ.
2311 1580 2421 1633 Καὶ
2466 1580 2635 1634 δεῖται
2677 1578 2866 1645 θυσίας
2925 1579 3062 1653 πρὸς
3111 1579 3338 1649 ἄφεσιν·
3376 1579 3439 1632 ού
3468 1579 3659 1651 δεομέ-

2079 1689 2172 1726 νου
2207 1671 2398 1734 θυσίας
2440 1671 2532 1724 τοῦ
2579 1671 2812 1741 δρῶντος
2841 1671 3189 1742 ἐξεπίτηδες*
3234 1670 3310 1734 ὡς
3359 1670 3388 1723 ὁ
3421 1671 3651 1740 γεγονὼς

2091 1765 2341 1828 Ἰουδαῖος
2375 1765 2460 1817 ἵνα
2498 1763 2784 1826 Ἰουδαίους
2818 1762 3076 1837 κερδήσῃ,
3109 1761 3206 1817 καὶ
3228 1761 3535 1835 περιτεμὼν
3562 1763 3647 1816 vin

395 1854 688 1910 utJudaeos
712 1822 1081 1915 lucriiaceret,
1110 1857 1166 1904 et
1200 1822 1545 1903 circumcidit
1572 1844 1939 1901 Timotheum.
2008 1822 2050 1877 Β
2080 1822 2360 1929 Τιμόθεοζσ,

469 1948 659 2002 Anima
679 1946 773 2000 illa
786 1958 1117 2017 qua’cunque
1143 1940 1367 2011 tetigerit
1388 1954 1590 1993 omnem
1619 1954 1725 1992 rem
1751 1937 1977 1992 immun-

394 2043 541 2109 dam,
572 2050 664 2096 aut
694 2039 1035 2094 morticinum
1067 2038 1108 2092 ¹.
1137 2033 1484 2090 Morticinum
1516 2041 1674 2088 vocat
1700 2031 1808 2086 Deo
1833 2046 1980 2087 mor-

396 2146 545 2188 tuum
574 2133 851 2190 hominem
888 2129 1112 2199 quicum
1146 2141 1323 2196 neque
1350 2125 1531 2180 cibum
1572 2138 1789 2179 sumere
1817 2137 1980 2192 opor-

396 2235 525 2282 teat.
559 2225 660 2292 Qui
683 2223 826 2279 enim
857 2223 1033 2291 ipsum
1067 2219 1330 2288 tetigerit,
1360 2216 1677 2270 immundus
1710 2227 1816 2270 est.
1843 2213 1976 2269 lllud

393 2331 611 2388 quoque
665 2313 1005 2369 immundum
1035 2316 1121 2363 est
1147 2307 1290 2378 quod
1324 2304 1393 2360 ab
1425 2305 1742 2360 adversario
1789 2312 1978 2358 nostro

395 2407 616 2462 diabolo
637 2412 860 2474 captum
887 2409 988 2456 est.
1013 2398 1219 2453 Pecora
1238 2397 1520 2451 immunda
1541 2395 1752 2450 fuerint
1783 2393 1856 2448 illi
1886 2393 1976 2462 qui

391 2501 762 2569 jumentorqu
797 2494 970 2548 instar
1005 2491 1072 2545 ad
1132 2489 1360 2544 verbum
1399 2494 1773 2552 accesserunt,
1827 2494 1883 2540 et
1910 2485 1978 2540 ad

398 2600 627 2646 mortem
687 2594 1008 2658 peccarunt,
1072 2596 1251 2652 neque
1295 2580 1444 2651 digni
1507 2577 1637 2634 facti
1697 2587 1826 2635 sunt
1883 2577 1975 2648 qui

396 2685 743 2740 salvarentur
794 2681 958 2736 etiam
1003 2693 1128 2735 cum
1179 2675 1481 2746 iumentis,
1534 2673 1692 2744 juxta
1748 2672 1974 2727 illud‘:

401 2797 421 2831 ι
456 2780 710 2835 llomiues
742 2787 798 2833 et
829 2777 1070 2846 jumeuta
1102 2771 1361 2836 salvabis,
1393 2768 1638 2824 Domine.
1675 2784 1694 2819 ι

469 2870 655 2925 Omnis
679 2870 771 2938 qui
805 2867 1031 2937 tetigerit
1060 2881 1176 2929 eas,
1219 2859 1645 2931 sanctiﬁcabitur
1669 2857 1714 2916 ³.
1745 2855 1975 2925 Quidam

397 2965 565 3030 illud,
604 2979 622 3012 ι
661 2937 1123 3021 sanctiﬁcabitur,
1165 2973 1184 3008 ι
1219 2961 1541 3024 exponunt,
1572 2969 1592 3002 ι
1629 2937 1980 3004 contamina-

396 3059 570 3125 bitur,
604 3074 623 3109 ι
649 3068 754 3109 non
783 3052 1022 3122 quidem,
1050 3057 1112 3103 ut
1134 3046 1349 3118 opinor,
1368 3051 1589 3115 propter
1619 3040 1973 3103 sacriﬁcium,

2164 1947 2236 2004 Ἦ
2265 1948 2437 2018 ψυχὴ
2471 1948 2671 2017 ἐκείνη
2701 1946 2834 2015 ἥτις
2857 1948 2965 2002 ἐὰν
2999 1948 3223 2018 ἅψηται
3267 1947 3492 2015 παντὸς
3516 1945 3661 2016 πρᾶ-

2086 2057 2308 2112 τματος
2344 2039 2702 2108 ἀκαθάρτου,
2735 2039 2774 2108 ἢ
2807 2040 3186 2110 θνησιμαὶου.
3235 2039 3568 2112 Θνησιμαῖον
3596 2038 3660 2093 ἐξ

2081 2151 2214 2205 φησι
2241 2132 2329 2186 τὸν
2354 2131 2692 2186 ἀποθανόντα
2724 2131 2804 2202 τῷ
2835 2131 2952 2203 Θεῷ
2985 2131 3292 2204 ἄνθρωπον,
3328 2125 3373 2200 ᾧ
3392 2131 3494 2203 χρὴ
3526 2131 3661 2203 μηδὲ

2081 2225 2400 2281 συνεσθίειν·
2426 2226 2455 2277 ὁ
2484 2224 2592 2298 γὰρ
2625 2224 2928 2295 ἁπτόμενος
2968 2223 3132 2278 αὑτοῦ
3166 2223 3476 2296 ἀκάθαρτός
3521 2225 3656 2277 ἐστι.

2078 2318 2189 2371 Καὶ
2216 2315 2377 2370 τοῦτο
2419 2315 2729 2387 ἀκάθαρτον
2760 2316 2877 2368 ἐστι
2919 2313 2980 2368 τὺ
3009 2312 3273 2386 θηρευθὲν
3307 2313 3412 2366 ὑπὸ
3443 2312 3536 2366 τοῦ
3564 2313 3663 2367 ἀν-

2077 2411 2280 2465 τιδίκου
2312 2409 2470 2481 ήμῶν
2510 2409 2776 2464 διαϐόλου.
2821 2409 3008 2481 Κτήνη
3055 2407 3342 2480 ἀκάθαρτα
3372 2407 3458 2478 εἴη
3492 2406 3578 2470 ἂν,
3604 2408 3659 2460 οι

2081 2501 2468 2574 προσελθόντες
2501 2500 2598 2572 μὲν
2624 2500 2702 2572 τῷ
2738 2501 2881 2572 λόγῳ
2914 2499 3229 2570 κπνώδεις,
3267 2501 3403 2572 πρὸς
3429 2499 3660 2554 θάνατον

2077 2592 2135 2646 δὲ
2169 2591 2610 2662 ἀμαρτήσαντες,
2647 2590 2742 2643 καὶ
2795 2590 2870 2661 μὴ
2913 2589 3194 2661 γενόμενοι
3236 2589 3377 2654 ἄξιοι
3424 2589 3660 2660 σωθῆναι

2078 2685 2184 2740 κᾶν
2232 2685 2369 2757 μετὰ
2414 2683 2650 2757 κτηνῶν,
2680 2683 2821 2737 κατά
2845 2684 2906 2737 τὸ
2939 2683 3096 2753 λέγον
3128 2683 3311 2756 ῥητόν*
3355 2701 3373 2736 ι
3425 2679 3660 2755 Ἀνθρώ-

2079 2796 2214 2844 πους
2236 2778 2333 2832 καὶ
2367 2778 2544 2848 κτήνη
2577 2775 2792 2842 σώσεις,
2823 2775 3018 2848 Κύριε.
3054 2795 3076 2831 ι

2149 2869 2270 2936 Πᾶς
2305 2869 2374 2936 ὃς
2403 2870 2512 2924 ἐὰν
2543 2869 2766 2939 ἅψηται
2799 2865 2999 2922 αὐτῶν
3029 2865 3476 2940 (ὑγιασθήσεται.
3501 2861 3656 2926 Tarii.

2077 2964 2139 3018 τὸ
2169 2981 2188 3016 ι
2236 2963 2652 3034 ἀγιασθήσεται,
2701 2981 2719 3014 ι
2764 2958 3232 3030 μολυνθήσεται,
3257 2957 3439 3027 φασὶν,
3485 2955 3545 3008 οὐ
3568 2954 3657 3008 διὰ

2077 3054 2175 3127 τὴν
2207 3051 2610 3125 θυσίαν,οἷμαι,
2639 3052 2773 3108 ἀλλὰ
2802 3052 2891 3105 διὰ
2915 3051 2976 3112 τδ
3006 3049 3277 3122 τολμηρὸν
3301 3047 3464 3102 αὐτοῦ
3492 3049 3659 3102 ἁπτο-

396 3149 494 3205 sed
527 3153 752 3218 propter
781 3142 1071 3197 audaciam
1121 3137 1413 3207 tangentis.
1442 3134 1674 3204 Aggasus
1711 3129 1974 3221 enim’di-

2079 3147 2263 3219 μένου.
2310 3146 2563 3216 Ἀγγαῖος
2605 3144 2710 3217 γάρ
2745 3161 2926 3216 φησιν·
2970 3161 2990 3196 ι
3026 3145 3122 3207 Ὃς
3142 3141 3209 3196 ἂν
3239 3141 3462 3212 ἅψηται,
3497 3157 3654 3210 μιαν-

396 3245 516 3299 (εἰιδ
547 3260 561 3298 :
601 3260 618 3293 ι
659 3240 759 3308 Qui
792 3237 1054 3307 tetigerit,
1089 3230 1574 3290 contamiuabilur.
1603 3245 1625 3281 ι

468 3330 742 3403 Ejusdem.
797 3328 1034 3383 Dicimus
1079 3321 1356 3380 sacriﬁcia
1399 3316 1778 3376 sacerdotibus
1805 3314 1976 3386 magis

399 3425 568 3480 fuisse
617 3423 1006 3477 alimentorum
1063 3417 1378 3484 materiam,
1405 3424 1471 3474 et
1516 3415 1772 3470 umbram
1817 3411 1977 3483 182

400 3516 642 3590 pietatis.
679 3513 884 3584 Duplex
940 3511 1123 3566 oritur
1173 3509 1385 3566 lucrum
1420 3523 1452 3564 e
1489 3506 1815 3572 sacriﬁciis;
1862 3505 1978 3574 pri-

397 3625 573 3676 mum,
605 3607 748 3677 quod
781 3605 904 3660 inde
932 3603 1081 3658 Deus
1123 3601 1457 3666 honoretur;
1483 3597 1800 3663 secundum,
1833 3597 1977 3667 quod

395 3716 519 3774 quae
565 3700 833 3771 quispiam
883 3694 1204 3760 immolarit,
1241 3707 1307 3748 ea
1346 3705 1451 3747 non
1488 3689 1653 3746 facile
1696 3688 1976 3756 adorabit,

397 3807 573 3863 neque
606 3793 770 3847 Deum
798 3803 919 3845 esse
948 3786 1183 3858 putabit.

471 3885 537 3938 Et
569 3901 672 3938 non
717 3881 1015 3936 moriemini
1041 3878 1085 3932 '.
1119 3877 1349 3932 Mortem
1399 3875 1516 3930 haec
1562 3873 1725 3928 verba
1778 3871 1976 3927 minari

394 3979 652 4034 videntur
675 3973 1050 4032 sacerdotibus
1079 3971 1264 4025 vinum
1295 3977 1351 4023 et
1381 3967 1616 4023 siceram
1645 3966 1976 4029 bibentibus,

395 4087 520 4127 eum
562 4071 616 4124 in
650 4066 1065 4124 tabernaculum
1111 4063 1516 4133 ingrediuntur.
1562 4059 1790 4129 Oportet
1831 4057 1976 4112 enim

396 4165 682 4234 episcopos
708 4161 803 4231 qui
838 4169 998 4214 orant
1027 4172 1129 4229 pro
1173 4153 1397 4227 populo,
1427 4169 1534 4208 non
1564 4151 1739 4206 solum
1792 4147 1979 4220 fug-ere

396 4257 720 4311 ebrietatem
754 4268 876 4324 qua:
915 4267 944 4306 a
990 4254 1116 4306 vino
1155 4248 1363 4314 oritur,
1413 4245 1508 4302 sed
1547 4253 1604 4299 et
1636 4256 1756 4298 eam
1796 4255 1917 4310 quae
1947 4255 1977 4293 a

397 4352 561 4405 rebus
617 4358 673 4405 et
720 4344 1234 4403 ratiocinationibus
1283 4340 1540 4397 humanis
1593 4333 1975 4408 proﬁciscitur.

398 4441 509 4496 Nec
532 4439 774 4494 absurde
803 4436 933 4491 illud
965 4444 1138 4502 vetat,
1170 4431 1266 4488 sed
1301 4429 1445 4502 quod
1492 4429 1662 4484 sciret
1706 4427 1978 4496 impoten-

2077 3239 2322 3312 θήσεται.
2371 3257 2390 3291 ι

2155 3330 2268 3385 Τοῦ
2317 3328 2525 3383 αὐτοῦ.
2560 3328 2803 3399 Λέγομεν
2837 3325 2912 3390 ὡς
2942 3323 3235 3396 διατροφῆς
3267 3320 3487 3393 ἀφορμὴ
3523 3320 3650 3391 μᾶλα

2076 3420 2167 3474 λον
2206 3422 2319 3482 τοῖς
2377 3417 2611 3490 ἱερεῦσιν
2650 3412 2791 3488 ἦσαν
2823 3417 2880 3468 αἱ
2923 3413 3103 3467 θυσίαι
3137 3411 3231 3465 καὶ
3267 3409 3396 3464 σκιὰ
3433 3410 3537 3481 τῆς
3567 3409 3658 3461 εύ-

2081 3511 2314 3575 σεϐείας.
2350 3508 2578 3564 Διπλοῦν
2606 3508 2662 3562 δέ
2688 3509 2805 3560 ἐστι
2834 3505 2894 3558 τὸ
2917 3504 3108 3575 κέρδος
3129 3503 3189 3557 τὸ
3217 3502 3325 3558 ἀπὸ
3355 3501 3448 3556 τοῦ
3487 3501 3654 3554 θύειν*

2080 3605 2176 3659 καὶ
2229 3605 2313 3658 ὅτι
2367 3602 2485 3674 Θεῷ
2532 3600 2868 3674 προσάγεται
2933 3597 3106 3668 τιμὴ,
3161 3595 3256 3649 καὶ
3301 3595 3384 3648 ὅτι
3441 3593 3478 3647 ἃ
3539 3591 3658 3646 θύει

2078 3715 2164 3762 τις
2217 3698 2317 3751 οὐκ
2368 3695 2436 3750 ἂν
2487 3693 2936 3766 προσκυνήσειεν,
2965 3689 3086 3742 ούδὲ
3137 3687 3204 3742 ἂν
3256 3684 3466 3758 οἰηθείη
3523 3683 3658 3738 Θεὸν

2080 3787 2242 3844 εἶναι.

2150 3883 2263 3937 Καὶ
2297 3883 2368 3936 οὐ
2538 3876 2898 3945 ἀποθάνητε.
2921 3872 3183 3926 ’Θάνατον
3219 3871 3248 3924 6
3279 3868 3437 3938 λόγος
3481 3864 3658 3919 ἔοικεν

2079 3975 2322 4030 ἀπειλεῖν
2356 3972 2610 4044 ἱερεῦσιν,
2635 3964 2782 4023 οἶνον
2823 3965 2920 4021 καὶ
2967 3964 3158 4037 σίκερα
3198 3963 3460 4026 πίνουσιν,
3495 3959 3659 4032 ήνίκα

2080 4065 2146 4121 ἂν
2179 4067 2257 4129 εἰς
2281 4064 2380 4136 τὴν
2408 4061 2609 4132 σκηνὴν
2638 4057 3082 4131 εἰσπορεύωνται.
3109 4057 3201 4108 Δεῖ
3219 4054 3327 4126 γὰρ
3360 4053 3486 4117 τοὺς
3517 4050 3660 4120 ὑπὲρ

2079 4158 2174 4212 τοῦ
2201 4156 2330 4210 λαοῦ
2368 4153 2692 4225 εὐχομένους
2718 4150 3049 4214 ἐπισκόπους
3081 4144 3522 4219 ἀποστρέφεσθαι
3549 4143 3659 4198 ἀπὸ

2085 4251 2276 4326 μέθης,
2324 4249 2383 4302 ού
2437 4247 2594 4318 μόνον
2639 4245 2738 4316 τῆς
2786 4242 2894 4298 ἀπὸ
2925 4242 3090 4304 οἴνου,
3125 4238 3261 4294 ἀλλὰ
3301 4237 3522 4306 καὶτῆς
3546 4234 3656 4288 τῶν

2081 4324 2444 4415 πραγμάτων,
2478 4340 2573 4393 καὶ
2620 4335 2986 4407 διαλογισμῶν
3033 4332 3408 4406 ἀνθρωπίνων.
3445 4329 3557 4398 Οὐχ
3580 4324 3658 4388 ὡς

2081 4435 2278 4489 ἄτοπον
2307 4433 2364 4485 δὲ
2407 4428 2746 4502 ἀπαγορεύει
2780 4421 2957 4491 τοῦτο,
2983 4425 3096 4480 ἀλλ’
3126 4426 3207 4479 ὅτι
3241 4422 3356 4494 ᾔδει
3387 4421 3448 4474 τὸ
3477 4419 3654 4489 ἀκρα-

398 4541 486 4587 ιςε
521 4531 689 4586 animi
725 4529 1002 4585 lsraelitas
1029 4527 1081 4581 itt
1113 4524 1168 4579 id
1218 4523 1582 4594 quodcunque
1616 4520 1971 4591 aggrederen-

2079 4528 2168 4590 τὲς
2198 4525 2307 4578 τῶν
2353 4499 2723 4596 Ἰσραηλιτῶν,
2767 4520 2850 4574 ὅτι
2883 4519 3092 4573 ὁπόταν
3127 4515 3364 4586 ἅψοιντο,
3410 4514 3491 4575 είς
3521 4512 3656 4581 ἀμε-

398 4635 506 4691 tur,
536 4621 827 4678 immodice
856 4619 1008 4675 ferri.
1040 4617 1112 4674 Ut
1134 4630 1256 4673 cum
1291 4614 1346 4668 in
1381 4619 1572 4668 sancta
1616 4609 1974 4679 ingrederen-

399 4734 511 4787 tur,
547 4721 788 4778 sobrium
824 4717 1094 4775 haberent
1133 4711 1331 4770 mentis
1378 4725 1631 4778 sensum,
1665 4717 1720 4764 et
1755 4705 1972 4763 facilem

397 4814 490 4868 Dei
523 4811 960 4868 recordationem
975 4845 990 4864 .

468 4905 650 4972 Quare
701 4919 802 4958 non
853 4899 1128 4956 comeditis
1186 4897 1326 4953 illud
1373 4895 1514 4969 quod
1549 4894 1658 4966 fuit
1706 4908 1802 4965 pro
1852 4907 1975 4962 pec-

394 5010 516 5055 cato
536 4988 588 5052 in
612 4998 727 5052 loco
747 5006 929 5052 sancto
948 4997 990 5051 ⁸.
1009 4993 1256 5052 Ostendit
1287 4990 1664 5048 sacerdotibus
1685 5004 1790 5044 non
1821 5001 1973 5042 com-

395 5092 706 5154 edentibus,
766 5087 1142 5157 imperfectum
1175 5100 1300 5140 esse
1341 5081 1696 5145 sacriﬁcium,
1749 5088 1806 5135 et
1847 5093 1973 5150 pec-

395 5191 576 5236 catqu
619 5193 862 5234 manere.
888 5177 1182 5250 Oportebat
1215 5176 1360 5232 enim
1408 5183 1469 5229 ut
1511 5183 1568 5228 et
1602 5173 1670 5228 de
1707 5169 1974 5242 sanguine

396 5270 710 5332 inferretur,
739 5278 793 5324 et
826 5269 928 5337 ipsi
959 5270 1328 5323 comederent.

470 5361 530 5416 Si
559 5361 712 5415 hodie
732 5359 1024 5413 obtulerunt
1053 5375 1168 5428 qua:
1194 5375 1288 5428 pro
1311 5367 1526 5428 peccato
1551 5355 1762 5409 illorum
1788 5353 1968 5408 sunt".

397 5455 870 5524 Quandoquidem,
901 5453 1098 5520 inquit,
1131 5451 1319 5506 Nadab
1350 5461 1406 5506 et
1441 5450 1617 5504 Abiud
1648 5449 1740 5518 qui
1800 5448 1967 5502 Dettm

395 5548 760 5676 oﬂenrlzt'attt,
792 5547 988 5603 mortui
1023 5553 1170 5613 sunt,
1189 5544 1405 5616 quando
1434 5555 1647 5614 tempus
1666 5551 1785 5596 erat
1813 5555 1971 5596 com-

460 5737 501 5767 ”
561 5735 735 5791 Levit.
759 5735 943 5796 tv.‘27.
1019 5736 1064 5768 ’⁸
1094 5734 1254 5792 Hebr.
1290 5749 1344 5793 κ.
1381 5732 1428 5786 l.
1504 5732 1550 5763 ’³
1581 5729 1779 5784 Ezecb.
1821 5742 1912 5789 xx,
1945 5724 2040 5796 25.

2077 4620 2232 4692 τρίαν
2271 4616 2528 4688 ἐχώρουν.
2575 4615 2671 4668 ’Ἰν’
2717 4614 2805 4667 ὅτε
2840 4613 2918 4675 είς
2957 4609 3025 4663 τὰ
3074 4609 3206 4678 ἅγια.
3227 4607 3656 4680 εἰσπορεύονται.

2077 4711 2335 4784 νηφάλιον
2368 4708 2428 4762 τὸ
2471 4709 2570 4780 τῆς
2617 4705 2798 4778 ψυχῆς
2832 4702 3058 4776 ἀκριϐὲς
3096 4700 3282 4772 ἔχωσι,
3326 4697 3423 4751 καὶ
3458 4692 3655 4747 λεπτὸν

2077 4803 2170 4859 τοῦ
2203 4801 2335 4857 Θεοῦ
2371 4801 2736 4873 μνημόσυνον.

2143 4893 2250 4951 Διὰ
2299 4894 2355 4950 τί
2388 4895 2500 4948 οὐκ
2529 4891 2777 4962 ἐφάγετε
2819 4887 2885 4942 τὸ
2923 4886 3060 4956 περὶ
3095 4883 3206 4953 τῆς
3244 4879 3535 4952 ἁμαρτίας
3583 4875 3654 4928 ἐν
3731 4874 3737 4879 ’

2075 4989 2236 5051 τόπῳ
2265 4986 2410 5056 ἁγίῳ
2422 5002 2440 5049 ;
2483 4983 2734 5037 Δείκνυσι
2766 4981 2822 5034 δὲ
2850 4981 2932 5034 ὅτι
2967 4981 3042 5051 μὴ
3073 4977 3182 5031 τῶν
3229 4973 3420 5047 ἱερέων
3447 4968 3654 5026 ἐσθιόν-

2073 5095 2204 5142 των,
2233 5077 2514 5140 ἀτέλεστος
2537 5075 2571 5145 ἡ
2605 5072 2786 5138 θυσία,
2827 5072 2980 5141 καὶὴ
3011 5067 3252 5141 ἁμαρτία
3284 5066 3451 5138 μένει·
3486 5060 3652 5132 ἐχρῆν

2076 5169 2184 5242 γὰρ
2237 5169 2334 5222 καὶ
2373 5168 2438 5221 ὲκ
2481 5164 2576 5221 τοῦ
2622 5164 2850 5236 αἵματος
2887 5160 3278 5233 εἰσενεχθῆναι,
3322 5156 3419 5212 καὶ
3457 5153 3654 5215 αὐτοὺς

2077 5263 2292 5332 φαγεῖν.

2149 5355 2219 5408 El
2249 5351 2516 5421 σήμερον
2561 5350 3016 5420 προσαγηόχασι
3050 5344 3122 5399 τὰ
3149 5341 3280 5412 περὶ
3318 5337 3652 5408 τῆςοάμαρ-

2076 5446 2204 5512 τΙας
2246 5443 2463 5498 αὐτῶν.
2512 5443 2664 5496 Ἐπεὶ
2699 5440 2919 5511 συνέϐη,
2953 5438 3107 5512 φησὶ,
3142 5437 3253 5500 τοῖς
3302 5432 3434 5504 περὶ
3465 5425 3654 5482 Ναδάϐ

2077 5541 2172 5594 καὶ
2215 5537 2426 5592 Ἀϐιοῦδ
2468 5533 2876 5609 προσκρούσασι
2927 5531 3008 5603 τῷ
3057 5529 3173 5600 Θεῷ
3212 5525 3525 5587 ἀποθανεῖν,
3561 5521 3653 5573 ὅτε

2140 5727 2157 5759 ¹
2189 5723 2365 5782 chit.
2402 5737 2454 5792 ν,
2483 5721 2540 5781 2.
2617 5721 2638 5752 ³
2668 5717 2810 5775 Psal.
2847 5729 3016 5782 xxxv,
3047 5711 3102 5768 7.
3200 5709 3220 5741 ³
3243 5707 3420 5764 chn.
3451 5719 3527 5771 vt,
3563 5701 3649 5758 l8.

397 5807 416 5824 ι
447 5809 578 5882 ἤδη.
607 5822 665 5874 ιι,
704 5806 790 5860 ιδ.
825 5795 831 5796 ί
867 5807 888 5837 ι
927 5803 1104 5859 chit.
1142 5806 1272 5874 x,‘J.
1349 5800 1550 5867 «nam,
1593 5801 1676 5855 ιτ.
1753 5799 1770 5829 τ
1801 5797 1956 5864 suam,
1984 5795 2070 5857 l9.
2105 5836 2120 5848 .
