4106 6246
525 347 621 402 401

1691 344 2000 402 SELECTA
2033 343 2100 402 ΙΝ
2141 342 2538 402 LEVITICUM.

3672 339 3778 395 4οὶ

527 461 715 524 καιρὸς
747 456 815 534 ἦν
844 461 1033 532 φαγεῖν
1059 459 1254 525 αὖτοὺς
1285 459 1342 513 τὸ
1374 462 1500 532 περὶ
1541 461 1814 533 ἁμαρτίας
1842 464 1936 518 τοῦ
1973 465 2102 519 λαοῦ

2208 467 2370 520 edere
2428 464 2553 520 illos
2605 464 2748 534 quod
2779 459 2882 516 luit
2903 474 3002 530 pro
3033 468 3256 530 peccato
3283 458 3462 529 populi
3507 468 3564 511 ιιι
3593 461 3778 512 remit-

525 546 619 605 τοῦ
652 543 921 624 ἀφεθῆναι
947 553 1247 627 ἀῆμαρτε,
1278 552 1396 616 πῶς
1434 554 1482 605 οἱ
1511 553 1568 610 ἐν
1597 554 1897 625 ἁμαρτίαις
1941 557 2101 626 ἡμεῖς

526 644 766 715 σήμερον
823 643 1167 714 ἐλεγχθέντες
1219 642 1308 696 διὰ
1363 642 1460 695 τοῦ
1500 644 1696 711 φαγεῖν
1749 643 1849 714 τὴν
1908 643 2101 713 ἄφεσιν

523 734 964 807 προξενήσομενς
1009 735 1127 808 Χρὴ
1163 735 1274 807 γὰρ
1323 734 1414 788 τὸν
1466 733 1614 806 ἱερέα
1667 734 1928 806 πρότερον
1973 738 2102 810 περὶ

523 822 687 877 αὐτοῦ
709 822 1074 888 ἐξιλάσασθαι.
1735 841 1742 848 ·

601 913 796 968 Ταῦτα
817 915 888 968 τὰ
914 913 1102 984 κτήνη
1144 915 1183 970 ἃ
1221 915 1506 986 φάγεσθε.
1530 914 1708 987 Θηρία
1734 917 1831 988 μὲν
1863 912 1956 972 οὖν
2006 916 2098 971 οὺ-

519 1005 710 1077 δαμῶς
739 1006 855 1060 ἐστι
877 1006 1116 1079 καθαρά·
1154 1007 1333 1061 πάντα
1360 1005 1468 1078 γὰρ
1491 1007 1779 1080 ἀκάθαρτα
1823 1009 1968 1064 κατά
2006 1009 2100 1064 τὸν

2209 564 2452 611 terentur
2475 556 2524 610 ei
2557 563 2803 624 peccata,
2827 568 2933 621 quo
2957 563 3112 622 pacto
3137 567 3235 606 nos
3257 552 3347 620 qui
3372 551 3532 605 hodie
3567 550 3618 604 iu
3653 564 3782 618 pec-

2203 647 2341 701 catis
2375 660 2495 700 esse
2521 644 2918 708 convincimur,
2960 640 3295 697 comedendo
3328 641 3537 695 veniam
3558 655 3774 710 prome‘

2204 736 2724 806 rebimur?0porlet
2745 737 2889 792 enim
2916 736 3254 791 sacerdotem
3283 732 3432 802 prius
3455 749 3552 804 pro
3583 749 3639 788 se
3663 734 3780 802 ipso

2200 832 2420 904 placare
2443 830 2752 886 Dominum.

2272 921 2405 976 Iiwc
2443 932 2564 975 sunt
2609 936 2797 990 pecora
2824 936 2941 990 qua:
2975 919 3259 974 comedetis
3295 920 3339 975 ⁸.
3385 919 3582 974 Bellus:
3618 919 3778 988 igitur

2203 1028 2544 1082 nequaquam
2564 1012 2918 1066 suutmuudae
2937 1030 2947 1063 :
2967 1027 3159 1064 omnes
3175 1011 3318 1064 enim
3344 1020 3472 1064 sunt
3492 1011 3779 1064 immundus

523 1098 748 1152 εἰπόντα
789 1098 974 1170 νόμον·
1011 1119 1030 1151 ι
1074 1101 1188 1153 Πᾶν
1233 1099 1261 1152 ὃ
1301 1098 1398 1152 ὲάν
1433 1099 1732 1170 πορεύηται
1779 1102 1872 1154 ἐπὶ
1904 1101 2100 1173 χειρῶν

2205 1103 2355 1175 juxta
2408 1104 2579 1175 legem
2630 1105 2904 1159 dicentem
2935 1105 2957 1137 ’
2997 1118 3014 1156 :
3061 1121 3078 1155 ι
3118 1103 3292 1158 Omne
3335 1103 3588 1172 gradiens
3617 1117 3781 1169 SlIIM'I'

524 1188 690 1244 αὑτοῦ
715 1191 772 1244 ὲν
802 1193 934 1245 πᾶσι
959 1193 1073 1254 τοῖς
1100 1191 1330 1263 θηρίοις,
1371 1190 1660 1261 ἀκάθαρτα
1690 1190 1844 1245 ἔσται
1884 1192 2033 1263 ὑμῖν.
2076 1208 2096 1242 ι

523 1279 624 1353 Eii;
662 1280 708 1334 δ’
741 1279 807 1336 ἂν
836 1283 1066 1350 γενικῶς
1086 1282 1250 1354 θηρία
1274 1280 1473 1346 πάντες
1499 1283 1546 1336 oi
1575 1282 1845 1353 ὠμότατοι
1873 1282 1982 1334 τῶν
2009 1283 2103 1336 ἀν-

523 1370 777 1444 θρώπων,
810 1373 936 1444 περὶ
969 1374 1048 1427 ὠν
1083 1391 1246 1445 φησιν
1279 1375 1307 1428 ὁ
1330 1370 1643 1446 Προφήτηςο
1678 1392 1696 1424 ι
1735 1375 1824 1426 Ἐν
1852 1373 1928 1443 τῷ
1950 1372 2100 1442 ἐγγί-

523 1466 635 1530 ζειν
660 1467 750 1519 ἐπ’
769 1464 872 1535 ἐμὲ
899 1463 1207 1528 κακοῦντας
1226 1462 1321 1517 τοῦ
1347 1465 1539 1534 φαγεῖν
1564 1462 1662 1527 τὰς
1696 1463 1903 1535 σάρκας
1933 1481 2032 1534 μου
2048 1481 2099 1517 ἰ

523 1558 618 1611 καὶ
653 1557 720 1610 τὰ
752 1555 901 1627 ἑξῆς.

592 1647 723 1702 Πᾶν
750 1647 970 1717 κτῆνος
997 1647 1294 1716 δικηλοῦν
1336 1646 1554 1714 ὁπλήν.
1596 1647 1796 1719 Δικηλῆ
1821 1647 1910 1701 τὸν
1941 1648 2099 1700 edas-

522 1739 633 1803 δῶς
663 1740 721 1792 ὲν
755 1738 832 1809 τῷ
875 1738 1033 1792 αἰῶνι
1080 1739 1256 1810 τούτῳ
1291 1737 1699 1808 πολιτευόμενον
1742 1739 1836 1792 καὶ
1863 1737 1969 1792 ’διὰ
2007 1739 2098 1792 τὸν

527 1827 791 1898 μέλλοντα
820 1828 993 1882 αἰῶνα
1026 1829 1113 1883 ἐπ’
1148 1831 1350 1884 ἐκεῖνον
1381 1829 1700 1885 σπεύδοντα·
1748 1829 1884 1903 πρὸς
1933 1830 1988 1884 δὲ
2039 1832 2098 1884 τὺ
2132 1811 2171 1864 Β

523 1918 760 1991 διχηλεῖν
805 1921 897 1973 καὶ
938 1920 1300 1992 ὸνυχιστῆρας
1345 1920 1611 1991 ὀνυχίζειν
1643 1920 2098 1993 περιαιρούμενον

522 2012 592 2065 τὰ
634 2001 862 2083 περίττά
893 2011 987 2066 καὶ⁵
1030 2012 1220 2083 νεκρὰ,
1267 2011 1374 2065 ἀπὸ
1404 2012 1511 2065 τῶν
1548 2011 1768 2084 χειρῶν,
1810 2011 1954 2065 τοῦτ’
1985 2013 2099 2067 ἔστι

523 2102 797 2174 πράξεων⁸
844 2103 938 2158 καὶ
985 2103 1182 2168 ποδῶν,
1228 2103 1475 2157 τουτέστι
1518 2104 1618 2174 τῆς
1665 2102 1906 2174 πορείας.
1957 2103 2101 2175 Πρὸς

520 2193 730 2259 τούτοις
759 2194 852 2248 καὶ
883 2193 991 2249 ἁνά
1020 2195 1372 2267 μηρυκισμὺν-
1397 2195 1496 2248 οὐκ
1519 2195 1906 2266 ἀποτιθέμενον
1941 2196 2107 2266 μόνον

519 2286 621 2358 τὴν
645 2286 1019 2358 πνευματικὴν
1063 2285 1290 2358 τροφὴν,
1320 2286 1455 2340 ἀλλά
1494 2287 1589 2340 καὶ
1616 2287 2102 2359 ἀναμιμνησκόμε-

521 2393 610 2432 νον
633 2377 728 2432 καὶ
757 2375 996 2448 συνεχῶς
1032 2376 1208 2447 αὐτὴν
1240 2374 1570 2447 μελετῶντα.

583 2485 773 2556 οὗτος
806 2493 840 2544 ὁ
870 2489 1064 2558 νόμος¹
1087 2487 1224 2558 περὶ
1261 2489 1382 2542 τῶν
1421 2487 1662 2556 κτηνῶν
1706 2488 1804 2543 καὶ
1840 2487 1960 2543 τῶν
2000 2501 2101 2542 πε-

523 2579 734 2635 τεινῶν
747 2581 848 2635 καὶ
868 2579 1074 2648 πάσης
1090 2578 1317 2649 ψυχῆς.
1352 2580 1525 2635 Ilova
1544 2583 1777 2635 ποιεῖται
1799 2581 1954 2651 λόγον
1973 2583 2101 2652 περὶ

522 2673 762 2746 καθαροῦ
781 2674 875 2728 καὶ
898 2673 1227 2745 ἀκαθάρτου⁸
1249 2672 1462 2745 πρῶτον
1479 2674 1638 2742 ἁγίαν
1655 2671 1792 2728 εἶναι
1811 2673 1909 2746 τὴν
1923 2673 2100 2746 ψυχὴν

523 2765 855 2820 ὲκπαιδεύει.
894 2767 956 2819 Ei
976 2765 1085 2836 γὰρ
1102 2766 1162 2818 τὸ
1191 2765 1416 2834 φυσικὸν
1441 2765 1678 2820 τοιοῦτον
1706 2760 1818 2820 οἷον
1842 2769 1904 2820 ὲκ
1933 2783 2099 2839 προσ-

522 2860 802 2931 τάγματος
839 2858 973 2912 Θεοῦ
1000 2858 1240 2928 γέγονεν,
1271 2858 1595 2930 ἀκάθαρτον,
1627 2860 1776 2930 πόσῳ
1803 2859 2001 2932 μᾶλλον
2040 2859 2102 2913 τὸ

523 2951 634 3008 ἀπὸ
671 2950 950 3024 μοχθηρᾶς
975 2951 1370 3023 προαιρέσεως,
1406 2952 1498 3005 καὶ
1531 2953 1630 3005 οὐκ
1651 2954 1715 3005 ὲκ
1745 2953 2100 3025 προστάγμα-

525 3060 616 3107 τος
643 3043 776 3098 Θεοῦ
811 3042 1066 3112 γεγονός;
1113 3044 1174 3095 El
1206 3043 1267 3096 τὸ
1304 3037 1366 3097 οὗ
1414 3042 1546 3108 Θεὸς
1584 3045 1817 3116 ποιητὴς
1861 3045 2102 3118 ἀκάθαρ-

521 3153 611 3189 τον
641 3133 781 3190 εἷναι
805 3136 1017 3208 νομίζοι
1045 3154 1149 3200 τις,
1179 3136 1330 3208 πόσῳ
1363 3135 1563 3208 μᾶλλον
1596 3137 1657 3190 τὸ
1679 3137 1939 3201 ἐναντίως
1980 3137 2101 3209 ἔχον
2129 3165 2177 3228 c

528 3225 660 3295 πρὸς
693 3225 753 3279 τὸ
783 3224 877 3278 τοῦ
926 3224 1062 3279 Θεοῦ
1105 3224 1374 3297 βούλημα,
1415 3226 1509 3280 καὶ
1550 3225 1738 3282 ποιοῦν
1787 3227 1926 3298 ὅπερ
1962 3227 2105 3298 ἀπηο

526 3316 783 3387 γόρευσεν
809 3341 828 3391 ;
1446 3321 1450 3328 ’

609 3427 909 3496 Ἂνθρὼπῳ
948 3430 1058 3485 ἐάν
1084 3447 1199 3484 τινι
1231 3430 1473 3501 γένηται
1508 3433 1580 3487 ἐν
1605 3432 1845 3503 δέρματι
1878 3432 2106 3503 χρωτὸς

523 3519 715 3573 αὐτοῦ
768 3521 945 3588 οῠλή.
1000 3521 1286 3590 ’Δνάγεται
1330 3521 1506 3576 ταῦτα
1546 3525 1636 3577 ὲπί
1680 3541 1833 3587 τινας
1881 3524 2104 3595 μώμους

525 3611 626 3682 τῆς
656 3610 854 3684 ψυχῆς.
884 3613 994 3666 Καὶ
1036 3612 1226 3685 ὥσπερ
1252 3615 1346 3667 ἐπὶ
1387 3615 1496 3668 τῶν
1530 3614 1622 3668 τοῦ
1669 3614 1917 3686 σώματος
1942 3634 2107 3690 τραυ-

527 3704 713 3774 μάτων
752 3703 890 3775 μετά
942 3704 1042 3776 τὴν
1081 3703 1378 3776 θεραπείαν
1413 3704 1526 3758 ἔσθ’
1568 3706 1658 3760 ὅτε
1699 3707 1843 3777 ἴχνος
1888 3707 1982 3760 τοῦ
2012 3725 2108 3760 πε-

523 3792 780 3847 πονθέναι
812 3794 938 3858 τοὺς
977 3795 1178 3858 τόπους
1213 3795 1600 3850 καταλείπεται
1622 3799 1679 3850 ὲν
1707 3800 1772 3868 τῇ
1799 3797 2105 3871 καλουμένῃ

522 3885 650 3955 οὺλῇ
673 3902 686 3915 ο
722 3886 813 3938 τὸν
844 3887 1007 3940 αὑτὸν
1036 3887 1238 3956 τρόπον
1263 3888 1296 3957 ἡ
1326 3886 1569 3942 λαϐοῦσα
1588 3888 1809 3961 τραῦμα
1834 3891 2106 3964 ἁμαρτίας

519 3976 687 4047 ψυχὴ,
720 3976 825 4030 κᾶν
860 3975 998 4048 τύχῃ
1031 3977 1344 4048 θεραπείας,
1376 3979 1538 4032 οἱονεὶ
1571 3980 1733 4052 οὐλὴν
1771 3981 1942 4034 ἐνίοτε
1989 3982 2102 4053 ἔχει

522 4065 1041 4139 καταλειπομένην.’
1069 4069 1162 4120 Δεῖ
1203 4067 1260 4120 δὲ
1317 4067 1412 4120 καὶ
1468 4067 1560 4123 τὸν
1622 4071 1824 4142 τρόπον
1866 4072 1960 4126 τοῦ
2008 4074 2102 4127 ἀπ’

520 4159 695 4229 αὐτῆς
725 4159 1068 4231 καθαρισμοῦ
1107 4160 1141 4231 ἢ
1177 4161 1238 4214 οὐ
1271 4160 1620 4232 καθαρισμοῦ
1658 4162 2064 4227 ὲξεπίστασθαι.

605 4271 790 4338 ita-6p!
825 4270 864 4340 ἢ
897 4272 1131 4341 γυναικὶ
1167 4265 1215 4339 ᾦ
1249 4273 1359 4328 ἐὰν
1384 4275 1626 4346 γένηται
1657 4276 1818 4344 αὐτῷ
1851 4279 1972 4348 ἁφή
2006 4277 2104 4333 λέ-

523 4378 697 4432 apag.
725 4365 1150 4436 Παρατηρητέον
1175 4366 1262 4434 ἐφ’
1291 4360 1365 4420 ὧν
1398 4369 1495 4440 μὲν
1518 4369 1736 4438 λέγεται
1763 4370 2062 4442 ἀνθρώπων
2084 4391 2099 4406 ·

2204 1211 2416 1260 tnauus,
2444 1198 2496 1250 iu
2528 1197 2783 1250 omnibus
2815 1195 3027 1258 bestiis,
3071 1195 3346 1249 immunda
3379 1203 3544 1248 erunt
3571 1195 3775 1248 V0bls‘.s

2205 1287 2519 1343 Generatim
2553 1288 2742 1341 bestia:
2778 1286 2983 1341 fuerint
3025 1287 3279 1340 homines
3319 1283 3688 1339 crudelissimi
3714 1286 3780 1335 de

2203 1379 2403 1448 quibus
2438 1377 2574 1432 dicit
2603 1376 2874 1446 Propheta
2909 1377 2995 1431 “z
3041 1396 3059 1429 ι
3091 1377 3226 1431 Dum
3267 1375 3593 1445 appropiant
3620 1388 3783 1444 super

2205 1485 2294 1528 me
2318 1480 2603 1538 nocentes,
2627 1481 2684 1526 ut
2706 1471 2872 1526 edant
2893 1484 3091 1527 carnes
3121 1485 3293 1536 meas,
3333 1488 3352 1521 ι
3386 1477 3494 1524 etc.

2264 1645 2444 1701 Omne
2471 1661 2629 1714 pecus
2677 1644 2818 1715 quod
2843 1643 3095 1714 ungulam
3119 1643 3306 1696 dividit
3339 1643 3402 1696 ¹¹.
3429 1642 3656 1697 Billdum
3691 1658 3784 1696 vo-

2202 1747 2292 1792 cat
2321 1751 2445 1792 eum
2472 1735 2564 1805 qui
2601 1735 2689 1804 pie
2711 1734 2765 1788 iu
2795 1735 2896 1789 hoc
2924 1734 3124 1788 saeculo
3159 1734 3313 1800 vivit,
3339 1742 3395 1789 et
3428 1741 3540 1788 toto
3571 1734 3782 1787 deside-

2206 1830 2294 1884 rio
2313 1829 2380 1882 ad
2408 1829 2661 1882 futurum.
2685 1827 2988 1889 contendit,
3028 1827 3229 1897 quique
3258 1835 3316 1880 ut
3347 1825 3602 1896 ungulam
3642 1825 3783 1878 divi-

2205 1924 2318 1986 dat,
2351 1930 2407 1976 et
2439 1920 2608 1976 liudat
2635 1919 2880 1986 ﬁssuras,
2912 1931 3159 1975 removet
3189 1935 3218 1974 a
3254 1919 3523 1984 manibus,
3551 1919 3654 1973 hoc
3675 1928 3781 1982 est,

2206 2016 2274 2069 ali
2299 2013 2558 2084 operibus
2590 2011 2860 2081 superﬂua
2899 2021 2960 2068 et
2988 2020 3240 2078 mortua,
3285 2011 3413 2066 item
3453 2028 3481 2065 a
3521 2012 3781 2080 pedibus,

2209 2108 2312 2162 hoc
2347 2114 2451 2165 est.
2476 2104 2543 2159 ab
2567 2103 2764 2158 itinere
2795 2117 2926 2168 suo;
2958 2111 3015 2156 et
3056 2102 3147 2172 qui
3183 2103 3404 2171 insuper
3461 2104 3784 2156 ruminando

2210 2214 2314 2253 non
2342 2196 2642 2252 solmuuou
2665 2195 2854 2266 abjicit
2875 2193 3172 2263 spiritalem
3199 2193 3376 2249 cibum
3433 2194 3528 2248 sed
3556 2205 3610 2248 et
3631 2193 3780 2248 illum

2207 2298 2543 2349 rememorat
2569 2299 2622 2344 et
2645 2288 2862 2344 assidue
2887 2295 3201 2357 pertractat.

2279 2490 2410 2546 Ila'c
2436 2500 2511 2545 est
2552 2487 2638 2544 lea:
2669 2487 2732 2541 de
2785 2485 3064 2556 pecoribus
3110 2492 3156 2537 et
3208 2482 3507 2537 volatilibus
3550 2495 3596 2536 et
3641 2487 3786 2539 omni

2207 2585 2385 2639 anima
2411 2584 2476 2636 ι’.
2535 2580 2760 2634 Multum
2809 2577 2974 2634 liabet
3006 2590 3321 2630 sermonem
3362 2575 3430 2630 de
3488 2578 3687 2631 mundo
3728 2590 3784 2634 et

2208 2675 2505 2732 immundo.
2550 2674 2817 2737 Primum,
2860 2679 3108 2725 sanctam
3158 2682 3280 2723 esse
3322 2668 3560 2724 animam
3603 2669 3783 2727 docet.

2208 2767 2266 2822 Si
2304 2767 2451 2822 enim
2487 2763 2753 2834 ejusmodi
2788 2769 2980 2816 natura
3011 2774 3133 2829 quae
3171 2757 3326 2826 jussu
3368 2758 3464 2814 Dei
3507 2757 3654 2816 facta
3674 2769 3784 2829 est,

2209 2858 2487 2914 immunda
2515 2865 2620 2925 est,
2654 2864 2860 2926 quanto
2897 2853 3072 2923 magis
3107 2851 3159 2905 id
3194 2851 3336 2920 quod
3365 2867 3394 2906 a
3423 2854 3565 2908 mala
3598 2855 3788 2910 volnu-

2209 2962 2320 3008 tate
2357 2961 2412 3007 et
2439 2966 2546 3006 ιιοιι
2573 2951 2724 3020 jussu
2761 2948 2852 3002 Dei
2887 2946 3089 3000 factum
3121 2945 3240 2998 est?
3281 2944 3337 2999 Si
3371 2944 3424 2998 id
3469 2947 3612 3016 quod
3645 2947 3786 3001 Deus

2208 3042 2356 3108 fecit,
2416 3044 2752 3097 iuuuuudum
2788 3039 2945 3110 183
2976 3056 3095 3094 esse
3130 3043 3398 3111 quispiam
3427 3041 3783 3096 existimave-

2209 3134 2305 3197 rit,
2335 3141 2540 3202 quauto
2573 3131 2744 3199 magis
2780 3129 2830 3181 id
2859 3129 3000 3196 quod
3035 3130 3294 3186 voluntati
3321 3131 3413 3187 Dei
3439 3132 3783 3194 adversatur,

2205 3234 2262 3279 et
2289 3222 2417 3278 facit
2443 3220 2588 3291 quod
2619 3219 2931 3291 prohibuit?

2283 3423 2501 3477 Homini
2533 3423 2694 3494 sicui
2739 3421 2886 3490 facta
2931 3421 3090 3490 fuerit
3132 3423 3184 3476 in
3238 3430 3357 3476 cule
3403 3424 3638 3490 corporis
3666 3423 3782 3492 ejus

2205 3518 2434 3570 cicatrix
2454 3514 2520 3568 ’³.
2549 3514 2672 3568 llaec
2697 3513 3012 3568 referuntur
3028 3515 3094 3567 ad
3114 3515 3375 3582 quasdam
3397 3515 3592 3567 auimze
3609 3513 3782 3569 labes.

2208 3607 2273 3661 Et
2297 3606 2751 3676 quemadmodum
2786 3604 2840 3657 in
2883 3604 3128 3672 corporis
3164 3603 3483 3658 vulneribus
3508 3604 3784 3659 interdum

2208 3706 2333 3766 post
2355 3697 2644 3751 sanitatem
2677 3696 2971 3766 vestigium
3002 3694 3216 3750 alllicta:
3241 3695 3416 3764 partis
3447 3697 3499 3751 iu
3529 3697 3787 3752 cicatrice

2209 3787 2562 3855 relinquitur,
2599 3787 2680 3842 sic
2715 3788 2896 3841 anima
2934 3803 3054 3856 qua:
3085 3789 3296 3858 peccati
3325 3787 3521 3842 vulnus
3555 3803 3787 3856 accepe-

2209 3879 2299 3946 rit,
2342 3877 2471 3934 licet
2509 3881 2798 3935 sanitatem
2857 3893 3251 3950 consequatur,
3294 3882 3588 3951 quamdam
3619 3882 3785 3936 veluti

2205 3970 2518 4026 cicatricem
2560 3970 2837 4025 residuam
2877 3970 3062 4026 liabet.
3108 3971 3176 4026 Et
3203 3973 3413 4028 discere
3440 3983 3786 4044 oportetquo

2206 4073 2370 4132 pacto
2405 4062 2717 4130 mundetur,
2760 4063 2844 4120 vel
2876 4079 2984 4120 non
3015 4065 3324 4120 mandetur.

2285 4282 2413 4338 Viro
2457 4293 2507 4338 et
2545 4285 2754 4338 mulieri
2797 4286 2843 4339 si
2889 4286 3051 4355 fuerit
3097 4288 3151 4341 iu
3190 4287 3264 4341 eis
3310 4297 3483 4342 tactus
3519 4287 3675 4349 lepra'
3713 4289 3780 4346 ιδ.

2204 4375 2618 4430 Observandqu
2659 4385 2740 4431 est
2775 4377 2842 4430 de
2876 4378 3073 4447 quibus
3116 4379 3330 4433 dicatur
3366 4399 3379 4434 :
3421 4402 3438 4432 ι
3480 4379 3693 4434 ΙΙοιιιίιιί
3734 4382 3781 4435 si

526 4472 548 4507 ι
589 4456 712 4508 Ἐάν
747 4473 853 4509 τινι
877 4455 1119 4563 γένηταιΓ
1135 4458 1193 4510 ὲν
1223 4457 1448 4529 δέρματι
1482 4461 1691 4532 χρωτὸς
1727 4461 1916 4515 αὑτοῦ·
1957 4482 1975 4515 ι
2012 4464 2045 4535 ἡ
2073 4481 2087 4495 ο

2205 4469 2289 4524 cui
2323 4467 2465 4521 facta
2494 4467 2655 4523 fuerit
2689 4469 2741 4522 i'u
2766 4478 2891 4524 cute
2916 4471 3165 4540 corporis
3199 4471 3349 4540 ejus;
3386 4491 3405 4524 ι
3443 4472 3525 4526 vel
3556 4489 3569 4526 :
3600 4491 3620 4525 ι
3655 4470 3782 4526 Viro

530 4565 548 4596 ι
572 4545 803 4619 Ἀνδρὶῆ
829 4539 1130 4614 γυναικὶ,ᾧ
1178 4548 1272 4602 ὲάν
1300 4550 1523 4622 γένηται
1557 4553 1615 4606 ὲν
1645 4552 1829 4615 αὐτοῖς
1860 4553 1968 4625 ἁφὴ
2004 4554 2094 4607 λέ-

522 4653 684 4706 πρας
717 4656 734 4688 ι
766 4639 850 4706 ἐφ’
879 4631 954 4690 ὧν
991 4637 1049 4692 δέ
1073 4655 1088 4669 ο
1127 4655 1146 4691 ι
1179 4639 1344 4711 Σάρξ,
1378 4641 1473 4694 ἐὰν
1510 4643 1736 4713 γένηται
1764 4646 1820 4697 ὲν
1852 4645 1930 4715 τῷ
1971 4645 2096 4716 δέρ-

527 4743 655 4796 ματι
705 4726 870 4780 αὐτοῦ
918 4729 1210 4800 ἓλκοςοοῆο
1245 4749 1263 4781 ι
1313 4731 1457 4804 Σάρξ
1503 4734 1597 4786 ἐὰν
1636 4735 1859 4805 γένηται
1911 4738 1967 4789 ὲν
2018 4738 2097 4807 τῷ

521 4817 748 4888 δέρματι
781 4818 948 4873 αὑτοῦ
980 4820 1310 4892 κατάκαυμα
1335 4824 1525 4895 πυρός.
1553 4844 1571 4877 ι
1598 4825 1779 4879 Ταῦτα
1796 4827 1852 4880 δὲ
1876 4827 2098 4900 θραῦμᾶ

519 4911 687 4965 ἔστιν.

597 5022 674 5076 Τὰ
734 5023 935 5093 ἱμάτια
987 5025 1173 5078 αὐτοῦ
1243 5026 1414 5081 ἔσται
1466 5027 1948 5097 παραλελυμένοι.
1999 5028 2098 5082 Διά

517 5110 725 5165 τούτων
753 5113 1047 5167 αἰνίττεται
1085 5114 1158 5185 μὴ
1201 5115 1310 5170 δεῖν
1345 5119 1718 5190 συγκρύπτειν
1751 5119 1817 5171 τὰ
1852 5119 2100 5190 ἁμαρτή-

523 5217 692 5273 ματα,
739 5205 836 5257 καὶ
885 5203 1178 5267 σκεπάζειν
1209 5208 1347 5260 αὐτὰ
1379 5208 1469 5262 τὸν
1498 5209 1594 5282 τὴν
1623 5209 1799 5285 ψυχὴν
1825 5210 2096 5285 λελεπρω-

523 5296 701 5367 μένον.
747 5296 956 5366 ’Ὠσπερ
1014 5295 1108 5347 τοῦ
1161 5298 1602 5370 παραλελυμένον
1668 5301 1735 5354 τά
1788 5302 1978 5372 ἱμάτια
2032 5296 2094 5356 οὗ

519 5383 666 5459 [οὐκ]
701 5383 1034 5438 ἐσκέπασται
1063 5387 1094 5456 ἡ
1125 5387 1494 5460 ἀσχημοσύνη·
1524 5391 1694 5454 οὕτως
1731 5392 1974 5462 βούλεται
2000 5394 2098 5446 πᾶ-

2205 4569 2257 4612 et
2287 4560 2499 4614 mulieri
2524 4558 2764 4615 si-l'uerit
2801 4561 2853 4615 in
2883 4563 2965 4618 eis
2992 4574 3166 4621 tactus
3201 4566 3396 4635 leprte;
3429 4585 3446 4618 ι
3480 4568 3544 4622 de
3579 4568 3782 4636 quibus

2204 4664 2334 4705 vero
2356 4649 2570 4703 dicatur
2601 4652 2685 4705 ηε
2727 4669 2744 4702 ι
2776 4651 2937 4718 Caro,
2964 4654 3009 4710 si
3035 4653 3177 4711 facta
3217 4657 3380 4712 fuerit
3420 4658 3471 4712 iu
3501 4669 3626 4712 cute
3661 4658 3779 4725 ejus

2205 4743 2389 4803 ulcus;
2419 4762 2437 4794 ι
2474 4742 2557 4798 vel
2587 4744 2633 4775 ¹⁸
2669 4761 2682 4798 :
2713 4761 2730 4794 ι
2763 4744 2900 4799 Caro
2926 4746 2970 4800 si
3013 4747 3156 4803 l'acta
3197 4748 3362 4805 fuerit
3395 4750 3449 4803 in
3496 4759 3622 4805 cute
3655 4749 3775 4818 ejus

2205 4829 2510 4885 combustio
2537 4830 2697 4900 ignis.
2727 4849 2747 4883 ι
2781 4831 2908 4888 Haec
2931 4845 3111 4890 autem
3136 4847 3262 4894 sunt
3295 4838 3512 4896 vulnus.

2286 5026 2604 5086 Vestimenta
2621 5049 2734 5102 ejus
2757 5035 2959 5090 dissuta
2976 5050 3129 5095 erunt
3146 5041 3208 5096 ".
3236 5040 3332 5097 llis
3361 5042 3567 5100 indicat
3596 5045 3779 5104 animo

2200 5114 2474 5185 leprosqu
2520 5137 2628 5176 non
2658 5123 2855 5181 debere
2884 5129 3161 5186 occultare
3205 5143 3260 5188 et
3303 5136 3484 5193 celare
3527 5153 3774 5210 peccata.

2201 5206 2666 5274 Quemadmodum
2721 5219 3048 5276 veSIiiueuta
3107 5224 3312 5282 dissuta
3364 5245 3468 5285 non
3523 5206 3777 5304 operiunt

2201 5303 2618 5372 turpitudinem,
2652 5311 2731 5364 sic
2750 5311 3016 5382 leprosum
3037 5320 3288 5377 omnibus
3308 5304 3493 5396 patere
3513 5327 3646 5393 vult,
3679 5345 3778 5388 uec

2204 5407 2325 5450 esse
2352 5398 2660 5467 sepulcrum
2679 5404 3012 5469 dealbatum.
3042 5411 3199 5469 Circa
3237 5432 3303 5472 os
3324 5427 3503 5474 autem
3536 5426 3775 5497 contegi,

520 5493 605 5530 σιν
636 5475 914 5529 ἐκκεῖσθαι
959 5475 1034 5547 μὴ
1071 5477 1358 5549 γενόμενον
1395 5482 1560 5551 ταῖφον
1591 5484 1987 5556 κεκονιαμένον.
2016 5485 2089 5538 Τὸ

2205 5494 2283 5541 est
2327 5505 2435 5545 ιιοιι
2495 5491 2695 5552 habere
2739 5496 3053 5560 facultatem
3107 5511 3382 5580 aperiendi
3427 5516 3580 5586 oris;
3626 5475 3778 5578 υἷ’τέ

595 5679 807 5735 'Levit.
839 5681 973 5748 “,2.
1052 5683 1072 5713 ⁹
1092 5683 1244 5745 ἱΙιίιΙ..
1267 5687 1356 5739 97.
1415 5687 1455 5719 ¹⁰
1482 5687 1620 5744 l’sal.
1650 5707 1794 5760 XXVI,
1823 5693 1877 5751 2.
1939 5696 1975 5726 ¹¹
2004 5695 2103 5751 ch

596 5749 746 5795 ibid“
785 5753 864 5795 tu.
945 5751 1120 5795 ιοίιιίιι
1167 5755 1235 5795 91
1336 5758 1373 5788 ιτ
1400 5759 1502 5795 ίι.;.ι
1544 5789 1552 5795 .
1586 5760 1648 5795 ,ιτ

2211 5713 2283 5766 xi,
2312 5697 2364 5755 5.
2445 5701 2488 5734 ⁸³
2517 5701 2675 5774 ibid,
2711 5707 2800 5765 46.
2882 5711 2923 5744 ⁸³
2952 5712 3122 5773 Levit.
3150 5733 3266 5789 xm,
3289 5721 3344 5777 2.
3425 5723 3467 5757 ⁸⁸
3489 5725 3650 5795 ibid.,
3675 5727 3770 5789 29.

525 5747 568 5782 ⁸⁸
596 5749 748 5817 ιωά..
785 5753 866 5808 l8.
906 5747 910 5748 ν
945 5753 987 5784 ¹⁹
1010 5751 1136 5809 ibid.
1167 5755 1253 5810 24.
1336 5758 1373 5788 ¹⁷
1397 5759 1502 5814 ibid
1534 5789 1554 5827 ς
1585 5760 1670 5815 45.
