4106 6246
381 331 490 388 405

390 486 520 524 vero
554 487 584 524 e
616 469 840 535 castris,
867 475 951 523 est
1000 480 1105 520 non
1142 462 1376 534 amplius
1417 461 1704 517 admisceri
1739 470 1954 514 sancto-
1983 455 2025 506 Α
2139 453 2200 535 Υῗ
2223 453 2288 488 πε

385 578 504 616 ram
539 560 727 616 canui.

1099 655 1135 680 ρ.

463 853 528 905 Et
550 851 865 922 jugulabunt
897 851 1160 904 aniculam
1192 865 1349 902 unam
1386 850 1440 900 in
1489 864 1609 901 vase
1647 847 1955 900 testaceo”.

390 946 658 998 Diaetatur
687 943 894 997 avicula
940 943 990 996 in
1027 957 1156 996 vase
1185 951 1423 996 testaceo
1469 941 1519 993 in
1561 939 1702 1008 quod
1757 938 1957 1006 injecta

388 1047 472 1090 est
511 1051 650 1104 aqua
677 1037 889 1100 vivens,
915 1044 972 1086 ut
995 1034 1084 1087 liat
1109 1032 1387 1087 mundatio
1421 1047 1557 1099 aqua
1584 1041 1636 1085 et
1669 1030 1952 1100 sanguine,

385 1143 506 1196 quae
521 1127 775 1180 exierunt
801 1142 829 1179 e
861 1125 1028 1178 latere
1060 1125 1378 1179 Salvatoris.
1413 1123 1641 1193 Lignum
1677 1123 1955 1177 cedrinum

388 1229 547 1273 vocat
575 1219 773 1272 salutis
798 1227 998 1270 nostra:
1031 1217 1256 1286 lignum.
1287 1216 1522 1271 Coccum
1559 1225 1756 1269 tortum
1798 1223 1958 1283 typus

385 1322 504 1366 erat
531 1311 753 1379 pretiosi
779 1310 1060 1377 sanguinis
1099 1323 1194 1377 per
1223 1325 1382 1379 quem
1419 1308 1714 1362 mundatur
1744 1306 1960 1359 univer-

391 1418 488 1456 sus
547 1398 716 1455 orbis.
775 1398 1029 1454 Arbitror
1091 1409 1270 1453 autem
1306 1401 1561 1470 hyssopo,
1604 1400 1828 1469 spiritus
1866 1416 1959 1456 ca-

387 1495 585 1557 lurem;
623 1492 710 1545 ﬁlo
744 1507 872 1547 vero
909 1495 1166 1548 coccineo
1192 1491 1352 1549 Verbi
1396 1495 1461 1548 ad
1487 1508 1709 1550 carnem
1737 1497 1960 1552 descen-

388 1601 505 1638 sum
539 1585 856 1655 significari.

461 1867 628 1932 Caput
669 1883 822 1920 suum
866 1877 912 1919 et
945 1867 1161 1920 barbam
1209 1867 1427 1920 radetur
1450 1868 1513 1921 ".
1541 1868 1715 1937 Caput
1752 1868 1960 1922 raditur

383 1959 530 2011 circa
555 1959 802 2028 dogmata
835 1962 1067 2014 maxime
1092 1961 1340 2029 capitalia
1367 1979 1380 2027 ;
1407 1962 1630 2015 barbam
1659 1975 1780 2028 qua:
1811 1975 1960 2029 sym-

385 2051 564 2103 bolum
595 2061 676 2104 est
704 2053 828 2118 viri,
864 2069 984 2105 cum
1021 2054 1121 2106 viri
1175 2054 1435 2122 relinquit
1471 2063 1728 2122 peccata;
1767 2068 1958 2120 super-

384 2141 535 2206 cilia,
586 2157 709 2195 cum
761 2141 985 2211 fastum,
1028 2153 1105 2208 et,
1148 2154 1205 2198 ut
1238 2145 1312 2197 ita
1352 2145 1557 2207 dicam,
1606 2143 1957 2212 supercilium

385 2235 626 2301 deponit.
665 2234 977 2304 Symbolum
1025 2245 1207 2288 autem
1254 2245 1413 2289 vocat
1452 2236 1567 2289 htec
1599 2251 1720 2304 qua:
1767 2235 1961 2288 anima:

384 2323 778 2386 adhaerescunt,
813 2333 866 2376 et
902 2324 1041 2376 male
1072 2324 1124 2375 in
1157 2338 1218 2376 ea
1253 2323 1536 2392 pullulant,
1563 2337 1792 2393 qumque
1818 2339 1962 2378 tuor-

387 2411 612 2468 talitatis
635 2413 814 2482 capilli
847 2413 1216 2467 nominantur.

457 2687 639 2744 Sumel
667 2688 800 2741 duo:
823 2705 984 2758 agnos
1017 2690 1130 2742 sine
1153 2689 1362 2742 macula
1387 2689 1658 2743 anniculos
1683 2690 1748 2745 ²⁰.
1775 2688 1829 2742 In
1857 2692 1957 2744 tria

387 2777 576 2832 dividit
635 2794 817 2832 sermo
869 2795 990 2848 quae
1034 2779 1354 2834 oll'eruntur.
1402 2781 1587 2834 Altero
1618 2782 1959 2850 signiﬁcatur

389 2870 633 2924 remissio
665 2881 1048 2939 peccatorum;
1085 2871 1280 2935 altero,
1330 2880 1498 2926 totum
1545 2873 1816 2926 hominem
1849 2873 1958 2928 Deo

385 2963 658 3015 addictum
691 2978 810 3017 esse
841 2963 1066 3029 debere;
1097 2963 1313 3016 tertium
1341 2979 1468 3017 vero
1496 2965 1720 3028 indicat,
1748 2965 1796 3017 id
1818 2967 1958 3033 quod

385 3053 613 3107 utier-tur
647 3055 714 3108 ad
751 3055 926 3123 ipsum
955 3055 1226 3122 pertinere
1250 3055 1342 3123 qui
1369 3057 1660 3109 inundatur
1688 3061 1756 3111 ab
1781 3058 1957 3126 opcri-

1826 316 2147 374 ORIGENIS

3531 307 3636 362 000

2269 433 2644 504 εριϐεϐλῆσθαι
2667 433 2727 484 τὸ
2751 432 2942 502 στόμα,
2975 428 3092 484 ἐστὶ
3119 429 3178 481 τὸ
3213 428 3287 499 μὴ
3317 427 3459 497 ἔχειν
3485 431 3626 498 παῤ·

2062 529 2254 600 ρησίαν
2281 526 2485 592 ἀνοῖξαι
2519 526 2578 579 τὸ
2612 526 2803 595 στόμα·
2834 524 2894 576 τὸ
2922 523 2977 576 δὲ
2998 523 3094 594 τῆς
3125 519 3472 591 παρεμϐολῆς
3503 519 3635 582 sini-

2059 621 2270 691 χεσθαι,
2321 621 2380 673 τὺ
2436 620 2631 690 μηκέτι
2661 621 2773 682 τοῖς
2815 615 2922 670 τῶν
2969 614 3138 682 ἁγίων
3183 611 3346 668 αὑτὸν
3388 613 3632 665 συναυλί-

2059 711 2244 774 ζεσθαι
2269 713 2468 781 χοροῖς.

2131 824 2241 879 Καὶ
2279 822 2587 892 σφάξουσι
2637 822 2699 874 τὸ
2745 822 3008 888 ὀρνίθιον
3046 819 3111 873 τὸ
3153 818 3223 872 ἓν
3262 820 3351 883 εὶς
3397 817 3636 887 ἀγγεῖον

2059 915 2436 984 ὀστράκινον.
2472 913 2666 966 Θύεται
2700 913 2760 965 τὸ
2786 912 3018 983 ὀρνίθιον
3061 913 3140 975 εἰς
3175 912 3391 979 ἀγγεῖον
3435 910 3632 980 ὀστρὰ-

2060 1023 2227 1070 κινον,
2261 1004 2728 1077 προεμϐληθέντος
2769 1005 2848 1068 εἰς
2886 1003 3016 1056 αύτὺ
3065 1001 3256 1065 ὓδατος
3289 1001 3509 1067 ζῶντος,
3549 1002 3632 1054 ἵνα

2057 1099 2282 1170 γένηται
2308 1101 2336 1151 0
2369 1097 2708 1169 καθαρισμὸς
2739 1095 2890 1149 ὕδατι
2936 1096 3028 1148 καὶ
3057 1095 3266 1165 αἵματι,
3315 1095 3459 1164 ἆπερ
3484 1092 3633 1164 ἐξῆλ-

2060 1189 2150 1242 θεν
2179 1188 2286 1242 ἀπὸ
2315 1188 2414 1258 τῆς
2449 1187 2686 1258 πλευρᾶς
2720 1185 2811 1240 τοῦ
2838 1185 3113 1255 Σωτῆρος.
3161 1180 3328 1236 Ξύλον
3358 1183 3414 1235 δὲ
3460 1183 3637 1253 κέδρι-

2059 1281 2147 1335 νόν
2173 1298 2304 1352 φησι
2325 1280 2385 1332 τὸ
2416 1280 2513 1350 τῆς
2543 1279 2814 1349 σωτηρίας
2838 1277 2993 1348 ἡμῶν
3015 1275 3188 1340 ξύλον.
3223 1275 3294 1326 Τὸ
3341 1276 3398 1328 δὲ
3437 1277 3637 1330 κεκλω-

2062 1374 2254 1444 σμένον
2286 1374 2535 1425 κόκκινον
2564 1372 2732 1434 τύπος
2760 1367 2828 1442 ἦν
2859 1370 2954 1424 τοῦ
2985 1371 3162 1441 τιμίου
3205 1370 3454 1440 αἵματος,
3485 1371 3551 1424 δι’
3573 1363 3636 1423 οὗ

2059 1466 2378 1536 καθαίρεται
2407 1466 2435 1517 0
2503 1464 2705 1534 κόσμος
2748 1462 2886 1526 ὅλος.
2921 1458 3088 1532 Οἶμαι
3140 1463 3197 1515 δὲ
3242 1463 3330 1516 τὸν
3365 1463 3636 1528 ὕσσωπον,

2060 1557 2155 1628 τὴν
2204 1557 2292 1610 διὰ
2330 1555 2422 1608 τοῦ
2468 1555 2776 1625 πνεύματος
2809 1553 3118 1625 θερμότητα
3141 1571 3153 1583 ·
3185 1555 3246 1607 τὸ
3285 1555 3340 1607 δὲ
3375 1556 3637 1625 σπαρτίον

2063 1649 2123 1702 τὸ
2160 1649 2408 1700 κόκκινον
2459 1648 2557 1717 τὴν
2601 1647 2736 1717 πρὸς
2781 1646 2958 1718 σάρκα
3006 1646 3276 1718 σύμϐασιν
3326 1645 3419 1699 τοῦ
3465 1647 3629 1713 Λόγου

2061 1739 2274 1811 δηλοῦν.

2133 1847 2253 1916 Τὴν
2281 1847 2558 1917 κεφαλὴν
2591 1849 2776 1903 αὑτοῦ
2817 1849 2914 1902 καὶ
2963 1850 3070 1902 τὸν
3101 1849 3351 1918 πώγωνα
3391 1850 3634 1917 {imm}-

2059 1955 2247 1995 σεται.
2281 1940 2522 2010 Ξυρᾶται
2559 1940 2655 2011 τὴν
2699 1940 2960 2011 κεφαλὴν,
2995 1941 3133 1994 κατὰ
3169 1942 3237 1994 τὰ
3274 1941 3636 2009 κεφαλαιωδέ-

2063 2050 2228 2104 στερα
2269 2034 2364 2085 καὶ¹
2410 2032 2759 2104 ἀρχικώτερα
2807 2033 2915 2085 τῶν
2949 2032 3254 2102 δογμάτων·
3287 2032 3430 2086 κατά
3455 2033 3511 2086 δὲ
3544 2033 3636 2086 τὸν

2060 2121 2318 2190 πώγωνα,
2350 2124 2486 2192 ὅπερ
2541 2121 2810 2193 σύμϐολόν
2844 2124 2961 2175 ἐστι
3001 2122 3093 2176 τοῦ
3131 2123 3345 2192 ἀνδρὸς,
3384 2123 3636 2175 ἀποτιθέ-

2064 2229 2221 2282 μενος
2245 2210 2311 2262 τὰ
2339 2210 2433 2262 τοῦ
2459 2211 2650 2280 ἀνδρὸς
2670 2212 2888 2282 ἀμαρτή
2899 2226 3068 2281 ματα·
3100 2211 3241 2265 κατὰ
3255 2212 3422 2274 δὲτὰς
3443 2212 3634 2281 ὀφρῦς,

2060 2305 2238 2356 πᾶσαν
2264 2304 2460 2374 οἴησιν,
2501 2305 2594 2356 καὶ
2623 2303 2685 2356 ἵν’
2709 2303 2881 2365 οὕτως
2909 2303 3178 2373 ὀνομάσω,
3202 2303 3479 2375 ὀφρύωσιν
3501 2305 3636 2355 ἀτω-

2061 2395 2358 2482 τιθθέμενος.
2408 2395 2680 2465 Σύμϐολον
2718 2395 2774 2447 δέ
2823 2412 2954 2466 φησι
3001 2395 3171 2448 ταῦτα
3203 2395 3515 2466 προσφύντα
3545 2395 3638 2447 καὶ

2060 2486 2431 2558 έξανθήσαντα
2475 2490 2539 2558 τῇ
2583 2485 2751 2560 ψυχῇ,
2791 2486 3112 2558 νεκρότητος
3154 2487 3335 2558 τρίχες
3369 2483 3637 2557 ὀνομαζό-

2063 2592 2220 2646 μενα.

2130 2688 2396 2756 Armatur
2455 2691 2563 2742 δύο
2616 2689 2845 2758 ἀμνοὺς
2896 2687 3174 2757 ἀμώμους
3205 2688 3637 2752 ἐνιαυσιαίους.

2061 2781 2153 2845 Εἰς
2181 2783 2308 2853 τρία
2328 2785 2355 2835 0
2382 2782 2534 2850 λόγος
2573 2783 2769 2852 διαιρεῖ
2793 2779 2862 2832 τὰ
2885 2780 3280 2850 ἀναφερόμενα·
3311 2779 3365 2830 ἓν
3398 2779 3494 2849 μὲν
3539 2779 3639 2848 τὴν

2060 2873 2210 2927 λύσιν
2252 2874 2360 2926 τῶν
2397 2872 2932 2944 προημαρτημένων·
2983 2871 3040 2923 ἓν
3065 2871 3143 2932 δὲ,
3174 2870 3234 2922 τὸ
3272 2869 3391 2922 ὅλον
3434 2869 3640 2937 ἀναιρέ-

2063 2965 2250 3037 ρεσθαι
2292 2965 2369 3035 τῷ
2399 2965 2543 3035 Θεῷ·
2578 2966 2764 3035 ἕτερον
2791 2965 2868 3028 δὲ,
2903 2964 2962 3016 τὸ
2995 2962 3398 3033 ἀναφερόμενον
3431 2963 3517 3014 ἐπ’
3548 2962 3643 3013 αύ-

2059 3057 2150 3111 τδν
2194 3058 2284 3109 τὸν
2333 3055 2758 3127 καθαριζόμενον
2806 3056 2911 3108 τῶν
2959 3056 3048 3107 ὑπ’
3103 3051 3264 3105 αὑτοῦ
3319 3052 3635 3121 γινομένων.

386 3148 486 3201 hus
508 3150 643 3202 suis.
671 3147 942 3204 Fortassis
979 3148 1139 3221 184
1167 3161 1346 3205 autent
1385 3160 1495 3206 tres
1516 3153 1705 3206 simin
1739 3153 1957 3206 decium

2063 3150 2214 3220 Τάχα
2238 3149 2293 3202 δὲ
2314 3149 2406 3201 καὶ
2427 3148 2496 3200 τὰ
2521 3148 2643 3217 τρία
2668 3147 2766 3216 τῆς
2788 3145 3114 3216 σεμιδάλεως
3136 3145 3334 3197 δέκατα
3352 3143 3642 3214 παραλαμ-

386 3250 761 3308 assumuntur,
797 3251 854 3296 ttt
883 3258 986 3295 una
1010 3243 1228 3312 quidem
1264 3259 1388 3296 cum
1419 3253 1654 3296 mactato
1693 3259 1832 3312 agno
1863 3244 1953 3308 sit,

385 3333 623 3386 secunda
661 3347 785 3386 eum
819 3333 1012 3399 altero,
1041 3335 1200 3388 tertia
1231 3349 1359 3387 vero
1387 3349 1513 3389 cum
1541 3349 1660 3401 ove.
1714 3333 1831 3388 Jam
1860 3335 1960 3404 igi-

390 3433 475 3476 tur
499 3423 552 3476 in
585 3423 777 3492 quinta
813 3424 1196 3492 puriﬁcatione
1241 3425 1400 3478 habet
1443 3439 1546 3476 nou
1577 3424 1831 3487 farinam,
1865 3423 1957 3477 sed

385 3515 621 3569 similam
668 3531 793 3584 qua:
836 3517 1075 3570 materiae
1116 3516 1272 3584 panis
1301 3517 1490 3570 mundi
1523 3515 1824 3585 symbolum
1854 3526 1957 3581 est,

385 3622 616 3675 eamque
653 3607 705 3660 in
751 3606 870 3662 oleo
910 3621 1285 3678 conspersam.
1325 3607 1480 3673 Quod
1518 3607 1738 3676 quidem
1779 3606 1957 3660 oleum

387 3711 570 3770 inpete
601 3703 848 3757 nutriens
878 3701 1078 3768 lucem,
1103 3701 1398 3758 assumitur
1428 3701 1494 3755 ad
1522 3717 1648 3755 eum
1669 3715 1828 3769 quem
1855 3700 1958 3754 mi-

386 3792 580 3845 nistrat
607 3792 766 3858 lucis,
789 3809 893 3848 non
917 3794 1056 3865 ignis
1087 3810 1264 3849 usum.
1289 3795 1509 3864 Absque
1534 3809 1598 3848 eo
1621 3803 1796 3847 autem
1816 3794 1958 3861 quod

385 3885 453 3937 ad
501 3887 945 3954 conspersiouem
1001 3885 1194 3941 simila:
1243 3886 1560 3948 assumitur,
1607 3885 1747 3947 oleo.
1800 3884 1960 3937 habet

386 3977 529 4030 aliud
549 3978 726 4031 oleant
750 3977 893 4047 quod
926 3993 1023 4045 per
1047 3979 1391 4032 sacerdotem
1421 3977 1713 4030 adducitur
1737 3976 1788 4028 in
1809 3990 1957 4029 men-

385 4083 513 4120 sura
541 4070 752 4136 cotylaa.
788 4067 851 4120 Et
894 4066 1119 4122 omnino
1153 4069 1367 4138 videtur
1398 4066 1530 4120 mihi
1561 4063 1846 4120 sacerdote
1879 4064 1957 4116 iu-

385 4157 572 4227 digere
605 4159 730 4211 illud
755 4159 842 4212 ἰι
887 4177 906 4209 ι
955 4156 1120 4212 Sistet
1165 4158 1420 4213 sacerdos
1464 4157 1736 4211 mundans
1779 4155 1957 4209 homi-

387 4263 509 4302 nem
545 4249 636 4319 qui
667 4250 980 4316 mandatur,
1012 4260 1066 4304 et
1092 4251 1205 4321 haec
1243 4260 1370 4306 ante
1400 4252 1708 4306 Dominum.
1743 4267 1762 4300 ι

457 4448 519 4502 Et
547 4452 706 4503 veniet
735 4452 888 4521 cujus
911 4461 982 4504 est
1015 4451 1178 4520 ipsius
1202 4453 1407 4515 domus,
1436 4458 1481 4504 et
1519 4447 1850 4503 annuntiabit
1871 4463 1957 4500 sa-

2064 3240 2304 3303 6άνεται,
2338 3241 2400 3292 ἵν’
2433 3240 2489 3292 ἓν
2517 3240 2612 3310 μὲν
2633 3239 2742 3291 τῶν
2766 3238 3004 3291 δεκατων
3031 3235 3108 3307 τῷ
3132 3235 3455 3306 σφαζομένῳ
3482 3233 3640 3304 ἀμνῷ

2064 3329 2325 3399 συναχθῇ,
2359 3330 2452 3380 καὶ
2483 3329 2542 3380 τὸ
2572 3327 2823 3400 δεύτερον
2872 3327 2949 3396 τῷ
2993 3325 3184 3395 λοιπῷ,
3238 3326 3332 3378 καὶ
3370 3325 3431 3377 τὸ
3458 3325 3638 3394 τρίτον

2060 3415 2136 3486 τῷ
2181 3415 2455 3487 προϐάτῳ.
2490 3404 2627 3486 Ἤδη
2677 3416 2856 3468 τοίνυν
2917 3416 3009 3467 ἐπὶ
3057 3415 3134 3485 τῷ
3182 3414 3418 3485 πέμπτῳ
3470 3414 3640 3468 καθαο

2065 3509 2244 3582 ρισμῷ
2277 3508 2389 3580 ἕχει
2413 3509 2532 3578 ούχὶ
2565 3509 2811 3580 ἄλευρον,
2839 3509 2975 3563 ἀλλὰ
3005 3509 3302 3580 σεμίδαλιν,
3335 3510 3472 3579 ὅπερ
3501 3509 3638 3577 σύμ-

2062 3599 2213 3652 ϐολόν
2255 3602 2400 3652 ἐστιν
2444 3600 2574 3670 ὕλης
2621 3599 2784 3670 ἄρτου
2820 3601 3083 3671 καθαροῦ,
3110 3603 3204 3654 καὶ⁸
3239 3601 3442 3670 ταύτην
3477 3600 3639 3670 ἐλαίῳ

2064 3691 2472 3763 πεφυραμένην·
2524 3692 2659 3761 ὅπερ
2715 3693 2790 3755 ὼς
2836 3693 3032 3765 τρέφον
3074 3693 3210 3762 φῶς,
3254 3694 3427 3761 φωτὸς
3456 3691 3639 3764 χρείαν

2061 3784 2155 3835 καὶ
2190 3785 2250 3837 ού
2300 3785 2470 3854 πυρὸς
2506 3783 2790 3837 ἐπιτελοῦν
2832 3785 3341 3856 παραλαμϐάνεται.
3392 3786 3542 3852 Ἔχει
3581 3783 3637 3835 δὲ

2060 3877 2179 3930 καθ’
2203 3877 2361 3930 έαυτδ
2389 3879 2556 3947 χωρὶς
2582 3878 2676 3931 τοῦ
2703 3881 2780 3941 εἰς
2805 3879 3038 3950 φύρασιν
3057 3881 3155 3950 τῆς
3183 3879 3512 3950 σεμιδάλεως
3539 3893 3639 3928 πα-

2064 3968 2540 4038 ραλαμϐανομένου
2572 3969 2772 4030 ἐλαίου,
2807 3969 2983 4023 έλαιον
3013 3972 3040 4024 ὃ
3063 3972 3152 4025 διὰ
3171 3974 3264 4026 τοῦ
3292 3970 3478 4041 ἱερέως
3509 3969 3638 4021 ἀνα-

2060 4057 2283 4127 φέρεται
2315 4059 2512 4128 μέτρου
2549 4059 2778 4128 κοτύλης
2821 4062 3106 4129 τυγχάνον.
3177 4063 3286 4114 Καὶ
3319 4060 3459 4112 πάνυ
3493 4058 3640 4111 δοκεῖ

2063 4167 2153 4220 μοι
2189 4149 2374 4218 ἱερέως
2402 4149 2615 4203 δέεσθαι
2643 4151 2703 4203 τό
2725 4169 2736 4181 ·
2764 4170 2781 4200 ι
2803 4153 2996 4221 Στήσει
3029 4153 3057 4202 0
3080 4152 3257 4222 ἱερεὺς
3282 4152 3310 4202 0
3328 4146 3635 4218 καθαρίζων

2062 4242 2149 4294 τὸν
2192 4239 2474 4312 ἄνθρωπον
2516 4241 2604 4294 τὸν
2647 4241 3097 4313 καθαριζόμενον,
3130 4243 3223 4295 καὶ
3255 4241 3424 4294 ταῦτα
3460 4238 3636 4292 ἔναντι

2062 4333 2289 4405 Κυρίου.
2338 4352 2357 4384 ι

2135 4448 2243 4503 Καὶ
2300 4447 2430 4514 ἣξει
2467 4450 2627 4512 τίνος
2663 4447 2848 4501 αὐτοῦ
2878 4449 2915 4515 ἠ
2956 4449 3133 4512 οὶκιά,
3172 4450 3271 4503 καὶ
3319 4448 3644 4518 ἀναγγελεῖ

387 4543 587 4596 cerdoti
613 4543 883 4611 “.Neque
923 4543 1152 4597 dicimus
1188 4542 1550 4611 legislatorem
1587 4539 1876 4607 prmeipere
1901 4546 1957 4590 ut

2060 4539 2140 4605 τῷ
2179 4539 2335 4607 ἱερεῖ.
2395 4539 2502 4591 Καὶ
2538 4539 2789 4592 οὐδέποτέ
2831 4557 3009 4610 φαμεν
3046 4543 3490 4612 κατηγορήσοντα
3540 4541 3638 4609 τῆς

388 4634 657 4705 quispiam
689 4635 754 4688 ad
788 4634 1128 4688 sacerdotem
1155 4631 1336 4684 veniat
1355 4639 1711 4684 accusaturus
1739 4631 1954 4682 domum

383 4746 575 4796 suam,
620 4728 716 4781 sed
758 4726 934 4796 potius
982 4733 1237 4792 tanquam
1282 4738 1346 4777 ex
1395 4721 1605 4774 medico
1657 4719 1955 4772 remedium

385 4822 515 4876 mali
542 4821 828 4888 petiturus.
860 4815 1100 4870 Dicimus
1130 4815 1311 4884 itaque
1367 4812 1674 4868 Judieorum
1714 4810 1957 4880 Synago-

385 4930 505 4983 gam
542 4913 688 4979 lepra
725 4909 974 4962 infectam
1024 4906 1210 4959 fuisse.
1257 4902 1648 4957 Annuutiantis
1704 4914 1956 4968 persona,

387 5015 468 5058 est
521 5012 835 5057 sanctorum
883 4998 1268 5068 prophetarum
1326 4996 1562 5056 chorus,
1602 4991 1692 5060 qui
1746 5005 1958 5044 suinmo

388 5092 652 5148 sacerdoti
681 5101 801 5144 ante
831 5089 1254 5158 imlignatiouem
1275 5085 1598 5138 annnntiant
1621 5081 1958 5150 desperatio-

390 5189 476 5242 nis
498 5186 804 5240 .Iudzeorum
839 5186 1004 5247 mala,
1034 5199 1140 5236 non
1172 5182 1327 5245 odio,
1367 5192 1545 5246 neque
1580 5175 1719 5229 mala
1763 5175 1954 5226 volun-

385 5288 521 5345 tate,
574 5279 667 5331 sed
724 5275 1050 5330 verecundia
1102 5289 1231 5340 erga
1267 5271 1593 5330 beueticum,
1642 5265 1959 5319 couliteutes

394 5372 604 5438 xuidem
638 5371 852 5424 illorum
883 5375 1125 5436 peccata,
1163 5363 1258 5418 sed
1293 5360 1728 5416 misericordiam
1760 5356 1958 5411 nihilo-

390 5464 568 5518 minus
601 5478 698 5532 pro
723 5463 803 5516 eis
843 5459 1197 5530 postulantes.

459 5731 501 5764 "
528 5729 699 5784 chit.
729 5742 842 5792 xw,
863 5725 915 5778 5.
994 5726 1034 5756 ’⁸³
1063 5723 1218 5788 ibid,
1242 5722 1293 5775 ι).
1378 5721 1420 5749 ²⁰
1454 5719 1610 5786 ibid.,
1649 5717 1735 5772 10.

1833 5716 1874 5746 ²¹
1909 5714 2064 5778 ibid.,
2106 5715 2186 5769 ll.

2061 4632 2236 4693 οἰκίας
2259 4631 2358 4700 τῆς
2382 4631 2570 4682 ἑαυτοῦ
2607 4631 2714 4683 δεῖν
2749 4631 2882 4683 ἰέναι
2909 4630 3032 4684 τινὰ
3073 4633 3209 4703 πρὸς
3232 4632 3322 4684 τὸν
3353 4633 3519 4702 ἱερέα,
3547 4633 3638 4686 τὸν

2055 4721 2352 4792 νομοθέτην
2387 4723 2581 4773 εἰπεῖν·
2623 4721 2734 4774 ἀλλ’
2779 4720 2967 4792 ὥσπερ
3007 4721 3071 4793 δὴ
3110 4722 3308 4792 μᾶλλον
3347 4722 3406 4788 ἐξ
3451 4723 3634 4794 ἰατροῦ

2055 4814 2131 4885 τῷ
2172 4814 2538 4884 συμϐεϐηκότι
2588 4816 2878 4886 φάρμακον
2921 4814 3296 4886 ὲξαιτήσοντα.
3348 4817 3638 4886 Λελεττρῶ-

2057 4907 2178 4959 σθαι
2211 4906 2272 4977 δὴ
2302 4901 2392 4958 οὖν
2419 4923 2596 4976 φαμεν
2627 4907 2724 4977 τὴν
2750 4908 2857 4960 τῶν
2888 4906 3158 4960 Ἰουδαίων
3185 4911 3523 4978 συναγωγήν.
3565 4908 3639 4960 T0

2054 4993 2109 5045 δὲ
2153 4993 2247 5045 τοῦ
2291 4995 2715 5062 ἀναγγέλλοντός
2756 4999 2869 5049 ἐστι
2915 4996 3226 5066 πρόσωπον,
3268 4999 3296 5050 0
3332 4998 3437 5050 τῶν
3467 4998 3637 5066 ἁγίων

2056 5084 2348 5157 προφητῶν
2389 5086 2566 5156 χορός·
2608 5086 2655 5138 οἳ
2704 5088 2799 5139 καὶ
2841 5085 3253 5155 ὲξαγγέλλονται
3293 5089 3370 5158 τῷ
3417 5091 3639 5161 μεγάλῳ

2056 5177 2324 5246 ἀρχιερεῖ,
2351 5177 2594 5228 τουτέστι
2620 5176 2722 5246 πρὸ
2759 5177 2857 5247 τῆς
2899 5179 3344 5250 ἀγανακτήσεως,
3376 5179 3476 5248 τῆς
3505 5181 3639 5233 ἁπο-

2055 5264 2203 5325 νοίας
2245 5264 2350 5315 τῶν
2387 5263 2652 5317 Ἰουδαίων
2689 5265 2754 5317 τὰ
2801 5266 2970 5338 πάθη,
3000 5269 3060 5320 ού
3107 5269 3274 5338 μίσει,
3314 5268 3432 5321 οὐδὲ
3473 5270 3613 5339 ἁπεχ

2056 5351 2194 5422 θεία,
2238 5352 2350 5404 ἀλλ’
2384 5353 2521 5405 αἰδοῖ
2551 5356 2617 5424 τῇ
2660 5357 2785 5425 περὶ
2837 5357 2928 5409 τὸν
2969 5357 3265 5426 εὐεργέτην
3353 5357 3639 5427 συνομολο-

2055 5442 2274 5511 γοῦντες
2304 5444 2400 5514 μὲν
2431 5444 2498 5498 τὰ
2527 5445 2748 5496 ἐκείνων
2790 5446 3252 5519 πλημμελήματα,
3287 5446 3554 5501 ἐλεεῖσθαι
3579 5449 3636 5500 δ’

2055 5533 2147 5590 οὖν
2179 5537 2327 5607 ὅμως
2363 5536 2834 5607 παρακαλοῦντες.

2265 5716 2309 5745 η
2346 5716 2498 5781 una,
