4106 6246
429 330 534 382 405

1602 321 1666 373 IN
1704 319 2078 377 LEVITICUM
2117 321 2394 377 IIOMILIA
2438 320 2477 376 Ι.

3582 319 3683 375 tot}

3249 479 3672 493 ..ἡὴ-*σο

1125 680 1806 797 ORIGENIS
1888 680 2035 792 IN
2126 672 2976 793 LEVITICUM.

867 1058 1146 1116 llOMlLIA
1188 1058 1402 1114 PRIMA
1437 1057 1573 1130 ('95).

505 1152 558 1206 ί.
589 1150 742 1206 Sicut
775 1151 827 1206 in
865 1151 1394 1208 novissimis-diebus
1428 1149 1662 1205 Verbum
1691 1148 1785 1203 Dei
1808 1162 1875 1203 ex
1897 1145 2012 1202 Ma-

433 1244 516 1298 ria
548 1258 712 1298 carne
742 1242 998 1299 vesti-tum
1024 1242 1140 1314 (94)
1174 1243 1439 1313 processit
1471 1242 1523 1295 in
1551 1242 1695 1296 hunc
1725 1239 2006 1303 mundum,

432 1345 484 1390 et
518 1336 664 1390 aliud
707 1337 924 1406 quidem
965 1345 1084 1390 erat
1131 1336 1274 1405 quod
1315 1334 1602 1388 videbatur
1635 1336 1690 1387 in
1734 1349 1831 1398 eo,
1864 1331 2009 1385 aliud

434 1427 578 1495 quod
611 1427 1052 1497 intelligebatur;
1083 1427 1289 1494 (carnis
1321 1441 1556 1494 namque
1588 1434 1841 1493 aspectus
1868 1425 1919 1476 iu
1947 1437 2013 1476 eo

433 1517 653 1586 patebat
689 1520 963 1581 omnibus,
1003 1519 1190 1587 paucis
1213 1533 1344 1573 vero
1366 1529 1422 1572 et
1450 1517 1639 1572 electis
1676 1517 1906 1570 dabatur
1928 1516 2012 1570 di-

432 1609 679 1664 vinitatis
707 1611 910 1678 agnitio
931 1611 970 1678 -,)
1020 1610 1094 1662 ita
1123 1617 1179 1662 et
1204 1623 1327 1662 cum
1372 1623 1466 1677 per
1511 1608 1798 1677 prophetas
1830 1608 1909 1660 vel
1945 1606 2016 1661 lc-

436 1699 752 1768 gislatorem
778 1702 1004 1753 verbum
1040 1699 1132 1752 Dei
1164 1699 1441 1768 profertur
1473 1700 1539 1751 ad
1591 1699 1856 1763 homines,
1903 1714 2007 1752 non

435 1789 641 1857 absque
702 1785 1139 1856 competentibus
1176 1787 1450 1854 profertur
1487 1785 1833 1854 imlunteotis.
1875 1783 2006 1836 Nam

437 1879 581 1931 sicut
613 1877 686 1931 ibi
717 1878 919 1944 carnis,
953 1878 1024 1931 ita
1055 1878 1140 1931 hic
1168 1877 1361 1931 litterae
1393 1876 1656 1929 Vt-lautine
1693 1877 1920 1946 tegitur:
1954 1885 2011 1928 ut

441 1969 621 2022 littera
653 1968 873 2036 quidem
910 1969 1204 2036 aspiciatur
1229 1977 1480 2035 tanquam
1513 1982 1660 2030 caro,
1687 1967 1860 2022 latens
1883 1982 2014 2022 vero

441 2057 765 2111 intrinsecus
799 2058 1063 2126 spiritalis
1089 2073 1282 2113 sensus
1307 2067 1563 2126 tanquam
1601 2059 1858 2112 divinitas
1884 2073 2010 2112 sen-

442 2146 764 2203 tiatur.Tale
794 2163 922 2217 ergo
949 2157 1032 2204 est
1064 2151 1205 2219 quod
1235 2159 1287 2202 et
1313 2165 1459 2204 nunc
1487 2150 1791 2205 invenimus
1819 2151 2010 2204 librum

439 2238 662 2294 Levitici
709 2241 1077 2306 revolventes,
1115 2242 1167 2296 in
1195 2255 1300 2311 quo
1333 2242 1728 2296 sacrificiorum
1765 2245 1918 2308 ritus,
1961 2253 2014 2297 et

436 2330 730 2384 hostiarum
761 2332 1068 2397 diversitas,
1095 2349 1160 2388 ac
1191 2334 1536 2388 sacerdotum
1577 2334 1883 2388 ministeria
1909 2336 2005 2388 tle--

435 2419 750 2473 scribuntur
779 2421 920 2490 (95).
957 2420 1064 2475 Sed
1102 2423 1214 2475 hate
1255 2422 1549 2475 secundum
1586 2421 1842 2486 litteram,
1887 2438 2008 2492 qua:
2045 2402 2088 2457 Β
2114 2441 2165 2484 et
2194 2402 2492 2481 mirabilem
2529 2427 2803 2484 contueri,
2841 2420 3140 2476 secundum
3171 2435 3292 2472 etnn
3320 2418 3410 2488 qui
3445 2417 3554 2471 dixi

436 2520 692 2580 tanquam
726 2527 856 2566 caro
885 2511 1047 2566 Verbi
1082 2513 1173 2566 Dei
1213 2521 1295 2566 est
1324 2522 1380 2565 et
1415 2514 1790 2568 indumentum
1817 2515 2014 2568 divini-

438 2603 562 2656 tatis
593 2603 734 2672 cjus,
771 2603 914 2672 digiti
951 2604 1197 2659 fortassis
1233 2605 1316 2660 vel
1345 2605 1636 2674 aspiciant,
1665 2605 1748 2659 vel
1789 2608 2015 2662 audiant

436 2704 491 2748 et
525 2693 754 2762 indigni.
781 2693 884 2748 Sed
919 2706 969 2748 et
1007 2697 1146 2750 beati
1175 2707 1300 2752 sunt
1328 2699 1400 2752 illi
1425 2697 1590 2762 oculi,
1615 2699 1707 2767 qui
1742 2699 2013 2755 velamine

441 2785 633 2838 littera:
670 2784 942 2839 obtectum
976 2787 1306 2842 intrinsecus
1350 2790 1594 2843 divinum
1634 2789 1896 2859 Spiritum
1932 2794 2012 2846 vi-

439 2875 566 2928 dent
596 2875 708 2946 (96)
735 2893 748 2941 ;
777 2887 832 2929 et
865 2877 1004 2930 beati
1031 2887 1155 2933 sunt
1185 2879 1276 2948 qui
1307 2880 1373 2934 ad
1405 2881 1517 2934 haec
1548 2882 1817 2937 audienda
1852 2901 2011 2938 mun-

438 2966 536 3022 das
578 2983 742 3022 aures
780 2968 1058 3023 interici-is
1133 2970 1372 3025 hominis
1426 2972 1699 3027 deferunt.
1753 2974 2010 3044 Alioquin

437 3071 625 3129 aperte
649 3063 701 3114 in
733 3061 816 3115 his
857 3062 1202 3116 sermonibus
1235 3064 1571 3119 occidentem
1616 3065 1853 3122 litteram
1886 3085 2011 3124 sen-

440 3151 595 3205 tient.
631 3153 688 3206 Si
719 3153 864 3206 enim
892 3154 1187 3208 secundum
1219 3155 1482 3223 quosdam
1507 3157 1674 3211 etiam
1701 3170 2011 3215 nostrorum

439 3243 774 3297 intellectum
813 3244 1112 3313 simplicem
1148 3261 1372 3314 sequar,
1419 3257 1472 3302 et
1527 3249 1735 3318 absque
1781 3251 1922 3314 ulla,
1957 3263 2016 3307 ut

441 3334 541 3400 ipsi
597 3335 776 3389 ridere
814 3351 910 3391 nos
945 3338 1140 3404 solent,
1195 3341 1417 3410 stropha
1454 3342 1604 3395 verbi
1653 3353 1707 3397 et
1743 3344 2016 3414 allegoriae

449 3421 606 3492 185
633 3425 816 3479 nubilo
849 3442 1032 3480 vocem
1077 3428 1400 3496 legislatoris
1447 3433 1738 3501 excipiam,
1779 3450 1879 3502 ego
1925 3453 2016 3492 ec-

440 3514 776 3569 clesiasticus
805 3518 906 3572 sub
934 3516 1038 3572 (ide
1064 3519 1263 3573 Christi
1297 3521 1503 3588 vivens,
1530 3533 1583 3577 et
1616 3525 1671 3578 in
1707 3528 1884 3580 medio
1915 3528 2015 3582 Ec-

440 3605 619 3660 clesia:
663 3606 892 3675 p0situs,
935 3608 1000 3661 ad
1049 3607 1466 3664 sacrificandum
1515 3614 1717 3670 vitulos
1744 3627 1795 3670 et
1825 3635 2014 3686 agnos,

438 3707 494 3750 et
529 3696 595 3750 ad
626 3697 956 3754 offerendam
989 3698 1234 3753 similam
1263 3715 1384 3754 cum
1415 3702 1570 3758 thure
1601 3713 1655 3758 et
1695 3707 1817 3762 oleo
1846 3711 2014 3766 divini

438 3789 692 3858 praecepti
740 3791 1065 3844 auctoritate
1118 3791 1435 3861 compellor.
1479 3793 1592 3848 lloc
1641 3796 1782 3849 enim
1827 3812 2012 3868 agunt,

439 3882 528 3949 qui
559 3881 834 3935 deservire
865 3896 963 3934 nos
992 3881 1256 3946 historiae,
1283 3891 1336 3936 et
1362 3898 1582 3938 servare
1621 3885 1755 3955 legis
1779 3887 2014 3945 litteram

439 3981 656 4043 cogunt.
689 3971 796 4027 Sed
821 3981 1032 4041 tempus
1059 3984 1141 4027 est
1170 3987 1269 4027 nos
1295 3974 1552 4030 adversus
1583 3977 1857 4047 improbos
1891 3996 2014 4050 pre-

437 4067 684 4136 sbyteros
709 4067 784 4120 uti
809 4075 1011 4121 sanctm
1039 4065 1304 4119 Susanna:
1341 4068 1583 4133 vocibus,
1613 4086 1747 4138 quas
1779 4071 1852 4125 illi
1885 4075 2011 4143 qui-

438 4161 560 4213 dem
594 4161 963 4228 repudiantes,
1011 4159 1294 4214 historiam
1343 4159 1611 4217 Susaunze
1653 4167 1720 4218 de
1763 4168 2010 4236 catalogo

437 4251 746 4304 divinorum
793 4251 1124 4304 voluminum
1170 4249 1510 4308 desecarunt.
1568 4254 1677 4310 Nos
1724 4267 1903 4311 autem
1959 4271 2011 4316 et

436 4341 761 4408 suscipimus
799 4350 854 4395 et
881 4351 1186 4410 opportune
1233 4354 1423 4397 contra
1462 4346 1602 4414 ipsos
1657 4349 2009 4420 proferimus,

436 4433 681 4487 dicentes
711 4446 724 4482 :
763 4450 780 4482 ι
816 4432 1089 4502 Angustiae
1113 4433 1242 4487 mibi
1283 4437 1521 4505 undique
1558 4433 1691 4504 (97).
1717 4453 1733 4484 ι
1773 4443 1828 4495 Si
1868 4445 2010 4499 enim

438 4525 540 4579 hoc
585 4518 912 4578 consensero
956 4525 1140 4590 vobis,
1234 4536 1290 4580 ut
1345 4527 1479 4597 legis
1515 4531 1746 4586 litteram
1788 4549 2008 4605 sequar,

505 4640 552 4715 ξ³
579 4639 710 4715 Dan.
743 4654 865 4715 xui,
905 4640 994 4708 2‘2,
1035 4640 1123 4697 23.
1226 4644 1337 4698 "ll
1377 4645 1506 4700 Cor.
1539 4663 1619 4715 nt,
1669 4649 1754 4703 l6.

434 4711 478 4743 ¹⁹
501 4709 676 4764 l..evit.
699 4725 762 4775 Il,
789 4711 844 4763 4.

507 4827 624 4907 (93)
659 4828 883 4883 Collatx
910 4834 1148 4907 sunthze
1184 4833 1417 4907 homiliaa
1448 4850 1570 4889 cum
1598 4848 1832 4907 quatuor
1868 4859 2001 4906 mss,
2038 4849 2084 4904 D

429 4916 554 4979 uno.
591 4899 1062 4979 Sattgertnanensi
1101 4905 1472 4979 vetustissimo
1524 4899 1680 4979 cujns
1719 4899 2006 4968 characwr

427 4969 805 5046 .mcialisest;
830 4971 1001 5046 altero
1021 4971 1381 5046 gemetjccnsi
1410 4990 1425 5038 ;
1462 4969 1624 5030 tertio
1650 4977 1932 5046 Beccensi,
1955 4995 2010 5038 et

424 5053 534 5124 qua
550 5047 632 5124 rto
661 5038 999 5094 bibliothecae
1021 5040 1084 5094 R.
1103 5040 1164 5096 P.
1190 5043 1682 5102 Fraociscanorum
1701 5038 2011 5107 Cadomen-

422 5128 502 5166 Slu
523 5123 595 5161 mo

505 5177 616 5243 (94)
653 5177 738 5232 Ex
771 5178 950 5232 Maria
977 5196 1132 5234 carne
1153 5183 1416 5238 vestitum.
1453 5184 1547 5240 Sic
1576 5187 1775 5243 habent
1819 5205 2008 5247 omnes

434 5261 565 5368 rqs's.
604 5248 751 5303 Libri
781 5263 911 5304 vero
945 5261 1103 5304 antea
1132 5253 1298 5318 editi,
1339 5273 1356 5306 ι
1397 5271 1465 5309 ex
1504 5255 1687 5312 Mariae
1720 5275 1886 5315 carne
1911 5277 2006 5317 ve-

434 5332 460 5368 s
487 5332 499 5369 ι
529 5333 638 5370 om.
676 5337 695 5369 ι

505 5386 853 5464 (95)_0mnes
909 5404 1120 5464 mss.”
1145 5391 1580 5464 (describuntur;
1621 5420 1639 5448 ι
1679 5398 1809 5452 libb.
1848 5400 2001 5464 editi,

439 5459 852 5529 gagcribuntor.
878 5460 1054 5512 ilnfra
1084 5461 1244 5514 iidem
1268 5462 1399 5515 libb.
1427 5466 1578 5529 editi,
1615 5485 1633 5517 ι
1675 5484 1804 5524 caro
1842 5459 2002 5525 Verbi

435 5527 526 5610 Dei
565 5538 670 5593 est,
708 5539 763 5582 et
783 5531 1169 5610 indumentum
1218 5531 1517 5588 divinitatis
1542 5527 1681 5605 ejus,
1716 5540 1864 5610 digni
1896 5543 2007 5596 for-

440 5607 603 5663 tasse,
645 5617 662 5648 ι
701 5601 794 5654 sed
835 5616 967 5655 mss.
1005 5609 1064 5652 ut
1098 5601 1148 5654 in
1183 5611 1368 5655 nostro
1403 5612 1571 5658 textu.

441 5752 459 5787 ι
664 5670 850 5792 ‘Codex
905 5669 1412 5739 Saugermancnsis,
1458 5691 1474 5723 ι
1515 5676 1755 5732 videant.
1816 5699 1834 5731 ι
1877 5681 2002 5748 Alii,

591 5753 658 5790 en
691 5778 701 5791 .
744 5759 764 5790 ι

591 5753 701 5791 Clll.
744 5759 764 5790 ι

2043 3738 2085 3794 C
2123 3731 2237 3768 rum
2271 3715 2413 3783 leges
2434 3727 2488 3768 et
2517 3730 2819 3777 munerum,
2846 3725 2901 3769 et
2927 3716 3002 3768 ait
3024 3717 3067 3748 ’⁷
3103 3731 3116 3767 :

1867 4655 1912 4685 "
1951 4655 2087 4712 Psal.
2133 4674 2318 4724 cxvtlt,
2368 4661 2453 4713 18.

2041 1055 2089 1115 Α
2125 1070 2143 1103 ι
2180 1051 2324 1106 Mors
2356 1049 2488 1104 mihi
2525 1047 2753 1114 eritpsi
2807 1055 2988 1100 autem
3036 1060 3139 1099 non
3197 1058 3690 1109 consenscro,cnon

2110 1142 2360 1212 eﬂ'ugiam
2419 1156 2610 1196 manus
2643 1149 2873 1195 vestras.
2908 1136 3014 1190 Sed
3071 1136 3264 1190 melius
3311 1147 3392 1190 est
3440 1151 3526 1189 me
3577 1136 3693 1189 sine.

2111 1237 2220 1289 ullo
2264 1243 2415 1302 gestu
2455 1232 2568 1303 (98)
2616 1231 2852 1285 incidere
2903 1229 2954 1282 in
3005 1243 3197 1281 manus
3247 1237 3475 1292 vestras,
3529 1244 3690 1296 quam

2113 1337 2341 1394 peccare
2365 1323 2416 1375 in
2459 1329 2751 1389 conspectu
2799 1315 3011 1370 Domini
3035 1316 3100 1368 ’³.
3143 1333 3163 1366 ι
3202 1314 3510 1368 lucidamus
3563 1328 3694 1380 ergo

2114 1426 2166 1474 et
2198 1432 2318 1479 nos,
2347 1415 2390 1470 si
2423 1415 2492 1469 ita
2524 1427 2747 1468 necesse
2777 1420 2883 1474 est,
2914 1412 2965 1462 io
3007 1408 3431 1462 obtrectationes
3460 1416 3691 1468 vestras.

2117 1517 2320 1563 tantutn
2354 1517 2411 1562 ut
2448 1505 2729 1561 veritatem
2759 1502 2908 1556 verbi
2943 1502 3037 1555 Dei
3078 1502 3178 1553 sub
3231 1500 3425 1554 littera:
3461 1499 3694 1568 tegmine

2115 1610 2424 1668 cooltertatu
2486 1599 2554 1652 ad
2595 1597 2867 1652 Christum
2918 1593 3029 1661 jam
3095 1591 3383 1646 Dominum
3429 1606 3692 1644 conversa

2113 1700 2403 1760 cognoscat
2453 1689 2692 1744 Ecclesia
2742 1707 2755 1742 :
2803 1687 2881 1742 sic
2932 1684 3074 1738 enim
3119 1685 3253 1738 dicit
3297 1683 3588 1752 Apostolus
3625 1684 3691 1744 ",

2113 1786 2234 1855 quia
2272 1804 2290 1834 ι
2325 1784 2368 1836 si
2401 1798 2696 1837 conversus
2727 1782 2849 1851 quis
2885 1781 3046 1834 fuerit
3087 1779 3152 1832 ad
3200 1777 3512 1839 Dominum,
3543 1766 3694 1826 aufe-

2115 1887 2262 1930 rctur
2296 1873 2582 1929 velamen:
2626 1875 2713 1928 ubi
2765 1875 2911 1928 enim
2960 1873 3181 1942 spiritus
3234 1871 3470 1933 Domini,
3521 1870 3592 1922 ibi
3629 1869 3694 1920 li-

2115 1973 2318 2025 bertas.
2357 1987 2375 2019 ι
2413 1969 2531 2036 Ipse
2577 1967 2744 2035 igitur
2785 1965 2942 2018 nobis
2986 1963 3279 2026 Dominus,
3329 1962 3444 2030 ipse
3477 1971 3696 2013 sanctus

2117 2061 2349 2131 Spiritus
2402 2058 2775 2123 deprecantlus
2839 2067 2945 2118 est,
3002 2065 3060 2108 ut
3131 2070 3348 2108 omnem
3418 2055 3692 2110 nebulam,

2114 2171 2438 2223 omnemque
2464 2152 2750 2221 caliginem
2775 2163 2895 2218 quae
2924 2155 3266 2217 peccatorum
3293 2144 3545 2198 sordibus
3567 2159 3698 2194 cott-

2117 2254 2263 2298 creta
2301 2246 2474 2296 visum
2511 2241 2684 2295 nostri
2715 2239 2897 2295 cordis
2931 2240 3219 2300 obscurat,
3251 2234 3466 2288 auferre
3505 2233 3695 2300 digne-

2120 2348 2225 2401 tur,
2259 2347 2313 2388 ιιι
2345 2337 2614 2404 possimus
2640 2335 2769 2401 legis
2795 2331 2911 2398 ejus
2941 2328 3355 2397 intelligentiam
3390 2325 3692 2395 Spiritalem

2119 2541 2137 2575 ι
2177 2522 2373 2576 Revela
2407 2519 2593 2575 oculos
2630 2533 2799 2584 meos,
2837 2526 2890 2571 et
2931 2512 3294 2570 considerabo
3325 2509 3591 2565 mirabilia
3628 2511 3694 2560 de

2116 2611 2228 2680 lege
2264 2620 2371 2662 tua.
2412 2628 2431 2661 ι
2480 2609 2646 2677 igitur
2689 2621 2853 2675 quam
2896 2618 3184 2674 possumus
3229 2602 3466 2656 breviter
3524 2614 3691 2668 pauca

2115 2703 2543 2772 perstringannts
2563 2715 2628 2754 ex
2669 2699 2873 2758 multis,
2908 2714 3014 2750 non
3057 2706 3165 2748 tam
3192 2694 3528 2763 singulorum
3569 2707 3692 2743 vet--

2115 2795 2306 2850 borum
2336 2792 2700 2862 explanationi
2734 2789 3016 2845 studentes
3044 2789 3174 2859 (hoc
3207 2787 3354 2841 enim
3381 2783 3564 2838 facere
3600 2799 3698 2850 per

2115 2890 2282 2944 otium
2325 2887 2614 2943 scribentis
2667 2888 2796 2952 est),
2849 2883 2940 2938 sed
2993 2898 3112 2951 qum
3163 2882 3230 2935 ad
3280 2881 3695 2935 aedificationem

2115 2983 2374 3038 Ecclesia:
2407 2981 2699 3051 pertinent,
2727 2977 3063 3046 proferemus
3095 2991 3110 3027 :
3151 2983 3205 3027 ut
3236 2973 3555 3027 occasiones
3591 2987 3658 3039 po
3678 3000 3690 3008 -

2071 3101 2094 3116 κ
2115 3073 2223 3127 tius
2255 3072 2624 3136 intelligentiae
2656 3069 2994 3122 auditoribus
3019 3068 3238 3130 demus,
3285 3080 3443 3134 quam
3479 3064 3690 3131 exposi:

2119 3166 2322 3219 tionum
2373 3163 2708 3217 latitudinem
2766 3175 3161 3230 persequamur
3207 3159 3342 3228 (99),
3392 3159 3687 3212 secundum

2118 3255 2244 3310 illttd
2295 3255 2434 3324 quod
2479 3255 2740 3322 scriptum
2789 3261 2872 3306 est
2909 3252 2955 3282 ”
2988 3267 3000 3301 :
3041 3269 3058 3300 ι
3113 3249 3183 3302 Da
3215 3248 3560 3305 occasionem
3595 3263 3687 3300 sa-

2117 3347 2361 3416 pienti.et
2399 3345 2698 3414 sapientior
2724 3344 2849 3397 erit.
2882 3363 2899 3393 ι

2183 3441 2240 3492 2.
2295 3438 2622 3505 Principium
2675 3451 2804 3504 ergo
2859 3434 3078 3488 Levilici
3105 3433 3258 3497 dicit,
3308 3433 3434 3500 quia
3481 3431 3695 3486 vocavit

2118 3531 2376 3585 Dominus
2406 3530 2662 3601 Moysem,
2699 3540 2750 3583 et
2779 3529 2994 3583 locutus
3017 3534 3100 3578 est
3130 3525 3199 3578 illi
3239 3528 3304 3580 de
3345 3525 3694 3580 tabernaculo

2119 3624 2435 3690 testimonii,
2467 3633 2527 3674 ut
2583 3622 2956 3691 promulgaret
3009 3619 3136 3672 filiis
3176 3621 3340 3673 Israel
3387 3619 3688 3673 sacrificio-

3159 3734 3177 3766 ι
3219 3714 3275 3768 Si
3308 3715 3468 3767 homo
3497 3728 3692 3766 uiunns

2122 3805 2310 3860 oneret
2336 3807 2411 3878 (1)
2437 3805 2681 3868 Domino,
2711 3805 2902 3860 offeret
2927 3821 2992 3860 ex
3028 3806 3199 3861 bobus
3222 3807 3302 3859 vel
3331 3804 3638 3874 pecoribus,
3669 3819 3688 3852 ι

2122 3899 2173 3952 id
2197 3908 2279 3952 est
2301 3898 2455 3967 agnis
2482 3897 2562 3949 vel
2591 3899 2781 3952 haedis.
2823 3915 2841 3948 ι
2876 3897 2932 3951 Si
2965 3912 3094 3951 vero
3123 3911 3187 3950 cx
3213 3897 3421 3959 avibus,
3457 3907 3693 3949 turtures

2121 3988 2204 4042 vel
2236 3987 2409 4057 pullos
2467 3988 2860 4040 columbarum.
2903 4005 2921 4039 ι
2954 3985 3009 4041 Si
3048 4003 3176 4042 vero
3222 4004 3325 4040 non
3383 3987 3564 4046 homo,
3594 3988 3691 4038 sed

2121 4081 2300 4134 anima
2331 4077 2522 4131 offerat
2561 4095 2758 4133 munus
2787 4079 2914 4144 Deo,
2939 4095 3005 4142 es
3035 4079 3229 4142 simila,
3264 4080 3434 4147 inquit
3469 4079 3533 4141 ³⁸,
3560 4077 3694 4132 oti'e-

2125 4183 2207 4228 rat
2231 4191 2393 4244 panes
2427 4191 2648 4245 azymos
2678 4185 2862 4228 coctos
2890 4176 2942 4227 in
2977 4175 3214 4236 clibano,
3248 4176 3330 4225 vel
3367 4186 3515 4228 certe
3544 4177 3696 4227 simi-

2122 4267 2227 4319 lam
2254 4281 2318 4320 ex
2350 4268 2622 4334 Sartagine
2651 4266 2703 4318 in
2733 4266 2852 4320 oleo
2885 4281 3256 4334 consparsam,
3313 4275 3405 4317 aut
3435 4281 3502 4319 ex
3529 4269 3695 4319 crati-

2119 4359 2237 4414 cula
2271 4361 2321 4412 in
2347 4359 2465 4413 oleo
2491 4357 2568 4426 (2)
2601 4359 2955 4412 nihilominus
2988 4359 3289 4412 subactam.
3331 4357 3467 4410 'l‘tnn
3501 4358 3692 4411 deinde

2120 4454 2406 4507 edocemur
2433 4453 2558 4518 quia
2606 4449 2988 4502 fermentatum
3047 4449 3180 4502 nihil
3225 4451 3446 4506 omnino
3477 4459 3693 4517 oportet

2120 4541 2300 4599 offerri
2340 4543 2406 4597 ad
2437 4543 2608 4595 altare
2645 4541 2758 4603 Dei.
2789 4558 2961 4612 neque
2993 4541 3096 4596 mel
3132 4556 3353 4610 usquam
3384 4543 3461 4612 (5)
3484 4542 3692 4596 saeviti—

2568 4659 2613 4690 ²⁶
2648 4658 2803 4712 l’rov.
2835 4674 2910 4723 Ix,
2949 4659 3002 4713 9.
3121 4660 3165 4692 "
3216 4660 3388 4715 Levii.
3431 4677 3468 4724 ι,
3501 4661 3555 4724 9.,
3607 4660 3686 4712 llr.

2184 4846 2296 4917 (97)
2345 4847 2568 4917 Veteres
2629 4843 2895 4917 edition_es
2933 4859 2946 4895 :
2990 4862 3007 4893 ι
3051 4843 3332 4917 Augustin:
3381 4843 3510 4917 mihi
3561 4854 3687 4894 stmt

2113 4912 2374 4986 undique,
2415 4935 2432 4966 ι
2469 4915 2563 4969 sed
2596 4915 2763 4966 codex
2818 4912 3309 4979 Sangcrmanensis
3331 4913 3534 4964 omittit.
3568 4929 3685 4966 ver-

2111 4988 2234 5042 bum
2273 5006 2290 5037 ι
2326 4995 2472 5038 sunt.
2511 5003 2529 5034 ι

2183 5056 2293 5122 (98)
2325 5055 2495 5107 Codd.
2528 5051 2924 5107 Gemeticensis
2958 5060 3010 5103 et
3037 5052 3412 5122 (Zadomensis,
3460 5069 3478 5102 ι
3543 5053 3687 5109 nuilo

2110 5121 2289 5196 gesto;
2330 5123 2894 5196 tSaugermanensis.
2935 5139 2953 5170 ι
2980 5121 3138 5196 pullo
3166 5131 3339 5196 gestu.
3380 5140 3398 5172 ι

2181 5195 2293 5261 (99)
2359 5190 2822 5258 lllssfSangerm’.
2870 5202 2924 5246 et
2971 5190 3258 5256 Gemctic.,
3313 5211 3331 5241 ι
3391 5209 3679 5264 ροιςοψιίιο

2111 5279 2261 5328 mur;
2301 5283 2317 5315 ι
2357 5264 2512 5323 alias,
2544 5280 2562 5312 ι
2599 5276 3007 5330 prosequamur.
3055 5281 3074 5311 ι
3202 5329 3208 5330 γ
3285 5265 3292 5268 “

2183 5333 2258 5403 (l)
2305 5335 2506 5403 Omnes
2553 5346 2706 5393 mss.,
2761 5329 2791 5403 ζ
2820 5331 3028 5386 offeret.
3073 5350 3090 5381 ι
3125 5329 3296 5396 Alias,
3348 5353 3366 5385 ι
3411 5333 3619 5390 offerat.
3661 5355 3678 5388 ι

2112 5401 2235 5458 illex
2269 5405 2427 5457 codd.
2463 5401 2814 5456 Cadomensis
2840 5413 2892 5456 et
2920 5404 3334 5470 Gemetireusis,
3366 5423 3383 5454 ι
3419 5421 3483 5459 ex
3513 5405 3682 5459 bobus

2110 5485 2162 5529 et
2191 5475 2504 5542 pecudibus.
2549 5491 2568 5523 ι

2205 5547 2258 5614 ‘2)
2292 5545 2684 5614 Oumcsimss"
2721 5560 2736 5590 ι
2775 5541 2825 5594 iu
2860 5543 2998 5614 oleo.
3037 5564 3054 5594 ι
3093 5543 3237 5598 Alias
3271 5547 3435 5608 det-st,
3477 5563 3495 5598 t
3539 5546 3609 5598 in.
3655 5563 3677 5599 ιι

2205 5612 2259 5683 5)
2289 5613 2769 5687 (ἐοιιιιηξδιιειξνιιι.
2795 5622 2848 5665 et
2874 5612 3161 5681 Gemetic.,
3194 5634 3209 5666 ι
3243 5615 3342 5669 mel
3376 5634 3621 5687 nsquam.
3651 5633 3676 5672 υ

2111 5684 2280 5754 Alias,
2327 5706 2342 5738 ι
2383 5684 2553 5739 mellis
2580 5684 2893 5753 tptithumo.
2934 5705 2952 5737 ι
