4106 6246
400 355 504 406 407

1860 348 2183 406 ΟΒΙΟΕΧῖΞ

3558 355 3665 411 403

403 473 502 525 clis
532 470 843 539 admisceri,
875 473 968 530 sed
1003 473 1116 529 sale
1155 474 1305 530 sallri
1332 490 1492 531 omne
1527 472 1857 529 sacriﬁcium
1887 474 1968 528 vel
1998 474 2046 530 Α
2078 471 2438 525 lriarcharum
2486 471 2836 541 generatione
2906 473 3233 543 venientem.
3304 472 3420 527 Erit
3479 485 3660 531 autem

406 579 626 619 inunus.
675 564 927 621 Secundo
978 568 1029 620 in
1076 568 1196 623 loco
1234 566 1302 623 de
1334 569 1979 642 primitiarumprtccepit

404 655 709 721 sacriﬁciis,
756 673 875 726 qua:
909 660 1151 714 recentia
1200 669 1338 715 tosta
1388 677 1451 717 ac
1480 665 1616 717 bene
1645 672 1869 735 purgata
1895 662 1978 717 ot-

406 745 537 803 ferri
570 748 794 802 Domino
822 748 995 816 jubet.
1027 750 1273 808 Posthac
1304 752 1406 808 sub
1432 756 1622 809 eadem
1672 758 1805 823 legis
1850 770 1979 809 con-

409 838 633 890 tinentia
670 840 735 894 de
768 842 1055 897 sacriﬁciis
1089 844 1418 901 salutaribus
1448 846 1765 917 injungitur,
1802 848 1980 917 primo

404 943 472 981 ex
504 927 697 994 bobus,
724 931 963 987 secundo
987 948 1051 987 ex
1091 933 1305 998 ovibus,
1359 935 1410 989 in
1443 936 1640 1005 quibus
1696 946 1875 991 tamen
1909 938 1978 991 li-

403 1028 548 1086 ccat,
577 1021 692 1077 sive
739 1024 790 1077 in
822 1025 998 1094 agnis,
1041 1025 1158 1081 sive
1209 1027 1263 1079 in
1313 1027 1489 1083 hmdis
1522 1029 1605 1082 vel
1638 1027 1869 1084 feminas
1896 1029 1979 1085 ol'-

406 1110 566 1174 ferre,
597 1112 683 1169 vel
714 1128 909 1178 mares,
955 1124 1011 1169 et
1051 1116 1182 1169 nihil
1219 1127 1415 1185 przeter
1444 1120 1558 1175 haec
1590 1121 1841 1175 animalia
1879 1122 1980 1175 de-

405 1202 578 1262 cernit
605 1203 657 1256 in
694 1206 981 1263 sacriﬁciis
1012 1208 1338 1265 salutaribus
1367 1211 1729 1270 offerendum.
1762 1216 1867 1269 Sed
1896 1230 1981 1270 re-

406 1300 653 1356 petamus
702 1296 1015 1365 paululum,
1087 1309 1142 1355 et
1190 1304 1473 1359 videamus
1514 1305 1688 1375 primo
1735 1306 1979 1360 omnium

404 1383 536 1461 quid
567 1395 649 1440 est
672 1388 815 1456 quod
839 1390 969 1445 dicit
996 1408 1010 1444 :
1050 1411 1068 1445 Ι
1102 1391 1275 1450 llomo
1299 1410 1366 1451 ex
1397 1399 1549 1452 vobis
1571 1399 1614 1454 si
1647 1397 1837 1453 oﬁ'erat
1866 1414 1982 1453 mu-

407 1491 531 1541 nus,
565 1494 585 1528 ι
628 1480 780 1547 quasi
815 1496 942 1538 vero
969 1486 1137 1552 possit
1168 1488 1308 1543 alius
1340 1489 1538 1560 aliquis
1587 1492 1787 1547 olferre
1816 1507 1978 1561 quam

410 1570 591 1625 homo.
626 1572 686 1626 Et
719 1573 905 1645 utique
930 1576 1234 1635 suffecisset
1263 1583 1469 1653 dicere,
1498 1584 1542 1639 si
1576 1585 1699 1654 quis
1730 1600 1799 1640 ex
1829 1582 1984 1642 vobis

406 1662 596 1717 atterat
620 1681 815 1722 munus
851 1685 866 1723 :
902 1670 995 1723 sed
1028 1687 1171 1726 nunc
1216 1672 1345 1729 dicit
1380 1692 1392 1727 :
1428 1693 1446 1725 ¢
1485 1674 1542 1730 Si
1594 1677 1758 1733 homo
1784 1693 1850 1732 ex
1884 1692 1984 1732 vo-

410 1756 492 1811 bis
526 1755 721 1811 oﬁ‘erat
756 1775 971 1814 rnunus.
1015 1779 1034 1813 ι
1069 1761 1124 1815 In
1153 1766 1619 1833 consequentibus
1650 1783 1777 1822 vero
1809 1768 1981 1824 dicit:

412 1864 431 1897 ι
464 1845 518 1901 Si
545 1857 724 1902 autem
753 1848 930 1905 anima
982 1850 1172 1906 oﬁ‘erat
1200 1870 1415 1910 munus.
1450 1874 1469 1908 ι
1507 1855 1563 1911 In
1595 1858 1987 1926 posterioribus

409 1952 593 2004 porro,
625 1954 748 1999 cum
773 1942 1012 1997 secundo
1042 1942 1151 2010 jam
1185 1944 1421 2014 loquitur
1448 1948 1708 2003 Dominus
1738 1951 1803 2004 ad
1832 1950 1984 2024 Moy-

408 2044 543 2095 sem,
563 2041 617 2085 et
643 2033 865 2087 mandat
889 2034 956 2088 de
979 2036 1263 2093 sacriﬁciis
1293 2054 1390 2107 pro
1418 2050 1642 2108 peccato
1668 2040 1984 2110 oﬂerendis,

410 2122 483 2175 ita
509 2122 639 2177 dicit
666 2141 680 2179 :
710 2142 728 2176 ι
780 2123 835 2179 Si
876 2126 1120 2196 pontifex
1172 2132 1503 2199 peccaverit,
1531 2132 1723 2187 oﬂ‘erat
1772 2134 1903 2188 illud
1932 2142 1989 2189 et

410 2213 540 2295 illud
573 2216 638 2268 ²⁹.
682 2234 701 2268 ι
744 2216 840 2271 Vel
867 2219 912 2273 si
940 2220 1116 2274 omnis
1150 2220 1431 2292 Synagoga
1463 2225 1788 2290 peccaverit,
1823 2224 1908 2281 vel
1940 2227 1986 2282 si

408 2307 663 2378 princeps
702 2312 1007 2377 peccaverit
1046 2309 1146 2381 (4),
1177 2312 1261 2366 vel
1290 2314 1335 2366 si
1370 2315 1550 2367 anima
1590 2331 1692 2368 una
1726 2330 1987 2383 peccave-

413 2401 484 2453 rit
520 2416 535 2453 :
568 2404 857 2461 mandatur
881 2400 1110 2471 singulis
1153 2405 1456 2474 quibusque
1500 2406 1629 2476 quid
1656 2406 1891 2464 offerant
1917 2409 1984 2463 ²⁹.

409 2491 548 2558 Quid
573 2496 741 2556 ergo!
776 2494 993 2553 inanem
1026 2504 1278 2563 putamus
1301 2511 1421 2551 esse
1445 2498 1605 2552 istam
1629 2515 1985 2570 personarum

410 2583 837 2649 distinctionem,
880 2596 939 2643 ut
967 2587 1110 2643 aliud
1142 2588 1359 2656 quidem
1394 2587 1731 2645 oﬁ'erendum
1762 2593 1861 2647 sub
1891 2593 1989 2648 ho-

412 2677 574 2731 minis
634 2677 1018 2748 appellatione,
1066 2680 1210 2735 aliud
1246 2683 1345 2737 sub
1399 2683 1628 2750 animae,
1678 2685 1826 2740 aliud
1887 2687 1987 2742 sub

412 2770 705 2837 pontiﬁcis,
757 2770 900 2826 aliud
946 2787 1075 2827 vero
1121 2773 1222 2828 sub
1270 2788 1576 2846 synagOgae,
1620 2776 1768 2833 aliud
1816 2779 1986 2849 etiam

410 2862 510 2917 sub
541 2863 831 2933 principis,
858 2862 943 2918 vel
972 2864 1074 2919 sub
1100 2865 1260 2919 unius
1287 2866 1484 2921 animae
1510 2869 1989 2938 cognominationc

412 2952 733 3010 mandetur?
759 2952 871 3021 Ego
900 2954 1115 3009 interim
1145 2970 1241 3023 pro
1292 2957 1591 3026 exiguitate
1634 2974 1829 3015 sensus
1858 2962 1986 3026 mei,

414 3048 515 3101 hoc
548 3044 601 3103 in
643 3043 762 3103 loco
794 3044 1062 3101 hominem
1088 3062 1251 3116 quem
1298 3047 1617 3116 appellavit,
1663 3061 1718 3105 et
1753 3052 1986 3121 primunt

2081 567 2355 617 masculus
2381 564 2499 619 sine
2529 564 2760 619 macula.
2789 564 3063 620 Masculus
3104 580 3231 620 vere
3264 566 3427 636 186
3447 576 3660 635 est,qut

2079 666 2364 726 peccatum
2395 656 2537 724 quod
2569 664 2651 711 est
2676 656 2923 712 feminea:
2945 655 3261 728 fragilitatis
3287 657 3522 725 ignorat.
3556 658 3662 712 So-

2081 746 2167 800 lus
2201 761 2331 817 ergo
2360 746 2447 800 ille
2478 746 2772 815 masculus,
2824 746 2973 803 solus
3013 748 3132 801 sine
3172 748 3381 801 macula
3409 756 3515 810 est,
3566 751 3660 817 qui

2081 850 2361 908 peccaturo
2403 854 2508 892 non
2550 836 2700 907 fecit,
2733 854 2833 894 nec.
2873 838 3029 893 dolus
3063 839 3316 892 inventus
3346 848 3429 893 est
3473 840 3525 892 in
3568 855 3666 895 ore

2081 934 2197 1003 ejus
2229 934 2296 1001 ³⁸,
2326 946 2379 989 et
2410 934 2501 1003 qui
2534 943 2789 1003 acceptus
2814 942 3005 988 contra
3032 932 3314 986 Dominum
3340 930 3570 988 offertur
3596 934 3662 986 ad

2082 1028 2281 1082 ostium
2315 1026 2675 1081 tabernaculi.
2707 1026 2790 1080 Ad
2828 1027 3031 1081 ostium
3073 1025 3407 1081 tabernaculi
3433 1043 3539 1081 non
3580 1035 3667 1080 est

2083 1119 2222 1174 intra
2262 1118 2485 1183 ostium,
2517 1119 2612 1173 sed
2650 1128 2801 1174 extra
2840 1120 3061 1173 ostium.
3114 1118 3283 1173 Extra
3319 1120 3519 1172 ostium
3551 1129 3670 1173 ete-

2084 1213 2197 1268 nim
2225 1211 2323 1267 l'nit
2354 1209 2536 1276 Jesus,
2570 1210 2696 1280 quia
2733 1229 2752 1261 ι
2800 1210 2854 1264 in
2899 1225 2997 1265 sua
3032 1210 3251 1279 propria
3300 1210 3471 1272 venit,
3500 1219 3557 1263 et
3581 1210 3668 1265 sui

2085 1319 2207 1360 eum
2246 1319 2350 1357 non
2381 1311 2702 1371 receperunt
2747 1302 2813 1353 ".
2858 1319 2876 1353 ι
2920 1300 3037 1355 Νοη
3079 1310 3163 1355 est
3208 1315 3337 1370 ergo
3387 1299 3669 1369 ingressus

2088 1392 2493 1451 tabernaculum
2524 1392 2674 1455 illud,
2715 1393 2781 1445 ad
2807 1392 2950 1461 quod
2976 1400 3226 1454 venerat,
3257 1391 3349 1445 sed
3374 1392 3441 1444 ad
3466 1393 3667 1446 ostium

2085 1488 2201 1559 ejus
2230 1487 2443 1543 oblatus
2482 1494 2567 1539 est
2602 1486 2652 1538 in
2687 1483 3099 1548 holocaustum,
3136 1484 3260 1551 quia
3293 1493 3449 1537 extra
3483 1493 3667 1537 castra

2087 1596 2281 1651 passus
2306 1593 2408 1634 est.
2436 1577 2569 1631 Nam
2594 1587 2648 1631 et
2680 1576 2753 1630 illi
2793 1574 2916 1629 mali
2950 1574 3128 1639 coloni
3159 1574 3465 1629 venientem
3499 1574 3665 1629 lilium

2085 1669 2498 1724 Patrist‘amilias
2528 1663 2808 1738 ejecerunt
2833 1664 2979 1718 foras
3011 1678 3165 1718 cura
3200 1663 3447 1729 vineam,
3476 1675 3533 1718 et
3565 1682 3654 1720 oc-

2088 1764 2340 1817 ciderunt
2372 1761 2437 1815 ³³.
2492 1758 2603 1813 lloc
2650 1767 2884 1827 estergo
2928 1757 3072 1826 quod
3112 1754 3341 1810 oﬂ'ertur
3366 1758 3434 1810 ad
3468 1759 3656 1813 ostium

2044 1850 2060 1903 .'
2092 1853 2425 1911 tabernaculi
2456 1861 2735 1921 acceptum
2759 1860 2948 1908 contra
2968 1850 3252 1905 Dominum
3277 1868 3290 1916 ;
3318 1859 3373 1904 et
3402 1851 3533 1919 quid
3560 1862 3665 1905 tam

2045 1966 2051 1971 ο
2090 1955 2373 2015 acceptum
2407 1960 2570 2016 quam
2601 1943 2774 1999 hostia
2803 1941 3027 2007 Christi,
3053 1941 3142 2011 qui
3180 1941 3419 2011 seipsum
3470 1942 3671 1997 obtulit

2088 2038 2233 2093 Deo?

2161 2132 2216 2186 ὅ.
2265 2130 2332 2186 Et
2382 2132 2565 2185 tamen
2610 2148 2630 2182 ι
2679 2130 2919 2199 imponet
2965 2126 3045 2199 (6)
3098 2142 3314 2181 mamnn
3353 2140 3533 2191 suam,
3586 2124 3675 2177 in-

2089 2225 2205 2294 quit
2235 2224 2303 2288 ”,
2333 2238 2496 2292 super
2522 2231 2685 2291 caput
2729 2222 2938 2287 hostia),
2970 2232 3023 2275 et
3067 2219 3393 2287 jngnlabunt
3439 2216 3667 2270 vitulum

2090 2325 2283 2371 contra
2313 2315 2621 2379 Dominum,
2657 2320 2713 2368 et
2737 2310 2966 2366 oﬁ'erent
2996 2312 3091 2365 ﬁlii
3132 2312 3310 2366 Aaron
3370 2310 3674 2365 sacerdotis

2089 2410 2428 2480 sanguinem,
2475 2416 2532 2461 et
2578 2404 2857 2461 eﬂundent
2906 2404 3227 2471 sanguinem
3272 2403 3338 2455 ad
3397 2402 3572 2456 altare
3612 2401 3668 2454 in

2089 2503 2344 2567 circuitu,
2383 2502 2527 2571 quod
2554 2510 2638 2555 est
2685 2500 2750 2554 ad
2788 2499 2987 2553 ostium
3036 2495 3376 2551 tabernaculi
3425 2495 3673 2548 testimo-

2090 2596 2188 2651 nii.
2231 2614 2249 2648 ι
2285 2594 2469 2650 Potest
2493 2593 2709 2663 quidem
2744 2592 2911 2645 videri
2948 2591 3016 2643 oh
3045 2591 3146 2644 hoc
3184 2588 3406 2653 dictum,
3436 2587 3580 2656 quod
3604 2589 3675 2641 de

2093 2687 2221 2741 ﬁliis
2243 2686 2425 2740 Aaron
2452 2696 2607 2738 erant
2628 2684 2814 2737 Annas
2839 2691 2891 2734 et
2912 2679 3170 2751 Caiphas.
3195 2691 3249 2735 et
3274 2678 3457 2735 cwteri
3480 2693 3675 2732 ornnes

2090 2782 2186 2849 qui
2212 2778 2497 2834 consilium
2529 2786 2754 2845 agentes
2783 2776 3069 2829 adversum
3097 2775 3176 2841 (7)
3204 2772 3389 2828 Jesunt
3432 2788 3673 2840 pronun-

2094 2876 2362 2927 tiaverunt
2385 2887 2507 2925 eum
2529 2885 2677 2924 remn
2705 2868 2914 2927 mortis,
2940 2877 2995 2922 et
3021 2866 3325 2921 effuderunt
3353 2866 3672 2934 sanguinem

2092 2966 2210 3036 ejus
2240 2966 2384 3019 circa
2425 2964 2597 3018 basim
2629 2962 2820 3017 altaris
2855 2959 3190 3014 tabernaculi
3237 2957 3552 3013 teatimonii.
3596 2956 3670 3009 Ihi

2093 3058 2236 3111 enim
2283 3056 2575 3111 cﬂ'unditur
2621 3053 2861 3123 sanguis,
2912 3052 2999 3105 ubi
3063 3062 3177 3104 erat
3228 3051 3399 3105 altare
3443 3058 3495 3104 et
3528 3048 3674 3101 basis

411 3137 464 3195 itt
494 3137 749 3194 ontttibus
794 3138 973 3209 posuit
1012 3141 1078 3192 ad
1118 3139 1456 3195 oﬁ‘erendum
1498 3160 1695 3199 munus
1738 3145 1874 3211 Deo,
1908 3147 1987 3201 in-
2015 3148 2059 3207 (Σ
2092 3148 2235 3216 ejus,
2276 3149 2419 3202 sicut
2451 3147 2568 3216 ipse
2597 3145 2855 3198 Dominus
2880 3144 3019 3197 dixit
3045 3142 3091 3173 ³⁸
3128 3161 3140 3196 :
3172 3158 3189 3191 ε
3224 3141 3365 3207 Quia
3416 3156 3521 3194 non
3576 3154 3671 3191 ca-

409 3228 761 3300 teliigendmn
809 3246 932 3288 esse
985 3248 1148 3288 omne
1188 3234 1484 3290 humanum
1518 3238 1757 3294 arbitror
1794 3255 1987 3310 genus,

408 3332 464 3376 et
493 3322 667 3393 ipsum
693 3324 799 3379 dici
833 3324 1104 3379 hominem
1137 3325 1226 3394 qui
1274 3327 1646 3385 holocaustum
1679 3330 1876 3388 oﬁ'erat
1910 3334 1989 3388 vi-

411 3416 579 3475 tulum
628 3433 695 3473 ex
753 3420 928 3475 bobus
973 3421 1090 3475 sine
1135 3420 1368 3472 macula.
1437 3419 1543 3479 Iste
1579 3436 1759 3481 autem
1790 3428 1989 3482 vitulus

409 3511 527 3567 sine
555 3514 788 3579 macula,
814 3515 935 3569 vide
966 3517 1011 3571 si
1053 3534 1155 3573 non
1209 3519 1298 3573 ille
1337 3520 1617 3589 saginatus
1661 3533 1743 3577 est
1789 3522 1990 3578 vitulus

410 3617 572 3671 quem
600 3614 754 3671 pater
792 3622 889 3676 pro
916 3622 1182 3677 regresso
1217 3612 1296 3681 (5)
1353 3627 1418 3666 ac
1458 3614 1713 3667 restituto
1758 3614 1857 3668 sibi
1901 3616 1992 3669 illo

409 3698 502 3765 qui
532 3698 765 3766 perierat
800 3699 929 3761 ﬁlio.
961 3703 1161 3773 quique
1206 3720 1421 3760 omnem
1475 3707 1593 3776 ejus
1625 3706 1989 3761 substantiam

412 3788 1127 3863 dilapidavcrat,jugulavit,
1150 3806 1204 3851 et
1226 3797 1355 3851 fecit
1380 3799 1686 3853 convivium
1712 3816 1989 3869 magnum,

410 3890 467 3937 et
499 3884 737 3938 laetitiam
782 3886 976 3945 habuit
1015 3888 1083 3951 ³ο,
1132 3888 1203 3940 ita
1247 3900 1307 3943 ut
1356 3890 1677 3947 lwtareutur
1722 3892 1895 3959 angeli
1937 3894 1988 3946 in

412 3974 552 4028 emlo
575 3990 738 4044 super
763 3992 868 4030 uno
901 3987 1186 4045 peccatore
1220 3980 1597 4049 pmnitentiam
1624 3995 1836 4051 agente.
1881 3984 1990 4043 llo-

414 4082 502 4121 mo
540 4083 671 4136 ergo
714 4070 813 4122 iste
842 4070 933 4138 qui
965 4070 1199 4139 perierat
1224 4082 1277 4126 et
1312 4072 1563 4128 inventus
1602 4086 1705 4139 est,
1736 4078 1989 4145 quoniam

413 4159 551 4215 nihil
583 4160 773 4215 habuit
800 4162 1031 4231 propria:
1059 4163 1382 4219 substantize
1406 4168 1549 4234 quod
1577 4167 1817 4235 oll‘erret,
1859 4184 1993 4223 cun-

413 4264 499 4308 eta
542 4266 774 4321 namque
804 4252 1201 4322 dilapidaverat
1232 4255 1420 4311 vivens
1448 4255 1746 4323 luxuriose,
1782 4258 1991 4314 invenit

416 4347 581 4401 istum
609 4347 832 4402 vitulum
870 4347 1087 4406 caelitus
1125 4348 1344 4417 quidem
1392 4350 1638 4418 missum,
1676 4353 1769 4407 sed
1812 4367 1875 4407 ex
1910 4369 1995 4422 pa-

344 4486 352 4495 ,
415 4438 775 4497 triarcharum
802 4440 1015 4505 ordine,
1047 4450 1101 4494 et
1131 4441 1398 4497 connexis
1422 4456 1491 4498 ex
1522 4444 1796 4498 Abraham
1825 4462 1989 4513 gene-

413 4528 685 4584 rationum
713 4534 1154 4591 successionibus
1186 4536 1515 4599 venientem,
1564 4546 1617 4588 et
1651 4536 1851 4591 idcirco
1884 4552 1988 4591 non

413 4620 551 4674 dixit
592 4621 823 4678 vituium
850 4633 905 4678 et
929 4624 1097 4691 siluit,
1131 4636 1191 4679 ut
1230 4626 1480 4680 videatur
1520 4627 1719 4680 vitulus
1758 4629 1991 4696 quicun-

411 4730 520 4787 que
547 4718 865 4784 mandatos,
896 4718 991 4773 sed
1023 4716 1246 4772 vitulum
1272 4735 1337 4773 ex
1362 4718 1559 4787 bobus,
1590 4720 1640 4774 id
1671 4730 1773 4788 est,
1804 4738 1867 4777 ex
1900 4740 1992 4785 pa-

1331 4908 1372 4940 ³¹
1405 4908 1504 4963 lsa.
1532 4909 1708 4967 uu.9.

483 4911 528 4949 ³⁸
556 4908 731 4965 Levit.
753 4924 827 4965 tv.
902 4909 946 4941 ⁸⁹
973 4907 1107 4963 Luc.
1136 4922 1227 4964 xv.

414 4996 538 5044 xm.
560 4980 650 5035 35.

486 5105 562 5176 (4)
591 5106 757 5161 Iidem
807 5119 965 5169 mss.,
1026 5121 1059 5177 c_
1084 5103 1337 5175 princeps
1385 5104 1720 5177 peccaterit;
1768 5124 1787 5157 ι
1836 5107 1991 5175 alias,

418 5195 435 5227 ι
478 5177 749 5246 principes
780 5175 1148 5246 peccaverint.
1192 5193 1211 5226 ι

485 5247 572 5319 (5)
602 5264 628 5319 Vr
660 5244 1075 5319 Projregresso.
1131 5264 1149 5297 ι
1207 5244 1298 5319 Sic
1339 5246 1512 5319 codex
1557 5244 1991 5317 Sangermanen-

414 5315 513 5369 sis.
550 5317 700 5373 Alias
754 5317 966 5379 deerat,
1000 5334 1018 5365 ‹
1057 5330 1178 5384 pro.
1219 5334 1239 5368 ι
1272 5315 1417 5370 Infra
1464 5317 1606 5371 idem
1662 5315 1789 5382 ms.,
1829 5338 1846 5371 ι
1892 5322 2000 5375 erit

414 5398 594 5441 autem
630 5386 906 5442 masculus
930 5386 1048 5440 sine
1079 5387 1314 5449 macula,
1360 5388 1633 5443 masculus
1672 5404 1801 5443 vere
1832 5399 1934 5443 est.
1976 5408 1993 5441 ι

414 5458 565 5512 Alias
603 5458 817 5526 legitur,
850 5473 870 5507 ί
906 5464 990 5513 est
1025 5474 1043 5508 ι
1078 5471 1176 5527 pro
1206 5474 1225 5509 ι
1262 5459 1388 5522 erit,
1434 5474 1454 5510 ›
1488 5466 1564 5523 et,
1604 5477 1623 5511 ‹
1660 5474 1790 5514 vero
1841 5477 1860 5511 ι
1896 5475 1998 5529 pro

420 5545 439 5576 l
476 5542 621 5583 vere.
656 5544 676 5580 ι

489 5598 568 5663 (6)
601 5598 770 5653 Codd.
797 5596 1066 5652 Gemetic.
1107 5607 1160 5652 et
1189 5596 1565 5661 Cadomensis,
1600 5615 1618 5649 ι
1675 5599 1937 5668 imponet.
1976 5617 1994 5651 ι

419 5668 731 5737 δηιιεειτιιιη
765 5687 782 5719 ς
822 5667 1067 5736 imponit.
1114 5686 1132 5718 ›
1169 5668 1339 5734 Alias,
1376 5687 1393 5720 ι
1432 5669 1731 5737 imponent.
1757 5667 1792 5720 ὁ

500 5685 527 5718 n
571 5685 731 5729 εγω..
765 5687 782 5719 ς
823 5685 1067 5736 tmpontt.
1114 5686 1132 5718 ι
1169 5685 1339 5734 Atlas,
1376 5687 1393 5720 ι
1433 5685 1731 5737 tntpouent.
1775 5689 1792 5720 ι

490 5685 567 5807 (Ἱῗ
594 5739 775 5792 Codex
810 5737 1118 5806 Sangertn.,
1158 5756 1175 5788 t
1211 5742 1524 5792 adversum.
1557 5758 1574 5789 ι
1610 5740 1782 5806 Alias,
1816 5758 1833 5791 ι
1876 5754 2001 5794 con-

418 5822 517 5873 tra.
570 5829 587 5861 ι

1816 4912 1861 4943 ³²
1884 4912 2044 4967 Joan.
2086 4932 2123 4975 ι,
2158 4909 2246 4965 ii.
2316 4906 2368 4941 ³³
2394 4903 2584 4960 Matth.
2615 4916 2729 4968 ut,
2755 4898 2846 4953 59.

726 4980 773 5011 ³⁵
812 4979 1011 5049 Ephes.
1056 4993 1097 5044 ι,
1121 4977 1215 5032 «ξε.
1289 4978 1333 5010 ³⁷
1358 4977 1534 5034 Levit.
1569 4995 1607 5045 ι,
1640 4980 1693 5034 5.
1769 4982 1813 5014 ³⁸
1836 4984 1994 5051 ibid.,
2026 4986 2080 5041 5.

2096 3241 2175 3311 pit
2216 3241 2395 3309 perire
2444 3238 2761 3309 prophetam
2811 3246 2968 3291 extra
3019 3234 3379 3289 Hierusalem.
3413 3251 3432 3284 ι
3486 3232 3673 3285 Posuit

2096 3348 2225 3403 ergo
2264 3345 2318 3387 et
2362 3346 2580 3383 unmum
2613 3345 2766 3382 suam
2813 3342 2977 3397 super
3012 3336 3174 3395 caput
3223 3325 3372 3378 vituli
3419 3323 3560 3378 :boc
3588 3331 3672 3376 est

2096 3433 2318 3498 peccata
2363 3422 2582 3492 generis
2626 3420 2849 3475 humani
2894 3418 3151 3487 imposuit
3190 3432 3354 3486 super
3398 3423 3561 3484 caput
3594 3412 3671 3482 (8)

2095 3534 2273 3573 somn.
2306 3515 2423 3585 Ipse
2442 3522 2523 3570 est
2555 3515 2697 3569 enim
2730 3520 2890 3581 caput
2917 3511 3167 3580 corporis
3190 3508 3445 3564 Ecclesia:
3470 3523 3581 3561 suae
3602 3506 3669 3563 ³⁸.

2098 3613 2203 3667 Sed
2238 3620 2289 3665 et
2331 3611 2430 3665 hoc
2472 3608 2705 3663 fortasse
2752 3621 2857 3661 non
2891 3604 3008 3657 sine
3042 3610 3204 3657 causa
3237 3604 3316 3663 tit,
3370 3601 3512 3669 quod
3548 3616 3671 3653 cum

2094 3704 2343 3774 superius
2391 3702 2642 3765 dixisset,
2683 3719 2701 3751 ι
2734 3697 3031 3768 applicabit
3071 3713 3193 3752 eum
3239 3696 3305 3748 ad
3357 3694 3556 3749 ostium
3592 3701 3677 3743 ta-

2095 3796 2370 3851 bernaculi
2402 3794 2694 3849 testimonii
2721 3794 2786 3859 ’7,
2824 3814 2842 3845 ι
2882 3794 2933 3847 in
2966 3790 3354 3863 posterioribus
3381 3786 3592 3853 repetit,
3620 3792 3676 3836 et

2096 3889 2290 3943 iterum
2341 3886 2498 3949 dicit,
2542 3904 2560 3936 ι
2609 3885 2674 3937 ad
2722 3884 2899 3938 altare
2934 3884 3075 3951 quod
3114 3890 3193 3936 est
3232 3881 3299 3933 ad
3342 3878 3544 3933 ostimn
3593 3886 3675 3927 ta-

2095 3980 2374 4036 bernaculi
2411 3976 2704 4032 testimonii
2736 3975 2804 4041 ³⁸,
2842 3995 2859 4029 ι
2892 3974 3046 4045 quasi
3080 3990 3184 4029 non
3220 3974 3467 4026 eumdem
3496 3969 3672 4023 locum

2096 4074 2196 4128 sub
2225 4072 2414 4126 eadem
2463 4069 2776 4123 narratione
2820 4065 2988 4121 semel
3034 4065 3348 4132 designasse
3376 4061 3672 4116 sntfecerit.

2096 4165 2207 4220 Nisi
2239 4166 2366 4234 quia
2394 4162 2533 4219 forte
2569 4164 2672 4218 hoc
2701 4160 2927 4231 intelligi
2956 4160 3149 4220 voluit.
3179 4157 3321 4228 quod
3349 4154 3572 4224 sanguis
3590 4151 3679 4207 Je-

2097 4276 2160 4315 su
2192 4276 2298 4313 non
2337 4256 2508 4312 solum
2530 4256 2583 4310 in
2615 4253 2916 4310 Jerusalem
2945 4253 3148 4309 eﬂ‘usus
3175 4260 3257 4306 est
3280 4290 3294 4314 ,
3328 4250 3417 4303 ubi
3447 4257 3567 4302 erat
3592 4247 3675 4299 al-

2099 4365 2237 4417 tare,
2269 4362 2321 4406 et
2350 4348 2499 4403 basis
2537 4348 2675 4414 eius,
2700 4357 2753 4402 et
2788 4344 3196 4401 tabernaculum
3231 4341 3554 4403 testimonii,
3578 4340 3674 4393 sed

2099 4446 2317 4513 etquod
2349 4457 2642 4513 supernum
2695 4438 2866 4493 altare
2892 4438 3036 4506 quod
3086 4446 3167 4490 est
3204 4434 3256 4489 in
3291 4433 3464 4497 caelis,
3494 4430 3583 4484 ubi
3622 4439 3678 4485 et

2102 4535 2343 4592 Ecclesia
2372 4533 2768 4603 primitivorum
2796 4539 2901 4593 est,
2928 4527 3069 4582 idem
3106 4526 3218 4596 ipse
3247 4524 3466 4595 sanguis
3489 4537 3677 4590 asper-

2103 4632 2237 4686 serit
2263 4627 2363 4699 (9),
2405 4626 2548 4681 sicut
2571 4633 2629 4678 et
2658 4620 2948 4691 Apostolus
2980 4618 3129 4676 dicit.
3159 4619 3284 4686 quia
3316 4634 3334 4666 ι
3366 4612 3677 4685 paeilicavit

2103 4739 2201 4794 per
2234 4719 2555 4792 sanguinem
2585 4714 2765 4773 crucis
2793 4726 2925 4776 suae,
2951 4711 3065 4765 sive
3096 4726 3216 4779 qua:
3259 4711 3310 4761 in
3352 4716 3496 4762 terra
3524 4714 3673 4769 sunt,

2926 4896 2971 4929 “
2998 4894 3174 4950 Levit.
3213 4893 3310 4961 ιβ,
3343 4892 3396 4947 5.
3472 4892 3517 4922 ³⁸
3546 4889 3675 4944 Luc.

2170 5103 2246 5173 (8)
2280 5102 2483 5156 Omnes
2513 5111 2665 5173 mss.,
2699 5113 2715 5145 ι
2750 5106 2965 5173 corpus.
3012 5110 3030 5141 ι
3074 5089 3180 5143 Sed
3219 5096 3495 5173 praestare
3529 5084 3677 5139 vide-

2102 5164 2191 5232 tur
2216 5164 2455 5242 priorum
2489 5167 2783 5242 editionum
2818 5164 2980 5216 lectio
3020 5180 3037 5213 ι
3075 5168 3263 5242 eappt._
3294 5178 3313 5211 ι

2173 5226 2252 5313 (ᾇ)
2287 5242 2506 5313 priores
2551 5236 2889 5313 editionesg
2925 5247 3084 5313 ξυρετ
3138 5226 3484 5313 ίεξιιιι.ει¹ι³τθ
3536 5226 3675 5313 99°.“

2100 5301 2188 5371 est
2230 5301 2281 5367 in
2337 5310 2512 5371 coalis,
2567 5304 2657 5379 ubi
2707 5315 2760 5358 et
2818 5303 3068 5379 Ecclesia
3118 5301 3515 5379 prii-nitivorum
3569 5306 3674 5376 est,

2104 5368 2243 5442 idem
2272 5385 2385 5452 ipse
2410 5368 2940 5452 sanguis__aspersus
2992 5368 3130 5452 criti
3154 5368 3348 5452 ulline
3398 5368 3676 5452 iternnrin

2104 5436 2459 5524 seq-ueritibns
2486 5436 2702 5524 saeculis
2746 5436 3049 5524 passurum
3072 5439 3348 5524 Christum
3396 5436 3680 5524 videbatur

2105 5510 2302 5580 ilu'etio
2326 5522 2585 5589 Origenes
2614 5510 2905 5589 amri—nare,
2957 5518 3051 5567 sed
3080 5526 3201 5589 cum
3247 5510 3406 5589 aliain
3433 5510 3677 5589 ommno.

2255 5576 2451 5660 nempe
2485 5603 2648 5658 quam
2683 5576 2983 5660 sequimur,
3035 5581 3327 5660 exhibeant
3390 5576 3679 5660 lectionem

2109 5680 2298 5721 nutnes
2337 5654 2557 5716 codices
2599 5655 2980 5723 tnauuscripti,
3034 5654 3300 5723 idrrunutn
3341 5654 3589 5715 sequitur
3612 5658 3677 5698 ex

2111 5741 2213 5791 hoc
2249 5720 2365 5789 loco
2393 5730 2631 5785 sensisse
2664 5720 3282 5782 Adamantium,Cbt‘isti
3321 5727 3549 5791 mortem
3591 5730 3679 5791 scf

2250 5786 2468 5861 obtain
2521 5803 2572 5854 in
2627 5798 2810 5863 terris,
2843 5812 2946 5851 non
3003 5794 3177 5849 solum
3225 5789 3552 5852 hominibus,
3591 5786 3680 5845 sed
