4106 6246
397 344 519 406 609⁷

1560 332 1626 386 ιΝ
1667 329 2041 387 LEVITiCUM
2084 327 2373 385 IIOMILIA
2405 328 2446 384 Ι.

3552 327 3659 383 410

394 430 510 517 δὺο
551 476 668 531 qua:
695 459 745 512 in
788 457 942 512 caelis
981 457 1044 511 3’.
1087 475 1105 507 ι
1151 454 1318 509 Recte
1346 470 1475 524 ergo
1512 457 1750 510 secundo
1803 454 1971 509 nonti-
2002 457 2046 513 Λ
2078 453 2131 507 in
2164 453 2269 507 ﬁde
2295 449 2524 516 Christi,
2548 450 2652 505 alia
2677 460 2855 506 autem
2883 451 2987 506 illis
3009 451 3232 521 quijam
3270 452 3498 521 perfecti
3532 461 3658 508 sunt

398 562 489 607 na‘t
520 552 709 617 altare,
741 549 883 618 quod
913 558 994 602 est
1024 547 1089 600 ad
1130 546 1330 599 ostium
1367 546 1701 599 tabernaculi
1729 547 1975 601 testimo-

396 643 496 703 nii,
519 641 643 711 quia
677 656 780 694 non
814 639 984 692 solum
1013 653 1113 706 pro
1140 638 1514 703 terrestribus,
1556 638 1649 691 sed
1677 641 1842 692 etiam
1874 655 1973 708 pro

401 734 711 789 scelestibus
740 732 957 786 oblatus
988 738 1069 783 cst
1094 729 1267 783 hostia
1301 726 1484 793 Jesus,
1525 738 1579 782 et
1619 729 1707 784 hie
1748 731 1971 800 quidem

349 875 354 879 .
398 841 493 895 pro
524 821 834 877 hominibus
865 824 1033 892 ipsam
1071 820 1407 889 corporalem
1442 821 1729 875 materiam
1755 823 1973 892 sangui-

396 909 492 973 nis.
508 918 587 972 sui
617 918 774 981 fudit,
818 918 870 971 in
916 915 1228 970 cudestibus
1261 927 1389 969 vero
1425 913 1879 978 ministrantibus,
1926 914 1971 970 si

394 1007 483 1076 qui
530 1008 605 1060 illi
660 1006 789 1061 inibi
824 1015 975 1069 sunt,
1022 1003 1426 1064 sacerdotibus,
1473 1002 1689 1059 vitalem
1726 1006 1972 1074 corporis

392 1101 475 1153 sui
519 1101 794 1161 virtutem,
841 1098 985 1151 velut
1040 1097 1286 1166 spiritale
1334 1099 1607 1167 quoddam
1640 1100 1969 1154 sacriﬁcium

394 1190 714 1246 immolavit.
766 1188 860 1243 Vis
899 1199 1077 1242 autem
1121 1191 1262 1244 scire
1304 1190 1426 1257 quia
1458 1189 1653 1258 duplex
1703 1192 1879 1245 hostia
1916 1191 1968 1246 in

391 1298 460 1336 eo
499 1282 616 1341 fuit.
678 1282 1012 1337 conveniens
1063 1281 1439 1346 terrestribus,
1490 1290 1544 1335 et
1581 1293 1705 1350 apta
1733 1283 1971 1338 crelesti-

393 1373 533 1427 bus?
560 1373 850 1441 Apostolus
875 1375 942 1427 ad
978 1373 1231 1426 Hebraeos
1260 1371 1513 1425 scribens
1543 1373 1678 1427 dicit
1704 1373 1785 1428 ⁸ος
1820 1392 1837 1425 ι
1871 1373 1974 1428 Per

395 1464 663 1527 velamen,
696 1464 750 1517 id
785 1474 868 1517 est
901 1481 1121 1520 carnem
1153 1482 1328 1523 suam.
1367 1486 1385 1519 ι
1426 1467 1489 1520 Et
1521 1466 1716 1520 iterum
1746 1466 1974 1520 interius

394 1553 638 1608 velamen
680 1555 1069 1623 interpretatur
1103 1555 1323 1620 caelum,
1367 1556 1511 1625 quod
1550 1557 1854 1625 penetravit
1884 1555 1973 1611 «ἰθε-

393 1664 508 1713 sus,
551 1659 611 1702 ut
646 1649 868 1702 assistat
895 1665 1038 1705 nunc
1080 1650 1249 1704 vultui
1288 1650 1378 1703 Dei
1418 1664 1515 1717 pro
1560 1650 1736 1712 nobis,
1774 1668 1792 1700 ι
1824 1664 1969 1703 sem-

392 1754 510 1809 per,
541 1740 716 1806 inquit
746 1738 813 1804 “,
848 1738 1034 1793 vivens
1066 1741 1133 1792 ad
1175 1738 1623 1806 interpellandum
1665 1754 1765 1807 pro
1816 1739 1920 1794 his.
1942 1758 1961 1791 ι

394 1807 455 1884 Si
479 1845 609 1898 ergo
642 1830 748 1884 duo
785 1829 1160 1899 intelliguntur
1195 1829 1483 1891 velamina,
1514 1844 1635 1898 qua:
1667 1829 1809 1884 velut
1835 1846 1966 1900 pou-
1998 1807 2043 1867 Β

396 1918 525 1971 tifex
576 1918 851 1987 ingressus
902 1929 986 1971 est
1022 1915 1199 1980 Jcsus,
1245 1928 1644 1986 consequenter
1672 1927 1726 1971 et
1756 1920 1967 1974 sacriﬁ-

389 2012 537 2064 cium
571 2011 766 2077 duplex
808 2006 1223 2078 intelligenduin
1262 2018 1367 2073 est,
1400 2026 1496 2078 per
1536 2013 1678 2080 quod
1705 2021 1760 2065 et
1794 2024 1967 2068 terre—

387 2100 522 2155 atria
550 2099 843 2155 Salvaverit
869 2107 921 2154 et
963 2097 1228 2153 coelestia.
1286 2098 1534 2167 Denique
1558 2111 1612 2153 et
1637 2104 1703 2153 ea’
1732 2117 1854 2169 qua:
1883 2118 1968 2156 se.

387 2186 655 2261 quuntdr,
690 2194 808 2262 plus
847 2191 1057 2247 caelesti
1094 2191 1369 2247 sacriﬁcio
1423 2208 1586 2263 quam
1629 2203 1845 2249 terreno
1888 2195 1971 2248 vi-

382 2285 583 2339 dentur
620 2285 873 2353 aptanda.

455 2376 510 2429 4.
543 2394 561 2427 ι
597 2375 663 2428 Ει
690 2377 1055 2442 decoriantes,
1095 2376 1263 2445 inquit
1300 2377 1367 2441 “,
1404 2375 1778 2433 holocaustum
1829 2380 1968 2435 divi-

386 2467 516 2520 deut
556 2467 684 2521 illud
717 2468 1084 2533 membratim,
1134 2478 1189 2522 et
1226 2468 1507 2538 imponent
1548 2470 1642 2523 ﬁlii
1669 2473 1845 2526 Aaron
1883 2485 1968 2525 sa-

383 2564 623 2620 cerdotis
659 2564 835 2634 ignem
884 2578 1046 2633 super
1078 2563 1273 2627 altare,
1335 2572 1389 2619 et
1414 2565 1800 2633 constipabunt
1824 2565 1963 2634 ligna

388 2656 443 2711 in
480 2657 680 2726 ignem,
725 2665 778 2710 et
810 2656 1084 2725 imponent
1120 2655 1213 2709 ﬁlii
1236 2657 1415 2709 Aaron
1461 2658 1762 2713 sacerdotis
1788 2658 1962 2713 divisa

386 2746 651 2811 membra,
684 2756 738 2802 et
765 2757 949 2816 caput,
982 2756 1036 2801 et
1064 2748 1274 2815 adipes,
1315 2759 1369 2801 et
1397 2747 1537 2815 ligna
1572 2764 1693 2818 quae
1720 2760 1847 2804 sunt
1873 2766 1966 2805 su-

387 2853 483 2910 per
522 2838 713 2892 altare.
749 2838 1030 2892 lnterauea
1066 2852 1195 2893 vero
1223 2847 1278 2892 et
1306 2838 1468 2906 pedes
1502 2840 1762 2895 Iavabunt
1801 2858 1961 2912 aqua,

386 2940 441 2983 et
465 2930 704 2996 imponet
726 2929 983 2983 sacerdos
1011 2930 1193 2983 omnia
1235 2946 1400 2997 super
1443 2930 1641 2994 altare,
1676 2933 1847 2987 hostia
1879 2943 1964 2989 est

383 3032 439 3075 et
468 3021 794 3075 sacriﬁcium
826 3021 961 3075 odor
994 3022 1284 3077 suavitatis
1328 3024 1577 3079 Domino.
1632 3043 1652 3077 ι
1682 3024 1962 3090 Quomodo

386 3114 700 3168 decorietur
747 3128 877 3167 caro
904 3114 1052 3168 verbi
1085 3114 1200 3176 Dei,
1243 3116 1387 3183 quod
1437 3115 1523 3169 hic
1568 3116 1768 3170 vitulus
1794 3119 1964 3170 nomi-
1991 3150 2034 3209 ο

387 3214 575 3267 mtur,
607 3212 660 3258 et
704 3206 976 3272 quomodo
1021 3204 1364 3258 membratim
1407 3206 1680 3260 dividatur
1712 3223 1741 3259 a
1781 3223 1961 3263 sacer-

390 3294 625 3353 dotibus,
669 3309 847 3361 operae
897 3298 1127 3362 pretium
1178 3306 1263 3350 est
1303 3298 1609 3353 advertere.
1670 3299 1780 3365 Ego
1825 3314 1957 3369 puto

389 3387 529 3454 quod
560 3385 653 3439 ille
689 3387 947 3440 sacerdos
981 3387 1220 3440 detrahit
1268 3388 1474 3440 corium
1529 3390 1681 3442 vituli
1712 3391 1877 3445 oblati
1911 3393 1961 3445 in

388 3476 789 3541 holocaustum,
834 3483 888 3530 et
920 3476 1134 3530 deducit
1169 3477 1361 3545 pellem
1408 3493 1513 3547 qua
1570 3480 1810 3534 membra
1844 3481 1963 3549 ejus

386 3578 766 3639 conteguntur,
816 3570 908 3638 qui
942 3572 1010 3624 de
1041 3571 1206 3625 verbo
1255 3572 1348 3625 Dei
1391 3574 1660 3628 abstrahit
1717 3579 1960 3632 velamen

378 3656 603 3722 litterae,
634 3671 690 3715 et
740 3661 951 3715 interna
997 3662 1116 3730 ejus
1142 3680 1260 3731 qua}
1299 3675 1427 3719 sunt
1464 3666 1728 3734 spiritalis
1763 3668 1960 3723 intelli-

383 3751 578 3819 gentia:
642 3752 908 3816 membra,
952 3754 1192 3808 denudat
1246 3771 1259 3809 :
1305 3767 1357 3810 et
1396 3758 1510 3811 hinc
1538 3760 1779 3812 membra
1811 3760 1959 3815 verbi

382 3842 663 3898 interioris
690 3846 952 3909 scientim,
977 3861 1086 3899 non
1114 3847 1165 3900 in
1198 3846 1387 3900 humili
1427 3849 1609 3918 aliquo
1640 3851 1759 3906 loco
1786 3853 1958 3921 ponit,

381 3935 475 3988 sed
512 3936 564 3989 in
591 3936 698 3990 alto
725 3945 779 3990 et
808 3947 1019 4000 sancto,
1051 3938 1101 3989 id
1130 3946 1233 4003 est,
1264 3953 1427 4006 super
1458 3940 1633 3994 altare
1669 3941 1906 3996 collocat
1942 3959 1955 3995 :

382 4041 505 4081 cum
539 4043 643 4081 non
680 4028 915 4098 indignis
947 4028 1280 4092 hominibus,
1314 4041 1366 4084 et
1396 4032 1656 4085 humilem
1691 4035 1859 4087 vitam
1893 4052 1957 4091 ac

384 4129 654 4174 terrenam
685 4120 1006 4175 ducentibus
1033 4122 1221 4190 pandit
1245 4122 1425 4177 divina
1459 4125 1741 4195 mysteria,
1769 4127 1864 4182 sed
1891 4128 1958 4183 il-

381 4208 448 4264 lis
472 4212 561 4281 qui
595 4212 769 4266 altare
809 4211 900 4265 Dei
940 4222 1087 4277 sunt,
1120 4212 1171 4265 in
1206 4214 1401 4283 quibus
1432 4232 1645 4286 semper
1683 4222 1837 4275 ardet
1866 4221 1955 4275 di-

382 4302 542 4357 vinus
567 4303 724 4370 ignis,
767 4313 821 4358 et
846 4320 1060 4373 semper
1090 4308 1431 4363 consumitur
1459 4326 1610 4366 caro.
1648 4312 1822 4382 Super
1856 4316 1956 4369 hos

380 4408 509 4463 ergo
543 4394 676 4446 tales
707 4396 1048 4449 membratim
1082 4397 1288 4452 divisus
1317 4397 1420 4454 iste
1481 4400 1779 4457 holocausti
1822 4405 1957 4458 vitu-

2078 547 2131 598 in
2172 544 2396 599 scientia
2432 554 2488 599 et
2514 543 2784 598 charitate
2828 542 2966 610 ejus,
3005 554 3215 610 aptare,
3245 542 3345 596 hoc
3373 551 3455 597 est
3485 558 3656 595 tuent-

2074 634 2274 689 bratim
2306 633 2465 704 187
2497 633 2724 687 vitulum
2772 631 3047 687 divisisse.
3104 634 3211 686 Sed
3264 642 3318 686 et
3373 633 3461 701 qui
3506 633 3655 687 novit

2075 727 2375 782 OSIendere
2397 741 2516 795 qute
2549 725 2753 779 fuerint
2789 726 2922 794 legis
2967 725 3252 793 principia,
3280 725 3370 793 qui
3404 724 3566 779 etiam
3600 727 3655 779 in

2076 819 2351 888 prophetis
2393 819 2669 887 profec'us
2704 818 3024 881 accesserit,
3053 832 3173 884 qure
3210 832 3337 869 vero
3382 815 3437 869 in
3484 818 3657 869 Evan—

2075 910 2228 980 geliis
2260 910 2542 977 plenitudo
2572 908 2921 977 perfectionis
2959 909 3260 967 habeatur;
3288 908 3375 961 vel
3412 909 3502 974 qui
3552 911 3656 961 do-

2077 1016 2204 1055 cere
2232 1010 2433 1070 potest,
2469 1016 2578 1068 quo
2622 1000 2772 1055 verbi
2822 1000 2963 1053 lacte
2996 999 3176 1052 alendi
3214 999 3322 1050 sint
3353 998 3561 1066 parvuli
3604 1000 3654 1051 in

2076 1092 2317 1155 Christo,
2347 1102 2399 1146 et
2431 1108 2538 1162 quo
2578 1092 2733 1146 verbi
2778 1090 2922 1146 olere
2974 1091 3250 1145 reﬁciendi
3282 1089 3393 1161 (ll)
3424 1092 3534 1144 sint
3564 1092 3655 1159 qui

2076 1181 2424 1236 inﬁrtnanlur
2448 1182 2501 1236 in
2537 1180 2663 1245 ﬁde,
2701 1180 2827 1251 quis
2862 1181 3039 1234 etiam
3064 1181 3137 1234 sit
3180 1180 3331 1233 cibus
3373 1179 3577 1233 solidus
3602 1190 3658 1234 et

2074 1272 2259 1336 fortis,
2314 1288 2424 1342 quo
2472 1273 2849 1342 impinguandi
2888 1273 2999 1326 sint
3032 1271 3251 1325 athleta:
3281 1271 3521 1334 Christi;
3558 1272 3655 1340 qui

2075 1365 2190 1421 luce
2218 1365 2431 1432 singula
2459 1364 2609 1419 novit
2639 1365 2873 1433 spiritali
2910 1366 3124 1420 ratione
3162 1365 3426 1429 dividere,
3466 1375 3652 1434 potest

2074 1456 2381 1525 hujusmodi
2413 1456 2603 1509 doctor
2634 1454 2723 1509 ille
2752 1456 3010 1509 sacerdos
3052 1454 3244 1519 videri,
3282 1456 3375 1525 qui
3425 1456 3658 1525 imponit

2073 1560 2239 1614 super
2264 1543 2440 1597 altare
2460 1543 2836 1598 holocaustum
2854 1558 2951 1614 per
2979 1545 3224 1599 membra
3255 1545 3513 1600 divisunt.
3546 1546 3658 1600 Ad-

2071 1637 2150 1691 dit
2179 1648 2234 1691 et
2268 1636 2412 1705 ligna
2445 1635 2629 1700 altari,
2665 1651 2772 1703 quo
2801 1636 2940 1704 ignis
2965 1636 3240 1691 animetur
3271 1647 3326 1690 et
3361 1638 3575 1703 ardeat,
3608 1639 3655 1693 is

2071 1743 2100 1781 ιι
2126 1744 2231 1797 quo
2255 1745 2363 1783 non
2395 1730 2569 1783 solum
2591 1731 2656 1783 de
2686 1729 3064 1798 corporalibus
3097 1730 3396 1783 virtutibus
3423 1729 3649 1796 Christi,

2071 1824 2165 1878 sed
2212 1824 2377 1878 etiam
2415 1823 2482 1878 de
2512 1823 2798 1877 divinitate
2840 1822 2957 1891 ejus
3005 1840 3189 1879 sermo
3224 1825 3507 1879 miscetur.
3546 1826 3652 1881 De-

2074 1929 2296 1969 sursum
2345 1915 2490 1968 enim
2525 1923 2608 1969 est
2648 1914 2906 1967 divinitas
2951 1913 3184 1979 Christi,
3225 1931 3333 1985 quo
3366 1916 3505 1985 ignis
3549 1915 3657 1972 iste

2071 2006 2317 2059 festinat.
2351 2004 2758 2060 Convenieuter
2788 2019 2922 2071 ergo
2943 2007 3125 2059 omnia
3150 2006 3267 2061 hmc
3298 2023 3420 2076 qua:
3442 2008 3496 2060 in
3526 2022 3653 2061 cor-

2071 2113 2205 2167 pore
2240 2115 2268 2150 a
2311 2098 2595 2153 Salvatore
2621 2108 2772 2166 gesta
2801 2107 2954 2162 sunt,
2993 2098 3233 2154 caelestis
3268 2102 3406 2169 ignis
3432 2102 3655 2154 absum-

2071 2189 2201 2256 psit,
2224 2199 2276 2242 et
2304 2189 2369 2242 ad
2390 2189 2691 2243 divinitatis
2719 2189 2835 2258 ejus
2861 2199 3119 2244 naturam
3170 2201 3368 2245 cuncta
3398 2193 3652 2248 restituit.

2070 2281 2256 2351 Lignis
2281 2288 2461 2335 tamen
2489 2280 2750 2335 adhibitis
2779 2282 2920 2351 ignis
2948 2282 3051 2336 iste
3072 2284 3442 2338 succenditur.
3472 2282 3655 2352 Usque

2069 2374 2135 2426 ad
2193 2374 2398 2443 lignmu
2451 2372 2596 2426 enim
2649 2372 2702 2425 in
2740 2387 2906 2425 carne
2931 2372 3045 2442 (12)
3076 2374 3256 2442 passio
3294 2374 3391 2428 fuit
3426 2373 3652 2430 Christi.

2074 2464 2171 2520 Ubi
2208 2474 2387 2539 autem
2423 2477 2720 2531 suspensus
2762 2464 2814 2515 in
2847 2463 2995 2533 ligno
3026 2472 3130 2529 est,
3156 2465 3497 2534 dispensatio
3522 2481 3652 2521 car-

2071 2556 2153 2610 nis
2212 2557 2361 2610 ﬁnita
2391 2566 2495 2612 est.
2532 2556 2845 2623 Resurgens
2888 2555 3033 2609 enim
3063 2570 3093 2608 a
3130 2558 3360 2611 mortuis
3406 2558 3654 2613 ascendit

2070 2645 2122 2698 in
2160 2646 2377 2712 coelum,
2412 2662 2521 2718 quo
2554 2647 2659 2700 iter
2692 2645 2809 2714 ejus
2836 2654 3033 2698 natura
3073 2646 3214 2715 ignis
3248 2649 3507 2703 ostendit.
3538 2649 3652 2706 Utt-

2067 2741 2133 2794 de
2156 2751 2205 2795 et
2234 2740 2526 2809 Apostolus
2564 2739 2864 2807 dicebat“,
2899 2739 3026 2808 quia
3063 2757 3082 2792 ι
3112 2751 3161 2795 et
3201 2742 3244 2796 si
3294 2742 3653 2812 cognovimus

2066 2832 2349 2886 Christum
2399 2832 2697 2885 secundum
2736 2846 2984 2895 carnem,
3026 2833 3120 2886 sed
3184 2848 3328 2886 nunc
3379 2833 3491 2902 jam
3539 2850 3645 2889 non

2067 2926 2334 2981 novimus.
2368 2942 2386 2975 ›
2424 2921 2811 2978 Holocaustum
2838 2941 3075 2995 namque
3103 2925 3283 2978 carnis
3304 2925 3422 2992 ejus
3470 2942 3564 2996 per
3588 2928 3654 2982 li-

2066 3036 2228 3090 gnum
2259 3021 2437 3075 crut-is
2460 3021 2726 3084 oblatum,
2758 3030 2973 3074 terrena
3006 3021 3344 3086 cmlcstihus,
3368 3030 3422 3076 et
3450 3022 3648 3077 divinis

2068 3114 2300 3167 humana
2328 3113 2577 3167 sociavit.
2609 3113 2891 3167 lnteranea
2926 3125 3059 3166 sane
3084 3128 3206 3166 cum
3233 3115 3458 3183 pedibus
3503 3131 3646 3186 aqua

2067 3205 2197 3259 dilui
2228 3205 2381 3272 jubet
2415 3220 2595 3259 sermo
2620 3205 2901 3273 prtecepti,
2932 3215 3338 3259 sacramentum
3389 3208 3647 3277 baptismi

2065 3309 2163 3352 sub
2199 3296 2408 3365 ﬁgurati
2450 3298 2839 3365 praedicatione
2875 3281 3230 3354 denuntians.
3264 3297 3398 3351 Nam
3434 3300 3647 3354 intera-

2066 3406 2167 3445 nea
2215 3391 2391 3452 diluit,
2422 3390 2514 3460 qui
2548 3391 2944 3444 conscientiam
2982 3403 3203 3459 purgat.
3240 3390 3416 3446 Pedes
3455 3391 3645 3457 abluit,

2064 3481 2157 3551 qui
2197 3482 2726 3536 consummationem
2776 3484 3002 3553 suscipit
3050 3483 3406 3550 sacramenti,
3453 3495 3508 3538 et
3542 3487 3649 3539 scit

2063 3574 2192 3641 quia
2248 3575 2340 3643 qui
2396 3576 2630 3629 mundus
2674 3584 2780 3639 est,
2834 3590 2941 3630 nou
3004 3576 3207 3645 indiget
3251 3576 3355 3630 nisi
3394 3587 3452 3630 ut
3482 3577 3649 3647 pedes

2064 3666 2288 3731 lavet“,
2316 3676 2367 3722 et
2408 3668 2532 3736 qttia
2562 3669 2910 3737 partentquis
2945 3669 3149 3723 habere
3183 3685 3287 3723 non
3313 3678 3492 3739 potest
3518 3686 3643 3725 cum

2061 3756 2209 3821 Jesu,
2235 3759 2336 3812 nisi
2372 3758 2564 3811 laverit
2588 3758 2749 3826 pedes
2776 3759 2916 3827 ejus.

2134 3851 2189 3905 5.
2234 3848 2431 3903 Verum
2461 3850 2504 3903 si
2531 3850 2645 3904 haec
2667 3850 2832 3903 etiam
2862 3852 2929 3904 ad
2960 3850 3226 3906 moralem
3277 3851 3455 3905 locmn
3487 3849 3647 3904 incli-

2063 3958 2195 3997 nare
2245 3942 2401 4006 velis,
2435 3943 2605 3997 habes
2633 3952 2687 3996 et
2739 3953 2791 3996 tu
2827 3943 3082 4008 vitulum,
3115 3958 3274 4013 quem
3324 3943 3523 3996 ull‘errc
3547 3944 3644 3997 de-

2061 4035 2215 4089 beas.
2246 4033 2457 4090 Vitulus
2504 4043 2607 4094 est,
2642 4044 2695 4088 et
2726 4036 2944 4103 quidem
2993 4036 3147 4090 valde
3177 4039 3469 4107 supr-rhus,
3511 4052 3644 4092 caro

2062 4134 2150 4179 tua
2190 4141 2205 4178 :
2246 4141 2406 4195 quam
2446 4126 2490 4179 si
2546 4125 2626 4181 vis
2671 4142 2866 4181 munus
2911 4127 3141 4185 Domino
3184 4128 3403 4194 oﬂ‘urrc,
3436 4140 3493 4181 ιιι
3519 4144 3639 4181 eam

2058 4228 2263 4273 castam
2295 4218 2655 4287 pudicantque
2675 4219 3158 4281 custodias,adduc
3189 4236 3307 4273 eam
3340 4220 3405 4271 ad
3437 4220 3638 4276 ostium

2063 4309 2419 4373 tabernaculi,
2455 4310 2507 4363 id
2548 4319 2653 4371 est,
2686 4309 2773 4362 ubi
2805 4309 3112 4364 divinorum
3159 4310 3424 4364 librorum
3466 4313 3641 4366 susci—

2060 4416 2188 4471 pere
2219 4401 2386 4470 possit
2420 4400 2687 4453 auditum.
2716 4399 3084 4455 Maseulinum
3115 4402 3189 4455 sit
3216 4417 3412 4455 munus
3462 4413 3635 4467 tuum,

380 4481 464 4537 lus
490 4484 808 4539 collocatur.
838 4484 1035 4540 Dividit
1071 4502 1302 4558 namque
1331 4494 1674 4547 membratim
1702 4495 1953 4562 vitulum,
1989 4504 2031 4559 ι)
2061 4492 2318 4546 feminam
2356 4492 2584 4555 nesciat,
2610 4491 3113 4559 concupiscentiam
3157 4504 3397 4561 respuat,
3432 4493 3641 4563 fragilia

379 4574 470 4643 qui
522 4576 813 4644 explanare
848 4591 943 4644 per
987 4579 1239 4633 ordinem
1296 4590 1492 4649 potest,
1537 4592 1592 4637 et
1623 4588 1950 4655 competenti

379 4663 725 4719 distinctione
788 4667 1080 4732 disserere,
1129 4671 1220 4736 qui
1268 4671 1340 4724 sit
1386 4672 1704 4740 profectus,
1745 4675 1949 4733 Christi

380 4755 651 4811 ﬁmbriam
698 4757 1027 4828 contigisse;
1079 4760 1172 4828 qui
1208 4776 1358 4827 vero,
1407 4764 1570 4831 pedes
1609 4765 1726 4835 ejus
1754 4767 1950 4824 lavisse

378 4854 656 4923 Iacrymis,
697 4865 751 4908 et
780 4855 991 4924 capillis
1020 4857 1216 4927 capitis
1253 4860 1580 4930 extersisse;
1617 4874 1827 4933 quanto
1851 4882 1949 4919 au-

378 4953 483 4996 tem
513 4945 577 4998 iis
599 4945 779 5013 potius
806 4948 876 4999 sit
905 4958 1063 5015 caput
1089 4949 1205 5015 ejus
1229 4950 1449 5005 unxisse
1478 4968 1630 5023 myro
1662 4954 1773 5027 (10)
1810 4972 1823 5008 :
1850 4957 1945 5011 sed

373 5042 427 5086 et
450 5034 502 5086 ln
534 5045 751 5103 pectore
768 5033 886 5101 ejus
910 5036 1223 5092 recubuisse
1249 5039 1377 5108 quid
1402 5041 1945 5104 habeateminentire.

374 5125 576 5179 Horum
606 5141 739 5195 ergo
791 5127 1127 5196 singulorum
1165 5146 1358 5186 causas
1389 5133 1681 5199 disserere,
1741 5151 1796 5191 et
1840 5139 1945 5197 alia

371 5215 588 5283 quidem
614 5216 1022 5285 incipientibus,
1043 5219 1148 5273 alia
1177 5235 1302 5274 vero
1326 5222 1393 5276 iis
1410 5226 1500 5291 qui
1520 5224 1631 5293 jam
1654 5230 1948 5294 proliciuut

441 5304 485 5336 ³⁸
519 5306 727 5389 Coloss:
753 5324 792 5389 t_,
987 5307 1032 5342 “
1064 5310 1229 5389 idem.
1262 5329 1316 5381 ι,
1353 5315 1445 5369 20.
1521 5316 1563 5349 δι
1594 5317 1762 5376 Hebr.
1798 5338 1891 5389 vn,
1919 5326 1963 5378 2:

2087 5325 2132 5356 ⁸³
2163 5322 2338 5377 Levit.
2370 5339 2481 5388 xvt,
2512 5323 2566 5387 7,
2599 5321 2653 5389 8,
2683 5322 2736 5378 9.

369 5390 491 5441 xm,
523 5376 578 5429 8.
682 5376 727 5409 ⁸⁸
757 5379 773 5432 l
809 5378 934 5434 Cor.
967 5395 1043 5446 tx,
1068 5380 1159 5434 27.

368 5468 535 5558 etiam
583 5470 893 5558 angelisuet
943 5474 1421 5558 alijsctelestibus
1470 5481 1760 5541 virtutibus
1813 5504 1945 5558 pro-

367 5536 561 5662 ἕιίἰέὶθ.
615 5539 744 5596 Vide
783 5541 876 5598 lib.
922 5557 958 5596 ll
993 5540 1337 5614 0rigenian.,
1376 5536 1945 5622 ιιυωεῐζόῑιιῖιηί-έο

369 5678 552 5799 miti)?
575 5678 751 5741 Codex
808 5682 1116 5755 Sangerm.,
1173 5706 1190 5739 ι
1236 5702 1410 5760 tnyro.
1462 5712 1481 5745 ι
1521 5692 1689 5761 Alias,
1729 5715 1746 5749 ι
1790 5714 1935 5769 myr-

2063 4595 2232 4639 talem
2261 4582 2516 4653 refugiat,
2536 4583 2670 4637 nihil
2700 4584 3024 4639 dissolutum
3060 4586 3300 4654 requirat
3325 4596 3420 4641 aut
3452 4586 3635 4642 molle.

2059 4680 2279 4748 lmpoue
2329 4678 2492 4733 etiam
2545 4695 2762 4732 manum
2806 4687 2953 4733 tuam
2988 4694 3153 4748 super
3195 4680 3426 4734 hostiam
3462 4692 3635 4744 luant,

2058 4780 2117 4825 ut
2148 4773 2220 4825 sit
2244 4779 2462 4838 accepta
2490 4769 2737 4831 Domino,
2764 4778 2817 4822 et
2839 4767 3027 4837 jugula
3060 4770 3206 4823 illam
3236 4782 3422 4824 contra
3450 4769 3647 4823 Domi-

2059 4878 2209 4927 num,
2246 4862 2349 4916 hoc
2376 4870 2480 4925 est,
2529 4861 2747 4929 impone
2791 4861 2841 4915 ei
2902 4862 3251 4916 continentia:
3297 4862 3535 4923 frenum,
3577 4872 3634 4914 et

2057 4972 2275 5011 manum
2303 4955 2604 5023 disciplina:
2642 4969 2707 5007 ne
2743 4956 2965 5009 auferas
2999 4956 3066 5007 ab
3092 4970 3178 5017 ea,
3210 4955 3347 5007 sicut
3379 4955 3633 5021 imposuit

2057 5062 2276 5102 manum
2299 5046 2447 5099 carni
2480 5060 2590 5098 sua:
2620 5045 2710 5099 ille
2734 5046 2825 5115 qui
2872 5045 3144 5099 dicebat“
3173 5062 3186 5099 :
3223 5063 3241 5096 ι
3276 5045 3490 5100 Macero
3518 5062 3635 5099 cur-

2057 5154 2157 5208 pus
2185 5152 2363 5192 memn
2398 5147 2453 5190 et
2483 5137 2732 5191 servituti
2776 5134 3030 5203 subjicio,
3061 5152 3128 5192 ne
3174 5137 3315 5192 forte
3348 5154 3471 5193 cum
3509 5139 3634 5194 aliis

2055 5230 2444 5299 praedicavero,
2466 5228 2580 5296 ipse
2610 5227 2872 5296 reprobus
2898 5228 3124 5283 eﬂieiar.
3152 5250 3170 5283 ι
3207 5230 3271 5284 Et
3296 5230 3482 5300 jugula
3508 5247 3630 5286 eam

2842 5318 2889 5354 ⁸³
2912 5320 2957 5375 ιι
2981 5322 3105 5379 Cor.
3138 5339 3191 5391 ν,
3226 5332 3314 5383 16.
3393 5324 3441 5358 “
3466 5323 3625 5385 Joan.

2130 5487 2246 5559 (Η)
2278 5488 2411 5542 Cod.
2446 5487 2759 5559 Sangerm..
2798 5505 2817 5539 ι
2846 5486 3146 5543 reﬁciendi.
3175 5508 3194 5541 ι
3247 5489 3405 5544 Libh.
3466 5489 3622 5554 editi,

2060 5578 2077 5608 ι
2105 5558 2405 5614 refovendi.
2430 5578 2451 5613 ι
2480 5558 2654 5615 Codd.
2699 5558 2961 5616 Gcmetic.
2989 5570 3044 5614 et
3073 5558 3452 5626 Cadomensis,
3506 5580 3520 5612 I
3546 5561 3626 5613 fe.

2052 5628 2229 5683 vendi.
2260 5647 2277 5679 ι

2089 5699 2229 5777 ,(12)
2261 5699 2466 5761 Omnes
2490 5716 2646 5770 ωδε»,
2686 5700 2778 5758 «in
2808 5716 2993 5758 carne.
3017 5718 3037 5756 ι
3073 5700 3228 5759 Libb.
3264 5702 3419 5769 editi,
3449 5718 3469 5754 ι
3499 5714 3622 5759 car-

2048 5785 2151 5823 ιιιδ.
2179 5788 2197 5821 ι
