4106 6246
385 310 479 364 ’sll
526 328 555 340 -

333 432 335 434 ’
382 432 572 478 comm
633 431 944 491 Dominum,
975 422 1312 479 mortificans
1355 415 1472 468 sine
1512 409 1677 466 dubio
1723 401 1964 459 membra
1997 402 2042 458 Α

389 525 476 566 ιηίι
508 525 632 578 (Wa:
658 528 784 575 sunt
805 532 971 585 super
989 524 1211 567 terram.
1241 506 1348 561 Sed
1375 514 1430 559 et
1455 501 1548 555 filii
1579 502 1758 553 Aaron
1785 504 1969 544 sacer-

386 605 527 660 ἀοιῖε
580 615 813 671 oﬂ'erant
855 607 1177 677 sanguinem
1220 603 1360 671 ejus.
1409 593 1677 653 Sacerdos
1704 590 1757 645 in
1785 596 1836 642 te
1863 594 1966 648 est,

385 713 437 754 ει
466 698 557 752 ﬁlii
589 709 727 778 ejus,
766 720 922 760 mens
959 716 1081 771 qua:
1125 699 1177 751 iu
1226 707 1280 750 te
1305 705 1389 748 est
1414 699 1471 746 et
1492 701 1688 744 sensus
1715 680 1853 751 ejus,
1877 678 1968 748 qui

387 788 585 843 ῐηθτίιο
612 769 889 858 sacerdos,
915 769 1094 846 etrfilii
1120 782 1425 842 sacerdotis
1451 776 1802 848 appellantur
1828 791 1841 827 :
1869 769 1969 823 soli

385 881 531 934 θηίιη
574 900 704 946 sunt
754 887 845 958 qui
876 883 1186 949 intelligunt
1242 877 1433 937 lleuin,
1476 879 1530 925 et
1573 879 1802 937 capaces
1843 871 1972 916 sunt

388 971 637 1039 ﬁCientia:
684 957 798 1036 Dei.
832 977 961 1031 Vult
1003 986 1135 1041 ergo
1160 983 1344 1024 sermo
1375 964 1614 1024 divinus,
1640 968 1698 1039 ut
1727 957 1966 1012 rationa-

393 1080 486 1138 bili
537 1090 699 1134 sensu
753 1083 974 1127 carnem
1037 1075 1190 1118 tuam
1229 1061 1283 1114 in
1315 1058 1572 1112 castitate
1607 1052 1808 1106 oli'eras
1838 1050 1969 1114 Deo,

393 1169 697 1229 secundum
740 1162 882 1233 quod
925 1154 1220 1227 Apostolus
1269 1147 1501 1203 dicit“:
1541 1165 1557 1198 τ
1590 1145 1834 1199 llostiam
1895 1141 1976 1194 vi-

394 1276 542 1325 vam,
597 1263 868 1316 sanctam,
911 1249 1214 1320 placentem
1263 1241 1395 1305 Deo,
1449 1235 1771 1292 rationabile
1818 1233 1974 1289 obse-

396 1353 582 1422 quium
635 1356 900 1402 vestrum.
933 1359 950 1392 ι
987 1340 1054 1394 Et
1095 1339 1200 1392 hoc
1241 1345 1324 1390 est
1365 1349 1463 1403 per
1504 1329 1846 1386 sacerdotem
1889 1325 1976 1380 vel

398 1421 538 1496 filios
567 1435 872 1494 sacerdotis
926 1431 1125 1486 offerre
1158 1425 1486 1496 sanguinem
1520 1423 1587 1476 ad
1614 1421 1811 1484 altare,
1851 1435 1972 1473 cum

398 1544 454 1589 et
495 1543 727 1600 corpore
769 1535 824 1582 et
872 1524 1066 1594 spiritu
1128 1521 1248 1590 quis
1299 1528 1487 1572 castus
1533 1513 1786 1569 ellicitur.
1839 1512 1978 1566 Sunt

400 1625 545 1677 enim
573 1630 626 1675 et
661 1618 774 1684 alii,
804 1615 893 1686 qui
923 1613 1162 1669 offerunt
1196 1609 1415 1679 quidem
1439 1607 1817 1660 holocaustum
1851 1619 1976 1658 cara

401 1729 526 1768 nem
577 1727 758 1776 suam,
801 1708 894 1764 sed
942 1721 1050 1762 non
1093 1720 1190 1774 per
1236 1701 1600 1757 ministerium
1654 1696 1974 1753 sacerdotis.

400 1806 517 1861 Non
553 1805 699 1859 enim
733 1801 970 1857 scienter
1000 1797 1138 1867 (l5),
1169 1810 1267 1849 nec
1294 1792 1593 1848 secundum
1641 1790 1816 1858 legem
1857 1802 1978 1856 qua:

401 1900 456 1954 in
504 1912 601 1952 ore
644 1890 949 1950 sacerdotis
991 1897 1075 1944 est
1118 1885 1379 1950 olferunt,
1432 1884 1529 1939 sed
1577 1892 1708 1936 sunt
1755 1879 1980 1949 quidem

401 1992 540 2048 casti
575 2004 826 2060 corpore,
869 1987 1051 2041 animo
1119 1991 1299 2037 autem
1361 1981 1720 2036 inveniuntur
1766 1980 1979 2034 incesti.

402 2083 515 2138 Aut
552 2080 700 2135 enim
746 2077 934 2149 gloriae
986 2076 1232 2129 humana:
1283 2069 1732 2140 concupiscentia
1795 2082 1984 2122 macn-

404 2174 608 2236 lantur,
628 2181 720 2226 aut
751 2169 1047 2240 cupiditate
1077 2165 1325 2220 avaritia:
1350 2164 1688 2233 polluuntur,
1721 2169 1816 2214 aut
1847 2161 1984 2214 invi-

402 2265 506 2319 dia:
539 2281 603 2319 ac
644 2263 832 2318 livoris
878 2259 1200 2316 infelicitate
1238 2257 1586 2321 sordescuut,
1627 2253 1713 2308 vel
1750 2252 1986 2306 furentis

403 2357 515 2411 odii
557 2364 612 2411 et
657 2356 752 2410 ira:
789 2354 1131 2409 immanitate
1181 2357 1472 2402 vexantur.
1501 2346 1824 2414 Quicunque
1857 2359 1986 2413 ergo

398 2432 544 2502 tales
565 2456 714 2510 sunt,
751 2446 879 2500 licet
910 2459 1139 2514 corpore
1170 2439 1307 2498 casti
1336 2438 1467 2504 sint,
1497 2450 1678 2495 tamen
1719 2453 1823 2492 non
1856 2436 1989 2491 oll‘e-

408 2551 538 2592 runt
568 2538 882 2613 holocausta
910 2550 1006 2590 sua
1041 2550 1139 2604 per
1165 2551 1357 2592 manus
1392 2545 1446 2590 et
1472 2531 1837 2586 ministerium
1871 2528 1984 2599 (14)

408 2628 737 2684 sacerdotis.
772 2626 890 2682 Non
926 2635 1010 2682 est
1036 2625 1188 2680 enim
1231 2627 1283 2680 in
1312 2625 1392 2680 eis
1427 2621 1739 2683 consilium,
1775 2628 1830 2673 et
1856 2633 1986 2688 pru-

409 2721 617 2786 dentia,
663 2736 784 2792 quae
831 2719 1140 2775 sacerdotio
1179 2717 1426 2788 fungitur
1457 2717 1595 2785 apud
1646 2711 1814 2765 Deum
1848 2709 1987 2764 :sed

410 2824 536 2870 sunt
564 2831 631 2870 ex
678 2813 785 2870 illis
822 2813 1064 2884 quinque
1105 2809 1412 2881 virginibus
1439 2807 1643 2871 stultis,
1675 2821 1796 2875 qua:
1823 2803 1991 2872 virgi~

410 2919 508 2960 nes
552 2905 771 2976 quidem
815 2903 1060 2967 fuerunt,
1087 2911 1144 2958 et
1171 2899 1480 2958 castitatem
1516 2896 1764 2965 corporis
1801 2909 1988 2948 serva-

411 3007 627 3062 verunt,
660 2997 838 3052 oleum
883 3007 1065 3052 autem
1113 2993 1424 3057 charitatis,
1452 3003 1507 3047 et
1542 2993 1716 3061 pacis,
1758 3000 1813 3044 et
1861 2989 1992 3044 reli-

410 3106 645 3160 quarum
667 3091 952 3154 virtutum,
981 3090 1035 3144 in
1058 3089 1206 3145 vasis
1232 3087 1346 3143 suis
1380 3085 1615 3140 condere
1652 3084 1987 3148 nescierunt,
2016 3088 2060 3146 ε

413 3195 471 3240 et
506 3184 706 3239 idcirco
736 3184 971 3239 exclusae
1010 3191 1140 3238 sunt
1179 3199 1207 3236 a
1243 3183 1482 3237 thalamo
1527 3178 1714 3250 sponsi
1734 3177 1819 3230 δτι
1855 3190 1992 3244 quo-

412 3276 556 3330 niam
601 3276 717 3331 sola
748 3276 933 3330 carnis
960 3273 1300 3330 continentia
1337 3274 1406 3327 ad
1444 3272 1619 3326 altare
1651 3268 1990 3325 Dominicum

414 3382 520 3421 non
567 3376 748 3437 potest
795 3367 1107 3438 pervenire,
1141 3366 1185 3420 si
1220 3364 1445 3434 reliquis
1485 3362 1782 3417 virtutibus
1814 3368 1870 3414 et
1907 3373 1995 3413 sa-

413 3458 788 3515 cerdotalibus
821 3458 1135 3513 ministeriis
1169 3458 1477 3511 deseratur.
1509 3455 1572 3509 Et
1604 3455 1725 3508 ideo
1766 3452 1856 3521 qui
1881 3451 1997 3506 haec

414 3553 640 3623 legimus
677 3551 762 3606 vel
793 3551 1071 3615 audimus,
1101 3549 1153 3603 in
1189 3560 1482 3618 utramque
1517 3555 1730 3616 partem
1771 3557 1992 3613 operam

415 3643 608 3697 demus
627 3640 763 3712 (15),
796 3641 931 3696 casti
962 3655 1084 3696 esse
1113 3656 1365 3710 corpore,
1397 3638 1528 3693 recti
1569 3645 1769 3702 mente,
1811 3632 1996 3688 mundi

416 3734 605 3797 corde.
639 3734 883 3789 moribus
934 3731 1228 3794 emendati,
1285 3730 1552 3802 proiicere
1609 3729 1661 3783 in
1717 3725 1996 3796 operibus,

416 3827 647 3898 vigilare
687 3827 742 3880 in
777 3826 1028 3889 scientia,
1061 3825 1187 3887 ﬁde,
1217 3833 1271 3880 et
1321 3823 1556 3887 actibus,
1588 3819 1780 3890 gestis,
1828 3827 1882 3873 et
1917 3817 2000 3870 iu-

421 3919 728 3975 tellectibus
760 3931 882 3972 esse
909 3915 1166 3986 perfecti,
1188 3925 1245 3968 ut
1275 3914 1342 3967 ad
1368 3910 1779 3966 similitudinem
1809 3907 2000 3962 hostia:

419 4010 621 4065 Christi
653 4007 984 4064 conformari
1013 4019 1341 4068 mereamur,
1377 4017 1474 4071 per
1499 4001 1674 4072 ipsum
1706 3997 1993 4051 Dominum

422 4111 669 4157 nostrum
695 4098 878 4154 Jesum
907 4096 1183 4152 Christum
1216 4092 1350 4169 (16),
1386 4107 1482 4163 per
1516 4104 1674 4160 quem
1708 4088 1816 4143 Deo
1847 4086 1996 4141 Patri

358 4251 360 4253 ,
422 4191 779 4264 omnipotenti
808 4206 931 4246 cum
964 4189 1170 4260 Spiritu
1212 4197 1402 4244 sancto
1430 4194 1514 4240 est
1542 4182 1712 4254 gloria
1743 4191 1798 4236 et
1829 4181 2001 4250 impe-

423 4285 564 4341 rium
594 4285 644 4339 in
675 4283 872 4340 saecula
904 4283 1250 4339 saeculorum.
1276 4282 1473 4336 Amen.

1023 4413 1306 4473 HOMlLlA
1345 4413 1409 4468 ll.

425 4534 500 4592 De
525 4533 911 4600 sacriﬁciorum
939 4532 1066 4596 ritu,
1094 4531 1193 4583 hoc
1215 4537 1294 4583 est
1325 4529 1390 4582 de
1413 4527 1718 4600 muneribus
1743 4535 1791 4578 et
1827 4525 1997 4577 sacri-

489 4605 626 4667 ﬁciis
657 4596 766 4674 (l7)
797 4601 1146 4674 salutaribus,
1168 4611 1216 4652 et
1243 4615 1337 4665 pro
1361 4599 1627 4667 peccatis;
1659 4607 1704 4648 et
1735 4596 1997 4664 quomodo

494 4672 924 4743 o/fcrt’po'utifca:
957 4687 1053 4740 pro
1091 4679 1306 4740 peccato
1353 4685 1476 4734 suo,
1525 4676 1574 4722 et
1626 4683 1723 4735 pro
1779 4675 1996 4735 peccato

491 4855 536 4890 δι’
567 4855 722 4910 ltom.
762 4867 861 4916 xu,
893 4852 947 4906 1.
1013 4849 1057 4881 ⁸⁷
1087 4846 1280 4902 Matth.
1312 4860 1440 4900 xxv.
1512 4843 1558 4876 "
1585 4844 1763 4899 Levit.
1799 4858 1882 4906 IV,
1911 4840 1967 4896 5.

491 5011 771 5117 (ωορδ.
829 5029 1142 5098 Sangerm.,
1209 5025 1560 5081 (scientem
1620 5019 1778 5075 Libb.
1842 5018 1999 5082 editi,

425 5125 443 5157 ι
466 5116 723 5160 scientes.
751 5122 769 5154 ι

463 5247 475 5258 .
497 5174 611 5258 (μ)
642 5173 790 5228 Idem
813 5187 942 5236 ms.,
975 5187 996 5221 ο
1019 5166 1408 5224 ministerium.
1438 5183 1457 5216 ›
1493 5161 1648 5218 Libb.
1675 5161 1830 5226 editi,
1855 5177 1873 5210 ‹
1897 5158 2002 5212 mi-

424 5255 672 5300 nisteria.
695 5261 714 5295 ι

498 5315 612 5384 (l5)
637 5315 844 5368 Omnes
884 5324 1046 5376 mss.,
1090 5309 1386 5376 «demusq
1430 5303 1590 5360 Libb.
1630 5302 1785 5368 editi,
1825 5319 1844 5353 ι
1873 5301 2004 5356 dare

425 5384 712 5439 debemus.
738 5401 758 5434 ι

497 5454 610 5525 (16)
644 5453 939 5525 Christum.
976 5451 1137 5506 Deest
1165 5450 1236 5525 in_
1261 5442 1974 5525 codicesangermanensi.

644 5525 699 5577 In
757 5521 904 5608 libb.
943 5530 1102 5608 antea
1149 5520 1348 5608 editis)
1367 5511 1667 5608 Dllt‘lllillI—‘t‘,
1707 5533 1724 5563 ι
1751 5523 1806 5567 et
1839 5511 2013 5608 sacri-

432 5581 637 5677 ἢοίἱες»
673 5593 771 5648 sed
821 5594 1098 5660 reperitur
1148 5590 1202 5644 in
1249 5587 1406 5644 codd.
1446 5585 1714 5641 Gemetie.
1749 5595 1803 5638 et
1841 5581 2015 5636 Cade-

431 5680 625 5806 Μίῗῶ
650 5731 807 5792 Libb.
833 5741 994 5788 antea
1025 5729 1179 5801 editi,
1216 5748 1235 5783 ι
1257 5728 1451 5786 ollerat
1482 5741 1548 5781 cx
1582 5723 1928 5788 animalibus,
1969 5721 2018 5775 id

1865 273 2203 343 (iltltiENlS‘,

3545 230 3670 286 “2'

2148 391 2469 462 Synagoga',
2510 382 2584 434 περι
2634 391 2726 462 pro
2764 369 2940 423 anima
2993 379 3108 432 quae
3160 375 3224 414 ex
3256 353 3449 427 populo
3497 364 3651 418 ten-ca

2147 445 2430 530 peccaverit
2458 445 2571 505 non
2605 445 2889 500 voluntate.

2148 517 2196 609 ί.
2242 546 2507 618 Superior
2548 538 2764 610 quidem
2814 532 2880 586 de
2914 523 3182 596 principio
3208 517 3438 574 Levitici
3469 518 3647 583 dispu-

2077 648 2212 702 tatio
2246 640 2463 698 edocuit
2511 649 2610 687 nos
2666 630 2836 691 legem
2873 617 3298 675 Sacrificiorum,
3333 606 3497 677 188
3530 621 3657 674 quae

2081 709 2305 794 munera
2335 729 2703 801 appellantur,
2731 723 2788 772 ut
2812 716 2854 769 si
2892 713 3058 766 homo
3085 719 3281 759 munus
3315 699 3558 762 offerret,
3587 713 3657 750 ex

2074 787 2485 885 avt-ii-nialibus'id
2517 815 2757 871 oll'erret,
2807 804 2909 858 hoc
2959 808 3045 852 est
3088 811 3153 850 ex
3207 792 3383 885 bobus
3409 787 3544 860 (l8),
3571 788 3661 842 vel

2073 918 2286 978 ovibus,
2318 911 2403 966 vel
2438 907 2603 962 etiam
2632 896 2852 967 capris;
2879 893 2921 946 si
2957 903 3088 945 vero
3133 901 3202 941 ex
3239 880 3456 942 avibus,
3481 887 3660 932 turtu-

2389 1009 2484 1054 aut
2511 997 2649 1052 duos
2673 989 2849 1060 pullos
2873 980 3216 1039 columhiuos
3253 975 3566 1030 adhiberet.
3597 967 3663 1023 Si

2075 1113 2204 1153 vero
2231 1061 2413 1149 anima
2446 1090 2641 1144 offerat
2669 1093 2885 1138 munus,
2925 1074 3166 1128 similam
3193 1066 3414 1122 offerret
3459 1079 3524 1116 ex
3562 1061 3667 1114 cli-

2076 1193 2240 1253 bano,
2278 1187 2332 1241 id
2359 1191 2446 1239 est
2481 1191 2648 1251 panes
2684 1189 2749 1228 ex
2803 1169 2984 1226 simila
3030 1177 3273 1234 azymos,
3301 1167 3394 1213 aut
3425 1156 3662 1209 similam

2075 1283 2200 1337 oleo
2239 1244 2592 1344 conspersum
2639 1281 2704 1320 ex
2751 1257 3031 1328 sartagine
3059 1253 3147 1308 vel
3175 1253 3336 1304 etiam
3367 1244 3662 1301 craticula.

2078 1372 2138 1427 Si
2170 1379 2354 1424 autem
2378 1338 2726 1420 sacrificium
2778 1349 2972 1406 offerat
3020 1342 3408 1414 primitiarum,
3451 1340 3517 1391 de
3553 1338 3668 1405 pri-

2079 1463 2251 1519 mitiis
2285 1459 2500 1528 frugum
2528 1449 2668 1522 (l9),
2704 1455 2764 1499 ut
2805 1439 2983 1498 simila
3011 1438 3081 1491 sit
3125 1448 3338 1496 recens,
3379 1430 3430 1483 id
3465 1438 3547 1483 est
3571 1442 3670 1480 no-

2081 1571 2170 1620 va,
2207 1551 2318 1623 igni
2353 1521 2570 1619 q—uoque
2597 1555 2716 1596 eam
2744 1533 2937 1590 torreri
2969 1528 3101 1591 vult,
3137 1536 3190 1581 et
3218 1523 3397 1578 medio
3434 1521 3660 1574 fractam

2079 1615 2322 1710 esse,-ne
2350 1615 2583 1694 multum
2610 1631 2937 1686 minutatum
2965 1622 3062 1691 sit,
3094 1620 3220 1688 quia
3245 1615 3495 1686 primitia:
3509 1622 3654 1680 sunt,

2013 1751 2052 1804 Β
2082 1747 2136 1794 et
2158 1709 2294 1791 bene
2323 1737 2553 1802 purgata
2580 1726 2672 1781 sit.
2700 1721 2890 1778 Oleum
2922 1729 3142 1783 quoque
3171 1720 3223 1764 et
3253 1711 3378 1764 llius
3401 1719 3456 1762 ut
3490 1709 3652 1773 impo-

2085 1837 2284 1886 nantur
2329 1837 2492 1892 super
2543 1833 2662 1873 eam
2692 1855 2707 1880 ,
2771 1821 2826 1866 et
2877 1807 2963 1862 sic
3019 1805 3298 1860 ollerator.
3347 1802 3415 1854 At
3462 1814 3590 1852 vero
3618 1799 3662 1850 si

2085 1921 2205 1991 quis
2236 1915 2350 1989 (20)
2379 1890 2934 1968 olleratsacrilicium
2982 1899 3241 1960 salutare,
3277 1911 3341 1949 cx
3379 1891 3556 1947 bobus
3585 1890 3670 1956 ju-

2087 1985 2496 2072 beturvot‘lerre,
2535 2003 2616 2056 vel
2672 1999 2834 2054 etiam
2871 2009 2939 2048 ex
2981 1993 3175 2046 ovibus
3217 1989 3332 2042 sive
3379 1985 3586 2053 capris,
3619 1991 3673 2034 et

2086 2102 2330 2172 eitceptis
2361 2098 2443 2152 his
2477 2094 2682 2149 nullum
2715 2088 2863 2143 aliud
2895 2082 3155 2138 sacrificii
3187 2093 3356 2149 genus
3378 2074 3671 2129 substitui-

2091 2209 2180 2252 tur
2224 2171 2276 2246 iu
2328 2184 2654 2244 salutaribus
2701 2179 2918 2235 hostiis.
2955 2177 3090 2231 Nam
3131 2187 3230 2242 pro
3277 2171 3520 2239 peccatis
3557 2183 3667 2217 non

2087 2280 2413 2341 voluntariis
2446 2275 2581 2346 (2|),
2615 2269 2946 2344 generaliter
2988 2265 3208 2334 quidem
3236 2262 3418 2315 anima
3441 2260 3669 2329 jubetur

2091 2377 2312 2437 offerre,
2343 2382 2399 2428 et
2440 2378 2559 2441 post
2601 2366 2720 2420 haec
2773 2377 2871 2432 per
2918 2360 3164 2415 diversas
3207 2355 3332 2418 itur,
3370 2353 3666 2420 variasque

2089 2486 2390 2542 personas:
2418 2477 2470 2520 et
2523 2463 2769 2535 jubetur,
2817 2457 2862 2511 si
2909 2453 3131 2524 quidem
3181 2447 3431 2520 pontifex
3460 2447 3534 2500 sit
3571 2445 3662 2513 qui

2090 2538 2338 2634 deliquit,
2368 2568 2422 2615 et
2452 2555 2613 2612 oﬂ'ert
2644 2547 2976 2608 sacriﬁcium
3024 2560 3123 2614 pro
3166 2551 3410 2613 peccato,
3439 2550 3498 2594 ut
3533 2538 3672 2592 vitu-

2093 2657 2202 2709 lum
2226 2633 2229 2634 7
2250 2654 2304 2709 in
2360 2649 2740 2706 holocaustum
2772 2638 2989 2703 otl‘erat,
3022 2636 3118 2692 sed
3151 2651 3256 2689 non
3305 2649 3370 2687 eo
3403 2633 3536 2696 ritu,
3563 2646 3672 2699 quo

2092 2749 2244 2803 illum
2277 2759 2375 2815 pro
2406 2753 2632 2797 munere
2653 2735 2868 2792 obtulit.
2889 2733 2961 2786 De
2989 2731 3095 2785 hoc
3127 2728 3274 2782 enim
3309 2735 3515 2779 tantum
3551 2721 3670 2775 adi«

2096 2851 2215 2907 pes,
2248 2811 2304 2889 et
2339 2832 2477 2888 duos
2525 2842 2684 2883 renes
2717 2839 2842 2880 cum
2907 2817 3155 2889 adipibus
3195 2815 3330 2880 suis,
3370 2825 3423 2868 et
3458 2811 3673 2880 adipem

2093 2904 2184 2998 qui
2212 2927 2346 2997 tegit
2375 2922 2661 2983 interiora,
2689 2919 2928 2987 imponet
2968 2925 3135 2980 super
3185 2908 3357 2962 altare
3410 2904 3670 2959 bolocau~

2095 2994 2326 3075 stomun.
2382 3017 2456 3071 De
2501 3011 2779 3081 sanguine
2807 3019 3028 3077 quoque
3075 3000 3192 3068 ejus
3231 3001 3508 3068 iutingeus
3533 2994 3675 3064 digi-

2097 3123 2208 3167 tum
2257 3123 2437 3172 suum,
2494 3103 2759 3177 respergit
2807 3097 3011 3166 septies
3057 3101 3247 3146 contra
3283 3091 3676 3149 Dominum,et

2095 3202 2219 3255 linit
2253 3215 2318 3254 ex
2351 3211 2418 3252 eo
2451 3208 2660 3250 cornua
2699 3187 2891 3244 altaris
2944 3185 3174 3240 incensi.
3205 3181 3448 3235 Caeteros
3496 3189 3676 3230 autem

2097 3305 2294 3348 carnes
2329 3304 2452 3344 cum
2496 3283 2668 3346 corio,
2692 3291 2748 3335 et
2789 3275 3106 3336 interaneis,
3135 3284 3189 3329 et
3228 3281 3470 3326 stercore
3518 3281 3676 3322 extra

2099 3384 2281 3443 castra
2308 3381 2421 3450 igni
2443 3375 2680 3433 cremari
2700 3374 2855 3443 jubet
2892 3371 2944 3424 in
2974 3373 3092 3425 loco
3117 3362 3678 3422 mundo.'0bservau-

2098 3477 2226 3531 dum
2253 3489 2384 3527 sane
2414 3479 2521 3537 est,
2549 3465 2695 3538 quod
2732 3465 2783 3518 in
2821 3474 3044 3531 peccato
3077 3458 3350 3530 pontiﬁcis
3381 3471 3484 3509 non
3518 3451 3674 3506 addi-

2099 3569 2178 3622 dit
2207 3565 2502 3635 lcgislalor,
2534 3561 2660 3630 quia
2685 3574 2781 3628 per
2805 3554 3196 3625 ignorantiam,
3231 3558 3326 3603 aut
3350 3562 3456 3601 non
3486 3545 3674 3598 volun-

2101 3670 2214 3714 tate
2246 3652 2581 3728 peccaverit.
2615 3649 2801 3719 Neque
2832 3648 2978 3701 enim
3005 3645 3203 3700 cadere
3237 3639 3548 3708 ignorantia
3579 3649 3676 3704 po-

2106 3761 2210 3806 test
2241 3749 2356 3819 (22)
2391 3748 2444 3800 in
2491 3761 2636 3808 eum,
2679 3741 2770 3810 qui
2813 3748 2869 3792 ut
2923 3746 3152 3791 caeteros
3209 3736 3451 3792 doceret,
3490 3741 3686 3797 prove-

2113 3817 2360 3896 ctus‘est.
2390 3837 2444 3892 Si
2477 3843 2658 3888 autem
2695 3830 2862 3884 totius
2912 3826 3213 3896 Synagogze
3243 3831 3531 3892 peccatum
3569 3817 3683 3872 fuev

2103 3935 2194 3995 rit,
2225 3929 2454 3985 vitulum
2480 3924 2836 3980 nihilominus
2870 3922 2924 3973 iu
2970 3918 3347 3974 holocaustum
3389 3911 3676 3982 Synagoga

2094 4023 2318 4091 jubetur
2341 4015 2564 4073 ollerre.
2591 4012 2697 4068 Sed
2730 4013 2781 4065 ir.
2810 4017 3032 4080 peccato
3055 4009 3356 4078 Synagogac
3378 3997 3636 4055 dicitur“l
3664 4036 3678 4049 .

2106 4132 2125 4167 ί
2151 4113 2208 4168 Si
2241 4108 2598 4182 ignoraverit,
2624 4115 2678 4159 et
2708 4101 2932 4157 latuerit
2964 4099 3188 4155 verbum
3214 4099 3280 4151 ab
3312 4093 3487 4149 oculis
3511 4091 3684 4162 Syna-

2101 4220 2272 4276 gogae,
2307 4209 2362 4257 et
2392 4199 2585 4255 fecerit
2608 4213 2776 4253 unum
2813 4193 2881 4247 ab
2912 4191 3168 4276 omnibus
3199 4187 3474 4244 mandatis
3506 4184 3686 4238 Domi-

2104 4271 2364 4366 ni,'quod
2409 4308 2517 4347 nun
2567 4291 2679 4347 fiet.
2714 4309 2734 4342 ι
2783 4289 2939 4345 Unde
2964 4271 3205 4356 lapparet
3247 4281 3409 4336 etiam
3465 4289 3683 4331 omnem

2108 4364 2449 4459 Synagogam
2473 4399 2630 4454 posse
2661 4382 2979 4450 delinquere
3000 4393 3095 4448 per
3121 4370 3510 4445 ignorantiam.
3535 4364 3690 4433 Quod

2033 4450 2076 4504 Β
2107 4490 2161 4534 et
2205 4479 2466 4533 Dominus
2507 4475 2796 4531 conﬁrmat
2829 4473 2880 4526 in
2913 4467 3225 4538 Evangeliis
3259 4479 3382 4518 cum
3427 4459 3560 4513 dicit
3590 4457 3634 4488 ⁸⁵
3669 4473 3683 4508 :

2111 4589 2129 4622 ι
2153 4571 2334 4634 Pater,
2353 4569 2570 4624 remitte
2593 4566 2722 4628 illis,
2743 4580 2848 4618 non
2876 4564 3023 4619 enim
3049 4559 3234 4614 sciunt
3262 4554 3392 4626 quid
3419 4551 3682 4606 faciunt.»

2107 4661 2262 4729 Quod
2287 4661 2332 4717 si
2367 4660 2620 4731 princeps
2652 4657 2819 4713 fuerit
2848 4653 2942 4726 qui
2968 4649 3132 4708 oll‘ert
3167 4645 3404 4704 hostiam
3441 4657 3539 4715 pre
3572 4654 3692 4711 pec-

2043 4842 2087 4873 ”
2115 4839 2248 4894 Luc.
2274 4852 2438 4901 χχιιι,
2467 4835 2558 4890 54.

2113 5015 2335 5070 offerret
2377 5029 2445 5068 ex
2495 5011 2688 5078 bobus,
2714 5028 2734 5062 ι
2783 5008 2877 5064 sed
2920 5020 3112 5062 omnes
3157 5019 3290 5060 mss.
3328 5011 3388 5058 ut
3413 5001 3466 5056 in
3503 5009 3692 5054 nostro

2117 5097 2298 5226 ωἲῖἒί)
2323 5152 2455 5209 Cod.
2489 5151 2814 5226 Sangerm,
2838 5166 2858 5200 ς
2884 5147 2951 5226 d_e_
2970 5146 3160 5226 primis
3189 5144 3531 5226 fructibus.)
3556 5139 3689 5226 god.

2110 5210 2401 5288 Geluetie.,
2436 5224 2533 5277 «de
2564 5210 2756 5292 primis
2792 5210 3123 5292 frugibusid
3148 5214 3360 5292 oﬂ‘eratﬂ,
3383 5210 3689 5288 utsituila.»

2112 5280 2244 5352 (iud.
2280 5280 2530 5356 Cadom.,
2564 5280 2672 5345 ide
2708 5280 2902 5358 primis
2922 5287 3175 5358 frugibus
3197 5282 3498 5358 ntellerat,
3528 5289 3586 5333 ut
3621 5280 3693 5358 si-

2108 5348 2258 5422 mila.
2286 5348 2308 5418 ί
2341 5363 2473 5417 Cod.
2519 5348 2838 5427 Beccensis,
2876 5377 2895 5410 ι
2922 5359 2986 5413 de
3013 5348 3211 5424 primis
3241 5353 3490 5423 frugibus
3521 5359 3580 5404 ut
3612 5348 3688 5401 of-

2111 5439 2250 5491 l'erat
2282 5437 2333 5490 in
2364 5433 2566 5488 simila.
2595 5452 2614 5485 ι

2186 5488 2463 5588 (20)Cod.
2495 5502 2811 5574 Sangertn.,
2844 5517 2861 5550 ι
2891 5507 2944 5553 et
2973 5497 3050 5552 sic
3087 5493 3358 5550 offeratur
3387 5508 3415 5547 a
3446 5492 3590 5546 viro.‘
3629 5488 3692 5544 Si

2157 5592 2257 5631 tlIS.
2283 5597 2301 5628 1

2115 5595 2147 5648 q
2191 5648 2298 5711 (2|)
2335 5645 2497 5708 ldem,
2530 5663 2547 5693 ί
2574 5659 2676 5695 non
2708 5641 2887 5711 solum
2914 5635 3250 5711 voluntariis.
3281 5653 3296 5684 ι

2195 5706 2307 5786 (ῐῖἳῖ)
2341 5706 2506 5779 ldum,
2544 5733 2560 5764 t
2587 5721 2780 5782 potest.
2814 5729 2831 5761 ›
2867 5708 3026 5764 Libb.
3061 5706 3212 5770 editi,
3247 5711 3519 5774 tpulet‘ut.
3546 5721 3564 5752 ι
