4106 6246
283 366 387 421 U5

1456 350 1521 404 IN
1565 344 1946 404 LEVITICUM
1988 342 2272 400 IIOMIIJA
2309 341 2370 396 ll.

3431 329 3538 382 «il-fl

278 493 432 546 cato,
467 483 680 536 hircum
715 495 782 533 ex
819 479 996 548 capris
1019 479 1240 548 jubetur
1281 474 1500 538 olferre,
1557 488 1662 526 tton
1712 468 1860 524 ltulo-
1893 471 1934 528 Α
1971 465 2106 518 ritus
2165 463 2280 518 Dei.
2318 457 2562 514 Stultitia
2593 456 2740 510 enim
2771 461 2851 507 est
2882 453 2983 518 illi,
3021 461 3074 504 et
3104 464 3206 503 non
3249 457 3416 517 potest
3453 450 3538 501 in-

286 583 559 636 caustnm,
591 572 686 624 sed
723 581 925 624 tantum
965 579 1025 623 ut
1070 569 1139 624 de
1172 570 1436 638 sanguine
1471 564 1589 633 ejus
1620 564 1864 630 intponat

288 664 554 720 sacerdos
585 677 750 730 super
775 663 965 725 altare,
1002 669 1056 714 et
1087 675 1302 713 omnem
1335 658 1549 723 adipem
1576 655 1692 722 ejus
1733 652 1864 704 oﬂ‘e-

295 765 380 811 rat
416 757 465 808 in
500 753 659 806 altari
689 770 703 806 :
734 752 1001 818 reliquum
1039 761 1217 805 atttettt
1259 747 1635 804 sacerdotibus
1685 759 1865 796 rema-

296 858 419 901 neat
452 844 564 916 (ἳό)
593 843 660 896 ad
689 843 986 907 edendum,
1022 842 1283 911 sanguine
1318 850 1528 895 tanlttnt
1575 839 1641 891 ad
1690 837 1862 890 basim

293 939 482 992 altaris
513 933 704 990 elfuso.
744 935 801 988 Si
835 949 965 989 vero
1010 935 1191 988 aninta
1255 934 1441 994 fuerit,
1500 931 1695 998 inquit,
1758 945 1863 981 una

292 1044 411 1096 qua:
444 1026 603 1080 oll'ert
641 1040 738 1094 pro
789 1035 1038 1093 peccato,
1071 1040 1293 1093 capram
1331 1025 1586 1078 l'entinam
1623 1020 1818 1074 oﬂ‘erat
1848 1037 1861 1072 :

293 1119 398 1170 ritu
438 1114 647 1169 scilicet
692 1117 906 1178 eodem,
936 1130 1044 1183 quo
1082 1115 1293 1169 hircum
1337 1113 1588 1182 superius
1631 1111 1866 1164 diximus

293 1208 629 1261 immolatum
660 1225 671 1260 :
703 1226 721 1258 ι
754 1206 906 1272 Quod
939 1206 984 1260 si
1028 1221 1132 1260 non
1179 1206 1424 1269 valuerit,
1451 1202 1708 1273 inquit”,
1752 1218 1868 1253 nta-

296 1311 398 1348 nus
424 1295 540 1362 ejus
567 1315 586 1346 ι
618 1295 684 1348 ad
710 1310 956 1363 capram,
985 1295 1067 1349 vel
1095 1295 1162 1348 ad
1183 1310 1399 1362 agnum,
1430 1312 1449 1344 ι
1475 1310 1572 1361 par
1597 1304 1865 1346 turturum

293 1385 509 1453 oll'eret,
537 1396 628 1439 aut
651 1387 784 1441 duos
811 1386 990 1455 pullos
1022 1386 1422 1440 columbarum.
1456 1405 1473 1434 ι
1510 1384 1664 1447 Quod
1693 1384 1735 1435 si
1769 1397 1869 1433 nec

296 1473 396 1527 hoc
435 1474 700 1537 inveniet,
736 1475 1006 1528 decimam
1057 1482 1269 1543 partem
1301 1474 1423 1537 ephi
1461 1472 1574 1538 (ﬁt)
1609 1469 1869 1538 similagi-

294 1565 377 1619 nis
417 1566 536 1619 sine
567 1566 686 1620 oleo
722 1575 776 1618 et
822 1565 940 1618 sine
969 1563 1134 1618 thure
1167 1565 1462 1616 mandatur
1493 1561 1708 1615 olIerre.
1747 1560 1868 1614 Ila-e

295 1655 512 1722 quidem
555 1654 710 1706 nobis
741 1652 955 1722 singula
993 1653 1163 1720 priori
1197 1651 1428 1705 lectione
1457 1653 1679 1704 recitata
1715 1661 1864 1713 sunt,

298 1761 486 1798 verum
524 1744 838 1813 explanatio
868 1758 1085 1808 eorum,
1120 1743 1377 1812 quoniam
1411 1754 1649 1810 tempore
1679 1742 1866 1794 esclu-

1968 554 2236 620 telligere,
2263 549 2387 620 quia
2411 545 2736 616 spiritaliter
2760 541 3115 610 dijudicatur.
3142 537 3414 605 Spiritalis
3437 552 3535 590 au-

1967 656 2075 697 tent
2107 642 2388 696 examinat
2406 638 2609 691 omnia.
2635 654 2652 686 ι
2676 634 2780 687 Iste
2804 647 2936 700 ergo
2959 631 3049 700 qui
3077 632 3255 682 anima
3289 628 3534 681 nomina-

1968 748 2074 800 tur,
2109 751 2212 788 non
2244 741 2418 802 potest
2454 728 2651 782 offerre
2689 725 2893 789 omnia,
2928 723 3053 792 quia
3082 721 3396 774 examinare
3428 734 3533 772 non

1970 827 2129 897 189
2157 833 2332 893 potest
2376 821 2598 875 omnia:
2634 820 2727 871 sed
2781 815 2939 870 olTert
2986 818 3156 868 solam
3205 812 3439 867 similam
3479 820 3538 864 et

1966 936 2131 990 panes
2175 932 2396 988 azymos
2425 956 2438 977 ,
2477 915 2528 968 id
2581 919 2704 974 est,
2753 923 3094 962 communem
3149 907 3289 959 hanc
3340 905 3537 966 vitam,

1967 1011 2114 1066 verbi
2150 1012 2344 1080 gratia,
2386 1009 2439 1060 in
2483 1003 2834 1076 agricultura,
2873 1001 3047 1053 autin
3089 996 3414 1063 navigando,
3447 1003 3538 1048 aut

1968 1107 2018 1159 in
2062 1103 2332 1172 aliquibus
2359 1097 2665 1152 conmtunis
2705 1078 3051 1148 vitte‘usibus
3095 1090 3346 1158 positam,
3384 1087 3544 1140 oﬂ'ert

1968 1210 2147 1251 tamen
2179 1193 2345 1247 etiam
2384 1192 2498 1257 ipse
2531 1201 2727 1240 munus
2759 1184 2870 1255 (ΞΤ)
2908 1184 3014 1236 Deo
3047 1221 3062 1243 ,
3111 1180 3237 1233 licet
3267 1179 3437 1231 solam
3467 1177 3540 1230 si-

1969 1289 2150 1342 milam
2202 1286 2415 1337 dicatur
2455 1279 2652 1332 ollerre
2719 1276 2836 1330 oleo
2901 1283 3109 1327 tantum
3161 1285 3538 1338 conspersam.

1968 1380 2156 1436 Omnis
2182 1377 2326 1430 enim
2373 1373 2552 1426 anima
2604 1377 2726 1438 eget
2752 1368 2872 1420 oleo
2900 1366 3096 1418 divitne
3127 1363 3538 1422 misericordiae,

1972 1485 2070 1524 nec
2100 1475 2422 1537 pra-sentem
2453 1465 2614 1517 vitam
2645 1463 2881 1516 evadere
2908 1459 3173 1528 quispiam
3211 1465 3408 1525 potest,
3439 1455 3540 1508 nisi

1969 1564 2016 1615 ei
2065 1561 2240 1614 oleum
2293 1557 2530 1613 caelestis
2567 1551 2934 1608 miserationis
2986 1548 3238 1602 adfuerit.
3290 1546 3543 1601 Secundo

1968 1655 2021 1707 itt
2057 1654 2190 1711 loco,
2228 1650 2616 1717 primitiarum,
2652 1647 2702 1698 id
2731 1653 2815 1699 est
2846 1647 2911 1698 de
2947 1642 3115 1695 initiis
3142 1640 3349 1709 frugum
3392 1656 3544 1692 man-

1969 1747 2128 1800 datur
2156 1743 2382 1798 oblatio.
2432 1741 2586 1805 Quod
2617 1780 2630 1804 ,
2676 1738 2720 1791 si
2775 1736 2910 1791 bene
2961 1734 3317 1797 meministis,
3356 1732 3406 1785 itt
3455 1734 3543 1785 die

297 1835 586 1899 debamnr,
619 1835 820 1889 omissa
856 1845 962 1899 est,
992 1835 1059 1888 de
1089 1851 1192 1902 qua
1226 1849 1365 1886 nunc
1402 1834 1588 1900 paucis
1619 1847 1862 1884 conmto-
1901 1819 1938 1871 Β
1969 1835 2319 1889 Pentecosles
2351 1831 2464 1884 ﬁeri
2502 1829 2586 1882 lex
2617 1825 2793 1895 jubet.
2815 1825 2871 1876 ltt
2898 1837 3005 1891 quo
3029 1821 3140 1874 illis
3168 1820 3324 1890 plane
3353 1819 3542 1872 ttntbra

301 1940 430 1977 nere
461 1927 732 1980 studiosos
761 1941 1027 1995 quosque,
1070 1936 1124 1978 et
1169 1939 1264 1978 eos
1310 1925 1397 1992 qui
1428 1924 1592 1977 etiam
1626 1923 1865 1992 praeteri-

301 2023 477 2069 tarum
525 2017 870 2070 meminerint
897 2016 1210 2080 lectionum,
1245 2015 1537 2069 absurdum
1571 2031 1677 2068 non
1713 2025 1862 2083 puto,

299 2120 610 2174 quanquam
653 2108 720 2161 ad
755 2123 818 2160 ea
846 2122 966 2177 qua:
1016 2123 1190 2176 nuper
1232 2107 1455 2160 recitata
1493 2115 1638 2174 sunt,
1672 2122 1865 2176 urgea-

295 2211 440 2249 ιιιιιΓ.

365 2287 420 2340 2.
463 2288 530 2343 Et
562 2291 738 2358 primo
779 2292 937 2344 velim
984 2291 1174 2344 videre
1213 2304 1334 2357 qua:
1367 2289 1435 2343 sit
1485 2289 1582 2341 ista
1613 2287 1862 2342 dill'eren-

298 2379 394 2442 tia,
430 2381 572 2450 quod
617 2382 721 2435 alia
771 2382 992 2451 quidem
1027 2383 1302 2436 hominem
1344 2382 1473 2435 dicit
1511 2382 1729 2442 oll'erre,
1759 2380 1861 2432 alia

297 2472 559 2536 animant,
613 2475 714 2527 alia
771 2475 1104 2543 pontiﬁcem,
1154 2475 1262 2526 alia
1321 2473 1697 2543 Synagogatn,
1761 2473 1863 2524 alia

297 2563 620 2631 principem,
654 2565 757 2618 alia
794 2582 954 2620 unam
991 2567 1225 2620 animam
1250 2581 1317 2619 ex
1365 2565 1559 2633 populo
1595 2576 1772 2616 terrae.
1800 2563 1865 2617 Et

299 2663 429 2720 puto
462 2656 682 2724 quidem
721 2659 996 2713 hominem
1042 2658 1196 2712 illuttt
1242 2659 1440 2712 debere
1489 2657 1738 2727 intelligi,
1771 2657 1865 2726 qui

301 2747 370 2800 ad
408 2746 698 2818 imaginem
734 2760 786 2820 et
824 2751 1234 2805 similitudinem
1265 2751 1357 2804 Dei
1392 2749 1592 2813 factus,
1623 2751 1865 2803 rationa-

301 2835 484 2892 biliter
520 2837 675 2895 vivit.
714 2839 811 2895 Hic
850 2855 980 2894 vero
1015 2852 1210 2892 munus
1254 2836 1411 2891 oll‘ert
1464 2834 1572 2889 Deo
1619 2837 1864 2900 vitulum,
1900 2905 1902 2907 _

301 2944 422 2983 eum
456 2932 635 2985 carnis
679 2932 990 3000 superbiam
1021 2931 1238 2984 vicerit.
1271 2929 1460 2992 Ovem,
1498 2945 1620 2984 cum
1649 2929 1869 2983 irratio—

302 3019 509 3076 nabiles
553 3033 731 3077 motus
777 3023 1204 3092 insipientesque
1251 3024 1576 3077 correxerit.
1614 3021 1865 3086 llmdunt,

302 3129 425 3166 cum
454 3113 734 3179 lasciviant
780 3116 1138 3182 superaverit.
1172 3113 1342 3170 Oll‘ert
1367 3115 1527 3185 etiam
1569 3130 1664 3183 par
1691 3113 1867 3168 turtu—

304 3219 446 3268 rum,
479 3222 602 3258 cun‘t
633 3222 738 3260 non
780 3208 942 3261 fuerit
970 3209 1140 3272 solus,
1173 3208 1267 3262 sed
1301 3218 1534 3261 mentem
1565 3223 1718 3261 suam
1749 3223 1868 3260 ver-

303 3294 372 3345 bo
399 3293 492 3346 Dei
518 3295 660 3348 velut
686 3311 813 3349 vero
843 3295 954 3365 (9.5)
993 3297 1205 3366 conjugi
1246 3294 1556 3357 sociaverit,
1595 3295 1737 3348 sicut
1764 3293 1868 3346 huc

299 3396 476 3454 genus
503 3385 706 3449 avium,
739 3402 901 3438 unum
934 3389 1134 3441 dicitur
1157 3397 1208 3440 et
1241 3399 1454 3442 castum
1487 3399 1708 3440 servare
1734 3400 1867 3438 con-

293 3475 529 3544 jugiunt.
563 3475 731 3530 Olfert
761 3477 926 3530 etiam
976 3488 1030 3530 et
1074 3479 1208 3532 duos
1253 3477 1428 3546 pullos
1473 3477 1866 3538 columbarum,

294 3580 421 3616 cunt
484 3575 538 3619 et
589 3567 702 3634 ipse
765 3567 1097 3620 intellexerit
1165 3566 1516 3636 mysterium,
1565 3582 1670 3632 quo
1728 3565 1870 3618 oettli

299 3667 521 3722 sponsa:
573 3656 715 3708 sicut
777 3656 1044 3709 colutnbze
1092 3655 1345 3707 dicuntur
1401 3654 1467 3707 ad
1507 3655 1872 3720 plenitudines

299 3762 585 3814 aquarum,
613 3758 664 3801 et
690 3748 888 3800 collum
914 3746 1032 3813 ejus
1056 3747 1197 3799 sicut
1236 3747 1463 3797 turturis
1483 3747 1552 3800 ⁵⁸.
1591 3745 1714 3799 llaec
1745 3761 1872 3814 ergo

301 3847 427 3891 sunt
471 3837 707 3892 hominis
755 3843 1055 3892 secundum
1115 3837 1258 3905 quod
1293 3854 1455 3904 supra
1500 3839 1871 3905 exposuimus,

303 3945 549 3985 munera.
584 3930 790 3984 Animae
821 3941 1001 3984 autem
1037 3945 1286 3994 munera,
1311 3931 1470 3998 longe
1499 3929 1753 3983 inferiora
1782 3930 1874 3982 dc-

308 4018 519 4072 scribit.
573 4020 766 4074 Anima
812 4021 925 4075 ha-c
977 4035 1156 4089 neque
1211 4021 1436 4074 vitulum
1483 4021 1665 4084 habet,
1699 4037 1874 4090 neque

299 4124 478 4176 ovem,
505 4127 677 4179 neque
709 4113 927 4166 hnedunt
970 4129 1129 4181 quem
1159 4110 1344 4166 offerat
1389 4113 1536 4167 Deo:
1563 4114 1657 4166 sed
1681 4127 1746 4190 ne
1779 4129 1874 4182 par

299 4202 516 4272 quidem
549 4211 845 4266 turturum,
875 4217 970 4257 aut
1020 4205 1153 4258 duos
1187 4204 1361 4274 pullos
1414 4205 1617 4257 invenit
1664 4185 1874 4258 col-unt-

301 4294 516 4349 barunt.
554 4293 800 4348 Similatn
842 4307 1049 4350 tantum
1089 4299 1273 4360 habet,
1304 4313 1369 4351 ex
1405 4297 1520 4365 ipsa
1554 4313 1719 4366 panes
1749 4313 1876 4367 azy-

303 4401 425 4441 mos
449 4386 605 4440 olfert
637 4403 664 4438 a
694 4387 929 4451 clibano,
965 4405 1031 4441 ex
1058 4391 1170 4456 ipsa
1204 4393 1256 4442 in
1309 4391 1580 4458 sartagine
1623 4403 1756 4457 opus
1795 4390 1875 4441 fa-

1972 1927 2093 1980 data
2127 1932 2209 1978 est
2234 1961 2250 1986 ,
2282 1921 2442 1975 nobis
2469 1928 2646 1972 autem
2676 1916 2879 1969 veritas
2919 1919 3190 1966 reservata
3227 1917 3330 1963 cst.
3369 1907 3426 1961 In
3452 1907 3544 1962 die

1972 2017 2114 2071 enim
2145 2014 2494 2068 Pcntecostes
2521 2009 2705 2063 oblato
2753 2004 3060 2059 orationum
3095 2000 3387 2062 sacriﬁcio,
3438 1999 3544 2067 pri-

1970 2107 2153 2165 mitias
2177 2102 2515 2158 advenientis
2547 2099 2722 2155 sancti
2756 2096 2989 2164 Spiritus
3021 2093 3390 2161 apostolorunt
3427 2104 3548 2144 sus-

1965 2199 2114 2268 cepit
2157 2195 2424 2251 Ecclesia.
2474 2191 2540 2244 Et
2577 2205 2702 2244 vere
2735 2190 2847 2243 htec
2881 2186 3102 2238 fuerunt
3135 2181 3390 2243 recentia,
3421 2181 3545 2246 quia

1969 2297 2089 2342 erat
2138 2300 2338 2341 novum
2362 2326 2377 2349 ,
2427 2281 2568 2336 unde
2610 2290 2663 2334 et
2697 2287 2876 2332 ntuslo
2911 2274 3098 2343 repleti
3133 2273 3454 2327 dicebantur
3479 2270 3543 2322 ⁵³.

1975 2399 1994 2433 ι
2032 2380 2143 2448 lgni
2183 2387 2345 2431 tosta.
2386 2395 2403 2426 ι
2447 2375 2618 2442 Ignea:
2654 2383 2886 2438 namque
2927 2366 3124 2435 linguae
3159 2379 3324 2432 supra
3359 2363 3546 2431 singu-

1973 2473 2050 2526 los
2076 2472 2456 2526 consederunt.
2495 2483 2513 2516 ι
2553 2464 2619 2518 Ει
2647 2463 2823 2515 medio
2854 2458 3048 2512 fracta.
3081 2477 3100 2510 ι
3135 2455 3548 2523 Frangc'oantur

1971 2564 2114 2618 enim
2139 2561 2336 2624 media,
2363 2574 2485 2612 cum
2516 2556 2692 2608 littera
2723 2549 3080 2620 separabatur
3115 2562 3144 2600 a
3181 2546 3395 2614 spiritu.
3435 2561 3452 2594 ι
3485 2543 3549 2596 Et

1973 2659 2109 2711 bene
2143 2660 2392 2722 purgata.
2425 2669 2442 2700 t
2470 2648 2674 2717 Pot-gat
2700 2655 2934 2710 namque
2967 2654 3161 2695 omnes
3191 2639 3380 2692 sordes
3413 2651 3550 2704 prm-

1972 2747 2143 2802 scntia
2172 2743 2348 2798 sancti
2383 2740 2640 2809 Spiritus,
2674 2733 3056 2790 remissionem
3089 2731 3334 2784 tribuens
3357 2741 3550 2796 pecca-

1975 2848 2170 2892 torum.
2199 2834 2387 2889 Oleum
2423 2844 2638 2900 quoque
2682 2825 3074 2881 misericordia:
3117 2822 3241 2877 huic
3275 2818 3549 2875 sacrilieio

1975 2927 2277 2983 infunditur
2297 2966 2312 2988 ,
2342 2933 2398 2978 et
2430 2927 2554 2975 thus
2582 2919 2899 2983 suavitatis,
2930 2933 3023 2988 per
3049 2914 3191 2985 quod
3223 2911 3426 2967 Christi
3457 2911 3549 2963 hoc

1975 3035 2074 3075 nus
2103 3020 2236 3072 odor
2263 3015 2548 3072 eﬂicimur.
2579 3012 2707 3068 Post
2737 3013 2852 3066 lucc
2885 3011 2951 3064 de
2981 3007 3268 3062 sacriﬁciis
3294 3003 3548 3060 salutari-

1976 3113 2074 3165 bus
2099 3110 2251 3169 dicit,
2285 3123 2403 3178 quae
2441 3122 2505 3161 ex
2550 3103 2897 3167 animalibus,
2930 3103 2980 3156 id
3013 3111 3096 3154 est
3123 3099 3314 3163 bobus,
3346 3096 3427 3151 vel
3457 3111 3548 3150 ca-

1973 3203 2105 3273 pris,
2139 3211 2300 3269 atque
2327 3199 2518 3252 ovibus
2543 3195 2868 3257 otl'eruntur,
2891 3201 2944 3246 et
2974 3190 3108 3244 nihil
3134 3191 3216 3243 his
3243 3189 3386 3242 ultra
3414 3190 3548 3241 sub-

1973 3295 2217 3350 stituitur
2243 3292 2311 3344 ad
2346 3289 2757 3350 immolandum,
2785 3286 2878 3340 sed
2909 3300 2976 3338 ne
3005 3297 3130 3337 aves
3159 3281 3270 3351 (28)
3305 3281 3549 3349 quidem,

1972 3399 2092 3454 quae
2122 3382 2373 3450 superius
2404 3380 2454 3432 itt
2490 3376 2779 3432 ollcrendis
2822 3373 3140 3428 muneribus
3176 3371 3391 3424 fuerant
3422 3367 3551 3422 sub-

1973 3479 2196 3531 stitutre.
2230 3475 2332 3527 Iste
2367 3472 2510 3525 enim
2547 3470 2635 3538 qui
2673 3468 2940 3523 salutares
2975 3464 3184 3519 hostias
3213 3462 3396 3524 oll'ert,
3433 3461 3551 3515 sine

1975 3570 2138 3625 dubio
2178 3568 2289 3636 jam
2320 3581 2429 3620 suae
2457 3565 2650 3617 salutis
2681 3571 2766 3616 est
2799 3559 3055 3614 conscius
3082 3602 3092 3612 .
3126 3567 3182 3612 et
3213 3558 3333 3611 ideo
3362 3557 3452 3624 qui
3482 3559 3548 3608 ad

1974 3661 2204 3713 salutem
2239 3656 2508 3728 pervenit,
2529 3666 2754 3707 necesse
2784 3657 2868 3703 est
2897 3657 2954 3701 ut
2976 3664 3096 3717 quae
3127 3661 3320 3716 magna
3351 3658 3403 3698 et
3428 3661 3551 3714 pcr—

1980 3750 2116 3804 lecta
2162 3758 2286 3803 sunt
2337 3747 2550 3800 oll'erat.
2585 3744 2676 3798 Sic
2705 3742 2848 3796 enim
2881 3750 2937 3794 et
2965 3740 3254 3806 Apostolus
3299 3737 3430 3790 dicit
3456 3736 3502 3765 ’δ
3531 3753 3547 3789 :

1984 3859 2001 3890 ι
2033 3837 2402 3892 Perl‘eetorum
2429 3844 2608 3887 autem
2644 3840 2726 3886 est
2755 3830 2909 3882 cibus
2946 3827 3171 3881 solidus.
3206 3845 3224 3875 ι
3260 3823 3462 3877 Dehinc
3485 3825 3550 3874 ad

1975 3932 2276 3986 olferendas
2307 3944 2404 3998 pro
2435 3926 2668 3995 peccatis
2708 3923 2956 3978 victimas
2995 3920 3387 3974 sact'ilicioruttt
3418 3918 3552 3969 ordo

1974 4022 2225 4090 dirigitur
2249 4061 2263 4083 ,
2301 4021 2352 4072 in
2405 4034 2510 4087 quo
2544 4027 2598 4068 et
2630 4016 2870 4068 secundo
2903 4014 3103 4067 dicitur
3129 4012 3173 4042 ⁵⁸
3203 4025 3218 4064 :
3255 4027 3273 4058 ι
3315 4007 3552 4062 Locutus

1975 4124 2057 4169 est
2086 4113 2342 4166 Dominus
2370 4111 2434 4163 ad
2456 4110 2720 4178 Moysem,
2741 4107 2929 4160 dicens
2959 4124 2971 4159 :
2995 4105 3189 4157 Anima
3214 4113 3555 4171 quaecunque

1977 4205 2280 4274 peccaverit
2312 4219 2493 4256 coram
2541 4203 2770 4255 Domino
2796 4239 2810 4263 ,
2842 4216 2948 4253 non
2988 4196 3285 4248 voluntate.
3330 4211 3348 4244 t
3387 4191 3555 4244 Recte

1979 4297 2214 4349 animum
2247 4296 2422 4364 dicit.
2468 4309 2627 4362 quam
2667 4305 2895 4361 peccare
2927 4289 3205 4342 describit.
3243 4285 3358 4338 Non
3407 4283 3553 4335 enim

1979 4389 2228 4456 spiritum
2258 4395 2529 4447 vocasset,
2575 4400 2734 4452 quem
2788 4383 2993 4437 diceret
3045 4390 3391 4447 peccaturum
3418 4374 3553 4442 (29).

301 4485 469 4537 ctum,
509 4475 590 4529 vel
637 4475 688 4528 itt
725 4477 987 4530 craticula
1019 4479 1140 4531 oleo
1185 4480 1525 4548 perutistttn't.
1565 4478 1718 4533 Unde
1759 4479 1871 4550 (26)
1911 4486 1950 4538 D
1981 4480 2086 4534 Sed
2124 4495 2187 4532 ne
2223 4479 2491 4531 hominem
2523 4477 2736 4545 quidem
2772 4461 2914 4526 hunc
2963 4473 3201 4537 diceret,
3238 4471 3287 4522 in
3322 4483 3428 4536 quo
3462 4459 3579 4520 ne?

309 4569 520 4621 videtur
556 4569 685 4621 milti
720 4569 836 4622 bzec
882 4584 1003 4637 quae
1038 4569 1215 4623 anima
1254 4570 1517 4638 appellata
1569 4581 1674 4634 est,
1713 4573 1872 4625 homo

301 4660 414 4724 ille,
444 4674 605 4728 quem
642 4659 839 4716 Paulus
867 4663 1155 4716 animalem
1181 4663 1454 4716 hominem
1486 4663 1752 4726 nominat,
1788 4663 1868 4716 itt-

304 4750 658 4819 telligendus:
687 4752 777 4819 qui
809 4752 1018 4806 etiamsi
1063 4755 1299 4822 peccatis
1324 4767 1426 4805 non
1453 4763 1732 4821 urgeatur,
1769 4767 1869 4806 nec

302 4841 372 4895 sit
404 4856 642 4911 praeceps
671 4842 736 4895 ad
771 4843 922 4906 vitia,
959 4858 1063 4896 non
1087 4852 1266 4895 tamen
1302 4841 1464 4896 habet
1498 4842 1699 4910 aliquid
1726 4844 1777 4896 in
1811 4858 1870 4898 se

301 4932 570 4999 spiritale,
595 4943 650 4986 et
677 4937 818 5000 quod
852 4935 1148 5002 liguraliter
1176 4949 1372 4988 carnes
1402 4933 1564 4988 Verbi
1589 4933 1678 4988 Dei
1712 4949 1874 5002 repu-

309 5030 516 5074 tentur.
544 5021 633 5076 Sic
655 5023 799 5076 enim
837 5024 951 5090 ipse
975 5024 1040 5076 de
1057 5039 1123 5076 eo
1142 5022 1337 5077 Paulus
1354 5025 1628 5092 apostolus
1656 5023 1786 5079 dicit
1804 5027 1874 5090 δ’,

306 5113 428 5181 quia
457 5131 474 5161 ‹
505 5113 752 5166 animalis
775 5114 935 5166 homo
966 5129 1070 5166 non
1097 5115 1330 5183 percipit
1353 5131 1414 5170 ea
1447 5131 1566 5185 qua:
1590 5126 1719 5170 sunt
1752 5115 1873 5185 Spi-

376 5211 421 5240 ⁸⁰
451 5210 621 5264 Levit.
650 5225 704 5275 v,
728 5210 778 5261 7.
851 5211 894 5241 ⁸¹
923 5210 1078 5264 Cant.
1107 5227 1145 5271 ι,
1184 5211 1237 5277 9,
1269 5212 1355 5265 14.
1430 5213 1475 5244 δ’
1505 5212 1522 5267 l
1549 5212 1673 5270 Cor.
1705 5228 1768 5277 tt,
1805 5216 1870 5270 Η

302 5279 349 5309 ⁵⁸
375 5278 495 5334 Gal.
525 5297 580 5346 v,
602 5279 694 5333 εξ.
790 5279 833 5311 ⁸⁷
867 5279 987 5332 Gal.
1020 5297 1094 5343 vt,
1119 5282 1172 5336 8.

376 5396 494 5464 (25)
525 5395 696 5458 Idem,
724 5415 742 5447 ι
772 5405 1074 5450 remaneat.
1101 5414 1118 5449 t
1152 5396 1308 5452 Libb.
1338 5399 1490 5463 editi,
1527 5419 1544 5451 ι
1571 5411 1834 5456 remanet.
1854 5424 1869 5454 t

306 5467 494 5588 11ὶέξῗέι)
529 5465 729 5521 Omnes
777 5482 931 5532 ntss.,
975 5484 991 5516 ι
1015 5467 1160 5536 ephi.
1185 5488 1203 5520 ι
1243 5467 1398 5522 Libb.
1439 5471 1596 5534 editi,
1633 5493 1649 5523 ι
1683 5473 1823 5537 θίγω,
1852 5498 1868 5522 ,

377 5605 490 5672 (25)
518 5604 722 5674 Omnes
769 5621 928 5668 mss.,
961 5626 978 5656 ι
1010 5621 1162 5661 vero.
1188 5627 1222 5674 ι,
1257 5607 1412 5662 Lihb.
1444 5609 1597 5674 editi,
1636 5631 1652 5661 ι
1680 5612 1815 5666 viro.
1847 5634 1864 5666 ι

379 5673 489 5755 (ᾓϐ)
529 5673 698 5755 Quae.
746 5674 900 5730 Deest
939 5677 988 5728 in
1027 5686 1180 5733 antea
1216 5673 1418 5745 Deditis,
1451 5682 1541 5732 sed
1585 5673 1760 5736 ettstttt
1815 5686 1866 5734 in

313 5746 499 5800 codice
528 5744 806 5813 Sangcrnt.

1981 4587 2246 4640 quaquam
2295 4571 2473 4638 imago
2525 4569 2618 4621 Dei
2647 4577 2880 4636 peccato
2911 4563 3306 4618 interveniente
3334 4570 3556 4615 consta-

1979 4674 2080 4716 ret.
2114 4661 2228 4714 Non
2261 4676 2392 4728 ergo
2420 4668 2505 4714 est
2535 4659 2759 4728 spiritus
2792 4659 2878 4712 ille
2903 4657 2991 4725 qui
3022 4666 3244 4724 peccat:
3281 4671 3299 4698 ι
3327 4653 3555 4707 Fructus

1977 4756 2120 4807 enim
2157 4753 2380 4822 spiritus
2414 4762 2494 4805 est
2537 4756 2617 4820 (ut
2651 4751 2918 4804 describit
2944 4748 3235 4816 Apostolus
3259 4747 3327 4811 ")
3367 4745 3556 4798 chari-

1978 4855 2080 4912 tas,
2103 4847 2378 4914 gaudium,
2398 4861 2521 4912 pax,
2543 4843 2823 4912 patientia,
2856 4861 2874 4892 t
2910 4850 2963 4894 et
2991 4851 3184 4895 caetera
3219 4838 3302 4891 his
3331 4835 3554 4898 similia,

1979 4954 2097 5008 quae
2125 4937 2288 4991 etiam
2325 4936 2533 4989 fructus
2553 4935 2672 4988 vitae
2697 4932 3062 5001 appellantur.
3093 4928 3330 4996 Denique
3354 4937 3408 4980 et
3427 4924 3554 4980 alibi

1979 5027 2114 5083 dicit
2144 5027 2190 5058 ⁸⁷
2223 5048 2233 5080 :
2269 5044 2288 5076 ι
2331 5026 2431 5091 Qui
2466 5026 2697 5079 seminat
2731 5023 2782 5075 itt
2815 5035 3017 5082 carne,
3066 5021 3131 5073 de
3175 5033 3340 5072 carne
3388 5026 3556 5074 metet

1982 5117 2385 5186 corruptionem
2416 5131 2430 5178 ;
2462 5123 2514 5166 et
2549 5114 2638 5181 qui
2672 5113 2905 5167 seminat
2937 5112 2990 5164 itt
3017 5110 3234 5178 Spiritu,
3262 5109 3327 5161 de
3357 5106 3552 5176 spiritu

1992 5214 2168 5269 l“‘Act.
2202 5230 2270 5276 ιι,
2306 5211 2394 5266 l3.
2473 5210 2520 5241 ⁵³
2552 5210 2717 5263 llebr.
2748 5224 2809 5270 ν,
2845 5207 2927 5262 14.
3005 5207 3050 5237 ⁵⁵
3082 5202 3259 5258 Levit.
3292 5218 3377 5266 tv,
3414 5203 3467 5268 l,
3497 5201 3549 5256 2.

2036 5401 2166 5481 ,(27)
2188 5400 2364 5481 Codex
2393 5399 2706 5481 Sanger'mu
2740 5411 2759 5444 ι
2786 5392 2897 5461 ipse
2929 5406 3144 5444 munus.
3173 5409 3190 5441 ι
3222 5387 3374 5444 Libb.
3397 5387 3549 5449 editi,

1989 5487 2010 5521 ι
2036 5467 2424 5537 ἱίιειιίιιιιιιιίιις,
2463 5487 2480 5519 ι
2513 5467 2668 5519 male.

2054 5540 2165 5620 i128)
2193 5540 2322 5594 Cod.
2354 5540 2634 5608 Sangcrnt.
2662 5577 2676 5602 ,
2736 5553 2754 5586 ι
2790 5550 2935 5590 aves.
2972 5551 2990 5584 ι
3026 5529 3182 5585 Libb.
3215 5529 3368 5594 editi,
3423 5545 3441 5580 ι
3485 5535 3550 5581 de

1981 5612 2190 5663 avibus.
2230 5628 2246 5658 ι

2053 5679 2160 5750 {‘29)
2186 5679 2324 5731 idem
2370 5696 2466 5731 nus.
2509 5696 2524 5727 ι
2557 5688 2922 5746 peccaturum.
2957 5693 2973 5726 ι
3005 5671 3156 5729 Libb.
3188 5670 3341 5733 editi,
3369 5687 3386 5719 ι
3424 5682 3547 5736 pec-

1981 5759 2231 5801 eatot'ettt.
2274 5767 2292 5799 ι
2475 5756 2498 5765 ’⁵

1979 5759 2231 5803 eatot'ettt.
2274 5767 2292 5799 ι
2475 5756 2498 5765 ·’
