4106 6246
523 325 630 380 415

1987 326 2311 382 ORIGEMS

3688 321 3782 375 “6

520 456 684 500 metet
720 446 884 500 vitam
931 454 1213 500 :ctcrnam.
1257 465 1275 498 ι
1327 444 1596 512 Quoniam
1649 463 1778 519 ergo
1827 447 1966 502 alius
2016 459 2099 502 est
2130 456 2171 509 Α
2202 459 2348 503 cato.
2385 447 2490 503 Sed
2527 447 2618 503 ille
2647 446 2739 517 qui
2787 445 3013 501 oll‘ertur
3055 445 3108 500 in
3153 462 3378 503 munere
3413 456 3576 512 Super
3627 439 3788 509 190

517 537 609 605 qui
639 537 891 599 seminat,
916 545 970 588 et
997 535 1135 589 alius
1168 547 1251 590 est
1286 535 1339 589 in
1370 551 1477 606 quo
1504 538 1836 606 seminatur;
1867 539 2107 593 semina-

520 638 608 681 tur
638 637 815 679 autem
848 626 928 680 vel
984 626 1037 680 in
1091 643 1254 681 carne
1284 645 1407 684 cum
1460 640 1721 699 peccatur
1764 640 1825 685 ut
1861 641 2105 686 metatur

490 693 828 804 {corruptim
862 719 947 774 vel
982 720 1036 773 in
1074 721 1270 789 spiritu
1319 738 1443 776 cum
1486 722 1782 776 secundum
1819 721 1988 777 Deum
2031 723 2107 775 vi-

455 848 461 871 ,
488 810 659 912 ’vitur
694 816 1001 865 uttuetatur
1027 811 1132 864 vita
1158 822 1365 865 acterna
1393 829 1407 867 :
1442 823 1655 867 constat
1690 815 1927 867 animant
1958 830 2105 879 esse,

516 918 636 969 qua:
664 900 746 953 vel
783 901 835 954 iu
872 916 1040 955 carne
1074 942 1089 968 ,
1129 903 1210 956 vel
1246 903 1297 956 in
1334 904 1524 973 Spiritu
1556 904 1789 958 sentinat
1816 946 1831 970 ,
1879 916 1933 959 et
1961 905 2105 958 illam

517 1010 639 1048 esse
665 1008 785 1062 qua:
811 992 893 1046 vel
927 992 979 1046 iu
1014 1005 1297 1063 peccatum
1330 1011 1491 1051 ruere
1519 997 1712 1066 possit,
1740 997 1825 1051 vel
1855 997 2103 1052 converti

520 1099 550 1137 a
580 1092 822 1151 peccato.
860 1078 994 1135 Nam
1035 1098 1235 1151 corpus
1276 1085 1498 1152 sequela
1554 1084 1672 1153 ejus
1702 1095 1786 1141 est
1833 1086 1900 1139 ad
1932 1087 2107 1155 quod-

518 1189 734 1241 cunque
759 1171 1058 1242 delcgerit:
1092 1183 1145 1227 et
1177 1175 1405 1243 spiritus
1438 1176 1546 1231 dux
1576 1177 1697 1249 ejus
1723 1187 1807 1235 est
1836 1180 1904 1235 ad
1932 1180 2109 1235 virtu-

522 1274 651 1327 tum,
683 1266 727 1318 si
760 1280 882 1318 eum
919 1267 1071 1335 sequi
1106 1266 1255 1319 velit.

591 1354 643 1407 '5.
673 1352 775 1408 Sed
809 1355 922 1410 lucc
951 1357 1280 1425 generaliter
1309 1359 1456 1414 dicta
1487 1370 1637 1424 sunt,
1673 1377 1817 1417 nunc
1851 1379 1981 1419 vero
2011 1381 2111 1435 per

521 1446 1093 1513 spcciesdividuntur.
1131 1469 1149 1500 ι
1187 1449 1243 1505 Si
1277 1452 1543 1520 pontifex,
1581 1454 1761 1523 inquit
1785 1456 1852 1521 ⁵⁸,
1884 1458 1974 1526 qui
2007 1475 2107 1513 un«

520 1545 643 1591 ctus
689 1546 775 1591 est
808 1542 1160 1607 peceaverit,
1189 1552 1245 1595 ut
1295 1543 1549 1612 populum
1599 1544 1808 1599 faceret
1856 1563 2104 1616 peccare,

520 1626 711 1682 oll‘eret
748 1643 846 1695 pro
870 1639 1096 1697 peccato
1125 1644 1226 1684 suo
1259 1630 1486 1685 vitulum
1516 1633 1585 1686 de
1617 1633 1789 1687 bohus
1828 1636 1948 1690 sine
1994 1654 2109 1691 ma-

519 1714 640 1767 eula
686 1715 932 1769 Domino.
976 1735 994 1768 ι
1025 1716 1231 1772 Terror
1284 1720 1446 1773 simul
1513 1730 1566 1775 et
1619 1725 1993 1781 misericordia
2050 1728 2103 1782 in

2210 540 2512 595 holocausti
2544 540 2718 593 altare
2747 538 3107 593 consmuitur.
3136 538 3239 603 Qui
3265 552 3392 589 vero
3418 548 3515 603 pro
3543 543 3784 602 peccato,

2207 640 2364 684 extra
2386 642 2565 686 castra
2586 672 2600 693 ,
2630 646 2751 685 cum
2787 630 2967 695 corio,
3000 639 3055 682 et
3089 627 3385 681 interaneis
3421 640 3486 678 ac
3520 634 3787 685 stercore,

2209 721 2408 776 inloco
2436 723 2635 775 mundo
2668 720 2889 790 jubetur
2925 719 3080 774 exuri
3111 760 3124 784 ,
3157 717 3407 787 adipibus
3454 715 3585 770 solis
3619 715 3671 766 in
3711 714 3795 765 al-

2210 822 2327 866 tare
2370 813 2572 867 oblatis
2607 821 2662 867 et
2712 811 2959 865 renibus.
3008 809 3137 875 Quae
3175 808 3388 877 singula
3440 805 3685 859 dividere
3729 819 3797 858 ac

2207 904 2536 968 discernere,
2568 903 2821 973 quamvis
2853 911 2906 955 et
2953 916 3117 971 supra
3166 911 3380 954 nostras
3410 898 3557 953 vires
3597 898 3667 952 sit
3693 937 3709 960 ,
3741 905 3796 950 et

2207 1007 2368 1061 supra
2401 994 2641 1046 auditum
2672 1002 2935 1057 vestrum,
2972 1002 3152 1045 tamen
3183 990 3401 1060 aliquas
3432 988 3590 1042 vobis
3616 989 3683 1041 ad
3714 990 3797 1040 iu-

2208 1083 2557 1153 telligeudum
2608 1083 2935 1137 oceasiones
2982 1080 3350 1150 conquirere,
3394 1078 3642 1147 atquein
3680 1095 3800 1131 tne-

2207 1176 2353 1230 dium
2380 1173 2627 1244 proferre
2662 1174 3014 1229 tentabimus.
3048 1173 3184 1226 Vide
3209 1187 3339 1241 ergo
3368 1186 3435 1225 ne
3469 1170 3609 1224 forte
3638 1168 3797 1224 Jesus

2206 1280 2368 1335 quem
2426 1264 2628 1320 Paulus
2671 1265 2803 1318 dicit
2849 1265 2891 1296 ⁶ι
2943 1264 3268 1334 pacilicasse
3320 1278 3417 1331 per
3466 1262 3796 1331 sanguinem

2206 1371 2365 1411 suum
2396 1371 2501 1410 non
2531 1356 2707 1411 solum
2740 1372 2860 1425 qua:
2887 1356 2939 1409 in
2975 1356 3164 1418 terris,
3190 1356 3285 1407 sed
3316 1363 3371 1407 et
3398 1368 3519 1422 qua:
3551 1355 3603 1407 in
3639 1352 3799 1407 caelis

2208 1456 2358 1513 sunt,
2386 1448 2525 1502 idem
2559 1449 2672 1517 ipse
2696 1448 2766 1502 sit
2791 1447 3014 1509 vitulus,
3048 1447 3139 1515 qui
3175 1447 3224 1498 in
3255 1445 3409 1499 cmlis
3436 1444 3657 1513 quidem
3690 1460 3799 1497 non

2208 1554 2309 1609 pro
2343 1549 2568 1608 peccato
2592 1580 2607 1605 ,
2637 1540 2730 1594 sed
2783 1554 2880 1608 pro
2916 1553 3138 1593 munere
3173 1537 3289 1608 (52)
3331 1537 3545 1591 oblatus
3588 1548 3669 1590 est
3695 1576 3710 1599 ,
3741 1537 3793 1589 in

2212 1628 2373 1682 terris
2398 1638 2579 1683 autem
2608 1629 2699 1682 ubi
2732 1630 2800 1682 ab
2832 1628 3004 1680 Adam
3042 1641 3211 1697 usque
3238 1628 3306 1679 ad
3329 1625 3563 1695 Moysem
3590 1642 3785 1695 regna-

2212 1718 2290 1771 vit
2315 1731 2601 1786 peccatuut
2627 1758 2643 1784 ,
2678 1718 2893 1773 oblatus
2923 1720 2994 1771 sit
3024 1734 3120 1788 pro
3163 1726 3408 1787 peccato.
3460 1716 3525 1770 Et
3570 1718 3670 1770 hoc
3701 1724 3784 1769 est

520 1808 720 1862 divinis
750 1807 957 1876 legibus
990 1820 1324 1864 ostentatur.
1356 1809 1508 1866 ltane
1560 1816 1773 1870 tandem
1818 1827 1991 1873 tutum
2019 1831 2103 1876 est

2208 1824 2431 1877 passum
2458 1825 2581 1865 esse
2611 1821 2765 1864 extra
2798 1819 3002 1874 castra,
3027 1820 3181 1862 extra
3219 1808 3327 1873 illa,
3350 1809 3568 1877 Opinor,
3593 1817 3782 1868 castra,

522 1900 656 1953 nihil
686 1941 700 1964 ,
738 1915 805 1953 ne
855 1901 1099 1970 pontifex
1133 1902 1399 1971 quidem?
1442 1915 1497 1958 et
1532 1907 1624 1975 qui
1663 1908 1906 1976 pontifex
1932 1911 1955 1963 ἲ
1985 1911 2103 1981 lpse

518 1992 609 2059 qui
644 2002 839 2045 unctus
869 2002 948 2046 est
978 2032 994 2057 ,
1028 1993 1139 2063 ipse
1165 1995 1254 2063 qui
1300 1996 1475 2050 sacris
1522 1997 1738 2068 ignibus
1769 2000 1949 2055 divina
1978 2018 2104 2057 suc.-

519 2083 699 2136 cendit
732 2083 949 2148 altaria,
978 2086 1070 2154 qui
1106 2086 1213 2139 Deo
1242 2103 1465 2141 tnunera
1497 2098 1551 2143 et
1591 2089 1860 2148 salutares
1893 2094 2102 2151 hostias

521 2174 803 2242 immolat;
853 2177 947 2245 qui
994 2177 1137 2230 inter
1169 2176 1336 2232 Deum
1381 2188 1430 2233 et
1472 2181 1721 2237 homines
1753 2185 1966 2239 medius
1991 2188 2105 2256 qui-

519 2265 643 2319 dam
682 2270 1070 2336 repropitiator
1099 2270 1391 2324 intervenit
1411 2270 1545 2343 (50),
1568 2289 1668 2328 nec
1699 2277 1821 2341 iste,
1853 2277 2098 2346 inquam,

521 2357 635 2425 ipse
669 2360 926 2414 immunis
954 2370 1137 2415 manet
1161 2377 1190 2414 a
1219 2365 1546 2432 contagione
1578 2368 1810 2435 peccati.
1839 2367 1945 2423 Sed
1981 2372 2104 2426 vide

521 2448 950 2504 misericordiam
982 2449 1098 2517 Dei,
1130 2463 1186 2507 et
1218 2454 1432 2523 plenius
1464 2470 1584 2511 eam
1605 2497 1620 2521 ,
1655 2455 1820 2512 Paulo
1850 2461 2101 2525 docente,

520 2553 811 2608 cognosce.
845 2543 961 2610 Ipse
987 2543 1134 2596 enim
1181 2544 1247 2598 ad
1278 2544 1537 2601 llebrzcos
1576 2548 1823 2605 scribens
1852 2551 1982 2605 dicit
2010 2553 2055 2588 ⁵³
2088 2574 2099 2608 :

526 2651 546 2685 ι
580 2632 771 2689 Omnis
802 2650 1033 2705 namque
1059 2637 1304 2707 pontifex
1330 2639 1396 2693 ab
1428 2640 1739 2695 hominibus
1771 2654 2102 2713 assumptus,

521 2737 621 2792 pro
668 2724 977 2780 hominibus
1021 2727 1377 2783 constituitur
1424 2730 1490 2784 ad
1540 2729 1849 2787 otlcrendas
1898 2733 2105 2788 hostias

522 2817 654 2871 Deo.
693 2837 711 2870 ι
749 2816 813 2871 Ει
865 2818 1024 2888 paulo
1070 2829 1228 2889 post:
1272 2838 1290 2873 ι
1326 2820 1435 2876 Lex
1463 2864 1479 2887 ,
1529 2822 1702 2892 inquit
1729 2826 1774 2857 ⁸ο
1800 2865 1816 2891 ,
1853 2826 2104 2883 homines

521 2908 807 2962 constituit
855 2910 1169 2965 sacerdotes
1228 2910 1598 2966 inﬁrmitatem
1672 2914 1972 2981 habentes,
2040 2928 2098 2973 ut

521 3001 730 3069 possint
756 3003 898 3055 sicut
943 3018 1041 3071 pro
1071 3018 1201 3071 sua,
1236 3004 1399 3058 etiam
1432 3020 1532 3074 pro
1564 3007 1744 3075 populi
1782 3008 2102 3066 infirmitate

521 3093 735 3149 olTerre.
768 3095 964 3151 iVides
994 3113 1123 3168 ergo
1144 3100 1604 3170 dispensationem
1648 3104 1843 3160 divina:
1880 3108 2103 3176 sapien-

522 3184 630 3239 tiae.
660 3184 989 3241 Sacerdotes
1016 3191 1225 3253 statuit,
1254 3205 1359 3244 non
1396 3206 1490 3247 eos
1520 3193 1610 3263 qui
1644 3196 1956 3251 omnimodo
1987 3202 2105 3267 pec-

518 3290 648 3332 care
676 3293 780 3332 nou
806 3288 1055 3347 possent,
1088 3282 1328 3353 alioquin
1362 3300 1469 3339 non
1495 3297 1679 3340 essent
1710 3287 1977 3351 homines.
2011 3292 2104 3344 sed

519 3382 614 3423 eos
643 3369 737 3438 qui
768 3370 965 3425 imitari
996 3374 1213 3441 quidem
1239 3375 1474 3431 debeant
1504 3376 1675 3443 illum,
1697 3380 1785 3448 qui
1820 3392 2105 3449 peccatum

522 3473 629 3512 non
669 3460 796 3514 fecit
834 3479 848 3527 ;
902 3459 1103 3517 oll‘erre
1149 3463 1263 3536 (51)
1318 3474 1496 3520 autem
1551 3468 1759 3522 hostias
1802 3470 1977 3539 primo
2008 3486 2105 3540 pro

521 3552 655 3614 suis,
687 3562 872 3620 postea
904 3568 1001 3622 pro
1039 3556 1222 3625 populi
1259 3556 1493 3611 delictis.
1530 3558 1633 3613 Sed
1670 3562 1795 3628 quid
1837 3562 2105 3631 praecipue

523 3640 576 3694 in
613 3639 916 3707 hujusmodi
950 3645 1236 3699 sacerdote
1273 3646 1578 3700 mirandum
1611 3650 1738 3703 est?
1767 3666 1873 3705 nou
1911 3661 1968 3705 ut
1997 3668 2103 3707 non

521 3743 744 3802 peccet,
782 3736 925 3803 quod
959 3735 1073 3789 licri
1108 3752 1212 3791 nou
1262 3747 1479 3807 potest,
1508 3742 1602 3795 sed
1651 3750 1708 3794 ut
1750 3753 2012 3813 agnoscat
2050 3754 2105 3801 et

523 3824 786 3894 intelligat
811 3838 1091 3897 peccatum
1128 3844 1305 3881 suum.
1334 3828 1620 3899 Nunquam
1655 3833 1803 3887 enim
1838 3849 1896 3889 se
1920 3851 2105 3891 emen-

521 3916 636 3980 dat,
661 3917 751 3986 qui
780 3933 1038 3986 peccasse
1066 3933 1124 3972 se
1154 3934 1261 3973 non
1294 3930 1466 3988 putat.
1501 3922 1675 3977 Simul
1716 3927 1841 3993 quia
1872 3936 1926 3979 et
1967 3926 2105 3981 faci-

522 4006 628 4061 lius
671 4017 853 4076 potest
898 4008 1178 4079 iudulgere
1222 4012 1598 4079 peccantibus,
1652 4013 1697 4067 is
1738 4015 1830 4083 qui
1877 4015 2105 4088 alicujus

523 4099 864 4153 inﬁrmitatis
910 4115 1021 4154 sua:
1060 4101 1396 4156 conscientia
1451 4106 1817 4160 reutordetur.
1860 4106 1991 4174 Quae
2022 4120 2105 4164 est

523 4203 707 4246 autem
734 4191 939 4246 oblatio
977 4191 1284 4247 sacerdotis
1314 4208 1412 4262 pro
1446 4207 1672 4264 peccato
1701 4195 1724 4248 ?
1756 4194 1988 4262 Vitulus,
2023 4199 2105 4252 in-

522 4284 663 4354 quit,
689 4285 755 4339 ad
785 4284 1185 4340 holocaustum.
1224 4284 1479 4341 Secundo
1513 4287 1823 4343 invenimus
1849 4287 2033 4344 oll'crri
2073 4307 2103 4346 a

524 4377 782 4447 pontiﬁce
821 4377 1047 4432 vltulum
1092 4376 1145 4431 in
1191 4377 1613 4446 holocaustum,
1643 4379 1811 4434 semel
1851 4396 1949 4451 pro
1976 4397 2104 4451 pece

590 4514 638 4550 "
668 4514 840 4571 Levit.
876 4531 951 4581 tv,
980 4518 1034 4572 5.
1112 4517 1157 4548 ⁸³
1188 4516 1354 4573 IIebr.
1386 4533 1439 4584 v,
1476 4518 1525 4572 ι.
1613 4519 1658 4551 ⁶⁰
1692 4518 1856 4575 llebr.
1888 4535 1982 4585 vn,
2011 4522 2106 4578 28.

2190 4526 2233 4558 δι
2272 4526 2473 4597 Ephes.
2503 4543 2538 4580 ι.

2204 1917 2326 1972 qiue
2358 1902 2573 1956 viderat
2599 1896 2794 1965 Jacob,
2829 1900 3145 1970 angelorum
3184 1899 3274 1953 Dei
3304 1909 3485 1953 castra
3529 1899 3795 1961 CtBleSlla,

2205 1992 2272 2047 de
2296 1992 2494 2060 quibus
2518 1991 2783 2061 scriptum
2808 1998 2889 2044 est
2918 1992 2968 2044 in
2999 1990 3196 2046 Genesi
3216 1992 3260 2024 θ’
3288 2009 3300 2044 :
3339 2008 3356 2041 ι
3391 1989 3459 2042 Ει
3487 1991 3801 2058 suspiciens

2203 2081 2373 2138 Jacob
2403 2081 2539 2136 vidit
2572 2092 2754 2137 castra
2789 2082 2881 2138 Dei
2926 2082 2979 2136 in
3011 2093 3309 2153 apparatu,
3349 2091 3403 2137 et
3437 2089 3804 2138 occurrerunt

2205 2171 2283 2227 illi
2310 2173 2489 2243 angeli
2526 2173 2652 2239 Dei,
2716 2185 2771 2229 et
2798 2174 2935 2229 dixit
2967 2174 3133 2230 Jacob
3165 2190 3287 2230 cum
3318 2174 3525 2229 videret
3557 2178 3802 2237 eos,Ca-

2204 2272 2317 2319 stra
2339 2263 2436 2320 Dei
2465 2274 2594 2320 sunt
2620 2266 2757 2321 haec.
2795 2284 2814 2319 ι
2845 2265 3012 2321 Extra
3041 2266 3132 2321 illa
3165 2282 3298 2337 ergo
3327 2275 3509 2321 castra
3546 2265 3798 2321 cmlestia

2206 2366 2297 2412 est
2326 2358 2527 2424 omnis,
2558 2362 2615 2413 in
2651 2374 2759 2430 quo
2795 2360 3106 2415 habitamus
3136 2375 3267 2426 nos,
3304 2360 3456 2414 locus
3487 2360 3591 2414 iste
3627 2368 3799 2415 terre-

2207 2465 2345 2514 nus,
2385 2449 2438 2502 in
2487 2462 2594 2517 quo
2646 2448 2700 2503 in
2736 2463 2905 2503 carae
2944 2462 3139 2519 passus
3187 2458 3272 2503 est
3309 2448 3584 2503 Christus.
3642 2449 3797 2515 Quod

2205 2556 2336 2595 vero
2388 2541 2542 2605 dicit,
2587 2540 2713 2609 quia
2745 2556 2867 2594 cum
2920 2552 3164 2596 stercore
3208 2540 3464 2594 exuritur
3505 2549 3559 2594 et
3592 2541 3801 2594 intera-

2207 2631 2325 2686 neis
2354 2670 2371 2696 ,
2418 2631 2540 2686 vide
2588 2646 2655 2685 ne
2702 2630 2843 2687 forte
2877 2635 2947 2687 ad
2982 2632 3447 2702 comparationem
3487 2632 3803 2687 calestium

2205 2741 2501 2796 corporum
2534 2740 2729 2794 corpus
2760 2725 2901 2782 istud
2938 2728 3187 2781 humanae
3219 2737 3445 2790 natum,
3478 2736 3693 2780 stercus
3727 2724 3799 2778 li—

2205 2817 2471 2886 guraliter
2514 2817 2836 2885 appelletur.
2885 2816 3053 2875 Terra
3103 2817 3248 2872 enim
3304 2827 3423 2880 est,
3458 2826 3511 2872 et
3545 2819 3610 2871 de
3642 2827 3787 2870 terra

2206 2918 2504 2977 sumptum.
2532 2907 2639 2963 Sed
2672 2918 2726 2964 et
2755 2911 3030 2979 cophinus
3058 2910 3148 2964 ille
3190 2910 3452 2965 stercoris
3483 2910 3575 2978 qui
3607 2910 3673 2963 ad
3706 2924 3807 2964 ro-

2205 3005 2354 3061 dices
2417 3004 2766 3061 succidenda:
2845 3004 3092 3060 ﬁculnea:
3146 3006 3421 3070 mittitur,
3471 3007 3597 3073 quid
3644 3004 3805 3058 aliud'

2208 3114 2371 3168 quam
2424 3100 2741 3168 mysterium
2780 3111 3048 3167 suscepta:
3073 3098 3126 3151 in
3164 3112 3393 3166 corpore
3428 3098 3795 3166 dispensatio-

2208 3194 2293 3250 nis
2339 3192 2623 3247 ostendit?
2668 3190 2780 3246 Nec
2832 3201 3013 3247 tamen
3059 3190 3115 3246 ei
3145 3191 3425 3245 interanea
3468 3190 3662 3244 deesse
3712 3191 3797 3245 di-

2209 3292 2430 3337 cuntur.
2461 3280 2723 3349 Quamvis
2748 3282 2894 3335 enim
2921 3280 3078 3334 vilem
3112 3280 3254 3335 servi
3279 3281 3506 3351 gesserit
3535 3279 3794 3342 fortnam,

2208 3373 2487 3443 plenitudo
2533 3383 2716 3428 tamen
2771 3374 2822 3427 iu
2869 3388 2935 3427 eo
2985 3373 3288 3427 divinitatis
3329 3373 3636 3426 habitabat.
3672 3371 3799 3426 llsec

2206 3468 2457 3536 quamvis
2507 3468 2768 3522 audacter
2815 3466 3065 3520 discussa
3110 3466 3262 3527 sint.
3308 3476 3484 3518 tamen
3519 3464 3641 3532 quia
3677 3463 3801 3535 (33)

2209 3556 2445 3612 ﬁdelium
2475 3572 2821 3628 quorumque
2855 3557 3057 3610 nutriri
3087 3572 3305 3625 semper
3352 3557 3419 3610 ad
3462 3558 3666 3624 majora
3698 3556 3799 3609 de-

2205 3648 2300 3703 bet
2328 3651 2544 3705 auditus
2571 3691 2585 3716 ,
2615 3651 2805 3706 eadem
2836 3664 3053 3719 quoque
3083 3650 3247 3703 etiam
3293 3652 3355 3704 de
3385 3649 3683 3720 Synagogze
3713 3651 3797 3706 vi-

2209 3742 2320 3796 tulo
2351 3743 2667 3808 accipienda
2701 3750 2851 3798 sunt.

2276 3833 2329 3887 4.
2366 3833 2422 3889 lu
2458 3836 2648 3892 morali
2682 3844 2861 3888 autem
2896 3835 3015 3888 loco
3052 3840 3228 3902 potest
3258 3832 3496 3903 pontifex
3534 3833 3637 3888 iste
3668 3848 3796 3888 seu-

2206 3944 2300 3984 sus
2346 3926 2566 3998 pietatis
2615 3935 2669 3980 et
2704 3923 2988 3994 religionis
3021 3922 3189 3977 videri
3219 3965 3235 3988 ,
3278 3925 3371 3993 qui
3418 3925 3471 3977 in
3504 3925 3665 3978 nobis
3699 3940 3795 3994 per

2205 4020 2483 4075 orationes
2511 4026 2565 4071 et
2590 4017 3002 4072 obsecrationes
3029 4028 3165 4083 quas
3188 4013 3295 4068 Deo
3324 4016 3622 4079 fundimus,
3649 4016 3795 4069 velut

2206 4112 2441 4181 quo-lam
2481 4109 2795 4165 sacerdotio
2846 4108 3111 4177 fungitur.
3148 4106 3247 4160 llic
3277 4109 3319 4161 si
3351 4108 3401 4161 in
3441 4108 3625 4176 aliquo
3660 4110 3797 4163 deli-

2206 4203 2412 4273 querit,
2445 4185 2664 4257 omnem
2692 4201 2954 4256 continuo
2984 4202 3078 4271 qui
3110 4202 3252 4255 intra
3283 4216 3381 4255 nos
3415 4211 3497 4254 est
3527 4200 3793 4254 bonorum

2204 4306 2425 4352 actuum
2472 4309 2699 4365 peccare
2740 4293 2996 4363 populum
3044 4294 3195 4348 facit.
3239 4293 3426 4362 Neque
3474 4293 3619 4346 enim
3655 4294 3791 4345 recti

2205 4388 2388 4456 operis
2414 4387 2620 4457 aliquid
2645 4386 2904 4456 gerimus,
2939 4400 3064 4441 cum
3095 4386 3149 4439 in
3174 4400 3403 4454 pravum
3430 4383 3793 4439 declinaverit

2624 4527 2669 4558 “
2698 4525 2897 4582 Gentes.
2922 4542 3097 4594 xxxn,
3125 4526 3177 4592 l,
3212 4526 3268 4582 2.

593 4635 831 4715 (3D)_Qui
860 4635 1009 4715 inter
1035 4635 1199 4715 Deum
1226 4646 1272 4690 et
1300 4637 1533 4715 homines
1558 4639 1760 4715 medius
1779 4639 1992 4715 quidam
2019 4658 2100 4695 γε·
2134 4644 2177 4699 D
2208 4660 2269 4706 v;
2310 4643 2856 4715 Ilierouymusiepist.
2890 4643 3013 4707 1‘28,
3039 4654 3091 4698 et
3110 4645 3189 4715 rad
3219 4641 3528 4715 Malarichi},
3561 4653 3688 4715 cap;
3715 4653 3793 4705 ll,

521 4706 1166 4779 prepitiatarjuterrgnil.
1203 4718 1309 4779 etc.
1344 4706 1757 4779 Eodeurferme
1784 4706 1943 4779 modo
1973 4722 2102 4768 ante

521 4775 815 4848 Origenem
851 4775 1248 4848 PllllOVJtldIBtlS
1280 4776 1519 4848 loquitur
1562 4778 1658 4831 lib.
1698 4796 1734 4832 Il
1774 4778 1847 4833 De
1878 4778 2104 4834 Μοθων-

520 4852 677 4920 clu'a;
706 4847 961 4920 Βούλεται
987 4847 1078 4920 τῷν
1110 4848 1371 4920 ἁρχιερὲᾳ
1395 4848 1423 4899 ὁ
1447 4847 1608 4918 νόμος
1641 4850 1886 4920 μείζονος
1917 4868 2110 4920 μεμοι-

522 4918 719 4991 ρᾶσθαι
745 4918 982 4991 caestu;
1014 4918 1046 4990 ἢ
1081 4916 1224 4991 καᾴὰ
1269 4916 1582 4991 ἄνθρωπόν,
1621 4916 2108 4991 ξγγυτέρωίπροσ-

524 4988 693 5071 ζόντα-
708 4988 809 5071 τῆς
842 4988 1043 5071 θείας(
1073 4988 1354 5071 μεθόριοηί,
1394 4992 1442 5071 ε]
1474 4990 1555 5071 ξεῖ
1590 4990 1638 5042 τ’
1672 4988 2101 5071 ἁληοὲςιὶῖέήειν,

520 5062 741 5130 ἀμφοῖν.
780 5060 865 5113 ἵνα
900 5059 989 5118 διὰ
1029 5059 1371 5130 μέσοστινὸς
1406 5059 1681 5130 ἄνθρωποι
1718 5059 1816 5130 μὲν
1854 5061 2109 5118 ἱλάσκων-

521 5128 789 5205 ται-Θεὸν.
818 5130 949 5193 Θεὸς
980 5128 1040 5205 se
1055 5131 1163 5205 fcit;
1183 5130 1412 5205 χάριτας
1431 5128 1739 5205 evomit-not;
1767 5130 2104 5205 ὑποδιᾳκόνῳ

521 5201 631 5255 τινὶ
664 5199 942 5273 χρώμενος
975 5200 1144 5273 opem
1179 5199 1273 5254 καὶ
1315 5199 1547 5273 χορηγῇζ
1594 5223 1611 5251 ε
1646 5199 1891 5273 Postulat
1934 5202 2014 5255 lex
2049 5199 2101 5273 in

524 5272 778 5340 pontiﬁce
827 5280 1077 5324 naturam
1111 5272 1344 5325 humana
1377 5272 1658 5338 majorem,
1694 5280 1751 5323 ut
1782 5272 1872 5339 qui
1919 5273 1983 5323 :n-l
2019 5272 2102 5324 di-

524 5341 708 5396 vinam
741 5340 962 5408 propius
989 5342 1245 5407 accedat,
1273 5344 1431 5403 situs,
1461 5342 1503 5395 si
1543 5355 1728 5395 verum
1764 5341 1920 5394 lateri
1956 5341 2103 5406 licet,

527 5410 580 5463 iu
615 5411 897 5477 utriusque
930 5411 1200 5471 confinio,
1234 5422 1288 5465 ut
1338 5426 1434 5481 per
1479 5410 1830 5481 utcdiatorent
1868 5412 2102 5479 aliquem

530 5482 778 5550 homines
805 5480 1021 5550 quidem
1058 5481 1220 5534 Deum
1258 5480 1546 5550 prepitieut
1577 5520 1592 5543 ,
1629 5480 1767 5534 Deus
1810 5497 1939 5535 vero
1975 5498 2104 5549 gra-

532 5548 633 5602 tias
661 5548 971 5604 hominibus
996 5592 1009 5616 ,
1046 5552 1229 5620 aliquo
1259 5548 1389 5605 usus
1427 5552 1707 5620 ministro,
1742 5548 1994 5620 porrigat
2024 5563 2108 5602 at-

530 5633 634 5689 que
667 5619 946 5689 largiatur.
982 5640 1000 5676 ι
1034 5622 1108 5675 Ita
1141 5619 1361 5689 quoque
1395 5631 1586 5673 auctor
1615 5619 1838 5673 Conslit.
1874 5619 2103 5686 ιψοσιυι.

530 5639 634 5685 que
667 5639 946 5689 largiatur.
982 5640 1000 5676 ο
1034 5639 1108 5675 Ita
1144 5639 1267 5689 qum
1296 5639 1361 5674 ue
1395 5639 1586 5673 auctor
1615 5639 1838 5673 censui.
1874 5639 2102 5686 ιηιοσιυι.

530 5688 626 5743 lib.
655 5705 714 5750 Il,
747 5704 866 5756 cap.
894 5690 996 5753 9.5;
1030 5701 1251 5744 sanctus
1275 5639 1512 5744 lBasilius
1539 5689 1823 5742 Constitut.
1853 5700 2102 5755 nwnnsl.,

530 5776 651 5827 cap.
699 5759 772 5813 22
810 5776 825 5821 ;
873 5759 1293 5829 Clnysustumus
1339 5761 1393 5815 in
1433 5759 1553 5814 Vidi
1594 5758 1875 5815 Dominum
1913 5760 2101 5816 llUlllll.

2212 4727 2267 4767 et
2299 4714 2388 4767 alii
2420 4708 2643 4780 pas'sim.
2672 4708 3061 4767 verumtamen
3093 4714 3428 4780 Augustinus
3457 4711 3549 4764 lib.
3583 4726 3619 4762 tt
3648 4708 3795 4762 Cons

2206 4795 2288 4837 tra
2320 4782 2757 4847 Purmenianum,
2789 4799 2910 4851 cap.
2935 4782 2992 4845 8,
3026 4799 3091 4838 ex
3124 4784 3141 4837 l
3169 4780 3408 4839 Timoth.
3433 4796 3510 4845 xt,
3538 4780 3794 4847 5,arguit

2208 4870 2330 4908 eum
2378 4855 2712 4908 Douatistam
2744 4893 2759 4918 ,
2803 4855 2945 4921 quod
2988 4854 3222 4923 quodam
3267 4852 3388 4923 loco
3437 4852 3790 4923 tttediatorem

2216 4925 2445 4977 dixisset
2473 4924 2782 4992 episcopum
2814 4917 2955 4976 inter
2987 4917 3239 4991 populum
3267 4930 3323 4977 et
3357 4921 3545 4992 Deum.
3718 4917 3792 4971 fa-

2214 4995 2317 5048 cile
2354 4996 2469 5048 luec
2497 4990 2876 5047 conciliantur.
2913 4990 3074 5047 Solus
3107 4993 3392 5054 Christus,
3427 4991 3579 5043 aiunt
3635 4990 3795 5043 theo~

2212 5062 2338 5133 logi,
2375 5064 2639 5117 mediator
2676 5072 2761 5133 est
2794 5073 3001 5117 natura:
3030 5078 3094 5118 ac
3143 5061 3571 5133 redemptionis;
3602 5074 3789 5114 sacer-

2208 5131 2359 5187 dotes
2391 5144 2571 5187 autem
2603 5132 2932 5187 mediatores
2960 5143 3087 5188 sunt
3116 5132 3405 5188 ministerii
3434 5142 3489 5185 et
3522 5131 3788 5184 interces-

2204 5217 2392 5257 sunns.

2277 5272 2617 5400 (3t)tCodex
2665 5271 2950 5343 Saugerm.
2978 5311 2994 5337 ,
3032 5291 3051 5325 ι
3088 5271 3306 5328 offerre.
3342 5289 3361 5324 ›
3418 5269 3576 5324 Libb.
3608 5267 3785 5333 editi,

2277 5358 2292 5395 ›
2338 5360 2395 5395 er
2426 5384 2438 5397 .
2484 5361 2502 5393 ι

2206 5361 2226 5394 ι
2262 5352 2438 5397 ullerl.
2484 5361 2502 5393 ι

2274 5414 2388 5483 (52)
2419 5413 2521 5478 Qui
2545 5415 2598 5467 in
2630 5413 2772 5467 cmlis
2800 5413 3009 5483 quidem
3046 5428 3149 5483 non
3182 5428 3278 5479 pro
3304 5419 3543 5478 peccato,
3574 5408 3665 5483 (et!
3688 5423 3785 5475 pro

2201 5478 2414 5536 attinere
2439 5524 2454 5547 ,
2482 5493 2589 5538 etc.
2640 5483 2774 5538 Vide
2810 5478 3064 5538 lluetiutu
3095 5482 3543 5553 Origenianorum
3594 5478 3689 5533 lib.
3719 5491 3782 5543 tt,

2201 5563 2391 5621 qua'st.
2421 5555 2474 5611 5.
2510 5571 2659 5610 uuln.
2685 5555 2776 5607 ‘24.

2274 5623 2384 5692 (55)
2418 5624 2682 5679 l'artieula
2722 5644 2739 5676 ι
2774 5623 2920 5693 quia,
2956 5642 2973 5675 ›
3007 5622 3160 5677 deest
3196 5620 3246 5674 in
3266 5630 3441 5693 antea
3471 5617 3657 5685 editis,
3685 5616 3782 5675 sed

2206 5695 2509 5751 restituitur
2540 5711 2567 5751 ρ
2603 5696 2789 5751 codice
2820 5692 3300 5764 Sangermanensi.
