4106 6246
264 230 377 291 417

1448 225 1515 281 IN
1556 223 1933 282 LEVITICUM
1974 223 2257 281 IIOMILIA
2295 225 2337 281 li

3444 231 3548 290 418

266 352 379 406 dux
429 349 696 404 bonorum
745 363 1004 420 operum,
1052 362 1245 404 sensus
1271 385 1287 411 ,
1322 357 1378 403 et
1416 346 1540 403 ideo
1587 346 1654 402 ad
1692 343 1852 413 hujus
1883 348 1927 405 Α
1961 362 2058 401 nes
2087 356 2443 418 peccatorum
2480 343 2533 401 in
2564 343 2893 416 Evangeliis.
2933 346 3028 402 Est
3058 347 3157 402 ista
3189 347 3360 417 prima
3385 389 3402 414 ,
3438 366 3545 419 qna

265 440 711 497 emendationem
740 455 846 494 non
881 439 1279 509 qualiscunque
1309 437 1512 501 hostia,
1555 438 1649 493 sed
1686 438 1857 508 ipsius

266 532 508 603 saginati
554 531 703 586 vituli
752 531 1053 601 requiritur
1103 522 1455 586 sacrificium.
1500 528 1768 585 Similiter
1800 536 1857 583 et

270 625 571 695 Synagoga:
611 624 792 694 culpa,
837 624 938 677 hoc
991 631 1097 691 est,
1129 624 1370 678 onmium
1419 636 1540 689 qua:
1582 620 1724 675 intra
1757 634 1857 673 nos

271 729 402 773 sunt
426 718 684 770 virtutum
717 716 1048 779 emendatio,
1082 730 1188 770 non
1219 714 1379 768 aliter
1404 727 1566 782 qnam
1602 725 1665 765 ev
1695 710 1858 766 Chri-

276 812 345 865 sti
375 807 794 864 mortilieatione
822 818 1132 877 reparatur.
1170 808 1225 862 Si
1260 822 1390 861 vero
1421 805 1677 876 princeps
1701 846 1721 873 ,
1773 804 1859 859 in-

274 903 387 969 quit
418 900 497 965 ",
536 901 867 969 peccaverit,
901 899 1112 953 hircum
1156 898 1348 953 offeret
1380 894 1494 967 (54)
1539 910 1604 951 ex
1651 896 1852 964 capris.

272 994 530 1063 Princeps
578 992 680 1048 iste
730 999 909 1061 potest
932 990 1108 1045 videri
1138 990 1220 1045 vis
1265 988 1492 1043 rationis
1541 1003 1663 1058 qua:
1714 988 1855 1041 intra

274 1103 375 1141 nos
401 1096 506 1141 est.
534 1084 738 1151 Quatsi
770 1091 959 1152 peccet
992 1082 1045 1135 in
1084 1082 1272 1144 nobis,
1301 1089 1355 1134 et
1382 1079 1606 1134 Stultum
1652 1079 1855 1149 aliquid

272 1192 516 1249 agamus,
540 1174 969 1246 pertimescenda
1009 1175 1168 1228 nobis
1200 1183 1283 1228 est
1314 1169 1405 1223 ille
1435 1172 1709 1228 sententia
1738 1170 1858 1225 Sal-

268 1270 498 1332 vatoris,
531 1283 650 1337 quae
679 1267 812 1321 dicit
845 1266 891 1297 “
922 1284 937 1320 :
975 1284 992 1317 ι
1031 1264 1141 1320 Vos
1170 1264 1301 1320 estis
1339 1265 1423 1318 sal
1453 1274 1633 1319 terrae.
1665 1261 1723 1316 Si
1757 1278 1856 1316 au-

270 1370 376 1415 tem
408 1358 487 1415 sal
524 1357 851 1413 infatuatum
902 1355 1088 1421 fuerit,
1132 1355 1198 1409 ad
1233 1356 1461 1410 nihilum
1492 1353 1636 1408 valet
1664 1353 1767 1406 nisi
1798 1361 1859 1419 ut

267 1454 588 1525 projiciatnr
628 1449 776 1505 foras
802 1489 817 1511 ,
858 1460 911 1504 et
945 1446 1301 1502 conculcetur
1348 1448 1417 1499 ab
1463 1442 1798 1499 hominibus.
1834 1459 1854 1494 ι

270 1546 442 1601 llahet
477 1559 605 1614 ergo
633 1552 688 1596 et
714 1542 816 1595 iste
846 1538 1079 1592 hostiam
1104 1552 1277 1592 suam.
1304 1534 1411 1589 Sed
1434 1543 1489 1588 et
1516 1533 1700 1587 anima
1727 1545 1858 1596 una,

269 1637 448 1705 inquit
476 1635 552 1698 ⁸⁵,
581 1634 625 1688 si
661 1630 991 1702 peccaverit,
1031 1641 1251 1694 capram
1303 1625 1560 1679 feminam
1607 1622 1862 1677 similiter

1961 440 2303 507 baptizamur
2348 438 2400 492 in
2438 437 2824 491 remissionem
2871 450 3241 507 peccatorum.
3290 439 3542 496 Secunda

1960 528 2210 583 remissio
2246 535 2328 581 est
2368 527 2420 580 in
2466 525 2721 595 passione
2751 527 3021 596 martyrii.
3069 528 3247 581 Tertia
3289 539 3391 593 est,
3422 546 3548 600 quas

1959 635 2057 689 pro
2081 618 2421 690 eleemosyua
2453 621 2614 672 datur
2648 616 2783 689 (38).
2835 618 2975 671 Dicit
3006 619 3148 672 enim
3185 618 3435 676 Salvator
3457 624 3542 678 “:

1964 726 1982 761 ι
2033 708 2412 764 Verumtamen
2442 710 2567 762 date
2599 710 3041 778 eleemosynam,
3080 719 3134 764 et
3179 726 3309 765 ecce
3360 716 3541 769 omnia

1962 802 2161 854 munda
2205 812 2331 855 Slllll
2358 800 2531 855 vobis.
2564 820 2583 852 ›
2629 799 2830 866 Quarta
2875 802 3030 854 nobis
3067 802 3121 855 lit
3155 804 3401 857 remissio
3420 820 3546 873 pec-

1959 904 2239 952 catormn.
2276 909 2372 962 per
2409 892 2518 946 hoe
2544 892 2688 962 quod
2724 901 2779 946 et
2813 908 2911 947 nos
2958 894 3284 950 remittinms
3324 908 3549 964 peccata

1959 984 2224 1039 fratribus
2270 986 2494 1038 nostris.
2562 984 2652 1037 Sic
2708 983 2853 1038 enim
2922 984 3058 1038 dicit
3115 986 3229 1054 ipse
3286 986 3551 1041 Dominus

1964 1079 2119 1148 191
2146 1090 2198 1132 et
2234 1076 2489 1132 Salvator
2523 1086 2733 1143 noster,
2767 1078 2892 1147 quia
2933 1096 2951 1128 ι
2992 1078 3038 1131 si
3077 1080 3405 1134 remiseritis
3434 1080 3548 1149 (39;

1961 1169 2227 1223 fratribus
2252 1168 2458 1223 vestris
2489 1183 2554 1222 ex
2582 1168 2748 1222 corde
2779 1179 3001 1236 peccata
3030 1168 3292 1237 ipsorum,
3318 1179 3371 1223 et
3392 1171 3552 1224 vobis

1960 1258 2207 1311 remittet
2239 1256 2402 1310 Pater
2438 1267 2619 1311 vester
2652 1267 2875 1325 peccata
2918 1268 3117 1312 vestra.
3154 1258 3305 1324 Quod
3354 1260 3398 1312 si
3437 1275 3544 1313 non

1964 1346 2292 1402 retniseritis
2335 1346 2596 1402 fratribus
2649 1348 2848 1402 vestris
2902 1363 2967 1402 ex
3006 1349 3194 1413 corde,
3247 1364 3347 1403 nec
3392 1350 3549 1403 vobis

1966 1440 2209 1495 remittet
2239 1438 2403 1493 Pater
2436 1448 2621 1493 vester
2659 1439 2742 1504 ‘7;
2776 1457 2793 1489 ι
2830 1448 2885 1492 et
2913 1438 3055 1494 sicut
3084 1440 3137 1493 in
3171 1440 3419 1493 oratione
3449 1454 3548 1494 nos

1964 1533 2148 1586 dicere
2194 1532 2383 1586 docuit
2411 1532 2456 1563 ⁸⁸
2485 1551 2498 1587 :
2531 1549 2551 1581 ι
2588 1531 2826 1587 Remitte
2879 1531 3036 1586 nobis
3079 1532 3259 1586 debita
3322 1543 3544 1594 nostra,

1964 1624 2108 1679 sicut
2137 1633 2193 1677 et
2228 1640 2330 1678 nos
2358 1623 2690 1678 remittimus
2708 1622 3052 1676 debitoribus
3069 1624 3322 1677 nostris.»
3347 1622 3547 1689 Quinta

270 1730 494 1790 olleret,
527 1725 823 1781 secundum
856 1722 1002 1775 illam
1042 1720 1484 1773 substitutionetn
1526 1717 1852 1781 hostiarum,
1887 1710 1929 1765 Β
1960 1728 2312 1787 peccatorqu
2364 1716 2617 1771 remissio
2666 1725 2789 1782 est,
2850 1730 2973 1769 cum
3031 1718 3364 1772 converterit
3426 1717 3551 1787 quis

273 1836 437 1891 quam
472 1816 722 1885 superius
748 1812 1195 1868 memoravimus.
1239 1811 1344 1867 Sed
1392 1809 1625 1863 fortasse
1672 1808 1858 1862 dicant

271 1914 550 1966 auditores
577 1908 835 1964 Ecclesia:
870 1906 984 1977 (55)
1021 1924 1035 1960 :
1072 1903 1263 1959 Melius
1290 1903 1401 1957 fere
1432 1902 1695 1972 agebatur
1728 1916 1854 1955 cum

280 2005 521 2073 antiquis
543 2042 560 2069 ,
604 2017 765 2073 quam
801 2001 1077 2055 nobiscum
1107 2037 1123 2062 ,
1155 1997 1243 2051 ubi
1286 1996 1483 2052 oblatis
1508 1997 1722 2051 diverso
1751 1993 1856 2048 ritu

271 2096 555 2158 sacrificiis
585 2134 599 2157 ,
651 2090 1006 2164 peccantibus
1053 2088 1210 2142 venia
1258 2089 1644 2155 praestabatur.
1700 2091 1855 2160 Apud

269 2202 370 2241 nos
401 2202 505 2240 una
534 2184 908 2239 tantummodo
930 2181 1085 2237 venia
1117 2192 1197 2236 est
1220 2190 1587 2250 peccatorum,
1618 2197 1736 2251 quae
1762 2200 1859 2252 per

267 2277 471 2333 lavacri
496 2276 725 2346 gratiam
756 2276 807 2329 in
834 2273 1004 2328 initiis
1034 2273 1220 2326 datur.
1253 2271 1415 2326 hnlia
1444 2283 1565 2342 post
1590 2275 1706 2328 ha-c
1732 2288 1858 2343 pec-

267 2370 411 2424 canti
443 2368 812 2423 misericordia
834 2405 849 2431 ,
895 2380 995 2419 nec
1031 2366 1187 2419 venia
1223 2364 1329 2419 ulla
1365 2365 1710 2420 conceditur.
1757 2366 1859 2421 De—

268 2474 353 2518 cet
377 2464 593 2532 quidem
619 2462 975 2516 tlistricttoris
994 2472 1119 2513 esse
1137 2457 1853 2527 disciplinzeChristianum,

269 2571 371 2625 pro
404 2572 515 2627 quo
542 2557 793 2612 Christus
824 2564 1076 2609 mortuus
1101 2563 1183 2609 est
1209 2553 1348 2625 (56).
1394 2554 1503 2608 Pro
1549 2553 1657 2609 illis
1701 2569 1855 2619 oves,

269 2649 450 2714 hirci,
488 2648 651 2703 boves
676 2648 1073 2719 iugulabantur
1099 2657 1155 2702 et
1184 2659 1347 2712 aves,
1393 2653 1447 2700 et
1499 2644 1678 2700 simila
1720 2661 1857 2700 con-

266 2743 659 2812 spergebatur:
690 2757 787 2810 pro
819 2749 870 2794 te
900 2739 992 2793 Dei
1020 2738 1195 2793 Filius
1221 2736 1500 2809 iugulatus
1526 2746 1633 2800 est,
1670 2746 1725 2792 et
1754 2737 1858 2791 ite-

268 2851 388 2890 rum
423 2845 472 2890 te
497 2849 726 2905 peccare
748 2833 1028 2889 delectat?
1062 2832 1127 2886 Et
1163 2838 1345 2884 tamen
1376 2844 1443 2884 ne
1481 2829 1574 2885 tibi
1602 2831 1717 2884 hare
1749 2844 1854 2883 non

272 2940 379 2983 tam
409 2929 624 2998 erigant
650 2928 862 2982 animos
890 2942 991 2996 pro
1019 2925 1244 2988 virtute,
1266 2937 1431 2992 quam
1464 2937 1564 2992 pro
1596 2923 1858 2992 despera-

269 3021 415 3075 tione
436 3020 712 3088 dejiciant,
744 3019 942 3073 audisti
972 3026 1177 3087 quanta
1206 3015 1405 3070 sint.in
1440 3014 1559 3085 lege
1585 3015 1853 3068 sacrificia

266 3129 366 3185 pro
394 3112 653 3184 peccatis,
693 3112 817 3167 audi
847 3126 989 3167 nunc
1021 3111 1133 3183 (57)
1174 3120 1393 3182 quanta:
1432 3108 1545 3163 sint
1577 3107 1859 3162 remissio-

340 3274 385 3305 “
416 3272 591 3326 Levit.
620 3286 673 3324 tv
694 3310 709 3334 ,
752 3269 841 3323 εδ.
920 3269 967 3300 ⁵³⁵
998 3266 1248 3332 Mattitv,
1285 3267 1371 3321 15.
1443 3266 1488 3298 ⁸³
1519 3264 1697 3320 Levit.
1730 3278 1802 3329 tv,
1830 3261 1851 3315 Ε

342 3340 529 3386 sznli-
554 3357 604 3386 νΔ
634 3342 727 3386 ΞΟ-
800 3340 846 3371 ⁷⁰
874 3338 1005 3386 [ΑΠ’.
1035 3352 1131 3386 VII.
1163 3339 1253 3386 17.
1296 3337 1341 3369 ⁷⁸
1377 3335 1395 3386 Ι
1427 3335 1577 3386 Pelr.
1607 3350 1684 3386 IV.
1711 3333 1765 3386 8.
1842 3334 1851 3364 τ

1994 3259 2039 3291 ⁸⁸
2068 3256 2200 3310 Lttt‘.
2231 3267 2305 3311 XI.
2335 3249 2423 3303 ΑΗ.

1958 3330 2056 3385 sal.
2085 3338 2235 3385 xxxi,
2281 3321 2334 3375 5.

272 3344 318 3375 “
342 3340 529 3396 Jacob.
554 3357 607 3405 ν,
634 3342 728 3395 20.
800 3340 846 3371 ⁷⁰
873 3338 1005 3394 an.
1035 3352 1132 3404 vtt,
1163 3339 1253 3392 l7.
1296 3337 1341 3369 '“
1377 3335 1395 3391 l
1427 3335 1577 3391 Petr.
1607 3350 1684 3401 tv,
1711 3333 1765 3387 8.

342 3476 456 3551 {54)
498 3476 639 3531 Idem
687 3491 789 3530 ms.
815 3515 831 3541 ,
871 3493 889 3527 ι
924 3473 1135 3529 oﬂ'eret.
1171 3492 1190 3525 ι
1235 3472 1394 3526 Libb.
1447 3471 1617 3534 editi,
1663 3486 1682 3521 ι
1719 3468 1853 3524 oll'e-

268 3561 373 3605 rat.
416 3567 435 3599 ι

342 3618 455 3689 (55)
487 3615 852 3689 Sed_for_tas_se
898 3615 1080 3689 dicant
1109 3612 1389 3689 auditores
1435 3609 1708 3671 Ecclesirv,
1738 3618 1848 3689 etc.

267 3680 560 3743 An‘dit'ores
588 3680 850 3741 Ecclesizc
896 3701 1034 3752 quos
1069 3684 1157 3737 hic
1204 3681 1411 3752 profert
1460 3695 1621 3733 unam
1669 3680 1846 3732 solum

267 3774 365 3829 per
396 3758 721 3829 baptismum
751 3751 1097 3824 peCratorum
1117 3751 1505 3829 remissionem
1547 3763 1850 3829 agnoscen-

271 3819 374 3891 ies,
406 3819 785 3883 ca'techntnetii
815 3835 974 3880 erant
1019 3824 1297 3877 audientes
1332 3820 1491 3883 dicti,
1538 3819 1628 3883 qni
1664 3819 1848 3891 omnia

268 3889 389 3954 fidei
414 3897 737 3953 Christiana:
767 3895 1026 3965 mysteria
1058 3893 1295 3965 nondum
1321 3891 1493 3965 edocti
1521 3889 1848 3965 erant,_qt_ti:

271 3986 373 4038 que
425 3969 575 4022 linita
633 3957 895 4038 concione
945 3968 1014 4019 ab
1061 3962 1293 4038 ecclesia
1323 3961 1672 4038 arcebantur.
1702 3957 1847 4012 Nihil

269 4029 397 4110 ergo
427 4041 621 4092 mirum
644 4037 818 4110 aliam
848 4036 928 4089 eis
966 4036 1206 4088 nondum
1252 4029 1557 4085 innotuisse
1588 4040 1844 4110 peccato:

270 4097 387 4164 ru'iu
444 4109 818 4163 remissionem
868 4116 1069 4175 praeter
1123 4118 1261 4175 eam
1293 4116 1413 4170 qua:
1458 4114 1556 4175 per
1588 4097 1842 4175 baptismi

270 4181 501 4251 gratiam
524 4169 1321 4251 conceditur:Prudentienim
1348 4170 1574 4251 consilio
1602 4169 1843 4251 priorum

270 4239 589 4305 saeclorum
624 4248 814 4301 Patres
842 4256 899 4300 nt
928 4245 1178 4313 baptismi
1226 4243 1416 4313 gratiae
1450 4239 1845 4294 conservanda:

269 4320 565 4374 maximum
592 4317 830 4371 studium
870 4312 1136 4378 inderent,
1166 4312 1498 4382 ptenitentiae
1528 4324 1843 4382 saeratnen-

273 4400 388 4444 tum
412 4388 818 4445 catechnmeuis
848 4397 903 4440 et
926 4400 1115 4440 recens
1147 4379 1435 4450 baptizatis
1459 4379 1845 4450 occultabant:

268 4461 421 4513 verbi
455 4458 661 4529 gratia,
693 4457 957 4529 Clemens
977 4448 1252 4529 Romanus
1278 4452 1453 4529 _cpis_t.
1482 4449 1616 4529 2_ad
1648 4448 1845 4529 Cerin-

270 4531 433 4593 thios,
456 4518 583 4593 cap.
614 4518 655 4581 6⁷
674 4568 688 4592 ,
716 4528 794 4581 sic
823 4528 1058 4595 loquitur
1084 4542 1098 4578 :
1140 4518 1452 4595 Ἡμεῖέὲὰν
1485 4521 1559 4595 μὴ
1592 4518 1847 4595 cognato-

274 4616 375 4671 μεν
399 4588 769 4671 imprimeret:
794 4588 946 4671 away
976 4596 1075 4671 sua].
1106 4588 1849 4671 etiamm:thamica-

273 4658 358 4723 ἆει
388 4658 800 4738 εἰσέλευσόμῖεθα
828 4658 909 4729 ei;
940 4666 1001 4720 τὸ
1037 4658 1305 4738 βασίλειον
1328 4662 1421 4715 τοῦ
1447 4658 1581 4714 Θεὸῦ
1617 4676 1632 4726 ;
1665 4678 1693 4738 «-
1720 4658 1847 4722 Nos,

272 4742 378 4795 nisi
405 4730 675 4809 baptisma
697 4754 887 4806 purum
912 4748 965 4791 et
991 4730 1400 4809 in'nnacnlatum
1419 4730 1845 4809 servaverimus,

271 4826 375 4878 qua
428 4800 754 4864 confidentia
799 4809 1119 4878 intrahimus
1175 4806 1226 4858 itt
1260 4804 1466 4878 regiam
1521 4801 1614 4878 Dei
1655 4800 1684 4878 ?_
1726 4818 1744 4851 ι
1785 4800 1848 4878 bit

271 4868 392 4948 cap.
423 4896 539 4948 seq.
560 4897 575 4934 :
600 4878 721 4931 Τῶν
749 4877 823 4949 μὴ
845 4877 1198 4949 τηρησάντωγ
1221 4868 1641 4949 τὴνᾎφραγῖδα,
1662 4871 1691 4922 ὁ
1715 4868 1851 4921 σκώ-

269 4945 373 5023 ληξ
395 4945 574 5004 αὐτῶν
621 4950 681 5004 οὐ
728 4945 1058 5023 casuram.
1101 4965 1119 4998 t
1162 4945 1850 5023 Qui_sigtlluturtton_§er-

271 5008 555 5082 vaverunt,
587 5022 788 5073 vermis
823 5008 1008 5071 eortim
1041 5032 1147 5071 non
1174 5008 1466 5070 inoriet'ur.
1510 5031 1529 5064 ι
1568 5010 1660 5065 Sic
1710 5008 1845 5082 Iler—

272 5108 391 5145 tnas
417 5091 511 5144 lib.
542 5081 617 5153 tt,
646 5090 903 5142 mandato
934 5087 1001 5152 4,
1035 5087 1171 5141 dixit
1199 5087 1476 5139 audivisse
1508 5098 1568 5137 se
1606 5099 1627 5133 ι
1669 5096 1698 5135 a
1729 5081 1852 5149 qui-

272 5162 500 5216 busdam
536 5158 852 5214 doctoribus
899 5159 1040 5225 quod
1082 5158 1184 5209 alia
1233 5154 1552 5223 pceuitentia
1598 5168 1717 5225 non
1739 5161 1845 5217 est,

274 5233 384 5286 nisi
409 5232 494 5284 illa
525 5246 648 5285 cum
688 5230 740 5283 in
773 5220 967 5296 aquain
999 5220 1407 5289 descendimus,
1446 5232 1508 5296 et
1541 5220 1849 5296 accipimus

273 5302 650 5357 remissionem
685 5293 1031 5369 peccatorum
1062 5305 1370 5351 nostrorum
1400 5330 1415 5357 ,
1460 5293 1690 5369 ulterius
1736 5305 1847 5344 non

273 5385 527 5439 peccare,
552 5371 646 5424 sed
680 5364 730 5423 in
767 5369 1019 5422 castitate
1048 5380 1386 5436 permanere.
1427 5382 1446 5417 ι
1483 5364 1577 5418 Sic
1613 5364 1847 5439 iretueus

273 5432 369 5495 lib.
397 5456 448 5494 tv
481 5432 740 5494 Aduersus
770 5438 993 5493 hwrescs
1030 5432 1244 5491 veretur
1273 5449 1337 5488 ne
1364 5445 1483 5503 post
1512 5432 1845 5503 agnitionem

272 5511 476 5566 Christi
504 5550 521 5574 ,
556 5510 927 5564 remissionem
961 5506 1101 5561 ultra
1136 5520 1241 5559 non
1291 5502 1846 5574 habeamusdelicto-

276 5597 419 5647 ram,
447 5572 571 5650 quia
601 5581 991 5650 Christusnon
1018 5576 1249 5650 amplius
1283 5574 1565 5650 morietur.
1599 5572 1845 5650 Denique

273 5642 666 5709 'l‘crt'ulliauutn
695 5650 833 5706 libro
865 5647 939 5704 De
976 5642 1311 5717 mentientia,
1341 5657 1463 5712 eap.
1508 5642 1538 5695 7
1576 5660 1591 5698 :
1631 5658 1651 5693 ι
1688 5642 1846 5711 Piget

1960 1821 2305 1883 peccatorem
2337 1808 2404 1861 ab
2439 1822 2627 1862 errore
2657 1807 2759 1862 via:
2789 1822 2922 1862 sum.
2949 1805 3027 1861 Ita
3057 1810 3202 1863 enim
3233 1808 3366 1863 dicit
3395 1805 3548 1863 Scri—

1960 1916 2119 1976 ptura
2151 1903 2335 1958 divina
2363 1902 2431 1966 ‘9,
2463 1900 2590 1970 quia
2625 1916 2644 1950 ι
2679 1900 2769 1969 qui
2815 1900 3062 1953 converti
3116 1899 3304 1955 fecerit
3349 1915 3547 1969 pecea-

1963 2003 2135 2048 torem
2194 1993 2262 2046 ab
2308 2005 2496 2046 errore
2531 1990 2631 2044 vim
2668 2004 2779 2044 suae
2810 2030 2824 2053 ,
2863 1989 3039 2044 salvat.
3077 1991 3315 2044 animam
3350 1990 3468 2059 eius
3514 2007 3548 2046 π

1962 2096 2140 2141 morte
2164 2083 2305 2153 (40),
2340 2092 2395 2137 et
2422 2081 2668 2151 cooperit
2697 2080 3103 2134 multitudinem
3135 2092 3546 2150 peccatorum.)

1962 2179 2129 2232 Sexta
2181 2191 2397 2246 quoque
2433 2174 2491 2228 fit
2526 2172 2779 2228 remissio
2815 2187 2915 2241 per
2941 2172 3331 2227 abundantiam
3364 2174 3549 2229 cbari-
3604 2218 3609 2223 r

1964 2268 2116 2330 tatis,
2144 2268 2288 2323 sicut
2313 2280 2362 2323 et
2399 2270 2515 2337 ipse
2557 2266 2821 2333 Dominus
2868 2264 3001 2319 dicit
3027 2264 3072 2296 ⁷⁸
3107 2282 3121 2319 :
3153 2282 3171 2316 ι
3211 2265 3381 2320 Amen
3423 2267 3548 2321 dico

1963 2362 2083 2427 tibi,
2120 2360 2475 2415 remittuntur
2503 2358 2551 2412 ei
2588 2366 2811 2428 peccata
2841 2357 3007 2410 multa
3033 2395 3048 2419 ,
3075 2356 3330 2426 quoniam
3361 2356 3547 2412 dilexit

1962 2454 2209 2508 multum.
2247 2472 2265 2505 ι
2302 2452 2364 2504 Ει
2394 2450 2679 2520 apostolus
2707 2449 2835 2503 dicit
2867 2449 2910 2481 "'
2948 2469 2959 2504 :
2996 2467 3014 2501 ι
3053 2448 3320 2515 Quoniam
3361 2448 3550 2502 chari-

1961 2554 2043 2600 tas
2074 2544 2321 2614 cooperit
2348 2542 2750 2596 multitudinem
2784 2541 3161 2609 peccatorum.
3194 2557 3212 2589 ι
3244 2538 3338 2593 Est
3368 2522 3547 2594 adhuc

1960 2648 2013 2692 et
2047 2638 2301 2706 septima,
2339 2634 2466 2688 licet
2512 2635 2646 2686 dura
2694 2642 2748 2686 et
2806 2632 3100 2692 laboriosa,
3144 2646 3242 2699 per
3278 2638 3548 2698 poeniten-

1962 2732 2091 2785 tiam
2129 2728 2379 2784 remissio
2408 2733 2782 2796 peccatorum,
2816 2739 2940 2777 cum
2999 2723 3146 2776 lavat
3200 2733 3454 2792 peccator
3486 2722 3542 2776 in

1960 2821 2215 2892 lacrymis
2266 2827 2503 2872 stratum
2549 2832 2740 2877 suum,
2776 2823 2829 2868 ct
2865 2815 3000 2868 linut
3049 2815 3096 2867 ei
3148 2813 3400 2885 lacrymre
3434 2828 3550 2868 sum

1960 2928 2131 2983 panes
2155 2911 2241 2965 die
2272 2925 2337 2963 ac
2368 2918 2549 2971 nocte,
2584 2915 2640 2961 et
2677 2921 2799 2960 cum
2830 2921 2934 2959 non
2972 2904 3252 2959 erubescit
3274 2903 3549 2959 sacerdoti

1964 3003 2173 3059 Domini
2228 3001 2474 3055 indicare
2516 3007 2802 3066 peccatum
2854 3012 3011 3051 suum
3046 2995 3179 3065 (41).
3216 3003 3270 3051 et
3299 3012 3545 3065 quaerere

1964 3095 2289 3151 medicinam
2318 3134 2336 3159 ,
2389 3091 2685 3145 secundum
2738 3105 2861 3144 eum
2922 3089 3013 3158 qni
3065 3090 3143 3143 ait
3184 3090 3274 3143 7':
3315 3108 3333 3140 ι
3376 3090 3492 3143 Dixi
3528 3104 3546 3142 :

2510 3246 2555 3279 "
2590 3244 2776 3299 Matth.
2806 3262 2883 3311 vt,
2921 3244 3117 3309 14,15.
3194 3246 3239 3278 ⁸⁸
3268 3245 3421 3311 ibid.,
3456 3243 3546 3300 12.

1955 3458 2206 3519 secunda:
2230 3495 2246 3520 ,
2291 3452 2400 3506 imo
2442 3449 2551 3516 jam
2584 3448 2786 3502 ultima:
2821 3448 2933 3518 spei
2981 3448 3274 3520 subtexere
3305 3446 3542 3520 mentio-

1957 3518 2104 3593 nem,
2148 3547 2166 3579 ι
2198 3518 2264 3579 ne
2300 3532 2605 3593 retractans
2632 3522 2696 3573 de
2732 3520 2954 3593 residuo
2984 3518 3192 3571 auxilio
3219 3518 3547 3593 pmnitendi,

1955 3587 2190 3670 Spatium
2223 3594 2399 3670 adhuc
2439 3590 2785 3670 delinqttettdi
2812 3590 3219 3670 “demonstrare
3268 3587 3540 3667 vid-eatur.

1951 3658 2021 3727 Αἰ
2050 3684 2180 3724 vero
2234 3665 2324 3716 ubi
2371 3663 2513 3715 st-rvi
2550 3660 2641 3711 Dei
2691 3660 2825 3727 lapsi
2859 3667 3056 3719 erant,
3109 3668 3160 3711 et
3192 3658 3545 3711 sanctitatem

1950 3736 2296 3809 baptismatis
2326 3733 2645 3809 amiserant,
2674 3741 2786 3809 tnnt
2821 3731 2993 3809 sancti
3026 3728 3216 3809 Patres
3249 3728 3544 3809 laboriosa:

1950 3796 2187 3868 et'durze
2219 3803 2668 3875 pceuitenti_:e,_ut
2696 3801 2936 3875 loquitur
2967 3799 3068 3852 hoc
3091 3797 3216 3875 loco
3254 3796 3543 3875 Qrigenes,

1952 3868 2250 3937 remedium
2285 3875 2366 3927 eis
2403 3872 2733 3924 iudicabant.
2770 3871 3041 3923 Cxelerntn
3072 3869 3177 3921 dici
3224 3868 3388 3921 etiam
3424 3881 3546 3933 pos-

1953 3955 2023 4009 sit
2062 3952 2165 4005 hoc
2198 3947 2315 3999 loco
2350 3942 2638 4011 Origenent
2670 3941 3042 4011 quorumdam
3087 3938 3545 4011 Montanistarum

1953 4008 2042 4092 qui
2076 4032 2183 4073 tum
2214 4018 2353 4092 forte
2380 4008 2628 4067 concioni
2658 4008 2884 4063 aderant
2909 4048 2930 4073 ,
2958 4008 3170 4076 obiecta
3200 4008 3304 4062 sibi
3340 4020 3544 4075 propo-

1956 4086 2085 4148 nere
2119 4104 2181 4142 ac
2204 4086 2434 4140 diluere.

2025 4160 2137 4235 (56)
2172 4157 2326 4219 Mss.,
2366 4171 2384 4205 ι
2423 4161 2672 4206 mortuus
2700 4157 2803 4204 est.
2844 4168 2863 4202 ι
2908 4146 3065 4202 Lihb.
3094 4146 3222 4202 editi
3265 4164 3281 4201 :

1956 4240 2313 4373 ωἷόξῗιᾎῖιιιί
2343 4310 2499 4373 nunc,
2528 4290 2875 4373 etc._(;itatur
2908 4290 3008 4373 hic.
3034 4286 3182 4373 locus
3206 4302 3270 4341 ex
3309 4287 3536 4373 lioittilia

3322 4163 3341 4198 ε
3379 4145 3537 4201 obia-

1883 4375 1924 4430 D
1955 4357 2136 4441 prima
2160 4367 2499 4441 Origenisjn
2528 4362 2834 4441 Leviticnm
2871 4362 2939 4412 ab
2984 4358 3118 4441 Jona
3154 4357 3541 4415 Aure!iattensi

1958 4429 2211 4512 episcopo
2242 4429 2337 4512 lib.
2370 4436 2669 4512 t__l)e_in_st._
2690 4431 2835 4512 lnior,
2870 4445 2988 4498 cap.

2030 4497 2354 4581 (38)jEditio
2389 4503 2598 4581 Merlini
2623 4510 2678 4554 et
2707 4497 3342 4581 codev~nis._Sangerm.,
3372 4515 3398 4581 t
3423 4514 3545 4569 qua:

1957 4569 2055 4652 pro
2118 4569 2460 4647 eleetnosyna
2517 4574 2677 4626 datur
2720 4588 2735 4637 ;
2779 4590 2810 4652 _i
2859 4569 3281 4652 Geneb‘rarldusn
3312 4579 3494 4652 autem
3525 4609 3541 4633 ,

1964 4637 1982 4704 ἱ
2021 4666 2142 4723 qua:
2178 4664 2275 4723 per
2315 4637 2714 4723 el'eentosynam
2758 4642 2940 4694 datur.
2979 4657 2998 4691 ι
3034 4639 3203 4723 ᾳυαιι.
3242 4637 3547 4723 Cadenten-

1955 4709 2055 4778 sis.
2075 4732 2131 4777 et
2174 4709 2604 4781 Getneticensis,
2639 4730 2660 4764 ε
2701 4727 2822 4781 qum
2872 4727 2971 4780 per
3014 4709 3395 4778 electnosynas
3444 4711 3541 4764 da-

1960 4802 2067 4849 tur.
2105 4810 2124 4845 ι

2029 4846 2144 4930 (59)
2199 4859 2327 4915 Mss.
2359 4896 2377 4925 ,
2427 4874 2445 4909 ι
2476 4851 2824 4910 remiscritis.
2859 4869 2877 4903 ›
2921 4848 3079 4905 Libb.
3117 4848 3282 4910 editi,
3330 4866 3348 4898 ι
3382 4846 3545 4903 dimi-

1956 4935 2165 4991 seritis.
2203 4952 2222 4985 ι

2028 5004 2139 5075 (40)
2159 5000 2353 5075 ,ϐοιιιξιι
2380 4998 2697 5075 Sangerm.,
2731 5012 2749 5044 ι
2788 4991 3024 5075 animam
3054 5005 3083 5045 a
3108 4998 3308 5045 morte.
3334 5008 3353 5043 ι
3380 4988 3539 5045 Libb.

1953 5069 2087 5131 editi
2107 5069 2130 5138 ,⁷
2159 5069 2177 5125 ἃ
2215 5072 2450 5125 animam
2478 5069 2597 5135 ejus
2628 5083 2654 5115 ιι
2685 5073 2879 5138 morte.
2919 5080 2937 5138 ξ

2025 5129 2138 5215 (Μ’)
2170 5141 2301 5196 Cum
2333 5155 2437 5193 non
2464 5129 2719 5215 erubescit
2750 5132 3013 5215 sacerdoti
3048 5130 3264 5215 Domini
3296 5129 3540 5215 indicare

1955 5199 2231 5285 peccaium
2274 5226 2449 5285 suum.
2479 5204 2680 5285 gonfer
2711 5217 2830 5271 quae
2861 5203 3027 5282 habet
3057 5204 3320 5270 Origenes
3348 5199 3541 5285 homil.

1953 5270 2074 5354 'seq.
2109 5298 2259 5354 nunt.
2303 5279 2337 5331 4
2359 5293 2442 5354 _:__¢
2478 5270 2880 5354 Etentmﬂomni‘
2899 5287 3099 5340 genere
3128 5270 3535 5350 pronuntianda

1953 5340 2083 5410 sunt
2110 5361 2164 5407 et
2195 5353 2250 5405 itt
2285 5348 2558 5419 publicum
2590 5343 2916 5421 proferenda
2963 5352 3157 5421 cuncta
3180 5356 3320 5421 quae
3363 5340 3542 5410 egeri-

1955 5440 2101 5486 tnus,
2130 5425 2173 5477 si
2208 5413 2353 5489 quod
2378 5420 2662 5489 inoccnlto
2693 5413 2958 5489 gerimus,
2984 5413 3028 5466 si
3048 5415 3189 5480 quod
3210 5413 3262 5464 in
3287 5424 3545 5489 sermone

1955 5480 2098 5561 solo,
2133 5480 2412 5547 vel'ctiam
2442 5488 2582 5539 intra
2612 5480 2728 5552 cogi
2742 5480 3537 5561 talionumsecreta-‘comtttisi-

1954 5552 2098 5630 tuus,
2146 5571 2345 5618 cuncta
2377 5570 2599 5630 necesse
2630 5562 2715 5630 est
2752 5552 3015 5622 publicari
3043 5562 3098 5613 et
3132 5553 3387 5630 proferri,
3412 5567 3541 5621 pro-

1955 5624 2095 5694 ferri
2121 5645 2302 5690 autem
2334 5627 2521 5687 abillo
2551 5625 2643 5695 qui
2687 5632 2740 5677 ct
2782 5636 3075 5681 accusator
3115 5624 3323 5695 peccati
3362 5636 3445 5678 est
3484 5632 3543 5678 et
