4106 6246
555 167 649 222 ΗΕ)
1997 162 2319 219 ORlGENlS

551 289 922 343 l‘rommtiabo
974 288 1259 342 adversum
1298 303 1382 343 me
1414 289 1735 358 iujustitiam
1793 303 1966 342 meam
2024 290 2127 342 Do-
2159 298 2202 351 Α

551 387 718 440 tutuo,
750 392 884 434 ettu
925 381 1184 433 remisisti
1224 382 1561 450 impietatem
1603 383 1788 436 cordis
1837 383 1964 436 mei.
1999 401 2017 433 ›
2071 383 2125 436 ln

550 490 656 541 quo
692 473 943 540 impletur
975 483 1027 524 et
1060 471 1216 536 illttd,
1260 473 1405 541 quod
1457 472 1696 528 Jacobus
1727 474 2004 544 apostolus
2049 474 2129 528 di-

550 566 625 616 cit
658 563 702 593 ⁷³
739 577 754 614 :
791 579 810 612 ι
855 560 910 615 Si
939 561 1060 628 quis
1093 571 1272 614 autent
1315 562 1663 626 infirmatur,
1711 571 1870 616 voect
1909 562 2132 633 presby-

553 666 696 710 teros
724 653 998 717 Ecclesiaa,
1022 662 1078 705 et
1104 652 1386 720 imponant
1413 656 1461 708 ei
1486 669 1676 708 manus
1702 654 1836 726 (42),
1868 664 2130 723 tingentes

550 764 671 802 cum
697 748 816 802 oleo
851 749 902 800 in
940 749 1158 802 nomine
1195 746 1431 810 Domini,
1460 756 1512 800 et
1537 747 1712 802 oratio
1747 747 1868 800 lidei
1902 747 2132 801 salvabit

551 840 849 902 infirmum,
878 851 928 894 et
965 841 1009 893 si
1047 841 1114 893 in‘
1134 838 1376 907 peccatis
1408 838 1594 903 fuerit,
1633 839 1980 892 remittentur
2004 839 2074 892 ei.
2106 856 2124 889 ι

549 933 613 985 Ει
665 943 715 984 ιιι
754 946 882 1001 ergo
932 947 1052 984 cum
1102 931 1254 982 venis
1281 927 1392 998 (4'5)
1427 930 1493 983 ad
1534 930 1766 999 gratiam
1822 931 2076 999 baptismi
2110 972 2128 998 ,

550 1024 776 1078 vitulum
823 1025 1095 1090 obtulisti,
1151 1025 1278 1092 quia
1330 1025 1380 1077 in
1427 1035 1654 1078 mortem
1697 1025 1901 1079 Christi
1953 1025 2130 1096 bapti-

547 1123 711 1175 zaris.
747 1120 879 1173 Cum
909 1134 1038 1172 vero
1071 1119 1134 1170 ad
1172 1118 1494 1187 martyrium
1522 1119 1757 1179 duceris,
1791 1118 2001 1172 hircum
2029 1118 2129 1171 ob-

551 1212 750 1269 tulisti.
787 1218 908 1278 quia
950 1222 1228 1264 auctorem
1265 1211 1475 1279 peccati
1529 1211 1803 1264 diabolum
1848 1210 2127 1283 jngulasti.

548 1303 683 1357 Cum
721 1319 847 1357 vero
879 1303 1281 1371 elcemosynam
1319 1303 1536 1368 feceris,
1575 1314 1626 1358 et
1658 1320 1788 1372 erga
1827 1305 2129 1375 indigentes

549 1395 801 1450 allectum
841 1397 1230 1449 misericordiae
1265 1396 1495 1450 sollicita
1532 1397 1733 1466 pietate
1782 1397 2126 1467 dependeris.

549 1487 720 1541 altare
773 1503 986 1542 sacrum
1045 1491 1220 1543 hdes
1262 1491 1554 1559 pinguibus
1585 1492 1848 1545 oaerasti.
1893 1491 2027 1544 Nam
2083 1491 2127 1546 si

549 1595 614 1633 ex
654 1581 819 1634 corde
859 1583 1136 1635 remiseris
1178 1593 1462 1650 peccatum
1495 1583 1647 1636 fratri
1685 1595 1800 1647 tuo,
1831 1593 1886 1636 et
1912 1584 2131 1637 iracun-

551 1674 653 1725 due
687 1683 896 1726 ttunore
928 1674 1200 1740 deposito,
1252 1674 1436 1726 mitem
1471 1675 1609 1728 intra
1648 1683 1699 1728 te
1730 1684 1780 1728 el
1827 1675 2126 1743 simplicem

550 1763 892 1832 recollegeris
946 1762 1211 1830 animum,
1279 1763 1590 1817 immolasse
1647 1772 1698 1816 te
1739 1763 1999 1825 arietem,
2044 1763 2128 1817 vel

550 1869 752 1924 agnum
814 1855 864 1906 in
923 1855 1252 1907 sacriticium
1330 1855 1590 1908 obtulisse
1650 1855 1881 1908 confide.
1962 1854 2130 1910 Porro

548 1957 729 1998 autem
755 1947 796 1999 si
831 1947 1025 2000 divinis
1067 1947 1388 2000 lectionibus
1413 1946 1716 2000 instructus
1752 1947 1826 2000 sis
1859 1947 1972 2018 (Η)
2015 1962 2128 2000 tne-

549 2037 774 2089 ditando
795 2036 933 2090 sicut
964 2036 1235 2099 columba,
1271 2047 1319 2090 et
1355 2036 1406 2089 in
1437 2035 1553 2105 lege
1590 2036 1800 2089 Domini
1844 2036 2129 2106 vigilando

548 2129 634 2182 die
666 2143 726 2182 ac
757 2138 932 2188 nocte.
971 2129 1037 2183 ab
1087 2144 1276 2183 errore
1325 2144 1426 2182 suo
1479 2130 1822 2182 converteris
1877 2139 2130 2196 peccato-

549 2236 684 2284 rem,
721 2231 774 2274 et
807 2219 1014 2286 abiecta
1052 2222 1289 2288 nequitia
1322 2221 1389 2273 ad
1437 2220 1842 2288 simplicitatem
1876 2237 1996 2276 eum
2034 2238 2127 2275 co-

548 2310 744 2363 lumbze
789 2311 1152 2372 revocaveris,
1203 2319 1366 2378 atque
1402 2312 1731 2364 adhmrendo
1766 2313 1994 2375 sanctis,
2053 2312 2130 2368 fe-

548 2403 689 2455 ceris
725 2418 846 2456 eum
877 2403 1189 2455 societatem
1221 2405 1446 2456 turturis
1477 2403 1699 2467 imitari,
1734 2420 1832 2470 par
1860 2413 2128 2459 turturum

550 2504 643 2545 aut
696 2495 834 2548 dttos
892 2494 1066 2561 pullos
1136 2493 1506 2546 cobnubarum
1574 2494 1800 2548 Domino
1859 2495 2124 2550 obtulisti.

549 2587 704 2650 Quod
738 2587 781 2638 si
812 2585 898 2637 illa
935 2601 1054 2653 qua:
1087 2600 1182 2653 spe
1229 2597 1282 2640 et
1335 2587 1436 2640 fide
1485 2588 1656 2655 major
1702 2597 1807 2650 est,
1844 2589 2085 2642 eharitas
2111 2630 2126 2654 ,

549 2680 910 2731 abundaverit
946 2679 996 2730 iu
1030 2679 1193 2732 corde
1221 2686 1344 2743 tuo,
1381 2679 1452 2732 ita
1486 2688 1543 2731 nt
1579 2680 1774 2749 tiiiigas
1821 2681 2127 2748 proximum

549 2781 700 2822 tuum
741 2784 844 2822 non
898 2769 1071 2822 solum
1111 2771 1254 2824 sicut
1285 2771 1540 2838 teipsum,
1576 2771 1669 2823 sed
1701 2772 1841 2824 sicut
1891 2771 2129 2826 ostendit

551 2860 644 2915 ille
693 2861 786 2929 qni
841 2861 1053 2915 dicebat
1100 2861 1148 2893 ⁷⁸
1185 2880 1198 2916 :
1241 2879 1260 2912 ι
1300 2861 1558 2930 Maiorem
1610 2862 1750 2914 hanc
1806 2862 2126 2915 charitatem

3755 160 3895 214 490

2306 291 2356 342 εἰ.
2395 289 2501 342 Sed
2536 286 2818 341 videamus
2853 285 2980 354 quid
3040 287 3205 338 etiam
3253 285 3318 338 de
3364 284 3451 338 his
3494 300 3614 355 qum
3657 296 3895 352 nuper

2236 383 2460 435 recitata
2489 391 2638 446 sunt,
2666 381 3004 432 sentiendum
3035 381 3105 431 sit
3129 380 3213 429 ’δι
3248 397 3266 429 ι
3303 376 3359 430 Si
3389 389 3594 448 autem,
3617 381 3886 448 inquit,

2236 475 2413 525 anima
2447 489 2550 525 una
2586 472 2897 540 peeraverit
2944 472 3133 523 nolens
3162 486 3226 522 ex
3276 471 3472 538 populo
3513 480 3718 532 terrae,
3779 470 3886 522 fa—

2235 567 2427 618 ciendo
2469 581 2632 617 unum
2681 567 2750 616 ab
2797 563 3050 617 omnibus
3096 565 3367 617 mandatis
3415 565 3630 620 Domini
3687 565 3880 635 quod

2236 672 2341 708 non
2380 658 2491 722 fiet,
2539 668 2590 710 ct
2619 657 2929 726 deliquerit,
2966 666 3018 708 et
3055 665 3238 708 notum
3271 656 3469 708 factum
3529 656 3710 712 fuerit
3783 659 3876 711 illi

2235 761 2512 817 peccatum
2547 751 2688 817 quod
2728 752 2995 817 peccavit,
3034 750 3267 801 adducet
3291 749 3492 802 donum
3533 765 3711 804 suum
3760 765 3880 803 ca-

2235 857 2386 910 pram
2419 844 2482 894 de
2520 841 2715 905 lia-dis,
2755 842 3009 895 feminam
3052 843 3170 894 sine
3209 841 3416 895 macula
3452 845 3700 897 adducet
3747 861 3872 914 pro

2237 946 2459 1003 peccato
2499 935 2639 1002 quod
2695 935 2955 1001 peccavit.
2997 954 3013 985 ι
3051 934 3118 988 Ει
3149 949 3362 986 omnem
3413 947 3534 1001 post
3581 937 3710 990 Inee
3754 953 3865 990 sa-

2234 1027 2427 1080 crificii
2464 1027 2625 1079 ritum
2654 1066 2668 1088 ,
2711 1031 3012 1080 secundum
3064 1028 3207 1095 quod
3246 1043 3407 1094 supra
3441 1031 3855 1096 exposuimus,

2234 1120 2531 1172 enarravit.
2578 1119 2651 1172 De
2681 1122 2859 1172 anima
2903 1135 3065 1188 quam
3105 1118 3208 1172 sub
3243 1131 3471 1187 peccato
3506 1121 3712 1176 factam
3756 1124 3855 1176 di-

2234 1211 2309 1263 cit
2334 1210 2555 1275 offerre,
2584 1211 2820 1280 qualiter
2846 1211 3185 1265 sentiendum
3217 1213 3307 1277 sit,
3339 1214 3392 1265 in
3418 1215 3843 1279 superioribus,

2228 1314 2393 1373 prout
2426 1305 2715 1370 potuimus,
2763 1303 3180 1371 explanavimtts
3212 1323 3225 1357 :
3257 1306 3398 1372 quod
3455 1321 3588 1359 vero
3623 1306 3676 1359 in
3717 1308 3842 1360 hoc

2235 1395 2351 1448 loco
2388 1397 2616 1459 addidit,
2643 1399 2827 1451 dicens
2861 1416 2874 1451 :
2916 1414 2932 1448 ι
2967 1397 3158 1450 Anima
3192 1397 3236 1451 si
3271 1399 3573 1466 pet-caverit
3607 1414 3671 1452 ex
3714 1415 3830 1468 po»

2235 1489 2360 1557 pulo
2397 1499 2573 1554 terrm,
2605 1508 2623 1540 ι
2657 1507 2762 1542 non
2799 1490 2928 1542 mihi
2962 1491 3177 1541 videtur
3209 1489 3468 1542 otiosum.
3505 1490 3631 1555 Quis
3662 1493 3820 1544 enim

2236 1583 2533 1647 dubitaret,
2563 1584 2693 1651 quin
2729 1597 2788 1635 ea
2823 1597 2942 1650 qua:
2974 1581 3108 1634 dicit
3142 1581 3249 1645 lex,
3272 1582 3338 1635 ad
3367 1583 3588 1643 animas,
3623 1585 3705 1634 vel
3729 1585 3813 1638 ad

2237 1675 2514 1742 populum,
2547 1675 2640 1742 qui
2671 1683 2798 1727 sunt
2833 1674 2886 1726 in
2933 1682 3100 1731 terra,
3133 1673 3488 1726 dicerentur?
3513 1672 3642 1739 Quid
3667 1689 3801 1742 ergo

2237 1763 2601 1817 necessarium
2644 1763 2777 1826 fuit,
2815 1773 2871 1814 ut
2907 1763 2972 1814 ad
3019 1762 3120 1815 hoc
3171 1762 3312 1831 quod
3347 1761 3484 1815 dixit
3518 1780 3531 1815 :
3561 1781 3578 1812 ι
3612 1763 3791 1815 Anima

2234 1869 2337 1904 una
2362 1854 2404 1906 si
2437 1852 2769 1921 peccaverit,
2805 1871 2823 1902 ι
2857 1852 3121 1904 adderet:
3157 1869 3173 1899 ι
3212 1850 3286 1902 Ex
3313 1849 3512 1918 populo
3557 1851 3738 1904 teme?
3775 1870 3797 1901 ι

2235 1945 2338 1998 Sed
2380 1946 2669 1998 videndum
2699 1955 2804 2006 est,
2852 1959 2918 1996 uc
2951 1942 3092 1996 forte
3121 1945 3187 1996 ad
3222 1943 3630 1997 distinctionem
3673 1944 3810 1998 alte-

2233 2039 2348 2092 rius
2379 2037 2561 2106 populi
2596 2037 2684 2105 qui
2717 2051 2823 2089 nou
2853 2047 2934 2090 est
2968 2037 3034 2090 de
3075 2045 3242 2097 terra,
3286 2037 3398 2090 haec
3454 2037 3634 2090 anima
3692 2052 3816 2106 qu:e

2229 2131 2542 2199 peccaverit
2577 2129 2713 2201 (48),
2750 2130 2816 2182 de
2860 2128 3058 2198 popqu
3097 2139 3256 2182 tet-rae
3283 2143 3402 2182 esse
3434 2129 3666 2182 dicatur.
3707 2129 3814 2181 Ne-

2231 2239 2338 2292 que
2368 2223 2514 2276 enim
2549 2223 2845 2276 convenire
2878 2222 3081 2276 dictum
3117 2221 3220 2273 hoc
3253 2229 3433 2288 potest
3476 2221 3575 2284 illi,
3609 2223 3699 2290 qui
3733 2221 3816 2274 di-

2231 2317 2388 2370 cebat
2424 2315 2509 2368 "z
2551 2331 2568 2364 t
2613 2315 2805 2368 Nostra
2841 2322 3020 2366 autem
3053 2314 3395 2367 conversatio
3431 2313 3482 2365 iu
3517 2314 3674 2367 ccelis
3704 2329 3734 2367 e
3769 2322 3812 2376 ι,

2233 2407 2376 2460 unde
2431 2416 2484 2460 ct
2551 2406 2891 2459 Salvatorem
2948 2415 3330 2472 exspectamus
3386 2405 3673 2458 Dominum
3723 2403 3816 2458 Je-

2230 2514 2373 2553 sum.
2406 2517 2422 2548 ›
2455 2497 2738 2564 Quomodo
2763 2512 2891 2565 ergo
2921 2497 3078 2551 istatn
3103 2497 3336 2550 animam
3367 2497 3558 2550 merito
3583 2497 3811 2549 dixerim

2231 2593 2298 2646 de
2331 2591 2486 2660 192
2528 2591 2725 2660 populo
2761 2599 2938 2653 terrae,
2977 2607 3096 2658 qua:
3129 2590 3260 2643 nihil
3313 2590 3480 2643 habet
3524 2603 3814 2642 commune

2231 2698 2356 2739 eum
2388 2697 2558 2748 terra,
2591 2685 2684 2736 sed
2718 2692 2824 2737 tota
2859 2683 2910 2735 in
2943 2683 3098 2736 cu-lis
3129 2692 3232 2747 est,
3267 2691 3319 2734 et
3352 2682 3420 2733 ibi
3454 2694 3815 2736 conversatur

2233 2779 2322 2832 ttbi
2358 2776 2606 2832 Christus
2642 2784 2724 2829 est
2759 2776 2810 2827 in
2845 2776 3068 2828 dextera
3121 2775 3210 2828 Dei
3263 2777 3476 2835 sedeas,
3502 2791 3609 2840 quo
3635 2787 3686 2827 et
3720 2791 3813 2826 ro—

2233 2869 2348 2923 dire
2377 2869 2680 2929 desiderat,
2724 2874 2778 2919 et
2829 2882 2948 2921 esse
2985 2883 3105 2918 cum
3144 2867 3404 2926 Christo.
3452 2869 3621 2919 multo
3659 2867 3810 2919 cnim

553 2970 710 3007 nemo
749 2954 950 3016 habet,
992 2970 1153 3023 quam
1215 2964 1272 3006 ut
1317 2955 1556 3007 animam
1614 2969 1767 3006 suam
1805 2963 1967 3022 ponat
2027 2968 2199 3031 prec
2236 2959 2426 3013 melius
2461 2959 2539 3021 ⁷⁷,
2589 2963 2681 3012 sed
2741 2973 3057 3026 permanere
3118 2959 3168 3010 in
3223 2973 3389 3011 Carne
3442 2962 3811 3012 necessarium

550 3046 742 3098 amicis
790 3046 903 3099 suis
929 3087 942 3106 ,
980 3065 998 3097 ι
1035 3062 1199 3114 panes
1251 3047 1560 3101 similaeeos
1593 3045 1701 3118 (45)
1741 3046 1792 3099 in
1839 3045 2126 3100 charitatis

552 3140 672 3190 oleo
703 3140 978 3203 subactos,
1013 3141 1128 3193 sine
1166 3139 1274 3191 ullo
1305 3140 1572 3193 fermento
1609 3138 1826 3191 malitia:
1856 3146 1910 3191 et
1937 3139 2127 3206 nequi-

552 3232 657 3295 tia',
690 3233 740 3284 iu
766 3232 974 3301 azymis
1007 3232 1342 3286 sinceritatis
1391 3240 1444 3286 et
1493 3231 1742 3285 veritatis
1786 3240 1836 3284 lc
1863 3228 2126 3284 obtulisse

551 3338 840 3393 cognosce.
882 3323 938 3376 Si
981 3334 1160 3376 autem
1216 3324 1266 3376 in
1323 3323 1686 3375 amaritudine
1720 3321 1874 3374 lletus
1903 3321 1974 3372 tui
2015 3317 2124 3389 (46)

552 3416 720 3468 fueris
753 3415 920 3478 luctu,
957 3415 1213 3484 lacrymis
1241 3425 1296 3469 et
1322 3415 1712 3467 lamentatione
1749 3413 2048 3477 confectus,
2080 3412 2125 3464 si

549 3521 770 3558 carnem
824 3515 969 3558 tuam
1025 3507 1416 3568 maceraveris,
1469 3518 1523 3558 ct
1575 3504 1796 3572 jejuuiis
1845 3519 1908 3558 ac
1957 3503 2124 3557 multa

547 3598 879 3651 abstinentia
913 3597 1121 3649 aridam
1159 3598 1389 3662 feceris,
1443 3606 1497 3650 et
1539 3595 1776 3657 dixeris,
1813 3596 1934 3663 quia
1987 3595 2128 3650 sicut

548 3688 832 3744 frixorium
869 3691 1111 3744 confrixa
1145 3701 1271 3744 sunt
1306 3706 1429 3744 ossa
1472 3705 1612 3753 mea,
1648 3697 1773 3740 tunc
1798 3687 2124 3741 sacrificium

548 3787 778 3841 similam
810 3803 836 3837 a
880 3787 1182 3854 sartagine,
1236 3787 1320 3840 vel
1377 3802 1406 3839 a
1467 3787 1724 3840 craticula
1777 3785 2040 3840 obtulisse
2075 3795 2124 3839 te

548 3880 766 3932 noveris
797 3879 909 3948 (47)
945 3898 956 3932 :
992 3890 1046 3932 et
1102 3881 1202 3932 hoc
1246 3879 1404 3931 modo
1437 3879 1702 3932 inveniris
1734 3888 1787 3930 ιιι
1831 3879 2031 3937 verius,
2072 3885 2126 3929 et

545 3967 842 4036 perfectius
901 3969 1194 4021 secundum
1251 3967 1602 4035 Evangeliqu
1669 3965 1868 4020 ollerre
1920 3965 2119 4018 sacrifi-

2241 3052 2388 3106 dncit
2420 3052 2529 3140 (d9)
2561 3064 2781 3119 propter
2812 3051 2942 3104 nos?
2976 3049 3099 3104 llaec
3132 3052 3275 3105 cuitu
3311 3052 3490 3103 anima
3528 3068 3647 3119 qua)
3681 3068 3811 3120 prc-

2239 3152 2348 3200 cat,
2391 3143 2456 3194 de
2486 3141 2681 3210 popqu
2715 3152 2871 3193 terrm
2902 3149 3005 3204 cst,
3037 3140 3239 3192 facit-us
3265 3157 3427 3192 unum
3458 3141 3525 3193 ah
3557 3144 3806 3196 omnibus

2240 3234 2506 3287 mandatis
2565 3232 2807 3297 Domini,
2863 3235 3005 3300 quod
3048 3249 3150 3284 non
3190 3232 3298 3286 fiet.
3336 3232 3431 3284 Ditt
3468 3248 3551 3285 me
3594 3235 3646 3286 iu
3704 3235 3811 3289 hoc

2236 3341 2483 3380 sermone
2513 3324 2732 3392 quidam
2761 3334 2945 3390 stupor
2967 3323 3254 3376 attonitum
3292 3325 3480 3377 tenuit.
3514 3325 3624 3378 Non
3658 3328 3808 3380 enim

2235 3427 2636 3483 consequenter
2664 3414 2869 3468 dictum
2904 3414 3060 3467 video
3101 3417 3244 3482 quod
3263 3431 3423 3483 pecca
3439 3418 3567 3470 verit
3596 3418 3804 3480 anima,

2233 3515 2287 3557 ct
2323 3505 2509 3559 fecerit
2549 3521 2712 3557 unum
2742 3521 2804 3558 ex
2843 3505 3115 3557 mandatis
3143 3504 3350 3559 Domini
3385 3509 3522 3576 quod
3553 3525 3655 3561 non
3690 3510 3807 3566 lict.

2236 3599 2290 3650 Si
2327 3598 2468 3650 enirn
2509 3598 2824 3650 mandatum
2863 3597 3075 3650 Domini
3105 3606 3209 3654 est.
3247 3600 3516 3664 quomodo
3549 3600 3664 3652 fieri
3698 3617 3807 3655 non

2233 3688 2439 3751 debuit,
2481 3702 2602 3740 cum
2649 3687 2836 3754 utique
2885 3687 2948 3737 ad
3003 3687 3105 3739 hoe
3161 3689 3356 3740 dentur
3404 3689 3653 3742 mandata
3695 3691 3803 3742 Do-

2235 3776 2408 3843 tnini,_
2437 3787 2492 3827 ιιι
2544 3776 2710 3828 fiant?
2753 3776 2810 3827 Et
2845 3776 3116 3842 quomodo
3169 3775 3256 3829 hic
3299 3775 3496 3829 dicitur
3546 3792 3808 3844 pret-asse

2232 3882 2409 3920 anima
2444 3865 2555 3935 (50)
2586 3883 2704 3933 qua:
2737 3866 2928 3918 fecerit
2963 3881 3125 3917 unum
3161 3867 3226 3920 tlc
3268 3867 3536 3920 mandatis
3568 3868 3803 3933 Domini,

2227 3960 2368 4028 quod
2403 3975 2509 4012 non
2543 3959 2672 4011 liet?
2715 3959 2776 4012 Et
2818 3958 3070 4013 fortassis
3101 3961 3371 4027 aliquibus
3399 3961 3668 4014 videbitur
3695 3975 3791 4014 er-

547 4062 651 4124 ('ia,
697 4075 814 4127 qme
844 4060 1142 4113 secundum
1189 4059 1358 4129 legem
1395 4059 1506 4127 jam
1558 4057 1757 4115 ollerrc
1793 4073 1900 4112 non
1949 4063 2130 4127 potest
2230 4067 2321 4104 ror
2356 4051 2675 4105 elocutionis
2729 4067 2825 4119 per
2879 4052 3207 4120 interpretes
3263 4050 3437 4104 factus
3472 4068 3486 4103 :
3520 4050 3612 4104 sed
3666 4053 3799 4104 tuibi

546 4149 731 4204 Israel.

617 4335 662 4368 ’³
692 4333 807 4389 Jac.
845 4349 894 4396 ν,
933 4334 1019 4387 Μ.
1097 4333 1144 4364 ⁷⁵
1172 4347 1326 4386 Joan.
1354 4347 1445 4395 xv,
1483 4333 1568 4387 l5.

545 4425 813 4477 incentor.
845 4422 959 4491 Ipse
983 4423 1128 4475 enim
1156 4437 1299 4474 nunc
1338 4437 1437 4474 nos
1472 4432 1526 4474 ut
1566 4417 2124 4491 peccemusiustigat,

545 4495 662 4560 ipse
694 4489 881 4559 etiam,
912 4509 1034 4544 cum
1070 4492 1497 4559 pcccaverimus,
1523 4499 1764 4544 accusat.
1811 4489 1866 4542 Si
1896 4503 2024 4555 ergo
2075 4492 2124 4543 in

543 4566 651 4616 vita
701 4564 1099 4630 przeveniamus
1139 4577 1286 4617 eum.
1315 4571 1368 4614 et
1405 4561 1505 4625 ipsi
1555 4560 1723 4614 μυθιιεί
1773 4570 2125 4614 accusatores

543 4629 742 4688 simus.
781 4632 1082 4700 nequitiam
1119 4631 1316 4683 diaboli
1353 4631 1553 4682 iuitnici
1588 4629 1756 4681 nostri
1803 4638 1857 4681 et
1892 4644 2126 4700 accusa-

546 4706 679 4758 toris
710 4699 1017 4771 effugimus.
1067 4701 1157 4754 Sic
1199 4702 1346 4754 enim
1393 4709 1446 4751 et
1492 4700 1618 4752 alibi
1655 4700 1912 4771 propheta
1939 4699 2071 4752 dicit
2106 4717 2118 4753 :

546 4775 644 4829 Dic
675 4787 726 4827 tu
755 4769 1058 4842 inionitales
1106 4783 1222 4823 tuos
1269 4772 1435 4842 prior,
1472 4781 1523 4820 ut
1564 4769 1876 4842 jttstiﬁceris
1899 4808 1912 4830 ,
1942 4787 1974 4842 ⁸ι
2004 4779 2118 4842 Δ(ξιιν.

549 4845 683 4900 lliue
730 4839 859 4897 sane
909 4844 1102 4910 quivis
1144 4843 1211 4892 ab
1261 4841 1406 4892 omni
1467 4839 1813 4906 pra-judicata
1868 4839 2122 4910 opinione

547 4917 687 4969 liber
733 4915 950 4982 colliget
987 4911 1212 4964 multum
1263 4911 1330 4963 ab
1382 4909 2118 4982 heterodoxornmdoctrina

543 4987 785 5038 abluisse
811 4978 1121 5053 0rigcnem,
1157 4981 1352 5048 quippe
1379 4982 1468 5048 qui
1501 4997 1618 5032 cum
1658 4978 1905 5053 Ecclesia
1930 4980 2121 5030 catho-

545 5057 646 5110 lica
689 5051 929 5108 Romana
954 5054 1113 5107 docet
1141 5067 1266 5105 vere
1286 5055 1640 5118 pmniteutem
1668 5064 1770 5100 non
1796 5051 2121 5102 erubescere

543 5127 740 5179 debere
771 5125 947 5179 omnia
984 5131 1203 5192 peccata
1238 5136 1334 5174 sua
1368 5122 1532 5175 etiam
1562 5118 1770 5172 occulta
1803 5134 1920 5192 nou
1943 5119 2117 5192 solum

548 5198 678 5256 Deo,
709 5198 799 5249 sed
833 5189 997 5249 etiam
1047 5192 1316 5248 sacerdoti
1355 5193 1632 5254 indicare,
1673 5199 1727 5242 et
1783 5189 2108 5242 medicinam

543 5271 611 5316 ab
639 5282 701 5315 eo
730 5279 993 5331 qttmrcrc;

617 5327 831 5406 (4‘2)'Et
879 5335 1159 5406 iuipoaant
1187 5334 1236 5406 ei
1281 5349 1488 5406 manus.
1523 5330 1600 5406 Ea
1642 5330 1900 5406 memoria
1934 5327 2116 5406 laudat

547 5399 811 5472 Origenes
829 5399 988 5456 verba
1009 5399 1200 5456 Jacobi
1225 5403 1454 5471 apostoli
1483 5403 1572 5469 qui
1604 5404 1902 5454 secundum
1934 5401 2113 5450 omnia

547 5475 871 5540 exeinplaria
903 5474 1119 5541 scripsit
1150 5491 1163 5526 :
1201 5493 1220 5524 ι
1259 5484 1312 5525 et
1339 5482 1497 5525 orent
1528 5489 1692 5536 super
1721 5485 1862 5541 cum.
1904 5488 1922 5519 ι

619 5542 728 5613 (45)
755 5546 930 5597 (Iodex
967 5544 1275 5610 Saugerm.,
1307 5560 1324 5591 ι
1348 5544 1519 5595 venis.
1547 5561 1564 5591 ι
1601 5541 1753 5594 Libb.
1783 5540 1936 5613 editi,
1969 5555 1987 5586 ι
2023 5553 2112 5589 ve-

545 5611 712 5667 neris.
741 5635 756 5666 ι
809 5614 975 5669 l’aulo
1010 5623 1131 5682 post
1166 5613 1306 5667 idem
1355 5626 1460 5665 ms.
1497 5613 1665 5665 codex
1692 5651 1705 5674 ,
1743 5628 1760 5659 ι
1785 5611 1835 5662 in
1884 5619 2110 5662 mortem

1647 4329 1693 4362 ⁷⁸
1725 4327 1854 4382 Lev.
1891 4342 1965 4390 tv,
2000 4326 2071 4380 27
2099 4337 2155 4384 et
2175 4343 2328 4397 seqq.

2156 4155 2199 4209 ι)
2229 4141 2498 4196 curiosius
2552 4141 2846 4210 inquirenti
2896 4150 3234 4210 compertum
3285 4150 3370 4194 est
3401 4154 3589 4194 omnes
3632 4141 3802 4194 inter-

2406 4324 2453 4356 "
2483 4323 2713 4394 Philipp.
2744 4339 2828 4388 ιιι,
2853 4323 2945 4378 20.
3053 4323 3098 4356 ’ν
3134 4323 3365 4394 Philipp.
3397 4289 3681 4387 c.2123.

2237 4417 2441 4472 Christi
2475 4416 2789 4485 baptizaris.
2817 4435 2835 4468 ι
2865 4415 3018 4470 Libb.
3048 4416 3200 4480 editi,
3231 4433 3250 4466 ι
3296 4418 3352 4468 in
3391 4427 3566 4470 morte
3592 4415 3800 4472 Christi

2234 4489 2446 4555 haptiza
2459 4488 2552 4540 ris.
2579 4505 2597 4537 ι

2303 4557 2411 4629 (44)
2443 4555 2742 4629 Instructus
2769 4556 2860 4629 sis.
2904 4556 3062 4610 Deest
3103 4555 3156 4609 in
3189 4565 3351 4610 antea
3375 4555 3567 4629 editis,
3597 4575 3618 4608 ι
3645 4557 3744 4619 sis,
3776 4575 3796 4609 ι

2231 4637 2286 4680 at
2314 4627 2586 4692 reperitur
2620 4628 2670 4679 in
2712 4628 2897 4678 codice
2924 4627 3407 4694 Sangermauensi.

2301 4696 2411 4769 (45)
2469 4696 2638 4769 Libb.,
2673 4707 2828 4769 antea
2876 4698 3038 4761 editi,
3069 4714 3087 4745 ι
3114 4707 3280 4764 ponat
3306 4699 3430 4766 quis
3461 4711 3557 4765 pro
3609 4697 3803 4769 amicis

2226 4766 2360 4831 suis,
2399 4780 2566 4832 panes
2597 4766 2994 4834 similagineos,
3034 4785 3052 4817 ι
3107 4778 3239 4829 etc.,
3275 4778 3331 4820 at
3365 4784 3496 4822 mss.
3529 4778 3588 4820 ut
3623 4767 3674 4820 in
3708 4783 3808 4820 no-

2293 4855 2337 4887 ’0
2370 4853 2542 4888 [ΕΧΙΙΙο

2293 4855 2337 4887 'o
2427 4846 2542 4888 χιιι.

2225 4848 2420 4978 ει,(9ιὲςέ
2442 4907 2747 4978 Pronomen
2785 4924 2803 4955 ι
2830 4906 2903 4978 t_ui
2931 4924 2948 4954 ι
2988 4907 3137 4960 deest
3187 4906 3241 4958 in
3289 4915 3450 4978 antea
3487 4906 3669 4972 editis,
3702 4908 3797 4961 sed

2229 4975 2496 5046 reperitur
2526 4977 2576 5027 in
2613 4977 2802 5029 codice
2837 4975 3320 5044 Sangermanensi.

2226 5119 2236 5130 θ
2294 5045 2405 5126 (47)
2428 5045 2567 5126 Ιιὶοθιιι
2591 5046 2754 5097 codex
2781 5046 3090 5114 Sangerm.,
3120 5065 3137 5098 ι
3163 5047 3427 5103 obtuleris
3445 5047 3618 5102 ethoc
3640 5047 3802 5101 modo

2287 5131 2540 5170 veniens.
2575 5133 2593 5165 ι

2225 5136 2540 5171 llH't'lllel'lS.
2575 5136 2593 5165 ι
3089 5169 3094 5175 ,

2297 5187 2406 5269 (48)
2432 5186 2574 5238 Idem
2602 5183 2793 5250 codex,
2826 5202 2844 5235 ι
2868 5187 3200 5254 peccaverit.
3226 5207 3244 5240 ι
3275 5187 3428 5242 Libb.
3458 5187 3607 5248 editi,
3641 5205 3659 5238 ι
3683 5201 3803 5256 pec-

2256 5276 2382 5311 ίινιι.
2420 5276 2438 5308 ι

2222 5269 2382 5313 cavit.
2420 5276 2438 5308 ι

2292 5327 2404 5396 (49)
2433 5326 2579 5380 ιιιειιι
2615 5327 2806 5390 codex,
2844 5345 2862 5377 ι
2893 5327 3057 5382 ducit.
3084 5348 3101 5379 ι
3137 5327 3282 5381 Libb.
3319 5327 3472 5390 editi,
3512 5346 3530 5377 ι
3556 5327 3704 5380 dicit.
3739 5344 3759 5379 ι

2213 5449 2220 5460 ,
2295 5399 2407 5467 (5‘0)
2442 5398 2591 5459 λιες..
2652 5415 2670 5447 ι
2698 5401 2896 5451 anima.
2933 5417 2950 5448 ι
3014 5397 3168 5450 Libb.
3206 5399 3374 5461 editi,
3433 5418 3449 5447 ι
3475 5398 3734 5450 animam.
3776 5416 3794 5448 ι

2223 5468 2393 5521 Paulo
2428 5478 2548 5536 post
2578 5483 2732 5530 mss.,
2774 5486 2789 5517 ι
2831 5483 2985 5521 error
3018 5469 3344 5521 elocutionis
3374 5483 3472 5535 per
3522 5469 3799 5534 interpre—

2227 5551 2306 5591 tes
2335 5541 2571 5592 factus.»
2607 5537 2762 5591 Libb.
2809 5539 2962 5602 editi,
3017 5557 3034 5587 ι
3071 5553 3309 5594 errorem
3357 5538 3650 5592 locutionis
3705 5550 3802 5605 per

2225 5612 2553 5678 interpretes
2581 5609 2802 5663 factum.
2832 5627 2850 5658 ι
