4090 6200
306 213 399 269 421
1480 217 1545 274 IN
1581 220 1848 280 LEVITIC

1953 224 1955 279 ξ
1993 226 2277 285 llOMlLlA
2311 227 2370 283 ll.
2739 285 2742 294 ,
3463 236 3568 295 422

299 345 482 405 pretes
516 333 780 388 similiter
811 331 1127 401 protulisse,
1152 343 1206 390 et
1253 335 1375 392 ideo
1421 353 1528 392 non
1562 341 1887 398 elocutionis
1917 348 1962 406 Α
1995 348 2306 400 mandatum
2368 347 2643 416 quomodo
2701 346 2784 400 vel
2833 355 3108 402 taurorum
3162 349 3246 404 vel
3302 367 3564 422 agnorum

295 442 491 490 error,
537 425 637 480 sed
686 424 1057 493 profundioris
1103 427 1473 499 intelligentia:
1528 432 1887 501 requirendus
1990 437 2166 492 hostia
2202 439 2427 493 deberet
2458 437 2668 493 offerri.
2713 439 2818 493 Sed
2871 440 2960 508 qui
3025 440 3196 510 legem
3247 444 3568 512 spiritaliter

297 529 379 571 est
422 532 648 572 sensus.
693 516 749 571 lu
786 528 1049 587 quantum
1093 535 1222 590 ergo
1267 522 1426 577 nobis
1464 537 1754 580 occurrere
1788 541 1884 593 po-
1991 527 2266 595 intelligit,
2308 527 2632 597 spiritaliter
2683 531 2796 582 litec
2841 530 3037 598 quaerit
3083 530 3300 588 oflerre.
3338 533 3395 589 Si
3430 551 3592 592 vero,

298 621 426 673 test,
462 610 584 664 lucc
622 609 756 664 mihi
797 611 1016 664 videtur
1048 613 1346 671 absolutio.
1388 613 1636 669 Mandata
1675 616 1883 670 Domini
1987 620 2107 686 quis
2137 620 2252 688 (52)
2281 623 2583 675 secundmu
2632 631 2868 688 spectem
2916 623 3155 676 mandati
3193 626 3431 680 carnalis
3464 628 3568 682 ob-

295 702 548 770 quadam
583 701 707 754 data
736 711 950 754 suntut
980 701 1160 766 ﬁant,
1202 704 1449 772 quasdam
1491 714 1548 759 ut
1587 722 1692 760 non
1731 708 1879 764 ﬁant.
1990 711 2194 776 tulerit.
2255 712 2369 766 hzec
2413 722 2496 765 est
2546 712 2724 765 anima
2755 727 2860 765 una
2889 728 2953 766 ex
2995 715 3192 782 populo
3229 725 3406 782 teme,
3443 733 3561 788 quas

299 793 400 847 Sed
435 807 501 846 ea
534 806 654 860 qua:
683 792 798 845 ﬁeri
830 794 1054 858 debent,
1093 797 1398 852 necessitas
1423 799 1666 868 poposcit
1701 801 1883 853 lnuna-
1986 802 2231 871 peccavit
2260 803 2449 856 nolens
2479 801 2733 855 faciendo
2765 817 2934 854 unum
2963 804 3026 854 ab
3052 807 3306 860 omnibus
3337 811 3558 862 nranda-

302 900 388 947 na,
423 894 482 936 ut
514 883 722 937 inserta
753 882 861 938 illis
891 883 1288 952 proferrentur.
1321 903 1442 956 qua:
1491 889 1608 943 ﬁeri
1646 906 1752 944 non
1785 891 1880 945 de-
1986 893 2056 946 tis
2106 892 2318 945 Domini
2372 889 2515 960 quod
2558 907 2664 944 non
2701 890 2811 953 ﬁet,
2857 902 2912 946 et
2944 893 3190 962 deliquit,
3223 905 3279 950 et
3306 897 3428 951 ideo
3460 901 3560 952 ad-

297 984 508 1032 lverent.
539 976 702 1029 Verbi
735 975 935 1042 gratia,
965 985 1026 1029 ut
1060 977 1125 1031 de
1158 978 1242 1031 his
1274 979 1401 1048 ipsis
1429 996 1548 1050 qua:
1601 999 1741 1037 nunc
1785 983 1882 1036 hu-
1977 983 2149 1052 jungit
2174 984 2226 1036 in
2255 983 2775 1053 subsequentibus“o
2807 1000 2820 1035 :
2858 1001 2874 1033 ι
2910 983 2976 1036 Et
3004 999 3124 1038 cum
3149 993 3331 1040 notum
3357 988 3558 1044 factum

294 1070 488 1123 bemus
517 1069 569 1122 in
595 1068 846 1123 manilius
875 1070 1163 1123 sacriﬁciis
1193 1073 1532 1140 proferamus
1550 1077 1876 1144 exemplum,
1985 1077 2146 1130 fuerit
2179 1075 2255 1129 illi
2298 1085 2581 1145 peccatum
2623 1076 2765 1144 quod
2797 1076 3064 1144 peccavit,
3098 1078 3333 1134 adducet
3365 1097 3561 1136 munus

289 1174 468 1228 agnus
501 1159 774 1212 immolari
799 1159 1023 1228 jubetur
1047 1160 1325 1216 inPascha
1352 1163 1422 1226 ⁷⁸,
1448 1181 1550 1216 non
1581 1167 1722 1233 quod
1752 1181 1879 1220 vere

289 1257 420 1322 agnt
476 1252 714 1306 hostiam
746 1267 845 1322 per
884 1253 1128 1321 singulos
1167 1271 1336 1308 annos
1373 1257 1680 1324 requireret
1715 1259 1873 1322 Deus,

291 1345 387 1397 sed
437 1347 585 1412 qttod
646 1345 956 1413 designaret
1006 1345 1117 1416 (51)
1175 1347 1444 1401 immolari
1497 1349 1694 1404 debere
1728 1351 1875 1403 illum

290 1450 519 1504 agnum,
570 1435 664 1506 qui
699 1435 838 1489 tollit
872 1446 1160 1502 peccatum
1195 1440 1403 1494 mumli.
1445 1439 1556 1493 Hoc
1594 1458 1726 1509 ergo
1760 1444 1874 1497 ﬁeri

288 1528 460 1580 voluit
491 1567 508 1590 ,
560 1529 690 1581 illud
724 1522 918 1582 nol-uit.
954 1529 1044 1582 Sic
1072 1529 1216 1583 enim
1263 1547 1360 1600 per
1394 1533 1585 1586 Isaiam
1624 1535 1754 1588 dicit
1781 1535 1826 1566 τ’
1858 1549 1872 1588 :

291 1617 464 1683 «Quo
519 1619 652 1672 mihi
717 1619 1118 1673 multitmlinem
1199 1624 1592 1676 sacriﬁciorum
1666 1639 1874 1678 reszro-

1980 1186 2136 1224 suum
2167 1179 2294 1224 ante
2324 1169 2609 1226 Dominum
2642 1167 2778 1242 (55).
2813 1187 2833 1219 ι
2866 1169 3033 1222 Debet
3077 1170 3221 1222 enim
3255 1187 3451 1225 ll‘tllflllS
3473 1174 3559 1227 of-

1981 1261 2127 1316 ferre
2177 1263 2394 1324 anima.
2458 1276 2579 1315 cum
2637 1261 2684 1315 ei
2737 1261 3071 1324 innotuerit,
3103 1262 3229 1329 quia
3265 1262 3406 1316 Deus
3453 1279 3557 1319 non

1979 1353 2174 1421 qumrit
2202 1352 2420 1407 carnale
2453 1353 2788 1407 sacriﬁcium
2829 1374 2840 1408 :
2873 1353 2996 1421 quia
3037 1370 3055 1403 ι
3092 1354 3419 1408 sacrificium
3449 1355 3559 1410 Deo

1976 1452 2060 1498 est
2105 1443 2331 1512 spiritus
2380 1443 2782 1498 contribulatus
2811 1443 2877 1496 ει.
2917 1461 2935 1494 ι
2996 1442 3193 1496 Notum
3243 1443 3302 1497 ﬁt
3343 1460 3474 1514 ergo
3505 1446 3556 1500 ei

1977 1545 2257 1604 peccatmn
2283 1550 2463 1600 suum,
2482 1550 2603 1588 eum
2631 1535 2885 1590 didicerit
2910 1551 2936 1588 a
2969 1535 3196 1588 Domino
3239 1537 3455 1590 dicente
3474 1537 3554 1591 “:

1983 1644 2001 1673 σ
2038 1625 2466 1680 Misericordiam
2503 1627 2647 1681 malo
2693 1642 2856 1696 quam
2892 1627 3257 1692 sacriﬁcium;
3293 1645 3311 1678 ι
3348 1636 3402 1682 et
3431 1644 3554 1683 cum

286 1723 426 1767 rum,
462 1709 598 1762 dicit
634 1707 934 1762 Dominus?
967 1711 1164 1766 Plenus
1197 1729 1316 1766 sum
1355 1713 1683 1767 holocaustis
1729 1715 1870 1768 arie-
1907 1695 1947 1749 Β
1977 1719 2258 1788 agnoverit
2294 1719 2581 1772 immolare
2615 1720 2944 1773 sacriﬁcium
2976 1719 3155 1772 laudis
3188 1718 3238 1772 in
3287 1719 3550 1783 Ecclesia,

286 1811 422 1863 tum,
456 1810 510 1854 et
558 1800 774 1870 adipem
820 1818 1108 1871 agnorum,
1145 1815 1200 1859 et
1229 1807 1547 1875 sanguinem
1592 1807 1864 1858 hircorum

279 1900 332 1943 et
366 1901 652 1944 taurorum
681 1891 828 1947 nolo.
856 1917 874 1946 ι
910 1895 1122 1948 Audisti
1153 1898 1424 1963 quomodo
1459 1913 1563 1949 non
1595 1898 1705 1948 vult
1735 1897 1864 1949 hos-

280 1979 411 2034 tiam
446 1981 709 2046 arietum,
764 1997 863 2037 nec
903 1984 1088 2053 adipes
1141 1985 1440 2052 agnorum?
1497 1987 1649 2040 dedit
1683 1996 1862 2040 tamen

287 2197 406 2269 ’Ez_
445 2197 569 2251 τῶν
620 2201 955 2269 Ὧριγένους
989 2203 1076 2267 εἰς
1114 2201 1180 2254 τὸ
1215 2205 1543 2256 Λευϊτικόν.
1590 2236 1658 2245 -—
1729 2207 1861 2262 Ἀπὸ

340 2267 574 2345 (ﬂe-sig“
599 2271 662 2322 τὸ
684 2267 1009 2345 depinxti?
1055 2273 1290 2341 ὁμιλίας
1328 2273 1631 2342 δευτέρας,
1680 2279 1861 2345 εὐθὺς

336 2338 494 2406 μετὰ
517 2339 634 2405 τὴν
664 2340 880 2409 ἀρχήν.

337 2429 438 2500 Μὴ
461 2431 756 2500 νοήσαντες
797 2432 908 2503 (54)
957 2431 1012 2485 δὲ
1047 2432 1312 2504 διαφορὰν
1358 2433 1691 2506 Ἰουδαῖσμοῦ
1724 2438 1857 2510 ὁρα-

266 2522 370 2576 τοῦ
417 2523 515 2575 καὶ
568 2522 904 2593 Ἰουδαϊσμοῦ
946 2526 1158 2596 νοητοῦ,
1195 2525 1471 2580 τουτέστιν
1524 2528 1857 2601 Ἰουδαῑσμοῦ

267 2615 511 2686 φανεροῦ
553 2617 647 2667 καὶ
689 2615 1024 2686 Ἰουδαῖσμοῦ
1050 2615 1142 2668 τοῦ
1172 2618 1229 2668 ὲν
1262 2616 1510 2688 κρυπτῷ,
1543 2619 1588 2670 οἱ
1617 2619 1723 2671 ἀπὸ
1750 2618 1856 2674 τῶν

263 2707 597 2760 cillere-citth
633 2706 745 2777 (55)
783 2707 877 2760 καὶ
916 2707 1294 2761 ἀσεϐεστάτων
1323 2709 1584 2779 αἱρέσεων
1606 2749 1620 2772 ,
1653 2708 1857 2773 εὐθέως

264 2800 560 2873 διέστησαν
605 2800 714 2853 ἀπὸ
756 2797 852 2852 τοῦ
896 2797 1250 2869 Ἰουδαῖσμοῦ,
1284 2800 1380 2852 καὶ
1431 2799 1526 2852 τοῦ
1575 2799 1708 2853 Θεοῦ
1756 2799 1854 2853 τοῦ

263 2890 448 2954 δόντος
482 2891 688 2954 ταύτας
740 2891 838 2954 τὰς
868 2890 1107 2962 Γραφὰς,
1143 2892 1235 2944 καὶ
1267 2891 1395 2942 ὅλον
1429 2891 1520 2946 τὸν
1543 2893 1727 2963 νόμον,
1761 2892 1856 2946 καὶ

265 2984 583 3038 ἀνέπλασαν
611 2984 797 3054 ἕτερον
819 2983 951 3035 Θεὸν
981 2981 1132 3053 παρὰ
1156 2982 1247 3034 τὸν
1275 2982 1545 3037 δεδωκότα
1574 2985 1854 3054 τὸννὸμον

269 3076 360 3129 καὶ
386 3078 516 3138 τοὺς
539 3076 844 3146 προφήτας,
873 3073 1024 3144 παρὰ
1049 3073 1138 3125 τὸν
1165 3075 1464 3145 ποιήσαντα
1496 3075 1722 3145 οὐρανὸν
1757 3074 1852 3128 καὶ

267 3163 392 3236 γῆν.
428 3167 502 3219 Τὸ
541 3165 598 3218 δὲ
633 3165 730 3234 οὐχ
762 3163 932 3226 οὕτως
976 3163 1110 3233 ἔχει,
1153 3163 1267 3216 ἀλλ’
1295 3163 1595 3228 ὁδεδωκὼς
1633 3165 1721 3218 τὸν
1761 3165 1850 3217 νό-

271 3277 389 3328 μον,
426 3259 628 3312 δέδωκε
659 3257 752 3310 καὶ
776 3257 834 3309 τὸ
869 3256 1200 3325 Εὐαγγέλιον
1221 3273 1234 3286 ⁸
1265 3258 1294 3309 ὁ
1336 3258 1567 3328 ποιήσας
1617 3257 1686 3310 τὰ.
1728 3258 1850 3328 βλε-

267 3351 500 3420 πόμενα,
539 3350 740 3403 δέδωκε
773 3349 865 3402 καὶ¹
895 3348 964 3400 τὰ
995 3348 1068 3418 μὴ
1101 3347 1428 3418 βλεπόμενα.
1466 3348 1622 3400 Οὕτω
1651 3349 1706 3400 δὲ
1737 3349 1848 3420 ἔχει

267 3442 608 3509 συγγένειαν,
651 3439 791 3492 ὥστε
823 3439 891 3492 τὰ
926 3439 1132 3509 ἀόρατα
1163 3438 1254 3492 τοῦ
1297 3437 1431 3491 Θεοῦ
1473 3439 1581 3491 ἀπὸ
1619 3440 1850 3503 κτίσεως

268 3533 469 3602 κόσμου
498 3535 612 3594 τοῖς
638 3532 906 3601 ποιήμασι
945 3529 1210 3600 νοούμενα
1254 3529 1606 3601 καθορᾶσθαι·
1645 3531 1848 3598 Σ¹²Υἲ¹έ⁹

268 3641 415 3676 νειαν
471 3624 584 3693 ἔχει
631 3623 726 3677 καὶ
775 3621 844 3674 τὰ
888 3620 1194 3691 βλεπόμενα
1240 3620 1330 3674 τοῦ
1391 3621 1558 3691 νόμου
1607 3621 1701 3674 καὶ
1739 3623 1846 3675 τῶν

273 3716 563 3788 προφητῶν
601 3716 735 3787 πρὸς
778 3714 846 3768 τὰ
893 3715 968 3786 μὴ
1013 3714 1339 3785 βλεπόμενα,
1385 3713 1520 3766 ἁ).λὰ
1576 3713 1843 3784 νοούμενα

270 3809 360 3862 τοῦ
393 3809 556 3880 νόμον
595 3809 689 3861 καὶ
718 3808 828 3860 τῶν
859 3806 1172 3879 προφητῶν.
1214 3807 1366 3858 Ἐπεὶ
1391 3802 1482 3859 οὖν
1517 3806 1844 3876 συνέστηκεν

270 3903 308 3971 ἠ
340 3902 521 3973 Γραφὴ
556 3902 649 3955 καὶ
690 3901 827 3972 αὐτὴ
876 3901 1037 3952 οἱονεὶ
1068 3901 1133 3952 ὲκ
1165 3899 1412 3970 σώματος
1455 3899 1553 3969 μὲν
1593 3898 1684 3951 τοῦ
1723 3898 1843 3969 βλε-

269 3993 518 4062 πομένου,
549 3991 730 4062 ψυχῆς
749 3991 806 4044 δὲ
825 3991 922 4061 τῆς
953 3991 1010 4042 ὲν
1049 3987 1198 4059 αὐτῷ
1220 3988 1514 4058 νοουμένης
1553 3991 1648 4042 καὶ
1677 4007 1842 4042 κατα-

270 4081 711 4154 λαμϐανομένης,
745 4081 839 4134 καὶ
873 4080 1180 4152 πνεύματος
1218 4079 1313 4134 τοῦ
1344 4079 1485 4132 κατὰ
1524 4080 1591 4134 τὰ
1632 4079 1842 4134 ὑποδει-

268 4189 461 4242 γματα,
488 4174 584 4226 καὶ
608 4172 764 4226 σκιὰν
791 4171 899 4224 τῶν
925 4171 1263 4244 ἐπουρανίων
1286 4187 1298 4200 ·
1324 4170 1476 4242 φέρε,
1511 4170 1836 4224 ἐπικαλεσά-

272 4282 410 4333 μενοι
442 4267 536 4319 τὸν
569 4267 870 4336 ποιήσαντα
900 4267 966 4334 τῇ
997 4264 1186 4335 Γραφῇ
1229 4263 1390 4333 σῶμα
1433 4263 1524 4316 καὶ
1546 4263 1722 4333 ψυχὴν
1746 4263 1837 4316 καὶ

1975 1819 2028 1864 ct
2062 1810 2286 1864 reddere
2316 1810 2598 1864 Altissimo
2629 1821 2752 1865 vota
2783 1827 2902 1872 sua.
2934 1826 3030 1881 per
3063 1809 3343 1864 Christum
3373 1811 3555 1865 Domi-

1973 1917 2102 1956 num
2146 1911 2416 1966 nostrum,
2453 1903 2540 1956 cui
2572 1902 2692 1958 laus
2725 1911 2778 1957 et
2811 1902 2983 1974 gloria
3014 1903 3068 1956 in
3100 1901 3295 1956 saecula
3327 1903 3554 1958 saeculo-

1973 2008 2114 2046 rum.
2149 1994 2346 2048 Amen.

1879 3028 1922 3086 C

1972 2210 2054 2264 Ea:
2102 2210 2344 2278 Origenis
2399 2209 2800 2264 Commentariis
2858 2211 2911 2263 in
2963 2209 3269 2266 Leviticwu.
3298 2210 3547 2266 —Ese—

2003 2283 2172 2335 tundo
2205 2283 2257 2332 in
2291 2279 2577 2334 Leriticum
2625 2281 2882 2344 ltuntilt'a,
2929 2282 3108 2333 statim
3145 2299 3177 2335 a
3220 2283 3506 2352 principio.

2032 2437 2298 2492 Judaismi
2326 2437 2416 2505 qui
2447 2435 2620 2492 oculis
2665 2436 2920 2504 videtur,
2969 2447 3022 2492 et
3069 2437 3186 2507 ejus
3215 2438 3307 2507 qui
3362 2448 3545 2493 mente

1961 2511 2280 2599 percipitur,
2314 2529 2419 2582 hoc
2455 2536 2536 2580 est
2567 2527 2836 2582 Judaismi
2891 2528 3167 2584 manifesti
3197 2537 3252 2583 et
3278 2526 3544 2585 Judaismi

1963 2621 2160 2676 occulti
2210 2621 2503 2675 discrimen
2548 2636 2669 2674 cum
2718 2636 2824 2674 non
2873 2621 3239 2691 intelligerent
3287 2622 3437 2692 impii
3483 2632 3539 2675 et

1963 2711 2109 2764 omni
2139 2710 2517 2765 exsecratione
2546 2709 2691 2778 digni
2717 2710 2980 2775 haeretici,
3009 2712 3189 2764 statim
3210 2727 3239 2764 a
3260 2709 3545 2768 Judaismo

1963 2809 2018 2853 et
2054 2799 2245 2852 harum
2278 2796 2686 2866 Scripturarnm
2720 2807 2992 2870 totiusque
3015 2800 3149 2870 legis
3182 2811 3408 2856 auctore
3427 2801 3540 2859 Deo

1965 2888 2297 2954 defecerunt,
2325 2897 2380 2944 et
2411 2889 2577 2943 alium
2605 2890 2772 2945 Deum
2814 2893 2883 2945 ab
2911 2907 2977 2946 eo
3000 2893 3091 2961 qui
3117 2892 3286 2964 legem
3321 2901 3375 2948 et
3409 2909 3542 2962 pro-

1963 2983 2153 3051 phetas
2188 2984 2437 3047 dederat,
2492 2983 2695 3052 quique
2743 2983 2938 3040 ctelum
2975 2994 3030 3039 et
3071 2995 3270 3041 terram
3309 2986 3538 3052 fecerat,

1955 3074 2354 3129 conﬁnxerunt.
2380 3075 2531 3142 Quod
2555 3085 2705 3130 certe
2736 3075 3129 3129 alienissimum
3150 3086 3248 3132 est.
3276 3076 3373 3143 Qui
3392 3083 3536 3131 enim

1955 3165 2101 3219 dedit
2148 3165 2318 3233 legem
2350 3167 2511 3232 Deus,
2545 3167 2692 3220 dedit
2743 3175 2798 3220 et
2832 3166 3224 3236 Evangelium;
3265 3169 3357 3236 qui
3407 3168 3537 3224 fecit

1953 3269 2016 3309 ca
2051 3269 2170 3323 qua:
2217 3255 2489 3321 videntur,
2526 3256 2674 3309 dedit
2707 3265 2761 3310 et
2786 3271 2849 3310 ea
2885 3273 3004 3324 quae
3055 3257 3228 3311 oculis
3265 3274 3369 3312 non
3411 3274 3539 3314 cer--

1954 3354 2192 3410 nuntur;
2241 3354 2295 3398 et
2349 3346 2732 3414 cognationem
2770 3346 2971 3400 habent
3023 3348 3166 3404 inter
3193 3363 3252 3403 se
3298 3364 3418 3418 qua:
3451 3349 3533 3403 vi-

1951 3435 2167 3497 dentur,
2207 3443 2262 3488 et
2291 3450 2410 3503 qme
2453 3451 2557 3487 non
2594 3435 2873 3492 videntur.
2914 3437 3040 3490 Eam
3094 3451 3275 3492 autem
3326 3455 3532 3509 cogna-

1952 3521 2150 3576 tionem
2181 3522 2402 3587 habent,
2440 3533 2496 3576 ut
2531 3523 2823 3579 invisibilia
2868 3527 2957 3580 Del
3002 3542 3030 3580 a
3063 3539 3313 3582 creatura
3343 3532 3534 3585 mundi-

1948 3627 2045 3680 per
2070 3629 2130 3667 ea
2163 3630 2284 3684 qua:
2318 3615 2462 3669 facta
2489 3625 2635 3680 sunt,
2672 3617 2950 3673 intellecta
2985 3619 3142 3691 193
3174 3623 3525 3692 conspiciau~

1951 3715 2054 3761 tur.
2089 3705 2478 3774 Cognationem
2538 3711 2738 3764 habent
2777 3728 2896 3780 qua:
2947 3715 3198 3768 videntur
3236 3716 3287 3769 in
3321 3717 3438 3786 lege
3470 3730 3529 3772 ec

1945 3801 2240 3869 prophetis,
2290 3817 2414 3854 cum
2451 3802 2514 3854 iis
2543 3816 2663 3870 qua:
2704 3819 2810 3858 non
2847 3805 3136 3872 videntur,
3185 3810 3286 3863 sed
3325 3809 3524 3864 intelli-

1945 3905 2144 3964 guntur
2195 3895 2248 3948 in
2299 3894 2418 3964 lege
2462 3907 2517 3951 et
2565 3898 2863 3967 prophetis.
2918 3900 3054 3954 Cum
3099 3903 3260 3970 igitur
3309 3913 3530 3958 constet

1945 3981 2223 4052 Scriptura
2272 3999 2488 4054 quoque
2524 3985 2638 4054 ipsa
2683 3986 2832 4041 velut
2879 4003 2945 4042 ex
2982 4005 3211 4058 corpore
3232 3994 3374 4060 quod
3402 4009 3524 4048 cer-

1944 4076 2110 4141 nitur,
2145 4086 2200 4130 et
2232 4091 2298 4131 ex
2323 4078 2528 4144 anima,
2559 4093 2678 4147 quae
2711 4080 2761 4132 in
2798 4079 2914 4148 ipso
2944 4080 3267 4152 intelligitur
3305 4096 3358 4139 et
3386 4101 3522 4141 con-

1941 4168 2161 4237 cipitur,
2212 4180 2268 4222 et
2299 4185 2362 4222 ex
2396 4170 2592 4239 spiritu
2634 4173 2937 4226 secundum
2966 4175 3295 4244 exemplaria
3320 4187 3374 4232 et
3403 4195 3519 4232 um-

1942 4259 2092 4314 bram
2133 4261 2458 4324 ctelestium,
2488 4278 2608 4332 age,
2654 4279 2719 4318 eo
2771 4264 3025 4320 invocato
3075 4269 3166 4336 qui
3221 4268 3523 4340 Scriptura;

269 4358 498 4428 πνεῦμα,
537 4357 696 4427 σῶμα
732 4355 828 4426 μὲν
868 4360 978 4420 τοῖς
1025 4357 1129 4427 πρὸ
1161 4356 1338 4427 ἡμῶν,
1377 4355 1554 4427 ψυχὴν
1589 4356 1646 4409 δὲ
1676 4359 1833 4426 ἡμῖν,

1953 4368 2154 4424 :orpus,
2187 4356 2427 4408 animam
2455 4364 2509 4410 et
2529 4356 2777 4423 Spiritum
2808 4357 2956 4423 fecit,
2987 4375 3185 4430 corpus
3213 4363 3276 4416 iis
3301 4365 3390 4432 qui
3419 4381 3518 4421 nos

1936 4451 2352 4513 prtecesserunt,
2398 4443 2635 4498 animam
2686 4445 2866 4513 nobis,
2909 4449 3158 4516 spiritum
3200 4452 3266 4506 iis
3285 4439 3401 4521 ~qui
3458 4455 3516 4510 in

1934 4533 2117 4588 futuro
2144 4533 2342 4587 satculo
2381 4534 2547 4587 vitam
2597 4543 2859 4592 :eternam
2919 4541 3309 4607 possidebunt,
3346 4555 3402 4598 et
3445 4548 3517 4601 ad

1930 4625 2176 4681 ccelestia
2208 4666 2223 4690 ,
2269 4624 2661 4694 veritatemque
2733 4627 2867 4697 legis
2909 4632 3132 4702 venturi
3176 4642 3336 4698 sunt;
3393 4635 3514 4687 ani-

1933 4733 2099 4784 mam,
2156 4733 2262 4772 non
2293 4717 2531 4770 litteram
2581 4719 2634 4772 in
2685 4725 2943 4789 przesenti
2997 4724 3385 4796 inrestigemus
3417 4729 3511 4782 :si

1930 4827 2059 4866 vero
2111 4820 2319 4866 tantum
2365 4809 2579 4866 efﬁcere
2637 4828 2967 4882 possumus,
3029 4817 3183 4886 juxta
3237 4813 3520 4874 rationem-

1929 4902 2320 4958 sacriﬁciorum
2347 4939 2362 4967 ,
2398 4916 2518 4970 qua:
2549 4903 2710 4959 modo
2744 4906 2883 4963 lecta
2936 4915 3085 4974 sunt,
3135 4907 3200 4961 ad
3248 4909 3509 4980 spiritum

1930 4993 2310 5050 ascendamus.

763 5109 809 5173 τ’
837 5107 938 5162 lsa.
969 5123 1010 5173 ι,
1034 5110 1120 5163 ll.
1191 5107 1242 5139 ⁸⁸
1272 5107 1442 5166 Levit.
1472 5126 1543 5174 tv,
1569 5109 1658 5165 28.
1737 5111 1782 5142 ’ί
1816 5113 1962 5168 ΡδειΙ.
1999 5129 2050 5178 ι,
2085 5111 2170 5168 19,

321 5222 435 5290 (5t)
487 5220 670 5296 Codex
712 5221 1019 5296 Sangam"
1059 5241 1079 5275 ι
1108 5224 1486 5296 designaret,»
1538 5236 1592 5280 et
1646 5227 1806 5296 paulo

259 5302 370 5357 post
395 5332 412 5351 ,
460 5311 493 5364 Ac
522 5295 611 5360 qui
653 5293 789 5347 tollit
830 5305 1110 5360 peccatum
1151 5293 1357 5348 mundi.
1385 5312 1404 5346 ι
1441 5295 1599 5350 Libb.
1649 5293 1802 5364 editi,

262 5379 278 5411 ι
307 5361 660 5447 sign‘if‘iearet.
785 5401 799 5414 .
824 5365 914 5432 qui
951 5365 1160 5446 tolleret
1188 5375 1415 5447 peccata
1438 5367 1646 5447 mundi.
1677 5386 1698 5419 ι

322 5430 432 5513 (52)
463 5433 605 5511 Idem
631 5430 949 5513 code-suis"
990 5453 1010 5486 ι
1037 5430 1226 5502 (ιυίε,ἰ
1254 5445 1302 5488 el
1332 5435 1470 5488 infra
1491 5478 1505 5499 ,
1541 5455 1558 5486 ι
1592 5438 1704 5492 hmc
1726 5446 1810 5492 est

258 5513 502 5583 animans
527 5501 672 5554 Ltbrt
696 5503 846 5583 editi,
869 5523 901 5583 1
921 5520 1058 5583 quar,
1085 5524 1103 5556 ι
1124 5516 1176 5559 et
1198 5504 1357 5583 ἱρῇ-ε),
1388 5525 1405 5555 ι
1429 5509 1542 5583 μαῖα
1565 5508 1800 5583 anima.)

321 5569 430 5642 (55)
451 5574 592 5642 Idem
611 5576 800 5633 codex,
825 5593 841 5623 ι
869 5569 1563 5637 Dominum.nl.ibb,editi,r
1585 5579 1801 5632 Deum,»

320 5641 430 5712 (54)
461 5641 824 5708 [νοήσαντες.
877 5643 1032 5699 liuet.
1067 5646 1234 5701 editio
1262 5647 1313 5698 iu
1358 5647 1598 5716 margine
1643 5649 1808 5704 habet

267 4447 473 4518 πνεῦμα
496 4448 556 4500 δὲ
582 4449 694 4510 τοῖς
718 4447 774 4498 ὲν
803 4445 880 4516 τῷ
914 4446 1155 4514 μέλλοντι
1188 4445 1344 4499 αἰῶνι
1369 4446 1831 4517 κληρονομήσουσι

265 4533 398 4606 ζωὴν
431 4535 651 4589 αἰώνιον
670 4573 686 4597 ,
735 4535 828 4588 καὶ
881 4535 1162 4604 μέλλουσιν
1193 4537 1350 4607 ἣκειν
1388 4537 1478 4590 ἐπὶ
1503 4537 1570 4591 τὰ
1597 4538 1833 4609 ἐπουρά-

294 4643 373 4687 ια.
417 4627 514 4680 καὶ
561 4625 790 4696 ἀληθινὰ
832 4626 924 4679 τοῦ
965 4627 1166 4696 νόμου,
1230 4628 1612 4699 ἐρευνήσωμεν
1657 4627 1715 4680 οὐ
1770 4628 1830 4681 τὸ

261 4717 508 4787 γράμμα,
557 4717 694 4771 ἀλλὰ
726 4718 824 4789 τὴν
865 4717 1044 4788 ψυχὴν
1092 4719 1184 4780 ἐπὶ
1216 4718 1312 4772 τοῦ
1359 4719 1644 4790 παρόντος.
1675 4721 1736 4772 Et
1766 4719 1823 4772 δὲ

258 4801 354 4860 οἷοί
373 4810 431 4862 τέ
455 4811 646 4880 ἐσμεν,
677 4807 1064 4880 ἀναϐησόμεθα
1093 4809 1202 4878 (56)
1234 4810 1327 4862 καὶ
1361 4811 1454 4862 ἐπὶ
1482 4811 1541 4864 τὸ
1584 4811 1821 4882 πνεῦμα,

258 4900 394 4954 κατὰ
433 4901 526 4954 τὸν
571 4899 726 4968 λόγον
773 4899 863 4952 τὸν
905 4899 1031 4969 περὶ
1076 4897 1182 4951 τῶν
1231 4898 1344 4969 (57)
1378 4899 1824 4968 ἀναγνωσθεισῶν

259 4990 473 5046 Θυσιῶν.

318 5110 363 5140 ⁷⁸
391 5109 560 5163 Exod.
591 5123 690 5162 xu.
763 5109 809 5173 τ’
837 5109 938 5162 lsa.
969 5123 1010 5173 ι,
1034 5110 1120 5163 ll.
1191 5109 1242 5139 °
1272 5109 1442 5166 Levit.
1472 5126 1543 5174 tv,
1569 5109 1658 5165 28.
1737 5111 1782 5142 ⁸¹
1816 5113 1962 5168 Psal.
1999 5129 2050 5178 L,
2085 5111 2170 5168 l9.
2249 5112 2293 5142 δ’
2316 5110 2456 5168 Osee
2477 5128 2553 5178 Vl,
2582 5113 2632 5172 6.

1914 5229 2258 5299 νομίσαντες.

1986 5299 2098 5370 (55)
2141 5303 2202 5353 Οἱ
2229 5299 2349 5354 ἀπὸ
2391 5298 2512 5374 σῶαί
2547 5301 2913 5374 ἀθεῳτατων,
2963 5312 3069 5360 etc.
3117 5305 3490 5374 Marcionitas.

1913 5369 2213 5439 eorumque
2237 5372 2473 5424 asseclas
2500 5369 2738 5425 lacessit.
2768 5372 3029 5430 Hunnus.

1917 5438 2096 5580 ﬂagiti)
2129 5438 2606 5508 Ἀναϐησόμεθα.
2653 5440 2880 5498 Ηυθιὶιιε
2926 5446 3161 5503 malebat
3199 5447 3491 5520 ἀναϐησώ-

1987 5580 2098 5650 (57)
2133 5581 2240 5636 Τὸν
2267 5581 2566 5650 περὶτῶν,
2595 5593 2702 5639 etc.
2735 5581 2827 5640 Sic
2862 5583 3048 5640 Philae
3108 5603 3205 5646 tus.
3245 5589 3300 5644 In
3334 5589 3493 5647 libris

1916 5663 2071 5707 antea
2103 5655 2264 5707 editis
2305 5658 2484 5722 deest,
2507 5655 2618 5710 τόν.
