4106 6246
534 218 642 276 4‘33

1128 341 1408 400 HOMILIA
1434 342 1519 399 Ill.

541 470 615 525 De
646 474 868 548 coquat!
892 474 1143 548 scriptum
1164 486 1237 529 est
1259 476 1305 508 ⁸³
1338 493 1360 548 τί
1388 495 1407 527 t
1439 474 1499 531 Si
1524 486 1696 531 autem
1721 478 1897 531 anima
1927 495 2110 548 pecca-

614 544 761 602 rerit.
798 555 844 596 et
874 547 1099 599 audierit
1137 562 1308 598 vocem
1334 547 1653 615 jurameuti,
1683 556 1734 600 et
1766 551 1849 601 hic
1876 544 2019 602 testis
2045 551 2113 602 sit

611 624 700 665 aut
728 616 934 674 viderit,
963 627 1052 669 aut
1086 616 1324 669 conscius
1355 616 1539 684 fuerit,
1568 619 1612 668 si
1640 633 1743 671 non
1772 619 2111 681 indicaverit,

609 697 657 738 et
686 685 796 751 ipsa
826 687 1045 751 accipiet
1086 698 1358 752 peccatum
1391 686 1530 753 ejus.
1564 685 1635 738 Et
1663 689 1841 739 animo
1865 705 2115 756 quatenu-

605 771 704 824 que
729 757 954 821 tetigerit
992 771 1193 807 omnem
1229 771 1335 807 rem
1373 757 1725 822 immundam,
1754 770 1844 810 aut
1875 761 2113 811 mortici-

608 841 753 882 mtm,
785 835 873 876 aut
898 842 928 877 a
950 827 1063 892 [era
1088 833 1321 891 captum,
1353 842 1372 875 ι
1405 835 1517 879 etc.

611 981 661 1034 l.
705 981 776 1035 De
823 982 1107 1036 sacriﬁciis
1147 997 1269 1052 qua:
1309 983 1615 1039 olferuntur
1659 986 1727 1040 ah
1780 985 1864 1040 his
1893 988 1982 1056 qui
2022 1004 2118 1056 per

537 1074 925 1143 ignorantiam,
979 1074 1061 1128 vel
1100 1077 1188 1141 qui
1234 1090 1338 1129 non
1404 1077 1687 1132 voluntate
1746 1081 2113 1147 peceaveriut,

534 1181 718 1219 sermo
751 1175 853 1218 est.
882 1164 1031 1219 Unde
1057 1176 1105 1219 et
1136 1168 1187 1218 iu
1220 1167 1616 1236 superioribus,
1649 1184 1773 1224 cum
1804 1171 1871 1224 de
1896 1174 2116 1241 poutiti-

532 1256 614 1307 cis
658 1255 944 1309 Sacrificiis
993 1253 1103 1324 (58)
1148 1256 1473 1321 diceremus,
1527 1260 1949 1315 observavimus
2009 1278 2113 1316 non

530 1361 652 1399 esse
673 1346 935 1412 scriptum
972 1346 1038 1400 de
1070 1361 1155 1410 eo,
1195 1349 1325 1415 quia
1369 1348 1725 1417 ignoraverit.
1771 1352 1874 1405 Sed
1915 1353 1960 1405 si
1992 1354 2116 1422 quis

532 1438 673 1491 bene
698 1438 942 1491 meminit
968 1452 1155 1490 eormn
1202 1454 1324 1507 qme
1363 1439 1508 1493 dicta
1539 1450 1685 1505 sunt,
1722 1458 1753 1511 p
1779 1451 1902 1497 stest
1958 1446 2114 1498 nobis

536 1533 735 1594 dicere,
771 1532 895 1600 quia
922 1532 1248 1585 sacrificium
1286 1534 1426 1601 quod
1456 1534 1760 1601 poutilicem
1789 1552 1887 1605 pro
1924 1552 2117 1604 pecca-

462 1690 469 1695 _
536 1632 592 1677 to
621 1622 855 1675 diximus
886 1622 1167 1686 obtulisse,
1205 1622 1429 1692 figuram
1470 1625 1671 1679 Christi
1711 1635 1894 1679 tenere
1923 1631 2111 1695 posui-

2008 218 2330 278 ORIGENIS

2142 350 2189 406 Α
2219 345 2270 398 in
2315 357 2487 399 carne
2520 342 2744 414 positus,
2780 350 2849 401 ‘et
2892 344 3065 401 teneri
3103 345 3294 416 potuit,
3336 320 3393 402 et
3424 344 3624 402 occidi.
3675 346 3809 404 Nam

3704 228 3809 286 424

2216 451 2505 505 ponamus,
2545 435 2695 490 verbi
2737 438 2937 505 gratia,
2980 438 3025 493 si
3060 438 3320 493 Dominus
3360 435 3669 506 maiestatis
3702 455 3806 494 non

2215 529 2455 583 venisset
2495 529 2548 583 in
2596 542 2786 594 carne,
2827 545 2932 583 non
2978 530 3247 600 arguisset
3294 527 3534 594 Iudaeos,
3580 548 3687 585 nou
3728 533 3812 589 eis

2217 620 2411 674 fuisset
2439 620 2619 689 gravis
2637 622 2879 675 etiamad
2912 621 3229 684 vivendum,
3261 636 3364 675 non
3400 622 3589 690 utique
3628 626 3807 678 teneri

2216 710 2506 779 potuisset,
2550 724 2740 779 neque
2773 711 2840 763 ad
2882 722 3108 765 mortem
3150 711 3324 777 tradi;
3354 728 3632 782 nunquam
3688 716 3813 771 sine

2216 802 2380 856 dubio
2423 802 2662 857 venisset
2702 802 2927 873 sanguis
2974 803 3092 870 ejus
3124 818 3292 873 super
3332 803 3500 872 ipsos,
3542 815 3595 860 et
3636 822 3813 875 super

2219 892 2358 949 filios
2388 909 2595 950 eorum.
2640 894 2748 949 Sed
2782 893 2909 963 quia
2938 896 3087 949 venit
3127 896 3183 949 in
3210 911 3398 959 carne,
3427 904 3479 949 et
3511 911 3607 966 pro
3646 901 3810 955 nobis

2218 996 2499 1058 peccatum
2531 988 2707 1045 factus
2729 999 2834 1056 est,
2866 998 2923 1045 et
2948 988 3061 1042 lucc
3087 988 3199 1058 pati
3223 988 3421 1059 potuit,
3456 989 3662 1043 idcirco
3692 992 3812 1059 ipse

2218 1078 2417 1133 dicitur
2462 1095 2685 1149 peccare
2719 1078 2977 1151 populum
3027 1077 3241 1144 fecisse,
3290 1079 3383 1149 qui
3430 1075 3557 1133 fecit
3592 1094 3716 1134 eum
3751 1083 3805 1136 iu

2218 1185 2277 1226 se
2313 1187 2472 1241 posse
2504 1187 2763 1241 peccare.

2286 1262 2341 1318 9.
2377 1262 2482 1317 Sed
2512 1263 2796 1318 videamus
2821 1263 2933 1334 jam
2963 1261 3078 1334 (63)
3115 1262 3244 1332 quid
3278 1263 3386 1335 agit
3416 1272 3470 1317 et
3500 1263 3601 1319 ista
3648 1265 3813 1341 194.

2218 1354 2417 1419 anima,
2450 1368 2573 1425 qua:
2618 1356 2772 1409 audit
2806 1371 2995 1410 vocem
3036 1356 3357 1424 juramenti,
3389 1368 3444 1411 et
3484 1360 3641 1414 testis
3700 1373 3810 1426 est,

2217 1446 2301 1499 vel
2335 1461 2456 1516 quae
2503 1446 2633 1501 vidit
2672 1447 2875 1515 aliquid
2932 1458 2985 1502 et
3026 1448 3247 1503 conscia
3285 1458 3389 1512 est,
3438 1458 3490 1503 ct
3522 1466 3625 1504 non
3666 1452 3811 1505 indi-

2216 1545 2335 1602 cat;
2372 1551 2440 1590 ex
2480 1551 2588 1606 quo
2620 1537 2829 1606 accepit
2869 1538 3034 1590 etiam
3075 1538 3188 1605 ipsa
3232 1548 3513 1606 peccatum
3544 1538 3663 1607 ejus
3689 1543 3812 1596 sine

2218 1623 2405 1697 dubio,
2447 1625 2537 1693 qui
2569 1623 2754 1695 inique
2780 1636 2875 1679 aut
2903 1628 3014 1697 egit
3040 1626 3265 1695 aliquid,
3299 1637 3391 1680 aut
3421 1626 3643 1694 juravit.
3688 1630 3804 1687 Hoc

535 1727 676 1773 mus,
726 1722 779 1765 et
810 1712 1143 1765 conueniens
1177 1728 1281 1765 non
1314 1713 1587 1767 videbitur
1620 1722 1677 1766 ιιι
1720 1715 1975 1769 Christus
2021 1719 2110 1784 qui
2146 1715 2187 1769 Β
2216 1721 2377 1775 etiam
2417 1724 2713 1777 secundum
2763 1723 3045 1777 historiam
3092 1737 3193 1776 nos
3228 1722 3486 1789 aedificat,
3514 1734 3563 1777 et
3612 1726 3791 1791 docet,

534 1815 813 1874 peccatum
844 1806 1038 1869 nescit,
1081 1821 1176 1871 pro
1204 1815 1429 1873 peccato
1453 1806 1569 1875 (39)
1605 1807 1817 1861 dicatur
1854 1808 2114 1863 obtulisse

532 1899 883 1961 sacrilicinm,
909 1897 1031 1949 licet
1060 1911 1153 1965 per
1178 1897 1500 1965 mysterium
1532 1914 1616 1951 res
1647 1908 1860 1966 agatur,
1888 1910 1940 1951 ct
1973 1901 2112 1953 idcnt

534 1991 650 2057 ipse
683 1989 943 2057 pontifex,
982 1990 1120 2044 idem
1144 2001 1382 2059 ponatur
1412 2000 1466 2044 et
1500 1990 1696 2045 hostia.
1754 1989 1885 2045 Vide
1910 2005 2037 2059 ergo
2068 1993 2111 2046 si

530 2096 585 2136 et
620 2088 685 2135 ad
720 2083 821 2135 hoc
845 2098 1131 2151 possumus
1161 2084 1261 2136 hoc
1289 2083 1447 2138 modo
1470 2096 1782 2144 oceurrcre,
1808 2083 1935 2152 quia
1962 2082 2116 2138 Chri-

532 2183 645 2226 stus
671 2182 953 2242 peccatnm
1005 2173 1220 2241 quidem
1265 2189 1369 2226 non
1421 2172 1571 2237 fecit,
1617 2182 1895 2240 peccatum
1933 2179 2112 2224 tamen

531 2279 629 2332 pro
666 2265 821 2318 nobis
860 2266 1032 2321 factus
1054 2277 1136 2320 est
1164 2283 1177 2317 :
1210 2268 1334 2321 dum
1369 2268 1459 2335 qui
1486 2275 1606 2321 erat
1637 2266 1687 2318 itt
1716 2263 1886 2317 forma
1916 2263 2029 2330 Dei,
2062 2263 2113 2317 in

534 2354 706 2409 forma
729 2359 869 2410 Servi
900 2373 1019 2411 esse
1044 2359 1296 2428 dignatur
1325 2376 1337 2410 :
1376 2360 1502 2411 dum
1527 2358 1620 2427 qui
1656 2357 1983 2411 immortalis
2006 2366 2110 2421 est,

533 2449 784 2515 moritur,
824 2462 879 2505 et
909 2450 1253 2519 impassibilis
1293 2452 1521 2520 patitur,
1553 2460 1609 2505 ct
1652 2448 1941 2506 invisibilis
1968 2450 2114 2506 vide-

532 2553 644 2606 tur,
680 2553 733 2597 et
762 2545 885 2612 quia
915 2544 1065 2597 nobis
1105 2543 1423 2599 hominibus
1456 2545 1537 2598 vel
1577 2561 1747 2608 mors,
1790 2547 1876 2603 vel
1904 2546 2111 2617 reliqua

530 2635 710 2689 uineis
744 2633 1008 2703 fragilitas
1039 2634 1091 2688 in
1118 2650 1288 2690 carne
1332 2651 1399 2690 ex
1440 2637 1647 2706 peccati
1677 2639 1991 2695 conditione
2023 2654 2115 2693 su-

534 2725 791 2792 perducta
821 2734 904 2777 est
936 2742 951 2777 :
988 2724 1100 2793 ipse
1145 2724 1308 2777 etiam
1341 2727 1434 2793 qui
1473 2726 1526 2779 in
1565 2727 1981 2783 similitudinem
2015 2728 2114 2782 lto-

533 2817 739 2870 tninutn
800 2816 971 2870 factus
1019 2827 1123 2880 est,
1174 2826 1229 2871 et
1284 2818 1468 2872 habitu
1528 2830 1776 2887 repertus
1809 2830 1867 2873 ut
1918 2821 2106 2888 homo,

526 2907 650 2963 sine
695 2910 857 2963 dubio
908 2925 1005 2979 pro
1051 2919 1275 2978 peccato
1308 2910 1450 2980 quod
1483 2925 1547 2965 ex
1581 2912 1737 2967 nobis
1767 2924 2109 2983 susceperat,

530 3002 654 3071 quia
681 3010 899 3071 peccata
923 3010 1107 3055 nostra
1136 3003 1391 3072 portavit,
1422 3002 1650 3056 vitulum
1676 3003 2106 3069 immaculatum,

532 3094 635 3148 hoc
683 3103 765 3148 est
808 3108 1030 3147 carnem
1090 3093 1578 3148 incontaminatam
1624 3095 1821 3149 obtulit
1872 3096 2107 3151 hostiam
2139 3064 2184 3124 Ο

531 3185 661 3241 Deo.
698 3186 804 3241 Sed
839 3188 971 3255 quid
1006 3185 1267 3241 faciemus
1295 3187 1360 3240 de
1381 3202 1468 3252 eo,
1497 3188 1641 3258 quod
1668 3188 1721 3242 in
1755 3188 2110 3257 sequentibus

525 3274 801 3348 jungitur?
846 3276 944 3332 Ubi
978 3277 1120 3332 enim
1151 3277 1283 3332 dicit
1318 3277 1365 3338 εξ
1397 3293 1412 3332 :
1452 3298 1471 3331 ‹
1528 3279 1584 3334 Si
1617 3280 1834 3349 quidem
1868 3279 2109 3350 pontifex

526 3372 617 3441 qui
652 3381 846 3425 unctus
875 3382 979 3434 est,
1020 3371 1351 3441 peccaverit,
1389 3390 1407 3423 ι
1449 3373 1527 3427 ibi
1562 3373 1781 3427 additur
1811 3389 1823 3425 :
1861 3391 1879 3425 ι
1916 3373 1985 3429 Ut
2016 3390 2111 3444 po-

529 3463 710 3532 pulum
767 3462 969 3517 faceret
1008 3478 1254 3533 peccare,
1302 3462 1495 3518 offeret
1524 3479 1622 3533 pro
1654 3475 1881 3533 peccato
1921 3479 2040 3518 suo.
2084 3481 2103 3518 ι

527 3556 808 3621 Quomodo
840 3572 967 3625 ergo
1000 3556 1288 3611 conveniet
1321 3566 1379 3610 ut
1413 3558 1537 3625 quia
1570 3573 1666 3628 per
1692 3573 1912 3615 carnem
1934 3575 2107 3622 suam,

526 3663 689 3714 quant
722 3648 960 3717 suscepit
990 3662 1053 3701 ex
1080 3647 1234 3702 nobis
1257 3643 1583 3719 Jesns,'ipse
1608 3661 1892 3719 peccatum
1931 3654 2110 3709 factus

526 3748 630 3802 est,
664 3754 891 3808 peccare
923 3738 1113 3795 fecerit
1142 3738 1438 3807 pupulum?
1464 3740 1719 3796 Ausculta
1780 3753 1835 3798 et
1865 3746 1931 3799 de
1982 3746 2105 3811 hoc,

526 3830 579 3884 si
636 3830 774 3887 forte
835 3848 957 3885 cum
1000 3832 1177 3900 aliqua
1225 3832 1615 3900 consequentia
1663 3832 1775 3903 (60)
1818 3850 2107 3902 possumus

527 3926 873 3995 respondere.
912 3925 1099 3977 Passio
1147 3924 1346 3977 Christi
1398 3923 1753 3979 credentibus
1782 3927 2001 3994 quidem
2030 3929 2109 3982 vi-

528 4027 660 4083 tam,
692 4030 920 4071 mortem
950 4031 1081 4070 vero
1119 4030 1224 4069 non
1263 4016 1612 4070 credentibus
1637 4015 1869 4074 confert.
1903 4020 2109 4085 Quam-

526 4110 610 4164 vis
633 4108 776 4163 enim
796 4107 939 4161 salus
962 4107 1210 4177 gentibus
1236 4108 1305 4162 sit
1327 4123 1422 4176 per
1453 4122 1669 4163 crucem
1694 4109 1813 4178 ejus
1836 4119 1886 4165 et
1907 4111 2110 4178 justifi-

529 4203 705 4267 catio,
757 4200 962 4256 Judaeis
1016 4209 1192 4254 tamen
1247 4198 1502 4256 interitus
1545 4210 1630 4256 est
1674 4211 1729 4255 et
1775 4205 2108 4259 condemna-

529 4295 625 4349 tio.
662 4292 753 4348 Sic
782 4294 1002 4346 enimet
1030 4290 1293 4360 Scriptum
1336 4301 1419 4345 est
1449 4292 1500 4345 iu
1548 4291 1843 4361 Evangelia
1878 4294 2055 4366 ait)”
2088 4308 2102 4348 :

2218 1826 2285 1867 ne
2320 1829 2556 1883 unquam
2589 1813 2642 1868 itt
2678 1815 2915 1884 peccatis
2936 1813 3161 1868 alterius
3182 1814 3486 1883 polluamus
3520 1817 3791 1871 conscien-

2219 1904 2317 1956 tias
2347 1914 2583 1970 nostras,
2612 1919 2677 1959 ne
2707 1919 3032 1960 consensum
3066 1906 3207 1958 male
3230 1908 3520 1974 agez.tilms
3561 1906 3798 1971 praebea-

2216 2012 2357 2051 mus.
2401 1996 2735 2051 Consensum
2777 2008 2957 2053 autem
3014 1998 3160 2060 dico,
3215 2014 3321 2052 non
3379 1998 3555 2052 solum
3598 1999 3808 2066 pariter

2216 2088 2449 2155 agendo,
2482 2088 2577 2143 sed
2606 2087 2766 2140 etiam
2799 2104 2920 2157 qua:
2944 2088 3132 2142 illicite
3157 2097 3304 2158 gesta
3326 2097 3473 2151 sunt,
3507 2088 3808 2143 reticendo.

2220 2177 2314 2232 Vis
2348 2189 2527 2231 autem
2556 2178 2698 2234 scire
2732 2180 2859 2247 quia
2889 2180 3240 2233 consentiant
3284 2180 3397 2234 lucc
3421 2179 3587 2234 etiam
3636 2194 3809 2235 evan-

2215 2269 2401 2341 gelicis
2443 2270 2770 2340 prmceptis?
2802 2271 2918 2339 Ipse
2951 2270 3216 2325 Dominus
3260 2271 3392 2325 dicit
3424 2271 3471 2303 ⁸⁸
3505 2290 3520 2326 :
3570 2289 3589 2322 ι
3632 2272 3690 2327 Si
3731 2274 3813 2327 vi-t

2216 2359 2360 2414 deris
2382 2358 2605 2413 fratrem
2648 2369 2798 2414 tuum
2833 2374 3085 2429 peccare,
3116 2375 3285 2430 argue
3318 2376 3440 2413 eum
3487 2360 3631 2415 inter
3660 2371 3711 2415 te
3751 2368 3810 2416 et;

2217 2452 2390 2522 ipsum
2433 2453 2630 2508 solum.
2686 2450 2743 2507 Si
2800 2460 2851 2506 te
2898 2451 3154 2515 audierit,
3192 2451 3429 2505 lucratus
3465 2465 3526 2506 es
3578 2450 3807 2506 fratrem

2216 2553 2389 2600 tuum.
2419 2544 2574 2612 Quod
2603 2545 2647 2599 si
2681 2552 2734 2599 te
2776 2559 2881 2599 non
2932 2544 3193 2609 audierit,
3222 2543 3417 2598 adhibe
3451 2554 3631 2598 tecum
3669 2544 3806 2598 alios

2214 2632 2370 2699 duos,
2399 2634 2480 2687 vel
2507 2641 2638 2688 tres.
2666 2632 2818 2699 Quod
2841 2633 2884 2687 si
2914 2648 3014 2687 nec
3038 2632 3185 2703 ipsos
3218 2633 3473 2698 audierit,
3502 2633 3591 2687 dic
3618 2632 3808 2688 Eccle-

2214 2726 2331 2780 siae.
2365 2725 2422 2781 Si
2472 2741 2601 2781 vero
2631 2742 2729 2781 nec
2755 2724 3054 2780 Ecclesiam
3108 2725 3362 2789 audierit,
3391 2726 3464 2780 sit
3513 2725 3609 2779 tibi
3661 2724 3806 2780 sicut

2213 2821 2461 2875 ethnicus
2496 2829 2551 2874 et
2590 2820 2939 2890 publicanus.
2988 2836 3007 2870 ι
3042 2819 3149 2873 Sed
3191 2819 3562 2888 evangelicum
3598 2832 3805 2889 praece-

2215 2923 2365 2978 ptmn
2399 2912 2451 2965 in
2503 2927 2569 2967 eo
2599 2911 2893 2981 perfectius
2946 2911 3131 2967 datum
3180 2922 3285 2978 est,
3330 2913 3472 2982 quod
3526 2913 3802 2969 indicandi

2214 3005 2420 3073 peccati
2454 3002 2566 3076 (δι)
2592 3004 2809 3060 modum
2843 3004 3293 3076 disciplinamque
3329 3004 3643 3060 constituit.
3681 3004 3804 3059 Non

2217 3088 2328 3146 vult
2352 3098 2497 3149 enim
2531 3105 2604 3158 te,
2640 3095 2684 3148 si
2725 3093 2867 3149 forte
2908 3107 3191 3166 peccatmn
3238 3096 3445 3151 videris
3481 3094 3667 3150 fratris
3698 3096 3804 3159 tui,

2213 3188 2469 3243 continuo
2508 3187 2724 3244 evolare
2765 3187 2832 3243 ad
2869 3190 3167 3259 publicum,
3197 3199 3250 3245 et
3293 3189 3636 3260 proclamare
3672 3207 3802 3258 pas-

2214 3280 2336 3348 sim,
2370 3297 2432 3336 ac
2454 3281 2735 3351 divulgare
2754 3284 2931 3339 aliena
2964 3294 3183 3353 peccata
3217 3300 3232 3337 :
3266 3286 3408 3354 quod
3438 3293 3585 3339 esset
3610 3285 3801 3353 utique

2213 3384 2318 3423 non
2366 3371 2713 3442 corrigentis,
2747 3377 2841 3427 sed
2881 3374 3064 3444 potius
3117 3373 3458 3429 infamantis.
3496 3374 3679 3442 Solus,
3716 3376 3803 3430 in-

2212 3460 2350 3529 quit,
2377 3460 2519 3515 inter
2547 3470 2601 3516 te
2627 3473 2679 3516 et
2699 3465 2874 3534 ipsqu
2904 3463 3077 3518 solum
3115 3467 3328 3535 corripe
3358 3482 3506 3522 eum.
3533 3466 3631 3522 Ubi
3655 3468 3805 3521 enim

2212 3553 2421 3606 servari
2474 3552 2577 3608 sibi
2631 3557 2949 3626 mysterium
3010 3557 3207 3612 viderit
3255 3558 3343 3612 ille
3385 3559 3478 3628 qui
3531 3574 3804 3628 peccave-

2213 3644 2285 3697 rit
2317 3643 2450 3715 (65),
2486 3648 2725 3702 servabit
2753 3657 2809 3702 et
2843 3648 2959 3717 ipse
2988 3648 3393 3704 emendationis
3426 3650 3709 3717 pudorem.
3739 3648 3803 3705 Si

2211 3750 2341 3792 vero
2368 3736 2634 3794 diti'amari
2669 3755 2727 3795 se
2755 3741 2960 3805 videat,
2994 3741 3141 3796 illico
3172 3742 3241 3795 ad
3278 3741 3583 3812 denegandi
3619 3743 3800 3811 impn-

2212 3829 2450 3884 dentiam
2479 3840 2867 3899 couvcrtetur;
2901 3841 2955 3887 et
2978 3849 3084 3887 non
3112 3834 3289 3888 solum
3330 3848 3436 3889 non
3470 3834 3800 3889 emendavea

2212 3922 2287 3976 ris
2324 3935 2629 3991 peccatum,
2679 3927 2777 3979 sed
2825 3936 2878 3980 et
2908 3927 3293 3995 duplicaveris.
3340 3926 3495 3981 Disce
3549 3942 3680 3998 ergo
3730 3944 3799 3983 ex

2213 4012 2518 4082 Evangeliis
2549 4016 2817 4071 ordinem.
2847 4016 3054 4084 Primo,
3089 4018 3284 4089 inquit,
3320 4018 3465 4075 solus
3496 4018 3638 4073 inter
3668 4028 3721 4075 te
3745 4028 3801 4073 ιι

2212 4103 2407 4172 ipsum.
2444 4105 2697 4161 Secundo
2729 4108 2929 4162 adhibe
2974 4117 3153 4165 tecum
3182 4110 3318 4167 alios
3350 4112 3509 4177 duos,
3540 4112 3622 4167 vel
3655 4121 3796 4167 tres.

2210 4195 2394 4264 Quare
2424 4197 2563 4252 duos
2588 4198 2669 4254 vel
2708 4200 2855 4254 tres?
2883 4218 2902 4252 t
2939 4201 2994 4256 In
3025 4217 3122 4257 ore
3162 4203 3332 4267 enim,
3366 4203 3634 4273 inquit",
3663 4204 3798 4260 duo«

2180 4292 2186 4300 ‘
2212 4303 2353 4353 rum,
2376 4288 2458 4343 vel
2488 4290 2654 4344 trium
2683 4291 2901 4346 testium
2928 4292 3091 4347 stabit
3118 4310 3280 4350 omne
3310 4296 3557 4352 verbum.
3595 4312 3613 4347 ι
3648 4295 3797 4362 Quo—

536 4398 556 4435 ι
593 4383 734 4437 Ecce
775 4383 863 4436 hic
891 4392 1048 4435 natus
1075 4390 1159 4436 est
1196 4382 1262 4435 ad
1303 4382 1512 4435 ruinam
1558 4393 1613 4436 et
1652 4388 2103 4440 resurrectionem
2138 4412 2184 4469 υ
2213 4380 2356 4433 niam
2388 4382 2606 4450 quidem
2646 4382 2805 4439 tertio
2851 4386 3253 4455 correptionem
3307 4388 3530 4442 mandat
3584 4386 3649 4441 ad
3689 4387 3795 4444 Eos

527 4476 841 4530 multorum.
882 4493 900 4525 ι
935 4474 999 4527 Et
1026 4475 1126 4528 hoc
1154 4474 1312 4528 modo
1349 4488 1444 4541 per
1476 4484 1759 4543 peccatum
1788 4492 1967 4541 suum,
2005 4478 2105 4533 hoc

526 4576 609 4618 est
656 4579 750 4633 per
800 4579 1021 4617 carnem
1077 4565 1128 4616 in
1164 4578 1383 4619 crucem
1439 4576 1636 4629 actam,
1688 4566 1738 4619 in
1774 4582 1876 4636 qua
1920 4580 2103 4625 nostra

526 4668 746 4727 peccata
776 4665 1114 4722 susceperat,
1150 4670 1246 4711 uos
1286 4655 1503 4724 quidem
1542 4655 1823 4712 credentes
1856 4660 2105 4716 liberavit

526 4766 554 4804 a
606 4757 861 4817 peccato;
923 4745 1173 4814 populum
1218 4762 1346 4800 vero
1384 4762 1489 4801 nou
1520 4746 1828 4800 credentem
1874 4764 2104 4816 peccare

526 4838 672 4900 fecit,
703 4839 898 4906 quibus
927 4839 991 4889 ad
1030 4837 1429 4891 incredulitatis
1459 4836 1683 4903 malum,
1722 4839 1889 4891 etiam
1921 4841 2099 4893 sacria

524 4931 646 4999 It-gii
686 4930 795 5001 (ὅέ)
828 4928 1056 4982 accessit
1100 4928 1369 4997 impietas.
1398 4924 1463 4980 Et
1499 4928 1600 4981 hoc
1638 4928 1795 4982 modo
1853 4929 2101 4996 pontifex

524 5025 624 5077 iste
652 5037 918 5091 pet'suuttl
953 5029 1230 5090 peccatum
1264 5036 1495 5090 peccare
1519 5020 1772 5090 populum
1808 5020 1953 5084 fecit,
1975 5022 2102 5076 dum

490 5123 505 5135 ’
591 5137 635 5168 ⁸³
663 5134 835 5189 Levit.
870 5150 919 5191 v.
954 5136 973 5187 l
1008 5145 1061 5189 et
1091 5150 1246 5203 seqq.
1320 5134 1366 5166 “
1391 5133 1561 5189 LeVilo
1592 5149 1667 5198 Ινν
1693 5133 1749 5189 5-

594 5226 705 5293 (58)
738 5226 917 5280 Codex
951 5227 1260 5297 Saugerm.,
1292 5246 1311 5280 ‹
1342 5229 1649 5285 sacrificiis.
1690 5248 1708 5283 ι
1736 5228 1895 5284 Libb.
1936 5232 2093 5298 editi,

528 5316 545 5347 ι
570 5298 784 5351 sacrilic
805 5310 857 5349 ο.
889 5316 907 5346 ι

593 5364 705 5435 (59)
746 5368 898 5441 Lihh.
932 5376 1087 5422 antea
1117 5369 1270 5433 editi,
1313 5388 1332 5422 ι
1363 5385 1489 5425 vero
1523 5369 1745 5426 Christo
1775 5372 1865 5441 qui
1902 5386 2095 5440 pecca-

526 5446 637 5512 tum
673 5438 868 5501 nescit,
898 5448 954 5489 ut
993 5454 1087 5507 pro
1118 5450 1365 5509 peccato,
1412 5460 1430 5493 ι
1458 5443 1554 5497 sed
1582 5458 1682 5498 ms.
1716 5438 2003 5512 Sangerm.
2038 5452 2095 5496 ut

524 5507 577 5559 itt
612 5514 795 5559 nostro
827 5516 999 5561 textu.

594 5575 909 5651 (βω-»ιλιιιι
960 5578 1131 5651 editi,
1178 5597 1196 5631 ι
1234 5595 1357 5634 cum
1415 5581 1595 5651 aliqua
1646 5582 2027 5637 consonantia.
2072 5601 2089 5634 ο

522 5646 698 5719 Codd.
723 5646 1002 5719 Bcct'ensis
1026 5658 1082 5703 et
1114 5650 1395 5719 Sangerm.
1430 5661 1488 5706 ut
1508 5646 1577 5706 'in
1602 5664 1785 5705 nostro
1816 5662 1985 5705 textu.

597 5714 708 5787 itit)
739 5718 915 5771 Codex
947 5714 1455 5790 Saugermaneusis,
1488 5740 1505 5774 ι
1543 5722 1595 5775 in
1629 5721 1957 5791 Evangeliis.
1998 5738 2018 5773 ι

1823 5133 1867 5165 ⁸⁵
1900 5132 2100 5202 Luc.tt,
2128 5138 2219 5195 54.

2214 4474 2435 4527 clesiam
2465 4474 2840 4541 deferendam,
2894 4478 3132 4532 secundo
3179 4479 3291 4533 vult
3337 4481 3491 4545 duos,
3540 4481 3623 4538 vel
3684 4490 3797 4536 tres

2216 4575 2379 4621 testes
2426 4567 2716 4635 adhiberi;
2753 4569 2953 4638 quibus
3006 4573 3367 4640 prmseutibus
3397 4584 3699 4644 correptus,
3745 4575 3796 4630 si

2210 4658 2501 4713 emendare
2534 4674 2594 4714 se
2624 4676 2730 4715 non
2763 4661 2896 4726 vult,
2936 4677 3056 4718 cum
3105 4666 3172 4718 ad
3218 4664 3515 4721 Ecclesium
3548 4666 3790 4721 delatum

2212 4749 2372 4805 fuerit
2400 4749 2516 4817 ejus
2545 4763 2853 4822 peccatum,
2890 4757 3063 4825 possit
3104 4756 3316 4812 duobus
3352 4758 3610 4813 adhibitis
3639 4756 3791 4811 testi-

2214 4841 2313 4895 bus
2338 4842 2607 4897 confutari
2650 4858 2664 4895 :
2698 4844 3016 4914 frequenter
3047 4848 3193 4902 enim
3240 4848 3460 4915 accidit,
3497 4858 3557 4902 ut
3603 4846 3792 4902 volens

2212 4934 2336 5003 quis
2361 4933 2736 5002 evangelicum
2769 4936 2995 5006 implere
3045 4940 3384 5005 mandatum,
3427 4938 3795 4995 calumniator

2214 5026 2458 5080 videatur
2483 5027 2527 5079 si
2556 5025 2760 5080 crimen
2783 5026 2995 5083 deferat
3019 5031 3084 5084 ad
3119 5030 3443 5099 Ecclesium,
3491 5039 3548 5087 et
3571 5029 3793 5086 deficiat

2296 5141 2342 5173 ⁸⁸
2377 5139 2568 5197 Matth.
2592 5153 2750 5205 xvttt,
2783 5142 2869 5210 15,
2908 5144 2995 5199 16.
3066 5146 3111 5177 ⁸⁷
3138 5145 3271 5200 ibid.

2274 5236 2386 5312 (62)
2405 5237 2575 5312 Cedd.
2603 5236 2954 5312 Cadomensis
2975 5249 3027 5296 et
3059 5240 3373 5312 Sangerm.,
3401 5257 3422 5291 ι
3450 5238 3782 5308 sacrilegii.)

2202 5307 2541 5379 Libhrcditi,
2580 5325 2599 5359 ί
2637 5310 2917 5379 sortilegii.
2946 5330 2964 5361 ο

2275 5382 2387 5447 (65)
2429 5377 2709 5431 Videamus
2726 5376 2863 5448 juni,
2893 5394 2999 5434 etc.
3023 5381 3233 5435 Citatur
3260 5381 3347 5436 hic
3378 5380 3529 5437 locus
3543 5380 3614 5437 ab
3645 5376 3791 5436 Iona

2204 5448 2484 5521 Aurelian.
2519 5450 2614 5503 lib.
2645 5449 2763 5521 [De
2787 5452 2953 5504 iuuit.
2978 5452 3127 5515 luic.,
3158 5468 3278 5521 cap.
3312 5451 3402 5507 18.

2277 5519 2387 5588 (lii)
2433 5519 2614 5574 Codex
2668 5518 2981 5589 Saugernn,
3021 5539 3039 5571 ‹
3076 5518 3308 5593 peccati.
3359 5540 3379 5574 ι
3407 5521 3576 5596 _Libb.
3622 5518 3786 5588 editi,

2210 5608 2228 5639 ς
2270 5597 2569 5658 peccatum.
2610 5608 2628 5640 ι

2278 5659 2388 5732 (65)
2418 5661 2557 5715 Idem
2586 5676 2713 5729 ms.,
2748 5677 2767 5713 ι
2804 5671 3012 5730 peccat.
3047 5678 3069 5714 ι
