  <div class='ocr_page' id='page_1' title='image "/cluster/home/n/w/nwhite01/storage/ocr_20150623/12/hvd.32044052796216/218.png"; bbox 0 0 4106 6246; ppageno 0'>
   <div class='ocr_carea' id='block_1_1' title="bbox 341 324 445 377">
    <p class='ocr_par' dir='ltr' id='par_1_1' title="bbox 341 324 445 377">
     <span class='ocr_line' id='line_1_1' title="bbox 341 324 445 377; baseline 0 0"><span class='ocrx_word' id='word_1_1' title='bbox 341 324 445 377; x_wconf 64' lang='grc' dir='ltr'><strong>ωε</strong></span> 
     </span>
    </p>
   </div>
   <div class='ocr_carea' id='block_1_2' title="bbox 1504 318 2438 378">
    <p class='ocr_par' dir='ltr' id='par_1_2' title="bbox 1504 318 2438 378">
     <span class='ocr_line' id='line_1_2' title="bbox 1504 318 2438 378; baseline -0.004 0"><span class='ocrx_word' id='word_1_2' title='bbox 1504 324 1570 378; x_wconf 76' lang='lat' dir='ltr'><strong>l.\&#39;</strong></span> <span class='ocrx_word' id='word_1_3' title='bbox 1612 318 1984 377; x_wconf 57' lang='lat' dir='ltr'><strong>LEVITIlZL&#39;il</strong></span> <span class='ocrx_word' id='word_1_4' title='bbox 2029 318 2306 373; x_wconf 62' lang='lat' dir='ltr'><strong>llOllll.l.\</strong></span> <span class='ocrx_word' id='word_1_5' title='bbox 2351 320 2438 375; x_wconf 80' lang='grc' dir='ltr'><strong>ΙΙΙ.</strong></span> 
     </span>
    </p>
   </div>
   <div class='ocr_carea' id='block_1_3' title="bbox 3494 334 3599 385">
    <p class='ocr_par' dir='ltr' id='par_1_3' title="bbox 3494 334 3599 385">
     <span class='ocr_line' id='line_1_3' title="bbox 3494 334 3599 385; baseline 0 0"><span class='ocrx_word' id='word_1_6' title='bbox 3494 334 3599 385; x_wconf 67' lang='grc' dir='ltr'><strong>Ωϐ</strong></span> 
     </span>
    </p>
   </div>
   <div class='ocr_carea' id='block_1_4' title="bbox 340 437 3598 507">
    <p class='ocr_par' dir='ltr' id='par_1_4' title="bbox 340 437 3598 507">
     <span class='ocr_line' id='line_1_4' title="bbox 340 437 3598 507; baseline -0 -15"><span class='ocrx_word' id='word_1_7' title='bbox 340 440 593 492; x_wconf 71' lang='lat' dir='ltr'><strong>testibus.</strong></span> <span class='ocrx_word' id='word_1_8' title='bbox 629 437 707 492; x_wconf 82' lang='lat' dir='ltr'><strong>Ne</strong></span> <span class='ocrx_word' id='word_1_9' title='bbox 733 453 861 505; x_wconf 81' lang='lat' dir='ltr'><strong>ergo</strong></span> <span class='ocrx_word' id='word_1_10' title='bbox 887 440 987 492; x_wconf 90' lang='lat' dir='ltr'><strong>hoc</strong></span> <span class='ocrx_word' id='word_1_11' title='bbox 1021 438 1254 501; x_wconf 89' lang='lat' dir='ltr'><strong>accidat,</strong></span> <span class='ocrx_word' id='word_1_12' title='bbox 1290 438 1493 493; x_wconf 61' lang='lat' dir='ltr'><strong>idcirco</strong></span> <span class='ocrx_word' id='word_1_13' title='bbox 1519 442 1655 493; x_wconf 76' lang='lat' dir='ltr'><strong>duos</strong></span> <span class='ocrx_word' id='word_1_14' title='bbox 1678 441 1758 493; x_wconf 82' lang='lat' dir='ltr'><strong>vel</strong></span> <span class='ocrx_word' id='word_1_15' title='bbox 1799 451 1911 493; x_wconf 85' lang='lat' dir='ltr'><strong>tres</strong></span> <span class='ocrx_word' id='word_1_16' title='bbox 1942 441 1985 496; x_wconf 71' lang='grc' dir='ltr'><strong>Α</strong></span> <span class='ocrx_word' id='word_1_17' title='bbox 2018 453 2173 505; x_wconf 67' lang='lat' dir='ltr'><strong>[taSSa</strong></span> <span class='ocrx_word' id='word_1_18' title='bbox 2202 448 2306 501; x_wconf 89' lang='lat' dir='ltr'><strong>est,</strong></span> <span class='ocrx_word' id='word_1_19' title='bbox 2330 448 2383 491; x_wconf 88' lang='lat' dir='ltr'><strong>et</strong></span> <span class='ocrx_word' id='word_1_20' title='bbox 2411 440 2659 507; x_wconf 82' lang='lat' dir='ltr'><strong>(‘rOgavit</strong></span> <span class='ocrx_word' id='word_1_21' title='bbox 2688 454 2903 495; x_wconf 78' lang='lat' dir='ltr'><strong>omnem</strong></span> <span class='ocrx_word' id='word_1_22' title='bbox 2937 443 3302 500; x_wconf 66' lang='lat' dir='ltr'><strong>substantiam</strong></span> <span class='ocrx_word' id='word_1_23' title='bbox 3351 465 3506 501; x_wconf 61' lang='lat' dir='ltr'><strong>sua...</strong></span> <span class='ocrx_word' id='word_1_24' title='bbox 3546 454 3598 504; x_wconf 69' lang='lat' dir='ltr'><strong>in</strong></span> 
     </span>
    </p>
   </div>
   <div class='ocr_carea' id='block_1_5' title="bbox 341 529 1910 600">
    <p class='ocr_par' dir='ltr' id='par_1_5' title="bbox 341 529 1910 600">
     <span class='ocr_line' id='line_1_5' title="bbox 341 529 1910 600; baseline 0.002 -18"><span class='ocrx_word' id='word_1_25' title='bbox 341 541 509 583; x_wconf 86' lang='lat' dir='ltr'><strong>testes</strong></span> <span class='ocrx_word' id='word_1_26' title='bbox 540 529 591 581; x_wconf 89' lang='lat' dir='ltr'><strong>in</strong></span> <span class='ocrx_word' id='word_1_27' title='bbox 614 531 846 583; x_wconf 80' lang='lat' dir='ltr'><strong>secunda</strong></span> <span class='ocrx_word' id='word_1_28' title='bbox 886 532 1241 585; x_wconf 87' lang='lat' dir='ltr'><strong>conventione</strong></span> <span class='ocrx_word' id='word_1_29' title='bbox 1275 531 1437 600; x_wconf 90' lang='lat' dir='ltr'><strong>jussit</strong></span> <span class='ocrx_word' id='word_1_30' title='bbox 1478 532 1750 599; x_wconf 75' lang='lat' dir='ltr'><strong>adhiberi.</strong></span> <span class='ocrx_word' id='word_1_31' title='bbox 1776 533 1910 585; x_wconf 75' lang='lat' dir='ltr'><strong>Cum</strong></span> 
     </span>
    </p>
   </div>
   <div class='ocr_carea' id='block_1_6' title="bbox 339 621 1913 693">
    <p class='ocr_par' dir='ltr' id='par_1_6' title="bbox 339 621 1913 693">
     <span class='ocr_line' id='line_1_6' title="bbox 339 621 1913 693; baseline 0.001 -17"><span class='ocrx_word' id='word_1_32' title='bbox 339 637 470 690; x_wconf 80' lang='lat' dir='ltr'><strong>ergo</strong></span> <span class='ocrx_word' id='word_1_33' title='bbox 505 621 777 691; x_wconf 75' lang='lat' dir='ltr'><strong>Evangelii</strong></span> <span class='ocrx_word' id='word_1_34' title='bbox 807 621 915 691; x_wconf 86' lang='lat'><strong>(66)</strong></span> <span class='ocrx_word' id='word_1_35' title='bbox 940 622 1046 675; x_wconf 89' lang='lat' dir='ltr'><strong>tale</strong></span> <span class='ocrx_word' id='word_1_36' title='bbox 1076 623 1388 675; x_wconf 89' lang='lat' dir='ltr'><strong>mandatum</strong></span> <span class='ocrx_word' id='word_1_37' title='bbox 1413 623 1502 684; x_wconf 89' lang='lat' dir='ltr'><strong>sit,</strong></span> <span class='ocrx_word' id='word_1_38' title='bbox 1528 633 1581 677; x_wconf 91' lang='lat' dir='ltr'><strong>et</strong></span> <span class='ocrx_word' id='word_1_39' title='bbox 1608 624 1689 677; x_wconf 85' lang='lat' dir='ltr'><strong>lex</strong></span> <span class='ocrx_word' id='word_1_40' title='bbox 1722 625 1913 693; x_wconf 73' lang='lat' dir='ltr'><strong>pneci-</strong></span> 
     </span>
    </p>
   </div>
   <div class='ocr_carea' id='block_1_7' title="bbox 341 715 1915 785">
    <p class='ocr_par' dir='ltr' id='par_1_7' title="bbox 341 715 1915 785">
     <span class='ocr_line' id='line_1_7' title="bbox 341 715 1915 785; baseline 0.003 -18"><span class='ocrx_word' id='word_1_41' title='bbox 341 716 449 785; x_wconf 89' lang='lat' dir='ltr'><strong>piat</strong></span> <span class='ocrx_word' id='word_1_42' title='bbox 478 716 601 782; x_wconf 84' lang='lat' dir='ltr'><strong>quia</strong></span> <span class='ocrx_word' id='word_1_43' title='bbox 637 717 677 768; x_wconf 93' lang='lat' dir='ltr'><strong>si</strong></span> <span class='ocrx_word' id='word_1_44' title='bbox 712 715 956 778; x_wconf 89' lang='lat' dir='ltr'><strong>tacuerit,</strong></span> <span class='ocrx_word' id='word_1_45' title='bbox 978 715 1206 783; x_wconf 81' lang='lat' dir='ltr'><strong>accipiet</strong></span> <span class='ocrx_word' id='word_1_46' title='bbox 1241 727 1521 785; x_wconf 74' lang='lat' dir='ltr'><strong>peccatum</strong></span> <span class='ocrx_word' id='word_1_47' title='bbox 1554 716 1707 782; x_wconf 79' lang='lat' dir='ltr'><strong>ejus:</strong></span> <span class='ocrx_word' id='word_1_48' title='bbox 1738 719 1915 773; x_wconf 90' lang='lat' dir='ltr'><strong>scien-</strong></span> 
     </span>
    </p>
   </div>
   <div class='ocr_carea' id='block_1_8' title="bbox 342 808 1913 881">
    <p class='ocr_par' dir='ltr' id='par_1_8' title="bbox 342 808 1913 881">
     <span class='ocr_line' id='line_1_8' title="bbox 342 808 1913 881; baseline 0.006 -21"><span class='ocrx_word' id='word_1_49' title='bbox 342 808 464 860; x_wconf 89' lang='lat' dir='ltr'><strong>dum</strong></span> <span class='ocrx_word' id='word_1_50' title='bbox 493 817 595 870; x_wconf 88' lang='lat' dir='ltr'><strong>est,</strong></span> <span class='ocrx_word' id='word_1_51' title='bbox 649 808 791 875; x_wconf 88' lang='lat' dir='ltr'><strong>quod</strong></span> <span class='ocrx_word' id='word_1_52' title='bbox 819 808 861 860; x_wconf 89' lang='lat' dir='ltr'><strong>si</strong></span> <span class='ocrx_word' id='word_1_53' title='bbox 898 810 1019 876; x_wconf 84' lang='lat' dir='ltr'><strong>quis</strong></span> <span class='ocrx_word' id='word_1_54' title='bbox 1042 824 1103 862; x_wconf 88' lang='lat' dir='ltr'><strong>ea</strong></span> <span class='ocrx_word' id='word_1_55' title='bbox 1135 824 1258 877; x_wconf 66' lang='lat' dir='ltr'><strong>quae</strong></span> <span class='ocrx_word' id='word_1_56' title='bbox 1292 810 1434 863; x_wconf 85' lang='lat' dir='ltr'><strong>videt</strong></span> <span class='ocrx_word' id='word_1_57' title='bbox 1476 812 1527 863; x_wconf 92' lang='lat' dir='ltr'><strong>in</strong></span> <span class='ocrx_word' id='word_1_58' title='bbox 1560 811 1759 867; x_wconf 90' lang='lat' dir='ltr'><strong>delicto</strong></span> <span class='ocrx_word' id='word_1_59' title='bbox 1788 830 1913 881; x_wconf 87' lang='lat' dir='ltr'><strong>pro-</strong></span> 
     </span>
    </p>
   </div>
   <div class='ocr_carea' id='block_1_9' title="bbox 345 900 1914 973">
    <p class='ocr_par' dir='ltr' id='par_1_9' title="bbox 345 900 1914 973">
     <span class='ocr_line' id='line_1_9' title="bbox 345 900 1914 973; baseline 0.005 -20"><span class='ocrx_word' id='word_1_60' title='bbox 345 900 471 953; x_wconf 87' lang='lat' dir='ltr'><strong>ximi</strong></span> <span class='ocrx_word' id='word_1_61' title='bbox 511 900 616 963; x_wconf 88' lang='lat' dir='ltr'><strong>sui,</strong></span> <span class='ocrx_word' id='word_1_62' title='bbox 650 900 730 953; x_wconf 90' lang='lat' dir='ltr'><strong>vel</strong></span> <span class='ocrx_word' id='word_1_63' title='bbox 764 918 866 955; x_wconf 92' lang='lat' dir='ltr'><strong>non</strong></span> <span class='ocrx_word' id='word_1_64' title='bbox 904 902 1104 956; x_wconf 92' lang='lat' dir='ltr'><strong>indicat</strong></span> <span class='ocrx_word' id='word_1_65' title='bbox 1139 905 1435 956; x_wconf 90' lang='lat' dir='ltr'><strong>secundum</strong></span> <span class='ocrx_word' id='word_1_66' title='bbox 1483 906 1722 972; x_wconf 81' lang='lat' dir='ltr'><strong>regulam</strong></span> <span class='ocrx_word' id='word_1_67' title='bbox 1754 922 1914 973; x_wconf 86' lang='lat' dir='ltr'><strong>snpe-</strong></span> 
     </span>
    </p>
   </div>
   <div class='ocr_carea' id='block_1_10' title="bbox 345 992 1914 1065">
    <p class='ocr_par' dir='ltr' id='par_1_10' title="bbox 345 992 1914 1065">
     <span class='ocr_line' id='line_1_10' title="bbox 345 992 1914 1065; baseline 0.003 -20"><span class='ocrx_word' id='word_1_68' title='bbox 345 993 456 1045; x_wconf 89' lang='lat' dir='ltr'><strong>rins</strong></span> <span class='ocrx_word' id='word_1_69' title='bbox 495 992 701 1054; x_wconf 86' lang='lat' dir='ltr'><strong>datam,</strong></span> <span class='ocrx_word' id='word_1_70' title='bbox 747 992 830 1045; x_wconf 86' lang='lat' dir='ltr'><strong>vel</strong></span> <span class='ocrx_word' id='word_1_71' title='bbox 873 993 927 1047; x_wconf 88' lang='lat' dir='ltr'><strong>in</strong></span> <span class='ocrx_word' id='word_1_72' title='bbox 969 994 1340 1048; x_wconf 87' lang='lat' dir='ltr'><strong>testimonium</strong></span> <span class='ocrx_word' id='word_1_73' title='bbox 1373 1006 1619 1056; x_wconf 89' lang='lat' dir='ltr'><strong>vocatus.</strong></span> <span class='ocrx_word' id='word_1_74' title='bbox 1659 1012 1763 1049; x_wconf 91' lang='lat' dir='ltr'><strong>non</strong></span> <span class='ocrx_word' id='word_1_75' title='bbox 1794 1012 1914 1065; x_wconf 75' lang='lat' dir='ltr'><strong>qua:</strong></span> 
     </span>
    </p>
   </div>
   <div class='ocr_carea' id='block_1_11' title="bbox 340 1081 1912 1151">
    <p class='ocr_par' dir='ltr' id='par_1_11' title="bbox 340 1081 1912 1151">
     <span class='ocr_line' id='line_1_11' title="bbox 340 1081 1912 1151; baseline 0.001 -17"><span class='ocrx_word' id='word_1_76' title='bbox 340 1097 467 1136; x_wconf 88' lang='lat' dir='ltr'><strong>vera</strong></span> <span class='ocrx_word' id='word_1_77' title='bbox 522 1090 648 1134; x_wconf 90' lang='lat' dir='ltr'><strong>sunt</strong></span> <span class='ocrx_word' id='word_1_78' title='bbox 703 1081 921 1145; x_wconf 76' lang='lat' dir='ltr'><strong>dixerit,</strong></span> <span class='ocrx_word' id='word_1_79' title='bbox 972 1090 1253 1148; x_wconf 89' lang='lat' dir='ltr'><strong>peccatum</strong></span> <span class='ocrx_word' id='word_1_80' title='bbox 1315 1084 1456 1151; x_wconf 86' lang='lat' dir='ltr'><strong>quod</strong></span> <span class='ocrx_word' id='word_1_81' title='bbox 1508 1082 1778 1135; x_wconf 84' lang='lat' dir='ltr'><strong>commisit</strong></span> <span class='ocrx_word' id='word_1_82' title='bbox 1823 1082 1912 1136; x_wconf 90' lang='lat' dir='ltr'><strong>ille</strong></span> 
     </span>
    </p>
   </div>
   <div class='ocr_carea' id='block_1_12' title="bbox 343 1173 1911 1248">
    <p class='ocr_par' dir='ltr' id='par_1_12' title="bbox 343 1173 1911 1248">
     <span class='ocr_line' id='line_1_12' title="bbox 343 1173 1911 1248; baseline -0.004 -18"><span class='ocrx_word' id='word_1_83' title='bbox 343 1193 499 1248; x_wconf 88' lang='lat' dir='ltr'><strong>quem</strong></span> <span class='ocrx_word' id='word_1_84' title='bbox 523 1177 684 1242; x_wconf 86' lang='lat' dir='ltr'><strong>celat,</strong></span> <span class='ocrx_word' id='word_1_85' title='bbox 716 1178 829 1247; x_wconf 90' lang='lat' dir='ltr'><strong>ipse</strong></span> <span class='ocrx_word' id='word_1_86' title='bbox 859 1179 1134 1248; x_wconf 92' lang='lat' dir='ltr'><strong>suscipiet,</strong></span> <span class='ocrx_word' id='word_1_87' title='bbox 1159 1188 1214 1232; x_wconf 88' lang='lat' dir='ltr'><strong>et</strong></span> <span class='ocrx_word' id='word_1_88' title='bbox 1246 1192 1401 1245; x_wconf 65' lang='lat' dir='ltr'><strong>poena</strong></span> <span class='ocrx_word' id='word_1_89' title='bbox 1430 1174 1704 1228; x_wconf 83' lang='lat' dir='ltr'><strong>commissi</strong></span> <span class='ocrx_word' id='word_1_90' title='bbox 1731 1173 1911 1228; x_wconf 75' lang='lat' dir='ltr'><strong>revol-</strong></span> 
     </span>
    </p>
   </div>
   <div class='ocr_carea' id='block_1_13' title="bbox 339 1267 1910 1337">
    <p class='ocr_par' dir='ltr' id='par_1_13' title="bbox 339 1267 1910 1337">
     <span class='ocr_line' id='line_1_13' title="bbox 339 1267 1910 1337; baseline -0.001 -15"><span class='ocrx_word' id='word_1_91' title='bbox 339 1280 497 1325; x_wconf 86' lang='lat' dir='ltr'><strong>vetur</strong></span> <span class='ocrx_word' id='word_1_92' title='bbox 535 1271 600 1324; x_wconf 90' lang='lat' dir='ltr'><strong>ad</strong></span> <span class='ocrx_word' id='word_1_93' title='bbox 628 1274 922 1325; x_wconf 88' lang='lat' dir='ltr'><strong>conscium.</strong></span> <span class='ocrx_word' id='word_1_94' title='bbox 960 1269 1306 1327; x_wconf 85' lang='lat' dir='ltr'><strong>Snllicienter</strong></span> <span class='ocrx_word' id='word_1_95' title='bbox 1338 1283 1468 1337; x_wconf 85' lang='lat' dir='ltr'><strong>ergo</strong></span> <span class='ocrx_word' id='word_1_96' title='bbox 1489 1268 1541 1321; x_wconf 92' lang='lat' dir='ltr'><strong>in</strong></span> <span class='ocrx_word' id='word_1_97' title='bbox 1579 1267 1681 1321; x_wconf 89' lang='lat' dir='ltr'><strong>hoc</strong></span> <span class='ocrx_word' id='word_1_98' title='bbox 1708 1267 1910 1333; x_wconf 88' lang='lat' dir='ltr'><strong>capite,</strong></span> 
     </span>
    </p>
   </div>
   <div class='ocr_carea' id='block_1_14' title="bbox 340 1360 1911 1433">
    <p class='ocr_par' dir='ltr' id='par_1_14' title="bbox 340 1360 1911 1433">
     <span class='ocr_line' id='line_1_14' title="bbox 340 1360 1911 1433; baseline -0.003 -16"><span class='ocrx_word' id='word_1_99' title='bbox 340 1363 456 1433; x_wconf 89' lang='lat' dir='ltr'><strong>ipse</strong></span> <span class='ocrx_word' id='word_1_100' title='bbox 508 1379 606 1415; x_wconf 86' lang='lat' dir='ltr'><strong>nos</strong></span> <span class='ocrx_word' id='word_1_101' title='bbox 665 1363 952 1417; x_wconf 65' lang='lat' dir='ltr'><strong>aedificavit</strong></span> <span class='ocrx_word' id='word_1_102' title='bbox 1004 1373 1186 1419; x_wconf 86' lang='lat' dir='ltr'><strong>textus</strong></span> <span class='ocrx_word' id='word_1_103' title='bbox 1233 1361 1494 1415; x_wconf 84' lang='lat' dir='ltr'><strong>histori:e.</strong></span> <span class='ocrx_word' id='word_1_104' title='bbox 1548 1360 1683 1414; x_wconf 83' lang='lat' dir='ltr'><strong>Puto</strong></span> <span class='ocrx_word' id='word_1_105' title='bbox 1730 1368 1911 1413; x_wconf 83' lang='lat' dir='ltr'><strong>tamen</strong></span> 
     </span>
    </p>
   </div>
   <div class='ocr_carea' id='block_1_15' title="bbox 341 1450 1909 1523">
    <p class='ocr_par' dir='ltr' id='par_1_15' title="bbox 341 1450 1909 1523">
     <span class='ocr_line' id='line_1_15' title="bbox 341 1450 1909 1523; baseline -0.004 -16"><span class='ocrx_word' id='word_1_106' title='bbox 341 1456 481 1523; x_wconf 90' lang='lat' dir='ltr'><strong>quod</strong></span> <span class='ocrx_word' id='word_1_107' title='bbox 510 1466 563 1509; x_wconf 91' lang='lat' dir='ltr'><strong>et</strong></span> <span class='ocrx_word' id='word_1_108' title='bbox 599 1455 684 1507; x_wconf 88' lang='lat' dir='ltr'><strong>illa</strong></span> <span class='ocrx_word' id='word_1_109' title='bbox 720 1454 923 1519; x_wconf 88' lang='lat' dir='ltr'><strong>anima,</strong></span> <span class='ocrx_word' id='word_1_110' title='bbox 961 1471 1080 1523; x_wconf 76' lang='lat' dir='ltr'><strong>qnze</strong></span> <span class='ocrx_word' id='word_1_111' title='bbox 1110 1454 1243 1523; x_wconf 94' lang='lat' dir='ltr'><strong>legit</strong></span> <span class='ocrx_word' id='word_1_112' title='bbox 1268 1453 1530 1520; x_wconf 76' lang='lat' dir='ltr'><strong>scriptum</strong></span> <span class='ocrx_word' id='word_1_113' title='bbox 1560 1452 1613 1503; x_wconf 91' lang='lat' dir='ltr'><strong>in</strong></span> <span class='ocrx_word' id='word_1_114' title='bbox 1649 1450 1766 1520; x_wconf 86' lang='lat' dir='ltr'><strong>lege</strong></span> <span class='ocrx_word' id='word_1_115' title='bbox 1794 1450 1909 1513; x_wconf 94' lang='lat' dir='ltr'><strong>Dei,</strong></span> 
     </span>
    </p>
   </div>
   <div class='ocr_carea' id='block_1_16' title="bbox 340 1541 1913 1615">
    <p class='ocr_par' dir='ltr' id='par_1_16' title="bbox 340 1541 1913 1615">
     <span class='ocr_line' id='line_1_16' title="bbox 340 1541 1913 1615; baseline -0.001 -17"><span class='ocrx_word' id='word_1_116' title='bbox 340 1546 465 1615; x_wconf 87' lang='lat' dir='ltr'><strong>quia</strong></span> <span class='ocrx_word' id='word_1_117' title='bbox 514 1565 530 1595; x_wconf 73' lang='grc' dir='ltr'><strong><em>ι</em></strong></span> <span class='ocrx_word' id='word_1_118' title='bbox 564 1544 772 1614; x_wconf 86' lang='lat' dir='ltr'><strong>jnravit</strong></span> <span class='ocrx_word' id='word_1_119' title='bbox 803 1543 1085 1608; x_wconf 84' lang='lat' dir='ltr'><strong>Dominus,</strong></span> <span class='ocrx_word' id='word_1_120' title='bbox 1121 1558 1224 1597; x_wconf 90' lang='lat' dir='ltr'><strong>nec</strong></span> <span class='ocrx_word' id='word_1_121' title='bbox 1266 1556 1389 1596; x_wconf 88' lang='lat' dir='ltr'><strong>eum</strong></span> <span class='ocrx_word' id='word_1_122' title='bbox 1422 1541 1726 1607; x_wconf 77' lang='lat' dir='ltr'><strong>paenitebit,</strong></span> <span class='ocrx_word' id='word_1_123' title='bbox 1773 1552 1828 1595; x_wconf 90' lang='lat' dir='ltr'><strong>tu</strong></span> <span class='ocrx_word' id='word_1_124' title='bbox 1855 1555 1913 1596; x_wconf 83' lang='lat' dir='ltr'><strong>es</strong></span> 
     </span>
    </p>
   </div>
   <div class='ocr_carea' id='block_1_17' title="bbox 340 1633 1910 1691">
    <p class='ocr_par' dir='ltr' id='par_1_17' title="bbox 340 1633 1910 1691">
     <span class='ocr_line' id='line_1_17' title="bbox 340 1633 1910 1691; baseline -0.002 0"><span class='ocrx_word' id='word_1_125' title='bbox 340 1635 675 1691; x_wconf 88' lang='lat' dir='ltr'><strong>sacerdosin</strong></span> <span class='ocrx_word' id='word_1_126' title='bbox 702 1644 968 1690; x_wconf 67' lang='lat' dir='ltr'><strong>aeternum</strong></span> <span class='ocrx_word' id='word_1_127' title='bbox 999 1635 1304 1688; x_wconf 88' lang='lat' dir='ltr'><strong>secundum</strong></span> <span class='ocrx_word' id='word_1_128' title='bbox 1345 1634 1590 1688; x_wconf 81' lang='lat' dir='ltr'><strong>ordinem</strong></span> <span class='ocrx_word' id='word_1_129' title='bbox 1629 1633 1910 1688; x_wconf 76' lang='lat' dir='ltr'><strong>Melchise-</strong></span> 
     </span>
    </p>
   </div>
   <div class='ocr_carea' id='block_1_18' title="bbox 341 1722 1912 1790">
    <p class='ocr_par' dir='ltr' id='par_1_18' title="bbox 341 1722 1912 1790">
     <span class='ocr_line' id='line_1_18' title="bbox 341 1722 1912 1790; baseline 0.001 -11"><span class='ocrx_word' id='word_1_130' title='bbox 341 1727 473 1781; x_wconf 83' lang='lat' dir='ltr'><strong>dech</strong></span> <span class='ocrx_word' id='word_1_131' title='bbox 499 1727 567 1788; x_wconf 78' lang='grc'><strong>⁸⁸,</strong></span> <span class='ocrx_word' id='word_1_132' title='bbox 604 1744 621 1776; x_wconf 73' lang='grc' dir='ltr'><strong>ι</strong></span> <span class='ocrx_word' id='word_1_133' title='bbox 656 1726 806 1778; x_wconf 89' lang='lat' dir='ltr'><strong>audit</strong></span> <span class='ocrx_word' id='word_1_134' title='bbox 836 1739 1020 1779; x_wconf 89' lang='lat' dir='ltr'><strong>vocem</strong></span> <span class='ocrx_word' id='word_1_135' title='bbox 1045 1722 1358 1790; x_wconf 82' lang='lat' dir='ltr'><strong>iuramenti,</strong></span> <span class='ocrx_word' id='word_1_136' title='bbox 1389 1732 1445 1777; x_wconf 91' lang='lat' dir='ltr'><strong>ut</strong></span> <span class='ocrx_word' id='word_1_137' title='bbox 1482 1723 1684 1778; x_wconf 90' lang='lat' dir='ltr'><strong>faciunt</strong></span> <span class='ocrx_word' id='word_1_138' title='bbox 1708 1723 1912 1780; x_wconf 75' lang='lat' dir='ltr'><strong>Scriba:</strong></span> 
     </span>
    </p>
   </div>
   <div class='ocr_carea' id='block_1_19' title="bbox 341 1814 1913 1884">
    <p class='ocr_par' dir='ltr' id='par_1_19' title="bbox 341 1814 1913 1884">
     <span class='ocr_line' id='line_1_19' title="bbox 341 1814 1913 1884; baseline 0 -13"><span class='ocrx_word' id='word_1_139' title='bbox 341 1828 395 1871; x_wconf 93' lang='lat' dir='ltr'><strong>et</strong></span> <span class='ocrx_word' id='word_1_140' title='bbox 430 1817 683 1871; x_wconf 59' lang='lat' dir='ltr'><strong>Pharisaei</strong></span> <span class='ocrx_word' id='word_1_141' title='bbox 713 1831 928 1884; x_wconf 81' lang='lat' dir='ltr'><strong>semper</strong></span> <span class='ocrx_word' id='word_1_142' title='bbox 954 1817 1063 1869; x_wconf 66' lang='lat' dir='ltr'><strong>htec</strong></span> <span class='ocrx_word' id='word_1_143' title='bbox 1100 1814 1440 1879; x_wconf 79' lang='lat' dir='ltr'><strong>meditantes,</strong></span> <span class='ocrx_word' id='word_1_144' title='bbox 1470 1816 1563 1868; x_wconf 88' lang='lat' dir='ltr'><strong>sed</strong></span> <span class='ocrx_word' id='word_1_145' title='bbox 1605 1824 1798 1876; x_wconf 82' lang='lat' dir='ltr'><strong>tacent,</strong></span> <span class='ocrx_word' id='word_1_146' title='bbox 1856 1828 1913 1871; x_wconf 92' lang='lat' dir='ltr'><strong>et</strong></span> 
     </span>
    </p>
   </div>
   <div class='ocr_carea' id='block_1_20' title="bbox 346 1908 1913 1976">
    <p class='ocr_par' dir='ltr' id='par_1_20' title="bbox 346 1908 1913 1976">
     <span class='ocr_line' id='line_1_20' title="bbox 346 1908 1913 1976; baseline 0 -13"><span class='ocrx_word' id='word_1_147' title='bbox 346 1910 629 1963; x_wconf 83' lang='lat' dir='ltr'><strong>enuntiare</strong></span> <span class='ocrx_word' id='word_1_148' title='bbox 656 1910 721 1961; x_wconf 89' lang='lat' dir='ltr'><strong>ad</strong></span> <span class='ocrx_word' id='word_1_149' title='bbox 766 1908 1019 1976; x_wconf 86' lang='lat' dir='ltr'><strong>populum</strong></span> <span class='ocrx_word' id='word_1_150' title='bbox 1066 1908 1272 1968; x_wconf 87' lang='lat' dir='ltr'><strong>nolunt,</strong></span> <span class='ocrx_word' id='word_1_151' title='bbox 1308 1924 1373 1963; x_wconf 90' lang='lat' dir='ltr'><strong>ne</strong></span> <span class='ocrx_word' id='word_1_152' title='bbox 1400 1909 1602 1962; x_wconf 83' lang='lat' dir='ltr'><strong>Christi</strong></span> <span class='ocrx_word' id='word_1_153' title='bbox 1643 1917 1913 1963; x_wconf 84' lang='lat' dir='ltr'><strong>testentur</strong></span> 
     </span>
    </p>
   </div>
   <div class='ocr_carea' id='block_1_21' title="bbox 349 2000 1910 2069">
    <p class='ocr_par' dir='ltr' id='par_1_21' title="bbox 349 2000 1910 2069">
     <span class='ocr_line' id='line_1_21' title="bbox 349 2000 1910 2069; baseline 0 -18"><span class='ocrx_word' id='word_1_154' title='bbox 349 2000 653 2055; x_wconf 90' lang='lat' dir='ltr'><strong>adventum.</strong></span> <span class='ocrx_word' id='word_1_155' title='bbox 684 2000 967 2068; x_wconf 77' lang='lat' dir='ltr'><strong>Propterea</strong></span> <span class='ocrx_word' id='word_1_156' title='bbox 997 2014 1124 2068; x_wconf 86' lang='lat' dir='ltr'><strong>ergo</strong></span> <span class='ocrx_word' id='word_1_157' title='bbox 1156 2000 1255 2068; x_wconf 88' lang='lat' dir='ltr'><strong>ipsi</strong></span> <span class='ocrx_word' id='word_1_158' title='bbox 1299 2000 1567 2069; x_wconf 83' lang='lat' dir='ltr'><strong>accipient</strong></span> <span class='ocrx_word' id='word_1_159' title='bbox 1607 2009 1910 2069; x_wconf 82' lang='lat' dir='ltr'><strong>peccatum,</strong></span> 
     </span>
    </p>
   </div>
   <div class='ocr_carea' id='block_1_22' title="bbox 350 2091 1907 2165">
    <p class='ocr_par' dir='ltr' id='par_1_22' title="bbox 350 2091 1907 2165">
     <span class='ocr_line' id='line_1_22' title="bbox 350 2091 1907 2165; baseline 0.001 -20"><span class='ocrx_word' id='word_1_160' title='bbox 350 2091 532 2162; x_wconf 82' lang='lat' dir='ltr'><strong>inquo</strong></span> <span class='ocrx_word' id='word_1_161' title='bbox 556 2108 657 2148; x_wconf 93' lang='lat' dir='ltr'><strong>non</strong></span> <span class='ocrx_word' id='word_1_162' title='bbox 696 2096 1037 2152; x_wconf 85' lang='lat' dir='ltr'><strong>enuntiantcs</strong></span> <span class='ocrx_word' id='word_1_163' title='bbox 1063 2097 1129 2149; x_wconf 91' lang='lat' dir='ltr'><strong>ad</strong></span> <span class='ocrx_word' id='word_1_164' title='bbox 1162 2095 1411 2165; x_wconf 87' lang='lat' dir='ltr'><strong>populum</strong></span> <span class='ocrx_word' id='word_1_165' title='bbox 1447 2110 1566 2165; x_wconf 79' lang='lat' dir='ltr'><strong>qua:</strong></span> <span class='ocrx_word' id='word_1_166' title='bbox 1604 2110 1730 2148; x_wconf 87' lang='lat' dir='ltr'><strong>vera</strong></span> <span class='ocrx_word' id='word_1_167' title='bbox 1763 2103 1907 2155; x_wconf 88' lang='lat' dir='ltr'><strong>sunt,</strong></span> 
     </span>
    </p>
   </div>
   <div class='ocr_carea' id='block_1_23' title="bbox 343 2184 1175 2256">
    <p class='ocr_par' dir='ltr' id='par_1_23' title="bbox 343 2184 1175 2256">
     <span class='ocr_line' id='line_1_23' title="bbox 343 2184 1175 2256; baseline 0.001 -19"><span class='ocrx_word' id='word_1_168' title='bbox 343 2196 571 2252; x_wconf 88' lang='lat' dir='ltr'><strong>peccare</strong></span> <span class='ocrx_word' id='word_1_169' title='bbox 602 2184 807 2238; x_wconf 88' lang='lat' dir='ltr'><strong>faciunt</strong></span> <span class='ocrx_word' id='word_1_170' title='bbox 842 2187 952 2256; x_wconf 82' lang='lat'><strong>(67)</strong></span> <span class='ocrx_word' id='word_1_171' title='bbox 988 2187 1175 2246; x_wconf 79' lang='lat' dir='ltr'><strong>Israel,</strong></span> 
     </span>
    </p>
   </div>
   <div class='ocr_carea' id='block_1_24' title="bbox 411 2275 1914 2348">
    <p class='ocr_par' dir='ltr' id='par_1_24' title="bbox 411 2275 1914 2348">
     <span class='ocr_line' id='line_1_24' title="bbox 411 2275 1914 2348; baseline 0.003 -20"><span class='ocrx_word' id='word_1_172' title='bbox 411 2276 464 2329; x_wconf 82' lang='grc'><strong>5.</strong></span> <span class='ocrx_word' id='word_1_173' title='bbox 499 2275 625 2330; x_wconf 84' lang='lat' dir='ltr'><strong>Post</strong></span> <span class='ocrx_word' id='word_1_174' title='bbox 673 2278 783 2330; x_wconf 71' lang='lat' dir='ltr'><strong>litec</strong></span> <span class='ocrx_word' id='word_1_175' title='bbox 812 2278 914 2329; x_wconf 90' lang='lat' dir='ltr'><strong>alia</strong></span> <span class='ocrx_word' id='word_1_176' title='bbox 961 2278 1041 2331; x_wconf 89' lang='lat' dir='ltr'><strong>lex</strong></span> <span class='ocrx_word' id='word_1_177' title='bbox 1078 2278 1468 2348; x_wconf 81' lang='lat' dir='ltr'><strong>promulgatur.</strong></span> <span class='ocrx_word' id='word_1_178' title='bbox 1503 2298 1519 2329; x_wconf 73' lang='grc' dir='ltr'>ι</span> <span class='ocrx_word' id='word_1_179' title='bbox 1558 2279 1773 2344; x_wconf 78' lang='lat' dir='ltr'><strong>Anima,</strong></span> <span class='ocrx_word' id='word_1_180' title='bbox 1837 2278 1914 2332; x_wconf 90' lang='lat' dir='ltr'><strong>in-</strong></span> 
     </span>
    </p>
   </div>
   <div class='ocr_carea' id='block_1_25' title="bbox 336 2368 1910 2439">
    <p class='ocr_par' dir='ltr' id='par_1_25' title="bbox 336 2368 1910 2439">
     <span class='ocr_line' id='line_1_25' title="bbox 336 2368 1910 2439; baseline 0.004 -21"><span class='ocrx_word' id='word_1_181' title='bbox 336 2368 531 2436; x_wconf 78' lang='lat' dir='ltr'><strong>quit”,</strong></span> <span class='ocrx_word' id='word_1_182' title='bbox 560 2384 893 2438; x_wconf 63' lang='lat' dir='ltr'><strong>qumcunque</strong></span> <span class='ocrx_word' id='word_1_183' title='bbox 913 2371 1149 2439; x_wconf 86' lang='lat' dir='ltr'><strong>tetigerit</strong></span> <span class='ocrx_word' id='word_1_184' title='bbox 1170 2386 1383 2423; x_wconf 90' lang='lat' dir='ltr'><strong>onmem</strong></span> <span class='ocrx_word' id='word_1_185' title='bbox 1413 2386 1523 2423; x_wconf 89' lang='lat' dir='ltr'><strong>rem</strong></span> <span class='ocrx_word' id='word_1_186' title='bbox 1552 2370 1910 2434; x_wconf 86' lang='lat' dir='ltr'><strong>immundam,</strong></span> 
     </span>
    </p>
   </div>
   <div class='ocr_carea' id='block_1_26' title="bbox 338 2460 1915 2531">
    <p class='ocr_par' dir='ltr' id='par_1_26' title="bbox 338 2460 1915 2531">
     <span class='ocr_line' id='line_1_26' title="bbox 338 2460 1915 2531; baseline 0.002 -19"><span class='ocrx_word' id='word_1_187' title='bbox 338 2470 432 2512; x_wconf 89' lang='lat' dir='ltr'><strong>aut</strong></span> <span class='ocrx_word' id='word_1_188' title='bbox 474 2460 819 2514; x_wconf 89' lang='lat' dir='ltr'><strong>morticinum</strong></span> <span class='ocrx_word' id='word_1_189' title='bbox 868 2462 1239 2531; x_wconf 80' lang='lat' dir='ltr'><strong>jnmenlorum</strong></span> <span class='ocrx_word' id='word_1_190' title='bbox 1283 2464 1704 2524; x_wconf 88' lang='lat' dir='ltr'><strong>immnndorum,</strong></span> <span class='ocrx_word' id='word_1_191' title='bbox 1746 2471 1800 2515; x_wconf 83' lang='lat' dir='ltr'><strong>et</strong></span> <span class='ocrx_word' id='word_1_192' title='bbox 1843 2462 1915 2515; x_wconf 86' lang='lat' dir='ltr'><strong>la-</strong></span> 
     </span>
    </p>
   </div>
   <div class='ocr_carea' id='block_1_27' title="bbox 340 2552 1913 2623">
    <p class='ocr_par' dir='ltr' id='par_1_27' title="bbox 340 2552 1913 2623">
     <span class='ocr_line' id='line_1_27' title="bbox 340 2552 1913 2623; baseline 0.003 -21"><span class='ocrx_word' id='word_1_193' title='bbox 340 2552 501 2605; x_wconf 89' lang='lat' dir='ltr'><strong>tuerit</strong></span> <span class='ocrx_word' id='word_1_194' title='bbox 535 2566 687 2612; x_wconf 89' lang='lat' dir='ltr'><strong>eum,</strong></span> <span class='ocrx_word' id='word_1_195' title='bbox 743 2562 798 2605; x_wconf 93' lang='lat' dir='ltr'><strong>et</strong></span> <span class='ocrx_word' id='word_1_196' title='bbox 847 2554 1161 2623; x_wconf 85' lang='lat' dir='ltr'><strong>inquinatus</strong></span> <span class='ocrx_word' id='word_1_197' title='bbox 1206 2565 1306 2617; x_wconf 84' lang='lat' dir='ltr'><strong>est,</strong></span> <span class='ocrx_word' id='word_1_198' title='bbox 1346 2564 1438 2609; x_wconf 91' lang='lat' dir='ltr'><strong>aut</strong></span> <span class='ocrx_word' id='word_1_199' title='bbox 1479 2555 1523 2609; x_wconf 90' lang='lat' dir='ltr'><strong>si</strong></span> <span class='ocrx_word' id='word_1_200' title='bbox 1567 2554 1806 2622; x_wconf 80' lang='lat' dir='ltr'><strong>tetigerit</strong></span> <span class='ocrx_word' id='word_1_201' title='bbox 1846 2553 1913 2607; x_wconf 89' lang='lat' dir='ltr'><strong>ab</strong></span> 
     </span>
    </p>
   </div>
   <div class='ocr_carea' id='block_1_28' title="bbox 338 2640 1910 2715">
    <p class='ocr_par' dir='ltr' id='par_1_28' title="bbox 338 2640 1910 2715">
     <span class='ocr_line' id='line_1_28' title="bbox 338 2640 1910 2715; baseline 0.004 -22"><span class='ocrx_word' id='word_1_202' title='bbox 338 2640 675 2697; x_wconf 83' lang='lat' dir='ltr'><strong>immunditia</strong></span> <span class='ocrx_word' id='word_1_203' title='bbox 712 2644 973 2707; x_wconf 85' lang='lat' dir='ltr'><strong>hominis,</strong></span> <span class='ocrx_word' id='word_1_204' title='bbox 1008 2647 1075 2699; x_wconf 88' lang='lat' dir='ltr'><strong>ab</strong></span> <span class='ocrx_word' id='word_1_205' title='bbox 1106 2646 1250 2700; x_wconf 92' lang='lat' dir='ltr'><strong>omni</strong></span> <span class='ocrx_word' id='word_1_206' title='bbox 1294 2645 1659 2707; x_wconf 90' lang='lat' dir='ltr'><strong>immunditia,</strong></span> <span class='ocrx_word' id='word_1_207' title='bbox 1703 2661 1769 2699; x_wconf 87' lang='lat' dir='ltr'><strong>ex</strong></span> <span class='ocrx_word' id='word_1_208' title='bbox 1805 2661 1910 2715; x_wconf 90' lang='lat' dir='ltr'><strong>qua</strong></span> 
     </span>
    </p>
   </div>
   <div class='ocr_carea' id='block_1_29' title="bbox 340 2734 1913 2808">
    <p class='ocr_par' dir='ltr' id='par_1_29' title="bbox 340 2734 1913 2808">
     <span class='ocr_line' id='line_1_29' title="bbox 340 2734 1913 2808; baseline 0.004 -22"><span class='ocrx_word' id='word_1_209' title='bbox 340 2734 675 2803; x_wconf 90' lang='lat' dir='ltr'><strong>inquinetur,</strong></span> <span class='ocrx_word' id='word_1_210' title='bbox 717 2755 735 2787; x_wconf 78' lang='grc' dir='ltr'><strong><em>ι</em></strong></span> <span class='ocrx_word' id='word_1_211' title='bbox 769 2748 875 2791; x_wconf 78' lang='lat' dir='ltr'><strong>etc.</strong></span> <span class='ocrx_word' id='word_1_212' title='bbox 922 2737 1044 2791; x_wconf 69' lang='lat' dir='ltr'><strong>lltec</strong></span> <span class='ocrx_word' id='word_1_213' title='bbox 1074 2738 1292 2806; x_wconf 72' lang='lat' dir='ltr'><strong>qutidem</strong></span> <span class='ocrx_word' id='word_1_214' title='bbox 1323 2738 1463 2808; x_wconf 89' lang='lat' dir='ltr'><strong>apud</strong></span> <span class='ocrx_word' id='word_1_215' title='bbox 1500 2736 1719 2792; x_wconf 61' lang='lat' dir='ltr'><strong>Iudaeos</strong></span> <span class='ocrx_word' id='word_1_216' title='bbox 1754 2738 1913 2793; x_wconf 80' lang='lat' dir='ltr'><strong>inde-</strong></span> 
     </span>
    </p>
   </div>
   <div class='ocr_carea' id='block_1_30' title="bbox 338 2828 1911 2900">
    <p class='ocr_par' dir='ltr' id='par_1_30' title="bbox 338 2828 1911 2900">
     <span class='ocr_line' id='line_1_30' title="bbox 338 2828 1911 2900; baseline 0.003 -21"><span class='ocrx_word' id='word_1_217' title='bbox 338 2837 523 2881; x_wconf 88' lang='lat' dir='ltr'><strong>center</strong></span> <span class='ocrx_word' id='word_1_218' title='bbox 546 2829 680 2882; x_wconf 90' lang='lat' dir='ltr'><strong>satis</strong></span> <span class='ocrx_word' id='word_1_219' title='bbox 718 2836 771 2883; x_wconf 90' lang='lat' dir='ltr'><strong>et</strong></span> <span class='ocrx_word' id='word_1_220' title='bbox 806 2829 1074 2884; x_wconf 90' lang='lat' dir='ltr'><strong>inutiliter</strong></span> <span class='ocrx_word' id='word_1_221' title='bbox 1100 2831 1476 2884; x_wconf 81' lang='lat' dir='ltr'><strong>observantur.</strong></span> <span class='ocrx_word' id='word_1_222' title='bbox 1519 2828 1724 2900; x_wconf 90' lang='lat' dir='ltr'><strong>thnid</strong></span> <span class='ocrx_word' id='word_1_223' title='bbox 1762 2831 1911 2884; x_wconf 86' lang='lat' dir='ltr'><strong>enim</strong></span> 
     </span>
    </p>
   </div>
   <div class='ocr_carea' id='block_1_31' title="bbox 338 2917 1912 2992">
    <p class='ocr_par' dir='ltr' id='par_1_31' title="bbox 338 2917 1912 2992">
     <span class='ocr_line' id='line_1_31' title="bbox 338 2917 1912 2992; baseline 0.004 -22"><span class='ocrx_word' id='word_1_224' title='bbox 338 2917 645 2976; x_wconf 87' lang='lat' dir='ltr'><strong>immundus</strong></span> <span class='ocrx_word' id='word_1_225' title='bbox 692 2921 957 2975; x_wconf 85' lang='lat' dir='ltr'><strong>habeatur</strong></span> <span class='ocrx_word' id='word_1_226' title='bbox 1006 2921 1097 2990; x_wconf 89' lang='lat' dir='ltr'><strong>qui</strong></span> <span class='ocrx_word' id='word_1_227' title='bbox 1152 2923 1467 2992; x_wconf 81' lang='lat' dir='ltr'><strong>contigerit,</strong></span> <span class='ocrx_word' id='word_1_228' title='bbox 1522 2924 1674 2979; x_wconf 90' lang='lat' dir='ltr'><strong>verbi</strong></span> <span class='ocrx_word' id='word_1_229' title='bbox 1722 2938 1912 2987; x_wconf 90' lang='lat' dir='ltr'><strong>causa,</strong></span> 
     </span>
    </p>
   </div>
   <div class='ocr_carea' id='block_1_32' title="bbox 339 3012 1918 3084">
    <p class='ocr_par' dir='ltr' id='par_1_32' title="bbox 339 3012 1918 3084">
     <span class='ocr_line' id='line_1_32' title="bbox 339 3012 1918 3084; baseline 0.004 -21"><span class='ocrx_word' id='word_1_230' title='bbox 339 3012 535 3065; x_wconf 79' lang='lat' dir='ltr'><strong>animal</strong></span> <span class='ocrx_word' id='word_1_231' title='bbox 589 3022 885 3077; x_wconf 89' lang='lat' dir='ltr'><strong>mortuum,</strong></span> <span class='ocrx_word' id='word_1_232' title='bbox 935 3024 1030 3070; x_wconf 91' lang='lat' dir='ltr'><strong>aut</strong></span> <span class='ocrx_word' id='word_1_233' title='bbox 1085 3031 1285 3084; x_wconf 91' lang='lat' dir='ltr'><strong>corpus</strong></span> <span class='ocrx_word' id='word_1_234' title='bbox 1341 3016 1579 3071; x_wconf 86' lang='lat' dir='ltr'><strong>hominis</strong></span> <span class='ocrx_word' id='word_1_235' title='bbox 1628 3016 1918 3072; x_wconf 77' lang='lat' dir='ltr'><strong>defuncti?</strong></span> 
     </span>
    </p>
   </div>
   <div class='ocr_carea' id='block_1_33' title="bbox 2018 529 3603 606">
    <p class='ocr_par' dir='ltr' id='par_1_33' title="bbox 2018 529 3603 606">
     <span class='ocr_line' id='line_1_33' title="bbox 2018 529 3603 606; baseline 0.009 -26"><span class='ocrx_word' id='word_1_236' title='bbox 2018 529 2282 593; x_wconf 88' lang='lat' dir='ltr'><strong>medicos,</strong></span> <span class='ocrx_word' id='word_1_237' title='bbox 2316 544 2415 583; x_wconf 88' lang='lat' dir='ltr'><strong>nec</strong></span> <span class='ocrx_word' id='word_1_238' title='bbox 2444 529 2650 598; x_wconf 90' lang='lat' dir='ltr'><strong>aliquid</strong></span> <span class='ocrx_word' id='word_1_239' title='bbox 2692 532 2959 597; x_wconf 87' lang='lat' dir='ltr'><strong>prolicere</strong></span> <span class='ocrx_word' id='word_1_240' title='bbox 2997 537 3192 604; x_wconf 88' lang='lat' dir='ltr'><strong>potuit,</strong></span> <span class='ocrx_word' id='word_1_241' title='bbox 3230 554 3326 606; x_wconf 87' lang='lat' dir='ltr'><strong>per</strong></span> <span class='ocrx_word' id='word_1_242' title='bbox 3357 540 3603 595; x_wconf 76' lang='grc' dir='ltr'><strong>ἰιιιιιιιιηο</strong></span> 
     </span>
    </p>
   </div>
   <div class='ocr_carea' id='block_1_34' title="bbox 2016 621 3598 699">
    <p class='ocr_par' dir='ltr' id='par_1_34' title="bbox 2016 621 3598 699">
     <span class='ocr_line' id='line_1_34' title="bbox 2016 621 3598 699; baseline 0.009 -25"><span class='ocrx_word' id='word_1_243' title='bbox 2016 621 2206 674; x_wconf 86' lang='lat' dir='ltr'><strong>ditiam</strong></span> <span class='ocrx_word' id='word_1_244' title='bbox 2252 621 2459 689; x_wconf 83' lang='lat' dir='ltr'><strong>peccati</strong></span> <span class='ocrx_word' id='word_1_245' title='bbox 2491 621 2544 673; x_wconf 94' lang='lat' dir='ltr'><strong>in</strong></span> <span class='ocrx_word' id='word_1_246' title='bbox 2578 622 2679 675; x_wconf 92' lang='lat' dir='ltr'><strong>hoc</strong></span> <span class='ocrx_word' id='word_1_247' title='bbox 2708 624 2958 679; x_wconf 82' lang='lat' dir='ltr'><strong>devoluta</strong></span> <span class='ocrx_word' id='word_1_248' title='bbox 3000 638 3107 682; x_wconf 92' lang='lat' dir='ltr'><strong>est.</strong></span> <span class='ocrx_word' id='word_1_249' title='bbox 3136 628 3419 699; x_wconf 86' lang='lat' dir='ltr'><strong>Tetigerat</strong></span> <span class='ocrx_word' id='word_1_250' title='bbox 3451 635 3598 688; x_wconf 91' lang='lat' dir='ltr'><strong>enim</strong></span> 
     </span>
    </p>
   </div>
   <div class='ocr_carea' id='block_1_35' title="bbox 2017 712 3597 794">
    <p class='ocr_par' dir='ltr' id='par_1_35' title="bbox 2017 712 3597 794">
     <span class='ocr_line' id='line_1_35' title="bbox 2017 712 3597 794; baseline 0.011 -32"><span class='ocrx_word' id='word_1_251' title='bbox 2017 722 2321 779; x_wconf 85' lang='lat' dir='ltr'><strong>peccatum,</strong></span> <span class='ocrx_word' id='word_1_252' title='bbox 2363 722 2416 764; x_wconf 90' lang='lat' dir='ltr'><strong>et</strong></span> <span class='ocrx_word' id='word_1_253' title='bbox 2469 712 2679 765; x_wconf 79' lang='lat' dir='ltr'><strong>idcirco</strong></span> <span class='ocrx_word' id='word_1_254' title='bbox 2723 712 2993 783; x_wconf 68' lang='lat' dir='ltr'><strong>ﬂagellum</strong></span> <span class='ocrx_word' id='word_1_255' title='bbox 3047 722 3233 775; x_wconf 91' lang='lat' dir='ltr'><strong>carnis</strong></span> <span class='ocrx_word' id='word_1_256' title='bbox 3287 736 3597 794; x_wconf 85' lang='lat' dir='ltr'><strong>acceperat.</strong></span> 
     </span>
    </p>
   </div>
   <div class='ocr_carea' id='block_1_36' title="bbox 2016 802 3603 879">
    <p class='ocr_par' dir='ltr' id='par_1_36' title="bbox 2016 802 3603 879">
     <span class='ocr_line' id='line_1_36' title="bbox 2016 802 3603 879; baseline 0.012 -25"><span class='ocrx_word' id='word_1_257' title='bbox 2016 802 2122 855; x_wconf 83' lang='lat' dir='ltr'><strong>Sed</strong></span> <span class='ocrx_word' id='word_1_258' title='bbox 2155 814 2441 874; x_wconf 84' lang='lat' dir='ltr'><strong>postquam</strong></span> <span class='ocrx_word' id='word_1_259' title='bbox 2476 805 2579 860; x_wconf 87' lang='lat' dir='ltr'><strong>lide</strong></span> <span class='ocrx_word' id='word_1_260' title='bbox 2608 808 2763 877; x_wconf 84' lang='lat' dir='ltr'><strong>plena</strong></span> <span class='ocrx_word' id='word_1_261' title='bbox 2787 810 2956 879; x_wconf 78' lang='lat' dir='ltr'><strong>tetigit</strong></span> <span class='ocrx_word' id='word_1_262' title='bbox 2976 810 3247 866; x_wconf 80' lang='lat' dir='ltr'><strong>fimbriam</strong></span> <span class='ocrx_word' id='word_1_263' title='bbox 3271 812 3423 878; x_wconf 82' lang='lat' dir='ltr'><strong>.lcsu.</strong></span> <span class='ocrx_word' id='word_1_264' title='bbox 3451 819 3603 873; x_wconf 80' lang='lat' dir='ltr'><strong>stetit</strong></span> 
     </span>
    </p>
   </div>
   <div class='ocr_carea' id='block_1_37' title="bbox 2015 891 3598 975">
    <p class='ocr_par' dir='ltr' id='par_1_37' title="bbox 2015 891 3598 975">
     <span class='ocr_line' id='line_1_37' title="bbox 2015 891 3598 975; baseline 0.01 -30"><span class='ocrx_word' id='word_1_265' title='bbox 2015 891 2193 947; x_wconf 82' lang='lat' dir='ltr'><strong>ﬂuxus</strong></span> <span class='ocrx_word' id='word_1_266' title='bbox 2222 895 2505 959; x_wconf 81' lang='lat' dir='ltr'><strong>sanguinis</strong></span> <span class='ocrx_word' id='word_1_267' title='bbox 2546 896 2685 964; x_wconf 86' lang='lat' dir='ltr'><strong>ejus,</strong></span> <span class='ocrx_word' id='word_1_268' title='bbox 2729 906 2782 949; x_wconf 89' lang='lat' dir='ltr'><strong>et</strong></span> <span class='ocrx_word' id='word_1_269' title='bbox 2818 909 3041 966; x_wconf 84' lang='lat' dir='ltr'><strong>repente</strong></span> <span class='ocrx_word' id='word_1_270' title='bbox 3078 899 3221 955; x_wconf 86' lang='lat' dir='ltr'><strong>facta</strong></span> <span class='ocrx_word' id='word_1_271' title='bbox 3249 914 3331 957; x_wconf 89' lang='lat' dir='ltr'><strong>est</strong></span> <span class='ocrx_word' id='word_1_272' title='bbox 3378 908 3598 975; x_wconf 90' lang='lat' dir='ltr'><strong>munda,</strong></span> 
     </span>
    </p>
   </div>
   <div class='ocr_carea' id='block_1_38' title="bbox 2015 992 3603 1066">
    <p class='ocr_par' dir='ltr' id='par_1_38' title="bbox 2015 992 3603 1066">
     <span class='ocr_line' id='line_1_38' title="bbox 2015 992 3603 1066; baseline 0.012 -31"><span class='ocrx_word' id='word_1_273' title='bbox 2015 1001 2136 1053; x_wconf 71' lang='lat' dir='ltr'><strong>quas</strong></span> <span class='ocrx_word' id='word_1_274' title='bbox 2151 996 2278 1039; x_wconf 85' lang='lat' dir='ltr'><strong>ante</strong></span> <span class='ocrx_word' id='word_1_275' title='bbox 2295 1002 2390 1056; x_wconf 88' lang='lat' dir='ltr'><strong>per</strong></span> <span class='ocrx_word' id='word_1_276' title='bbox 2409 996 2617 1041; x_wconf 91' lang='lat' dir='ltr'><strong>tantum</strong></span> <span class='ocrx_word' id='word_1_277' title='bbox 2636 998 2847 1055; x_wconf 84' lang='lat' dir='ltr'><strong>tempus</strong></span> <span class='ocrx_word' id='word_1_278' title='bbox 2861 992 2994 1042; x_wconf 81' lang='lat' dir='ltr'><strong>vixit</strong></span> <span class='ocrx_word' id='word_1_279' title='bbox 3012 994 3308 1047; x_wconf 88' lang='lat' dir='ltr'><strong>imnmnda.</strong></span> <span class='ocrx_word' id='word_1_280' title='bbox 3333 997 3395 1049; x_wconf 86' lang='lat' dir='ltr'><strong>Et</strong></span> <span class='ocrx_word' id='word_1_281' title='bbox 3413 1014 3603 1066; x_wconf 85' lang='lat' dir='ltr'><strong>quem-</strong></span> 
     </span>
    </p>
   </div>
   <div class='ocr_carea' id='block_1_39' title="bbox 2015 1078 3600 1155">
    <p class='ocr_par' dir='ltr' id='par_1_39' title="bbox 2015 1078 3600 1155">
     <span class='ocr_line' id='line_1_39' title="bbox 2015 1078 3600 1155; baseline 0.009 -25"><span class='ocrx_word' id='word_1_282' title='bbox 2015 1078 2306 1132; x_wconf 81' lang='lat' dir='ltr'><strong>admodum</strong></span> <span class='ocrx_word' id='word_1_283' title='bbox 2344 1095 2465 1133; x_wconf 90' lang='lat' dir='ltr'><strong>cum</strong></span> <span class='ocrx_word' id='word_1_284' title='bbox 2496 1081 2763 1151; x_wconf 53' lang='lat' dir='ltr'><strong>tetigisset</strong></span> <span class='ocrx_word' id='word_1_285' title='bbox 2808 1079 3096 1135; x_wconf 88' lang='lat' dir='ltr'><strong>Dominqu</strong></span> <span class='ocrx_word' id='word_1_286' title='bbox 3140 1093 3194 1138; x_wconf 90' lang='lat' dir='ltr'><strong>et</strong></span> <span class='ocrx_word' id='word_1_287' title='bbox 3231 1085 3600 1155; x_wconf 83' lang='lat' dir='ltr'><strong>Salvatorem,</strong></span> 
     </span>
    </p>
   </div>
   <div class='ocr_carea' id='block_1_40' title="bbox 2019 1168 3599 1247">
    <p class='ocr_par' dir='ltr' id='par_1_40' title="bbox 2019 1168 3599 1247">
     <span class='ocr_line' id='line_1_40' title="bbox 2019 1168 3599 1247; baseline 0.009 -27"><span class='ocrx_word' id='word_1_288' title='bbox 2019 1168 2177 1238; x_wconf 74' lang='lat'><strong>195</strong></span> <span class='ocrx_word' id='word_1_289' title='bbox 2212 1170 2350 1222; x_wconf 89' lang='lat' dir='ltr'><strong>dixit</strong></span> <span class='ocrx_word' id='word_1_290' title='bbox 2381 1170 2496 1238; x_wconf 87' lang='lat' dir='ltr'><strong>ipse</strong></span> <span class='ocrx_word' id='word_1_291' title='bbox 2525 1170 2570 1200; x_wconf 82' lang='lat'><strong>&quot;</strong></span> <span class='ocrx_word' id='word_1_292' title='bbox 2602 1187 2618 1225; x_wconf 92' lang='lat'><strong>:</strong></span> <span class='ocrx_word' id='word_1_293' title='bbox 2657 1188 2675 1222; x_wconf 72' lang='grc' dir='ltr'>ι</span> <span class='ocrx_word' id='word_1_294' title='bbox 2713 1168 2848 1235; x_wconf 85' lang='lat' dir='ltr'><strong>Quis</strong></span> <span class='ocrx_word' id='word_1_295' title='bbox 2895 1186 2981 1225; x_wconf 88' lang='lat' dir='ltr'><strong>me</strong></span> <span class='ocrx_word' id='word_1_296' title='bbox 3030 1174 3204 1243; x_wconf 80' lang='lat' dir='ltr'><strong>tetigit</strong></span> <span class='ocrx_word' id='word_1_297' title='bbox 3240 1176 3263 1229; x_wconf 65' lang='grc' dir='ltr'><strong>ἲ</strong></span> <span class='ocrx_word' id='word_1_298' title='bbox 3295 1176 3407 1247; x_wconf 81' lang='lat' dir='ltr'><strong>Ego</strong></span> <span class='ocrx_word' id='word_1_299' title='bbox 3452 1183 3599 1236; x_wconf 85' lang='lat' dir='ltr'><strong>enim</strong></span> 
     </span>
    </p>
   </div>
   <div class='ocr_carea' id='block_1_41' title="bbox 2015 1262 3603 1328">
    <p class='ocr_par' dir='ltr' id='par_1_41' title="bbox 2015 1262 3603 1328">
     <span class='ocr_line' id='line_1_41' title="bbox 2015 1262 3603 1328; baseline 0.009 -15"><span class='ocrx_word' id='word_1_300' title='bbox 2015 1262 2163 1314; x_wconf 90' lang='lat' dir='ltr'><strong>sensi</strong></span> <span class='ocrx_word' id='word_1_301' title='bbox 2219 1262 2475 1315; x_wconf 81' lang='lat' dir='ltr'><strong>virtutem</strong></span> <span class='ocrx_word' id='word_1_302' title='bbox 2523 1262 2705 1315; x_wconf 80' lang='lat' dir='ltr'><strong>exisse</strong></span> <span class='ocrx_word' id='word_1_303' title='bbox 2750 1263 2816 1316; x_wconf 89' lang='lat' dir='ltr'><strong>de</strong></span> <span class='ocrx_word' id='word_1_304' title='bbox 2870 1278 2955 1316; x_wconf 90' lang='lat' dir='ltr'><strong>me</strong></span> <span class='ocrx_word' id='word_1_305' title='bbox 2988 1282 3003 1327; x_wconf 88' lang='lat'><strong>;</strong></span> <span class='ocrx_word' id='word_1_306' title='bbox 3039 1282 3058 1315; x_wconf 71' lang='grc' dir='ltr'><strong><em>ι</em></strong></span> <span class='ocrx_word' id='word_1_307' title='bbox 3100 1264 3243 1319; x_wconf 89' lang='lat' dir='ltr'><strong>illam</strong></span> <span class='ocrx_word' id='word_1_308' title='bbox 3273 1268 3389 1322; x_wconf 88' lang='lat' dir='ltr'><strong>sine</strong></span> <span class='ocrx_word' id='word_1_309' title='bbox 3436 1271 3603 1328; x_wconf 90' lang='lat' dir='ltr'><strong>dubio</strong></span> 
     </span>
    </p>
   </div>
   <div class='ocr_carea' id='block_1_42' title="bbox 2015 1352 3601 1421">
    <p class='ocr_par' dir='ltr' id='par_1_42' title="bbox 2015 1352 3601 1421">
     <span class='ocr_line' id='line_1_42' title="bbox 2015 1352 3601 1421; baseline 0.011 -20"><span class='ocrx_word' id='word_1_310' title='bbox 2015 1352 2299 1416; x_wconf 75' lang='lat' dir='ltr'><strong>virtutem,</strong></span> <span class='ocrx_word' id='word_1_311' title='bbox 2330 1368 2451 1421; x_wconf 65' lang='lat' dir='ltr'><strong>qua:</strong></span> <span class='ocrx_word' id='word_1_312' title='bbox 2486 1354 2767 1408; x_wconf 88' lang='lat' dir='ltr'><strong>mulierem</strong></span> <span class='ocrx_word' id='word_1_313' title='bbox 2802 1365 3113 1419; x_wconf 83' lang='lat' dir='ltr'><strong>sanavcrat,</strong></span> <span class='ocrx_word' id='word_1_314' title='bbox 3146 1368 3200 1411; x_wconf 88' lang='lat' dir='ltr'><strong>et</strong></span> <span class='ocrx_word' id='word_1_315' title='bbox 3242 1358 3448 1416; x_wconf 82' lang='lat' dir='ltr'><strong>fecerat</strong></span> <span class='ocrx_word' id='word_1_316' title='bbox 3479 1378 3601 1419; x_wconf 87' lang='lat' dir='ltr'><strong>eam</strong></span> 
     </span>
    </p>
   </div>
   <div class='ocr_carea' id='block_1_43' title="bbox 2016 1442 3606 1519">
    <p class='ocr_par' dir='ltr' id='par_1_43' title="bbox 2016 1442 3606 1519">
     <span class='ocr_line' id='line_1_43' title="bbox 2016 1442 3606 1519; baseline 0.008 -22"><span class='ocrx_word' id='word_1_317' title='bbox 2016 1442 2300 1505; x_wconf 86' lang='lat' dir='ltr'><strong>mundam,</strong></span> <span class='ocrx_word' id='word_1_318' title='bbox 2329 1445 2406 1496; x_wconf 90' lang='lat' dir='ltr'><strong>sic</strong></span> <span class='ocrx_word' id='word_1_319' title='bbox 2449 1444 2854 1513; x_wconf 80' lang='lat' dir='ltr'><strong>intelligemlnm</strong></span> <span class='ocrx_word' id='word_1_320' title='bbox 2890 1456 2991 1511; x_wconf 90' lang='lat' dir='ltr'><strong>est,</strong></span> <span class='ocrx_word' id='word_1_321' title='bbox 3024 1448 3147 1516; x_wconf 84' lang='lat' dir='ltr'><strong>quia</strong></span> <span class='ocrx_word' id='word_1_322' title='bbox 3181 1452 3225 1503; x_wconf 89' lang='lat' dir='ltr'><strong>si</strong></span> <span class='ocrx_word' id='word_1_323' title='bbox 3260 1451 3385 1519; x_wconf 87' lang='lat' dir='ltr'><strong>quis</strong></span> <span class='ocrx_word' id='word_1_324' title='bbox 3425 1456 3606 1509; x_wconf 58' lang='lat' dir='ltr'><strong>conti.-</strong></span> 
     </span>
    </p>
   </div>
   <div class='ocr_carea' id='block_1_44' title="bbox 2015 1534 3605 1611">
    <p class='ocr_par' dir='ltr' id='par_1_44' title="bbox 2015 1534 3605 1611">
     <span class='ocr_line' id='line_1_44' title="bbox 2015 1534 3605 1611; baseline 0.008 -21"><span class='ocrx_word' id='word_1_325' title='bbox 2015 1538 2156 1605; x_wconf 88' lang='lat' dir='ltr'><strong>gerit</strong></span> <span class='ocrx_word' id='word_1_326' title='bbox 2195 1534 2308 1604; x_wconf 81' lang='lat'><strong>(68)</strong></span> <span class='ocrx_word' id='word_1_327' title='bbox 2357 1546 2665 1603; x_wconf 87' lang='lat' dir='ltr'><strong>peccatum,</strong></span> <span class='ocrx_word' id='word_1_328' title='bbox 2708 1546 2867 1591; x_wconf 87' lang='lat' dir='ltr'><strong>exeat</strong></span> <span class='ocrx_word' id='word_1_329' title='bbox 2896 1553 2964 1591; x_wconf 86' lang='lat' dir='ltr'><strong>ex</strong></span> <span class='ocrx_word' id='word_1_330' title='bbox 3012 1540 3127 1607; x_wconf 87' lang='lat' dir='ltr'><strong>ipso</strong></span> <span class='ocrx_word' id='word_1_331' title='bbox 3170 1554 3392 1611; x_wconf 87' lang='lat' dir='ltr'><strong>peccato</strong></span> <span class='ocrx_word' id='word_1_332' title='bbox 3430 1548 3605 1604; x_wconf 78' lang='lat' dir='ltr'><strong>virtus</strong></span> 
     </span>
    </p>
   </div>
   <div class='ocr_carea' id='block_1_45' title="bbox 2013 1627 3605 1705">
    <p class='ocr_par' dir='ltr' id='par_1_45' title="bbox 2013 1627 3605 1705">
     <span class='ocr_line' id='line_1_45' title="bbox 2013 1627 3605 1705; baseline 0.009 -26"><span class='ocrx_word' id='word_1_333' title='bbox 2013 1629 2260 1695; x_wconf 74' lang='lat' dir='ltr'><strong>qiuedam</strong></span> <span class='ocrx_word' id='word_1_334' title='bbox 2299 1627 2557 1699; x_wconf 84' lang='lat' dir='ltr'><strong>maligna,</strong></span> <span class='ocrx_word' id='word_1_335' title='bbox 2595 1645 2714 1699; x_wconf 62' lang='lat' dir='ltr'><strong>qum</strong></span> <span class='ocrx_word' id='word_1_336' title='bbox 2744 1648 2867 1685; x_wconf 85' lang='lat' dir='ltr'><strong>eum</strong></span> <span class='ocrx_word' id='word_1_337' title='bbox 2911 1632 3001 1701; x_wconf 86' lang='lat' dir='ltr'><strong>qui</strong></span> <span class='ocrx_word' id='word_1_338' title='bbox 3044 1648 3103 1688; x_wconf 84' lang='lat' dir='ltr'><strong>se</strong></span> <span class='ocrx_word' id='word_1_339' title='bbox 3156 1636 3386 1705; x_wconf 82' lang='lat' dir='ltr'><strong>contigit</strong></span> <span class='ocrx_word' id='word_1_340' title='bbox 3438 1636 3605 1693; x_wconf 83' lang='lat' dir='ltr'><strong>faciat</strong></span> 
     </span>
    </p>
   </div>
   <div class='ocr_carea' id='block_1_46' title="bbox 2015 1720 3600 1796">
    <p class='ocr_par' dir='ltr' id='par_1_46' title="bbox 2015 1720 3600 1796">
     <span class='ocr_line' id='line_1_46' title="bbox 2015 1720 3600 1796; baseline 0.01 -25"><span class='ocrx_word' id='word_1_341' title='bbox 2015 1720 2372 1786; x_wconf 87' lang='lat' dir='ltr'><strong>immundum,</strong></span> <span class='ocrx_word' id='word_1_342' title='bbox 2408 1731 2465 1774; x_wconf 90' lang='lat' dir='ltr'><strong>et</strong></span> <span class='ocrx_word' id='word_1_343' title='bbox 2505 1722 2606 1775; x_wconf 89' lang='lat' dir='ltr'><strong>hoc</strong></span> <span class='ocrx_word' id='word_1_344' title='bbox 2643 1733 2727 1777; x_wconf 87' lang='lat' dir='ltr'><strong>est</strong></span> <span class='ocrx_word' id='word_1_345' title='bbox 2758 1740 2882 1779; x_wconf 85' lang='lat' dir='ltr'><strong>vere</strong></span> <span class='ocrx_word' id='word_1_346' title='bbox 2912 1726 3206 1796; x_wconf 85' lang='lat' dir='ltr'><strong>contigisse</strong></span> <span class='ocrx_word' id='word_1_347' title='bbox 3241 1729 3600 1787; x_wconf 89' lang='lat' dir='ltr'><strong>immundum.</strong></span> 
     </span>
    </p>
   </div>
   <div class='ocr_carea' id='block_1_47' title="bbox 2016 1811 3604 1887">
    <p class='ocr_par' dir='ltr' id='par_1_47' title="bbox 2016 1811 3604 1887">
     <span class='ocr_line' id='line_1_47' title="bbox 2016 1811 3604 1887; baseline 0.009 -21"><span class='ocrx_word' id='word_1_348' title='bbox 2016 1811 2193 1866; x_wconf 71' lang='lat' dir='ltr'><strong>Simili</strong></span> <span class='ocrx_word' id='word_1_349' title='bbox 2235 1813 2443 1866; x_wconf 87' lang='lat' dir='ltr'><strong>ratione</strong></span> <span class='ocrx_word' id='word_1_350' title='bbox 2481 1813 2647 1867; x_wconf 89' lang='lat' dir='ltr'><strong>etiam</strong></span> <span class='ocrx_word' id='word_1_351' title='bbox 2686 1816 2752 1869; x_wconf 89' lang='lat' dir='ltr'><strong>de</strong></span> <span class='ocrx_word' id='word_1_352' title='bbox 2795 1818 3086 1872; x_wconf 90' lang='lat' dir='ltr'><strong>morticino</strong></span> <span class='ocrx_word' id='word_1_353' title='bbox 3119 1819 3375 1887; x_wconf 85' lang='lat' dir='ltr'><strong>hominis,</strong></span> <span class='ocrx_word' id='word_1_354' title='bbox 3417 1824 3500 1878; x_wconf 91' lang='lat' dir='ltr'><strong>vel</strong></span> <span class='ocrx_word' id='word_1_355' title='bbox 3534 1825 3604 1880; x_wconf 88' lang='lat' dir='ltr'><strong>de</strong></span> 
     </span>
    </p>
   </div>
   <div class='ocr_carea' id='block_1_48' title="bbox 2016 1907 3590 1976">
    <p class='ocr_par' dir='ltr' id='par_1_48' title="bbox 2016 1907 3590 1976">
     <span class='ocr_line' id='line_1_48' title="bbox 2016 1907 3590 1976; baseline 0.008 -18"><span class='ocrx_word' id='word_1_356' title='bbox 2016 1907 2310 1961; x_wconf 88' lang='lat' dir='ltr'><strong>morticino</strong></span> <span class='ocrx_word' id='word_1_357' title='bbox 2333 1908 2549 1976; x_wconf 84' lang='lat' dir='ltr'><strong>pecoris</strong></span> <span class='ocrx_word' id='word_1_358' title='bbox 2575 1908 2762 1961; x_wconf 88' lang='lat' dir='ltr'><strong>mundi</strong></span> <span class='ocrx_word' id='word_1_359' title='bbox 2795 1920 2887 1963; x_wconf 90' lang='lat' dir='ltr'><strong>aut</strong></span> <span class='ocrx_word' id='word_1_360' title='bbox 2906 1910 3166 1965; x_wconf 89' lang='lat' dir='ltr'><strong>immundi</strong></span> <span class='ocrx_word' id='word_1_361' title='bbox 3185 1914 3471 1969; x_wconf 88' lang='lat' dir='ltr'><strong>dicendum</strong></span> <span class='ocrx_word' id='word_1_362' title='bbox 3492 1926 3590 1971; x_wconf 83' lang='lat' dir='ltr'><strong>est.</strong></span> 
     </span>
    </p>
   </div>
   <div class='ocr_carea' id='block_1_49' title="bbox 2020 1994 3603 2075">
    <p class='ocr_par' dir='ltr' id='par_1_49' title="bbox 2020 1994 3603 2075">
     <span class='ocr_line' id='line_1_49' title="bbox 2020 1994 3603 2075; baseline 0.009 -26"><span class='ocrx_word' id='word_1_363' title='bbox 2020 1994 2365 2051; x_wconf 83' lang='lat' dir='ltr'><strong>Morticinum</strong></span> <span class='ocrx_word' id='word_1_364' title='bbox 2389 2012 2624 2067; x_wconf 89' lang='lat' dir='ltr'><strong>namque</strong></span> <span class='ocrx_word' id='word_1_365' title='bbox 2654 1998 2891 2054; x_wconf 85' lang='lat' dir='ltr'><strong>hominis</strong></span> <span class='ocrx_word' id='word_1_366' title='bbox 2916 2002 3181 2072; x_wconf 84' lang='lat' dir='ltr'><strong>contingit</strong></span> <span class='ocrx_word' id='word_1_367' title='bbox 3209 2005 3253 2058; x_wconf 91' lang='lat' dir='ltr'><strong>is</strong></span> <span class='ocrx_word' id='word_1_368' title='bbox 3277 2007 3367 2075; x_wconf 91' lang='lat' dir='ltr'><strong>qui</strong></span> <span class='ocrx_word' id='word_1_369' title='bbox 3402 2007 3453 2061; x_wconf 91' lang='lat' dir='ltr'><strong>in</strong></span> <span class='ocrx_word' id='word_1_370' title='bbox 3476 2023 3603 2075; x_wconf 84' lang='lat' dir='ltr'><strong>pec-</strong></span> 
     </span>
    </p>
   </div>
   <div class='ocr_carea' id='block_1_50' title="bbox 2014 2089 3604 2163">
    <p class='ocr_par' dir='ltr' id='par_1_50' title="bbox 2014 2089 3604 2163">
     <span class='ocr_line' id='line_1_50' title="bbox 2014 2089 3604 2163; baseline 0.008 -21"><span class='ocrx_word' id='word_1_371' title='bbox 2014 2089 2154 2142; x_wconf 90' lang='lat' dir='ltr'><strong>catis</strong></span> <span class='ocrx_word' id='word_1_372' title='bbox 2174 2089 2289 2142; x_wconf 80' lang='lat' dir='ltr'><strong>suis</strong></span> <span class='ocrx_word' id='word_1_373' title='bbox 2310 2103 2586 2144; x_wconf 85' lang='lat' dir='ltr'><strong>mortuum</strong></span> <span class='ocrx_word' id='word_1_374' title='bbox 2616 2090 2925 2160; x_wconf 88' lang='lat' dir='ltr'><strong>quempiam</strong></span> <span class='ocrx_word' id='word_1_375' title='bbox 2962 2094 3046 2147; x_wconf 90' lang='lat' dir='ltr'><strong>vel</strong></span> <span class='ocrx_word' id='word_1_376' title='bbox 3074 2096 3449 2163; x_wconf 83' lang='lat' dir='ltr'><strong>sequitur,ch</strong></span> <span class='ocrx_word' id='word_1_377' title='bbox 3482 2100 3604 2154; x_wconf 85' lang='lat' dir='ltr'><strong>imi-</strong></span> 
     </span>
    </p>
   </div>
   <div class='ocr_carea' id='block_1_51' title="bbox 2015 2180 3590 2261">
    <p class='ocr_par' dir='ltr' id='par_1_51' title="bbox 2015 2180 3590 2261">
     <span class='ocr_line' id='line_1_51' title="bbox 2015 2180 3590 2261; baseline 0.008 -28"><span class='ocrx_word' id='word_1_378' title='bbox 2015 2189 2181 2235; x_wconf 88' lang='lat' dir='ltr'><strong>tatur.</strong></span> <span class='ocrx_word' id='word_1_379' title='bbox 2216 2180 2323 2236; x_wconf 88' lang='lat' dir='ltr'><strong>Sed</strong></span> <span class='ocrx_word' id='word_1_380' title='bbox 2358 2184 2484 2251; x_wconf 88' lang='lat' dir='ltr'><strong>quia</strong></span> <span class='ocrx_word' id='word_1_381' title='bbox 2524 2182 2862 2253; x_wconf 90' lang='lat' dir='ltr'><strong>singulorum</strong></span> <span class='ocrx_word' id='word_1_382' title='bbox 2905 2183 3017 2254; x_wconf 88' lang='lat'><strong>(69)</strong></span> <span class='ocrx_word' id='word_1_383' title='bbox 3057 2188 3381 2242; x_wconf 76' lang='lat' dir='ltr'><strong>differentia:</strong></span> <span class='ocrx_word' id='word_1_384' title='bbox 3420 2192 3590 2261; x_wconf 42' lang='lat' dir='ltr'><strong>requi‘</strong></span> 
     </span>
    </p>
   </div>
   <div class='ocr_carea' id='block_1_52' title="bbox 2013 2275 3605 2345">
    <p class='ocr_par' dir='ltr' id='par_1_52' title="bbox 2013 2275 3605 2345">
     <span class='ocr_line' id='line_1_52' title="bbox 2013 2275 3605 2345; baseline 0.006 -17"><span class='ocrx_word' id='word_1_385' title='bbox 2013 2275 2197 2329; x_wconf 79' lang='lat' dir='ltr'><strong>renda:</strong></span> <span class='ocrx_word' id='word_1_386' title='bbox 2226 2287 2377 2342; x_wconf 89' lang='lat' dir='ltr'><strong>sunt,</strong></span> <span class='ocrx_word' id='word_1_387' title='bbox 2408 2275 2620 2345; x_wconf 88' lang='lat' dir='ltr'><strong>singula</strong></span> <span class='ocrx_word' id='word_1_388' title='bbox 2651 2290 3054 2333; x_wconf 86' lang='lat' dir='ltr'><strong>recenseamus.</strong></span> <span class='ocrx_word' id='word_1_389' title='bbox 3090 2279 3336 2336; x_wconf 84' lang='lat' dir='ltr'><strong>Hominis</strong></span> <span class='ocrx_word' id='word_1_390' title='bbox 3368 2284 3605 2339; x_wconf 47' lang='lat' dir='ltr'><strong>mortici.</strong></span> 
     </span>
    </p>
   </div>
   <div class='ocr_carea' id='block_1_53' title="bbox 2016 2368 3600 2444">
    <p class='ocr_par' dir='ltr' id='par_1_53' title="bbox 2016 2368 3600 2444">
     <span class='ocr_line' id='line_1_53' title="bbox 2016 2368 3600 2444; baseline 0.008 -25"><span class='ocrx_word' id='word_1_391' title='bbox 2016 2383 2167 2432; x_wconf 90' lang='lat' dir='ltr'><strong>num,</strong></span> <span class='ocrx_word' id='word_1_392' title='bbox 2204 2368 2347 2422; x_wconf 89' lang='lat' dir='ltr'><strong>sicut</strong></span> <span class='ocrx_word' id='word_1_393' title='bbox 2379 2382 2539 2437; x_wconf 86' lang='lat' dir='ltr'><strong>supra</strong></span> <span class='ocrx_word' id='word_1_394' title='bbox 2591 2368 2850 2437; x_wconf 80' lang='lat' dir='ltr'><strong>diximus,</strong></span> <span class='ocrx_word' id='word_1_395' title='bbox 2896 2370 3023 2424; x_wconf 90' lang='lat' dir='ltr'><strong>illud</strong></span> <span class='ocrx_word' id='word_1_396' title='bbox 3057 2387 3349 2441; x_wconf 88' lang='lat' dir='ltr'><strong>possumus</strong></span> <span class='ocrx_word' id='word_1_397' title='bbox 3396 2377 3600 2444; x_wconf 87' lang='lat' dir='ltr'><strong>dicere,</strong></span> 
     </span>
    </p>
   </div>
   <div class='ocr_carea' id='block_1_54' title="bbox 2016 2461 3601 2538">
    <p class='ocr_par' dir='ltr' id='par_1_54' title="bbox 2016 2461 3601 2538">
     <span class='ocr_line' id='line_1_54' title="bbox 2016 2461 3601 2538; baseline 0.006 -26"><span class='ocrx_word' id='word_1_398' title='bbox 2016 2461 2159 2529; x_wconf 89' lang='lat' dir='ltr'><strong>quod</strong></span> <span class='ocrx_word' id='word_1_399' title='bbox 2198 2461 2491 2529; x_wconf 86' lang='lat' dir='ltr'><strong>Apostolus</strong></span> <span class='ocrx_word' id='word_1_400' title='bbox 2514 2462 2581 2516; x_wconf 90' lang='lat' dir='ltr'><strong>ad</strong></span> <span class='ocrx_word' id='word_1_401' title='bbox 2614 2463 2929 2518; x_wconf 87' lang='lat' dir='ltr'><strong>Corinthios</strong></span> <span class='ocrx_word' id='word_1_402' title='bbox 2964 2465 3095 2520; x_wconf 86' lang='lat' dir='ltr'><strong>dicit</strong></span> <span class='ocrx_word' id='word_1_403' title='bbox 3137 2481 3151 2517; x_wconf 90' lang='lat'><strong>:</strong></span> <span class='ocrx_word' id='word_1_404' title='bbox 3198 2484 3217 2519; x_wconf 72' lang='grc' dir='ltr'><strong><em>ι</em></strong></span> <span class='ocrx_word' id='word_1_405' title='bbox 3247 2465 3475 2538; x_wconf 89' lang='lat' dir='ltr'><strong>Scripsi,</strong></span> <span class='ocrx_word' id='word_1_406' title='bbox 3515 2472 3601 2524; x_wconf 66' lang='lat' dir='ltr'><strong>in-</strong></span> 
     </span>
    </p>
   </div>
   <div class='ocr_carea' id='block_1_55' title="bbox 2013 2552 3601 2625">
    <p class='ocr_par' dir='ltr' id='par_1_55' title="bbox 2013 2552 3601 2625">
     <span class='ocr_line' id='line_1_55' title="bbox 2013 2552 3601 2625; baseline 0.008 -20"><span class='ocrx_word' id='word_1_407' title='bbox 2013 2553 2228 2622; x_wconf 82' lang='lat' dir='ltr'><strong>quit&quot;,</strong></span> <span class='ocrx_word' id='word_1_408' title='bbox 2272 2552 2425 2608; x_wconf 90' lang='lat' dir='ltr'><strong>vobis</strong></span> <span class='ocrx_word' id='word_1_409' title='bbox 2470 2555 2524 2608; x_wconf 91' lang='lat' dir='ltr'><strong>in</strong></span> <span class='ocrx_word' id='word_1_410' title='bbox 2568 2555 2831 2625; x_wconf 79' lang='lat' dir='ltr'><strong>epistola,</strong></span> <span class='ocrx_word' id='word_1_411' title='bbox 2873 2567 2929 2611; x_wconf 90' lang='lat' dir='ltr'><strong>ut</strong></span> <span class='ocrx_word' id='word_1_412' title='bbox 2987 2572 3092 2613; x_wconf 92' lang='lat' dir='ltr'><strong>non</strong></span> <span class='ocrx_word' id='word_1_413' title='bbox 3139 2561 3601 2617; x_wconf 85' lang='lat' dir='ltr'><strong>conunisceamini</strong></span> 
     </span>
    </p>
   </div>
   <div class='ocr_carea' id='block_1_56' title="bbox 2017 2643 3602 2721">
    <p class='ocr_par' dir='ltr' id='par_1_56' title="bbox 2017 2643 3602 2721">
     <span class='ocr_line' id='line_1_56' title="bbox 2017 2643 3602 2721; baseline 0.008 -24"><span class='ocrx_word' id='word_1_414' title='bbox 2017 2643 2354 2711; x_wconf 89' lang='lat' dir='ltr'><strong>fornicariis;</strong></span> <span class='ocrx_word' id='word_1_415' title='bbox 2385 2661 2490 2700; x_wconf 92' lang='lat' dir='ltr'><strong>non</strong></span> <span class='ocrx_word' id='word_1_416' title='bbox 2523 2647 2713 2717; x_wconf 92' lang='lat' dir='ltr'><strong>utique</strong></span> <span class='ocrx_word' id='word_1_417' title='bbox 2744 2646 3058 2704; x_wconf 88' lang='lat' dir='ltr'><strong>fornicariis</strong></span> <span class='ocrx_word' id='word_1_418' title='bbox 3082 2650 3243 2721; x_wconf 86' lang='lat' dir='ltr'><strong>hujus</strong></span> <span class='ocrx_word' id='word_1_419' title='bbox 3270 2654 3474 2718; x_wconf 90' lang='lat' dir='ltr'><strong>mundi,</strong></span> <span class='ocrx_word' id='word_1_420' title='bbox 3506 2663 3602 2710; x_wconf 88' lang='lat' dir='ltr'><strong>aut</strong></span> 
     </span>
    </p>
   </div>
   <div class='ocr_carea' id='block_1_57' title="bbox 2016 2735 3602 2809">
    <p class='ocr_par' dir='ltr' id='par_1_57' title="bbox 2016 2735 3602 2809">
     <span class='ocr_line' id='line_1_57' title="bbox 2016 2735 3602 2809; baseline 0.01 -23"><span class='ocrx_word' id='word_1_421' title='bbox 2016 2735 2227 2799; x_wconf 89' lang='lat' dir='ltr'><strong>avaris,</strong></span> <span class='ocrx_word' id='word_1_422' title='bbox 2255 2744 2349 2788; x_wconf 90' lang='lat' dir='ltr'><strong>aut</strong></span> <span class='ocrx_word' id='word_1_423' title='bbox 2384 2738 2693 2805; x_wconf 87' lang='lat' dir='ltr'><strong>rapacibus,</strong></span> <span class='ocrx_word' id='word_1_424' title='bbox 2732 2746 2826 2792; x_wconf 90' lang='lat' dir='ltr'><strong>aut</strong></span> <span class='ocrx_word' id='word_1_425' title='bbox 2854 2739 3013 2794; x_wconf 88' lang='lat' dir='ltr'><strong>idolis</strong></span> <span class='ocrx_word' id='word_1_426' title='bbox 3044 2742 3427 2809; x_wconf 83' lang='lat' dir='ltr'><strong>servientibus,</strong></span> <span class='ocrx_word' id='word_1_427' title='bbox 3465 2744 3602 2802; x_wconf 62' lang='lat' dir='ltr'><strong>alio«</strong></span> 
     </span>
    </p>
   </div>
   <div class='ocr_carea' id='block_1_58' title="bbox 2016 2820 3601 2890">
    <p class='ocr_par' dir='ltr' id='par_1_58' title="bbox 2016 2820 3601 2890">
     <span class='ocr_line' id='line_1_58' title="bbox 2016 2820 3601 2890; baseline 0.011 -17"><span class='ocrx_word' id='word_1_428' title='bbox 2016 2820 2147 2890; x_wconf 92' lang='lat' dir='ltr'><strong>quin</strong></span> <span class='ocrx_word' id='word_1_429' title='bbox 2180 2822 2495 2878; x_wconf 88' lang='lat' dir='ltr'><strong>debueratis</strong></span> <span class='ocrx_word' id='word_1_430' title='bbox 2526 2826 2592 2878; x_wconf 90' lang='lat' dir='ltr'><strong>de</strong></span> <span class='ocrx_word' id='word_1_431' title='bbox 2624 2826 2727 2880; x_wconf 92' lang='lat' dir='ltr'><strong>hoc</strong></span> <span class='ocrx_word' id='word_1_432' title='bbox 2759 2828 2959 2882; x_wconf 90' lang='lat' dir='ltr'><strong>mundo</strong></span> <span class='ocrx_word' id='word_1_433' title='bbox 2991 2830 3193 2886; x_wconf 77' lang='lat' dir='ltr'><strong>exisse.</strong></span> <span class='ocrx_word' id='word_1_434' title='bbox 3222 2830 3375 2887; x_wconf 88' lang='lat' dir='ltr'><strong>Nunc</strong></span> <span class='ocrx_word' id='word_1_435' title='bbox 3419 2843 3601 2890; x_wconf 81' lang='lat' dir='ltr'><strong>autem</strong></span> 
     </span>
    </p>
   </div>
   <div class='ocr_carea' id='block_1_59' title="bbox 2017 2914 3605 2995">
    <p class='ocr_par' dir='ltr' id='par_1_59' title="bbox 2017 2914 3605 2995">
     <span class='ocr_line' id='line_1_59' title="bbox 2017 2914 3605 2995; baseline 0.011 -28"><span class='ocrx_word' id='word_1_436' title='bbox 2017 2914 2209 2983; x_wconf 85' lang='lat' dir='ltr'><strong>scripsi</strong></span> <span class='ocrx_word' id='word_1_437' title='bbox 2238 2914 2413 2980; x_wconf 89' lang='lat' dir='ltr'><strong>vobis,</strong></span> <span class='ocrx_word' id='word_1_438' title='bbox 2438 2924 2497 2969; x_wconf 92' lang='lat' dir='ltr'><strong>ut</strong></span> <span class='ocrx_word' id='word_1_439' title='bbox 2538 2931 2644 2971; x_wconf 94' lang='lat' dir='ltr'><strong>nou</strong></span> <span class='ocrx_word' id='word_1_440' title='bbox 2675 2922 3167 2988; x_wconf 80' lang='lat' dir='ltr'><strong>commisceauiini,</strong></span> <span class='ocrx_word' id='word_1_441' title='bbox 3196 2924 3241 2978; x_wconf 90' lang='lat' dir='ltr'><strong>si</strong></span> <span class='ocrx_word' id='word_1_442' title='bbox 3271 2926 3396 2995; x_wconf 82' lang='lat' dir='ltr'><strong>quis</strong></span> <span class='ocrx_word' id='word_1_443' title='bbox 3430 2926 3605 2984; x_wconf 82' lang='lat' dir='ltr'><strong>frater</strong></span> 
     </span>
    </p>
   </div>
   <div class='ocr_carea' id='block_1_60' title="bbox 2018 3006 3601 3087">
    <p class='ocr_par' dir='ltr' id='par_1_60' title="bbox 2018 3006 3601 3087">
     <span class='ocr_line' id='line_1_60' title="bbox 2018 3006 3601 3087; baseline 0.011 -27"><span class='ocrx_word' id='word_1_444' title='bbox 2018 3006 2335 3061; x_wconf 77' lang='lat' dir='ltr'><strong>nominatur</strong></span> <span class='ocrx_word' id='word_1_445' title='bbox 2383 3007 2701 3073; x_wconf 89' lang='lat' dir='ltr'><strong>fornicator,</strong></span> <span class='ocrx_word' id='word_1_446' title='bbox 2750 3022 2845 3067; x_wconf 88' lang='lat' dir='ltr'><strong>aut</strong></span> <span class='ocrx_word' id='word_1_447' title='bbox 2887 3013 3219 3083; x_wconf 80' lang='lat' dir='ltr'><strong>immundus,</strong></span> <span class='ocrx_word' id='word_1_448' title='bbox 3261 3030 3354 3072; x_wconf 90' lang='lat' dir='ltr'><strong>aut</strong></span> <span class='ocrx_word' id='word_1_449' title='bbox 3381 3033 3601 3087; x_wconf 80' lang='lat' dir='ltr'><strong>avarus,</strong></span> 
     </span>
    </p>
   </div>
   <div class='ocr_carea' id='block_1_61' title="bbox 338 3098 3604 3186">
    <p class='ocr_par' dir='ltr' id='par_1_61' title="bbox 338 3098 3604 3186">
     <span class='ocr_line' id='line_1_61' title="bbox 338 3098 3604 3186; baseline 0.006 -40"><span class='ocrx_word' id='word_1_450' title='bbox 338 3102 474 3168; x_wconf 76' lang='lat' dir='ltr'><strong>Quid</strong></span> <span class='ocrx_word' id='word_1_451' title='bbox 519 3104 563 3157; x_wconf 80' lang='lat' dir='ltr'><strong>si</strong></span> <span class='ocrx_word' id='word_1_452' title='bbox 600 3105 873 3174; x_wconf 55' lang='lat' dir='ltr'><strong>propheta,</strong></span> <span class='ocrx_word' id='word_1_453' title='bbox 920 3122 1116 3175; x_wconf 69' lang='lat' dir='ltr'><strong>corpus</strong></span> <span class='ocrx_word' id='word_1_454' title='bbox 1169 3107 1279 3161; x_wconf 50' lang='lat' dir='ltr'><strong>sit?</strong></span> <span class='ocrx_word' id='word_1_455' title='bbox 1306 3108 1436 3175; x_wconf 70' lang='lat' dir='ltr'><strong>quid</strong></span> <span class='ocrx_word' id='word_1_456' title='bbox 1466 3109 1511 3163; x_wconf 76' lang='lat' dir='ltr'><strong>si</strong></span> <span class='ocrx_word' id='word_1_457' title='bbox 1561 3108 1908 3176; x_wconf 56' lang='lat' dir='ltr'><strong>pauiarchm,</strong></span> <span class='ocrx_word' id='word_1_458' title='bbox 1941 3128 1983 3186; x_wconf 63' lang='grc' dir='ltr'>ο</span> <span class='ocrx_word' id='word_1_459' title='bbox 2020 3108 2112 3151; x_wconf 89' lang='lat' dir='ltr'><strong>aut</strong></span> <span class='ocrx_word' id='word_1_460' title='bbox 2139 3098 2297 3153; x_wconf 87' lang='lat' dir='ltr'><strong>idolis</strong></span> <span class='ocrx_word' id='word_1_461' title='bbox 2320 3100 2587 3164; x_wconf 83' lang='lat' dir='ltr'><strong>serviens,</strong></span> <span class='ocrx_word' id='word_1_462' title='bbox 2620 3111 2713 3155; x_wconf 87' lang='lat' dir='ltr'><strong>aut</strong></span> <span class='ocrx_word' id='word_1_463' title='bbox 2744 3103 3065 3172; x_wconf 90' lang='lat' dir='ltr'><strong>maledicus,</strong></span> <span class='ocrx_word' id='word_1_464' title='bbox 3089 3116 3181 3161; x_wconf 90' lang='lat' dir='ltr'><strong>aut</strong></span> <span class='ocrx_word' id='word_1_465' title='bbox 3210 3110 3483 3177; x_wconf 87' lang='lat' dir='ltr'><strong>ebriosus,</strong></span> <span class='ocrx_word' id='word_1_466' title='bbox 3508 3122 3604 3170; x_wconf 87' lang='lat' dir='ltr'><strong>aut</strong></span> 
     </span>
    </p>
   </div>
   <div class='ocr_carea' id='block_1_62' title="bbox 337 3194 1909 3269">
    <p class='ocr_par' dir='ltr' id='par_1_62' title="bbox 337 3194 1909 3269">
     <span class='ocr_line' id='line_1_62' title="bbox 337 3194 1909 3269; baseline 0.006 -23"><span class='ocrx_word' id='word_1_467' title='bbox 337 3194 418 3247; x_wconf 87' lang='lat' dir='ltr'><strong>vei</strong></span> <span class='ocrx_word' id='word_1_468' title='bbox 452 3196 613 3249; x_wconf 89' lang='lat' dir='ltr'><strong>etiam</strong></span> <span class='ocrx_word' id='word_1_469' title='bbox 665 3197 830 3265; x_wconf 86' lang='lat' dir='ltr'><strong>ipsius</strong></span> <span class='ocrx_word' id='word_1_470' title='bbox 878 3197 1110 3252; x_wconf 67' lang='lat' dir='ltr'><strong>Abrahae</strong></span> <span class='ocrx_word' id='word_1_471' title='bbox 1152 3200 1397 3269; x_wconf 87' lang='lat' dir='ltr'><strong>corpus?</strong></span> <span class='ocrx_word' id='word_1_472' title='bbox 1444 3200 1573 3269; x_wconf 91' lang='lat' dir='ltr'><strong>quid</strong></span> <span class='ocrx_word' id='word_1_473' title='bbox 1614 3201 1659 3255; x_wconf 90' lang='lat' dir='ltr'><strong>si</strong></span> <span class='ocrx_word' id='word_1_474' title='bbox 1696 3212 1750 3255; x_wconf 89' lang='lat' dir='ltr'><strong>et</strong></span> <span class='ocrx_word' id='word_1_475' title='bbox 1787 3216 1909 3256; x_wconf 87' lang='lat' dir='ltr'><strong>ossa</strong></span> 
     </span>
    </p>
   </div>
   <div class='ocr_carea' id='block_1_63' title="bbox 339 3285 1911 3361">
    <p class='ocr_par' dir='ltr' id='par_1_63' title="bbox 339 3285 1911 3361">
     <span class='ocr_line' id='line_1_63' title="bbox 339 3285 1911 3361; baseline 0.008 -22"><span class='ocrx_word' id='word_1_476' title='bbox 339 3285 607 3342; x_wconf 85' lang='lat' dir='ltr'><strong>Samuelis</strong></span> <span class='ocrx_word' id='word_1_477' title='bbox 632 3290 942 3359; x_wconf 88' lang='lat' dir='ltr'><strong>contigerit,</strong></span> <span class='ocrx_word' id='word_1_478' title='bbox 974 3292 1283 3347; x_wconf 88' lang='lat' dir='ltr'><strong>immundus</strong></span> <span class='ocrx_word' id='word_1_479' title='bbox 1315 3294 1455 3347; x_wconf 82' lang='lat' dir='ltr'><strong>erit?</strong></span> <span class='ocrx_word' id='word_1_480' title='bbox 1480 3294 1619 3361; x_wconf 86' lang='lat' dir='ltr'><strong>Quid</strong></span> <span class='ocrx_word' id='word_1_481' title='bbox 1644 3296 1686 3348; x_wconf 89' lang='lat' dir='ltr'><strong>si</strong></span> <span class='ocrx_word' id='word_1_482' title='bbox 1732 3295 1911 3351; x_wconf 73' lang='lat' dir='ltr'><strong>Eliszei</strong></span> 
     </span>
    </p>
   </div>
   <div class='ocr_carea' id='block_1_64' title="bbox 342 3382 1911 3452">
    <p class='ocr_par' dir='ltr' id='par_1_64' title="bbox 342 3382 1911 3452">
     <span class='ocr_line' id='line_1_64' title="bbox 342 3382 1911 3452; baseline 0.006 -22"><span class='ocrx_word' id='word_1_483' title='bbox 342 3392 466 3431; x_wconf 87' lang='lat' dir='ltr'><strong>ossa</strong></span> <span class='ocrx_word' id='word_1_484' title='bbox 498 3382 770 3450; x_wconf 91' lang='lat' dir='ltr'><strong>contingat</strong></span> <span class='ocrx_word' id='word_1_485' title='bbox 798 3399 917 3452; x_wconf 70' lang='lat' dir='ltr'><strong>quae</strong></span> <span class='ocrx_word' id='word_1_486' title='bbox 943 3392 997 3437; x_wconf 90' lang='lat' dir='ltr'><strong>et</strong></span> <span class='ocrx_word' id='word_1_487' title='bbox 1029 3394 1298 3437; x_wconf 89' lang='lat' dir='ltr'><strong>mortuum</strong></span> <span class='ocrx_word' id='word_1_488' title='bbox 1329 3385 1634 3439; x_wconf 86' lang='lat' dir='ltr'><strong>suscitant?</strong></span> <span class='ocrx_word' id='word_1_489' title='bbox 1672 3386 1911 3439; x_wconf 84' lang='lat' dir='ltr'><strong>Immun-</strong></span> 
     </span>
    </p>
   </div>
   <div class='ocr_carea' id='block_1_65' title="bbox 345 3469 1914 3542">
    <p class='ocr_par' dir='ltr' id='par_1_65' title="bbox 345 3469 1914 3542">
     <span class='ocr_line' id='line_1_65' title="bbox 345 3469 1914 3542; baseline 0.003 -19"><span class='ocrx_word' id='word_1_490' title='bbox 345 3469 446 3523; x_wconf 84' lang='lat' dir='ltr'><strong>dus</strong></span> <span class='ocrx_word' id='word_1_491' title='bbox 475 3471 579 3524; x_wconf 88' lang='lat' dir='ltr'><strong>erit</strong></span> <span class='ocrx_word' id='word_1_492' title='bbox 632 3472 720 3527; x_wconf 87' lang='lat' dir='ltr'><strong>ille</strong></span> <span class='ocrx_word' id='word_1_493' title='bbox 772 3473 859 3541; x_wconf 89' lang='lat' dir='ltr'><strong>qui</strong></span> <span class='ocrx_word' id='word_1_494' title='bbox 913 3474 1200 3542; x_wconf 79' lang='lat' dir='ltr'><strong>comingit,</strong></span> <span class='ocrx_word' id='word_1_495' title='bbox 1232 3484 1287 3527; x_wconf 88' lang='lat' dir='ltr'><strong>et</strong></span> <span class='ocrx_word' id='word_1_496' title='bbox 1323 3476 1657 3528; x_wconf 84' lang='lat' dir='ltr'><strong>immundum</strong></span> <span class='ocrx_word' id='word_1_497' title='bbox 1706 3476 1914 3530; x_wconf 85' lang='lat' dir='ltr'><strong>faciunt</strong></span> 
     </span>
    </p>
   </div>
   <div class='ocr_carea' id='block_1_66' title="bbox 340 3546 1913 3634">
    <p class='ocr_par' dir='ltr' id='par_1_66' title="bbox 340 3546 1913 3634">
     <span class='ocr_line' id='line_1_66' title="bbox 340 3546 1913 3634; baseline 0.004 -20"><span class='ocrx_word' id='word_1_498' title='bbox 340 3574 464 3614; x_wconf 85' lang='lat' dir='ltr'><strong>ossa</strong></span> <span class='ocrx_word' id='word_1_499' title='bbox 493 3562 762 3630; x_wconf 70' lang='lat' dir='ltr'><strong>prophetae</strong></span> <span class='ocrx_word' id='word_1_500' title='bbox 786 3565 945 3617; x_wconf 89' lang='lat' dir='ltr'><strong>etiam</strong></span> <span class='ocrx_word' id='word_1_501' title='bbox 986 3546 1135 3617; x_wconf 84' lang='lat' dir='ltr'><strong>illum</strong></span> <span class='ocrx_word' id='word_1_502' title='bbox 1190 3565 1387 3632; x_wconf 89' lang='lat' dir='ltr'><strong>ipsum,</strong></span> <span class='ocrx_word' id='word_1_503' title='bbox 1421 3581 1581 3634; x_wconf 90' lang='lat' dir='ltr'><strong>quem</strong></span> <span class='ocrx_word' id='word_1_504' title='bbox 1623 3580 1652 3618; x_wconf 89' lang='lat' dir='ltr'><strong>a</strong></span> <span class='ocrx_word' id='word_1_505' title='bbox 1682 3567 1913 3621; x_wconf 83' lang='lat' dir='ltr'><strong>mortuis</strong></span> 
     </span>
    </p>
   </div>
   <div class='ocr_carea' id='block_1_67' title="bbox 338 3653 1911 3723">
    <p class='ocr_par' dir='ltr' id='par_1_67' title="bbox 338 3653 1911 3723">
     <span class='ocr_line' id='line_1_67' title="bbox 338 3653 1911 3723; baseline 0.004 -19"><span class='ocrx_word' id='word_1_506' title='bbox 338 3654 642 3706; x_wconf 80' lang='lat' dir='ltr'><strong>suscitant?</strong></span> <span class='ocrx_word' id='word_1_507' title='bbox 672 3653 801 3709; x_wconf 82' lang='lat' dir='ltr'><strong>Vide</strong></span> <span class='ocrx_word' id='word_1_508' title='bbox 826 3671 986 3723; x_wconf 86' lang='lat' dir='ltr'><strong>quam</strong></span> <span class='ocrx_word' id='word_1_509' title='bbox 1020 3657 1408 3709; x_wconf 90' lang='lat' dir='ltr'><strong>inconveniens</strong></span> <span class='ocrx_word' id='word_1_510' title='bbox 1448 3658 1522 3711; x_wconf 90' lang='lat' dir='ltr'><strong>sit</strong></span> <span class='ocrx_word' id='word_1_511' title='bbox 1551 3656 1777 3712; x_wconf 69' lang='lat' dir='ltr'><strong>Iudaica</strong></span> <span class='ocrx_word' id='word_1_512' title='bbox 1832 3659 1911 3711; x_wconf 87' lang='lat' dir='ltr'><strong>iu-</strong></span> 
     </span>
    </p>
   </div>
   <div class='ocr_carea' id='block_1_68' title="bbox 339 3743 1912 3817">
    <p class='ocr_par' dir='ltr' id='par_1_68' title="bbox 339 3743 1912 3817">
     <span class='ocr_line' id='line_1_68' title="bbox 339 3743 1912 3817; baseline 0.004 -22"><span class='ocrx_word' id='word_1_513' title='bbox 339 3743 654 3813; x_wconf 73' lang='lat' dir='ltr'><strong>telligentia.</strong></span> <span class='ocrx_word' id='word_1_514' title='bbox 714 3746 819 3800; x_wconf 85' lang='lat' dir='ltr'><strong>Sed</strong></span> <span class='ocrx_word' id='word_1_515' title='bbox 863 3762 960 3801; x_wconf 92' lang='lat' dir='ltr'><strong>nos</strong></span> <span class='ocrx_word' id='word_1_516' title='bbox 1011 3747 1293 3800; x_wconf 87' lang='lat' dir='ltr'><strong>videamus</strong></span> <span class='ocrx_word' id='word_1_517' title='bbox 1320 3748 1496 3815; x_wconf 90' lang='lat' dir='ltr'><strong>primo</strong></span> <span class='ocrx_word' id='word_1_518' title='bbox 1540 3749 1668 3817; x_wconf 89' lang='lat' dir='ltr'><strong>quid</strong></span> <span class='ocrx_word' id='word_1_519' title='bbox 1701 3751 1772 3801; x_wconf 90' lang='lat' dir='ltr'><strong>sit</strong></span> <span class='ocrx_word' id='word_1_520' title='bbox 1804 3758 1912 3801; x_wconf 81' lang='lat' dir='ltr'><strong>tan-</strong></span> 
     </span>
    </p>
   </div>
   <div class='ocr_carea' id='block_1_69' title="bbox 337 3837 1910 3908">
    <p class='ocr_par' dir='ltr' id='par_1_69' title="bbox 337 3837 1910 3908">
     <span class='ocr_line' id='line_1_69' title="bbox 337 3837 1910 3908; baseline 0.003 -19"><span class='ocrx_word' id='word_1_521' title='bbox 337 3849 483 3904; x_wconf 80' lang='lat' dir='ltr'><strong>gere,</strong></span> <span class='ocrx_word' id='word_1_522' title='bbox 503 3847 556 3891; x_wconf 90' lang='lat' dir='ltr'><strong>et</strong></span> <span class='ocrx_word' id='word_1_523' title='bbox 574 3837 697 3907; x_wconf 88' lang='lat' dir='ltr'><strong>quis</strong></span> <span class='ocrx_word' id='word_1_524' title='bbox 716 3839 785 3892; x_wconf 90' lang='lat' dir='ltr'><strong>sit</strong></span> <span class='ocrx_word' id='word_1_525' title='bbox 813 3849 987 3893; x_wconf 86' lang='lat' dir='ltr'><strong>tactus</strong></span> <span class='ocrx_word' id='word_1_526' title='bbox 1008 3839 1097 3907; x_wconf 90' lang='lat' dir='ltr'><strong>qui</strong></span> <span class='ocrx_word' id='word_1_527' title='bbox 1121 3837 1283 3893; x_wconf 84' lang='lat' dir='ltr'><strong>faciat</strong></span> <span class='ocrx_word' id='word_1_528' title='bbox 1300 3839 1660 3894; x_wconf 87' lang='lat' dir='ltr'><strong>immundmn.</strong></span> <span class='ocrx_word' id='word_1_529' title='bbox 1677 3841 1910 3908; x_wconf 87' lang='lat' dir='ltr'><strong>Aposto-</strong></span> 
     </span>
    </p>
   </div>
   <div class='ocr_carea' id='block_1_70' title="bbox 338 3926 1910 3985">
    <p class='ocr_par' dir='ltr' id='par_1_70' title="bbox 338 3926 1910 3985">
     <span class='ocr_line' id='line_1_70' title="bbox 338 3926 1910 3985; baseline 0.004 -6"><span class='ocrx_word' id='word_1_530' title='bbox 338 3926 420 3980; x_wconf 77' lang='lat' dir='ltr'><strong>lus</strong></span> <span class='ocrx_word' id='word_1_531' title='bbox 446 3929 575 3983; x_wconf 89' lang='lat' dir='ltr'><strong>dicit</strong></span> <span class='ocrx_word' id='word_1_532' title='bbox 602 3930 648 3960; x_wconf 84' lang='lat'><strong>’°</strong></span> <span class='ocrx_word' id='word_1_533' title='bbox 680 3948 693 3982; x_wconf 91' lang='lat'><strong>:</strong></span> <span class='ocrx_word' id='word_1_534' title='bbox 720 3948 738 3981; x_wconf 73' lang='grc' dir='ltr'><strong><em>ι</em></strong></span> <span class='ocrx_word' id='word_1_535' title='bbox 774 3932 977 3983; x_wconf 88' lang='lat' dir='ltr'><strong>Bonum</strong></span> <span class='ocrx_word' id='word_1_536' title='bbox 1011 3942 1097 3985; x_wconf 85' lang='lat' dir='ltr'><strong>est</strong></span> <span class='ocrx_word' id='word_1_537' title='bbox 1122 3931 1326 3985; x_wconf 87' lang='lat' dir='ltr'><strong>homini</strong></span> <span class='ocrx_word' id='word_1_538' title='bbox 1348 3930 1631 3984; x_wconf 89' lang='lat' dir='ltr'><strong>mulierem</strong></span> <span class='ocrx_word' id='word_1_539' title='bbox 1659 3948 1761 3985; x_wconf 91' lang='lat' dir='ltr'><strong>non</strong></span> <span class='ocrx_word' id='word_1_540' title='bbox 1790 3942 1910 3985; x_wconf 54' lang='lat' dir='ltr'><strong>tan-</strong></span> 
     </span>
    </p>
   </div>
   <div class='ocr_carea' id='block_1_71' title="bbox 338 4021 1909 4089">
    <p class='ocr_par' dir='ltr' id='par_1_71' title="bbox 338 4021 1909 4089">
     <span class='ocr_line' id='line_1_71' title="bbox 338 4021 1909 4089; baseline 0.003 -15"><span class='ocrx_word' id='word_1_541' title='bbox 338 4034 482 4089; x_wconf 83' lang='lat' dir='ltr'><strong>gere.</strong></span> <span class='ocrx_word' id='word_1_542' title='bbox 521 4040 541 4074; x_wconf 71' lang='grc' dir='ltr'><strong>ι</strong></span> <span class='ocrx_word' id='word_1_543' title='bbox 595 4021 693 4075; x_wconf 89' lang='lat' dir='ltr'><strong>llic</strong></span> <span class='ocrx_word' id='word_1_544' title='bbox 739 4031 912 4077; x_wconf 87' lang='lat' dir='ltr'><strong>tactus</strong></span> <span class='ocrx_word' id='word_1_545' title='bbox 959 4022 1268 4077; x_wconf 88' lang='lat' dir='ltr'><strong>immundus</strong></span> <span class='ocrx_word' id='word_1_546' title='bbox 1313 4031 1424 4088; x_wconf 86' lang='lat' dir='ltr'><strong>est;</strong></span> <span class='ocrx_word' id='word_1_547' title='bbox 1478 4024 1579 4078; x_wconf 90' lang='lat' dir='ltr'><strong>hoc</strong></span> <span class='ocrx_word' id='word_1_548' title='bbox 1630 4035 1711 4079; x_wconf 90' lang='lat' dir='ltr'><strong>est</strong></span> <span class='ocrx_word' id='word_1_549' title='bbox 1766 4026 1909 4079; x_wconf 84' lang='lat' dir='ltr'><strong>enim</strong></span> 
     </span>
    </p>
   </div>
   <div class='ocr_carea' id='block_1_72' title="bbox 338 4110 1909 4186">
    <p class='ocr_par' dir='ltr' id='par_1_72' title="bbox 338 4110 1909 4186">
     <span class='ocr_line' id='line_1_72' title="bbox 338 4110 1909 4186; baseline 0.003 -20"><span class='ocrx_word' id='word_1_550' title='bbox 338 4110 490 4178; x_wconf 87' lang='lat' dir='ltr'><strong>illud,</strong></span> <span class='ocrx_word' id='word_1_551' title='bbox 544 4115 687 4182; x_wconf 90' lang='lat' dir='ltr'><strong>quod</strong></span> <span class='ocrx_word' id='word_1_552' title='bbox 736 4114 997 4170; x_wconf 89' lang='lat' dir='ltr'><strong>Dominus</strong></span> <span class='ocrx_word' id='word_1_553' title='bbox 1054 4116 1104 4169; x_wconf 92' lang='lat' dir='ltr'><strong>in</strong></span> <span class='ocrx_word' id='word_1_554' title='bbox 1156 4114 1445 4186; x_wconf 85' lang='lat' dir='ltr'><strong>Evangelio</strong></span> <span class='ocrx_word' id='word_1_555' title='bbox 1489 4116 1629 4169; x_wconf 87' lang='lat' dir='ltr'><strong>dixit</strong></span> <span class='ocrx_word' id='word_1_556' title='bbox 1661 4117 1705 4148; x_wconf 72' lang='grc' dir='ltr'><strong>’ί</strong></span> <span class='ocrx_word' id='word_1_557' title='bbox 1741 4132 1755 4169; x_wconf 89' lang='lat'><strong>:</strong></span> <span class='ocrx_word' id='word_1_558' title='bbox 1798 4134 1817 4167; x_wconf 71' lang='grc' dir='ltr'><strong><em>ο</em></strong></span> <span class='ocrx_word' id='word_1_559' title='bbox 1853 4118 1909 4170; x_wconf 89' lang='lat' dir='ltr'><strong>Si</strong></span> 
     </span>
    </p>
   </div>
   <div class='ocr_carea' id='block_1_73' title="bbox 337 4203 1912 4276">
    <p class='ocr_par' dir='ltr' id='par_1_73' title="bbox 337 4203 1912 4276">
     <span class='ocr_line' id='line_1_73' title="bbox 337 4203 1912 4276; baseline 0.003 -21"><span class='ocrx_word' id='word_1_560' title='bbox 337 4203 459 4272; x_wconf 87' lang='lat' dir='ltr'><strong>quis</strong></span> <span class='ocrx_word' id='word_1_561' title='bbox 492 4204 686 4259; x_wconf 89' lang='lat' dir='ltr'><strong>viderit</strong></span> <span class='ocrx_word' id='word_1_562' title='bbox 715 4206 993 4262; x_wconf 90' lang='lat' dir='ltr'><strong>mulierem</strong></span> <span class='ocrx_word' id='word_1_563' title='bbox 1012 4208 1078 4259; x_wconf 90' lang='lat' dir='ltr'><strong>ad</strong></span> <span class='ocrx_word' id='word_1_564' title='bbox 1105 4206 1619 4272; x_wconf 83' lang='lat' dir='ltr'><strong>concupiscendum,</strong></span> <span class='ocrx_word' id='word_1_565' title='bbox 1640 4207 1751 4276; x_wconf 88' lang='lat' dir='ltr'><strong>jam</strong></span> <span class='ocrx_word' id='word_1_566' title='bbox 1784 4223 1912 4261; x_wconf 70' lang='lat' dir='ltr'><strong>mu:-</strong></span> 
     </span>
    </p>
   </div>
   <div class='ocr_carea' id='block_1_74' title="bbox 335 4292 1911 4369">
    <p class='ocr_par' dir='ltr' id='par_1_74' title="bbox 335 4292 1911 4369">
     <span class='ocr_line' id='line_1_74' title="bbox 335 4292 1911 4369; baseline 0.005 -23"><span class='ocrx_word' id='word_1_567' title='bbox 335 4292 530 4349; x_wconf 87' lang='lat' dir='ltr'><strong>chatus</strong></span> <span class='ocrx_word' id='word_1_568' title='bbox 582 4306 665 4351; x_wconf 89' lang='lat' dir='ltr'><strong>est</strong></span> <span class='ocrx_word' id='word_1_569' title='bbox 704 4311 824 4350; x_wconf 88' lang='lat' dir='ltr'><strong>eam</strong></span> <span class='ocrx_word' id='word_1_570' title='bbox 874 4297 927 4351; x_wconf 92' lang='lat' dir='ltr'><strong>in</strong></span> <span class='ocrx_word' id='word_1_571' title='bbox 958 4298 1125 4352; x_wconf 85' lang='lat' dir='ltr'><strong>corde</strong></span> <span class='ocrx_word' id='word_1_572' title='bbox 1178 4313 1296 4353; x_wconf 90' lang='lat' dir='ltr'><strong>suo.</strong></span> <span class='ocrx_word' id='word_1_573' title='bbox 1337 4316 1354 4349; x_wconf 75' lang='lat' dir='ltr'><strong>i</strong></span> <span class='ocrx_word' id='word_1_574' title='bbox 1397 4297 1597 4369; x_wconf 86' lang='lat' dir='ltr'><strong>Tetigit</strong></span> <span class='ocrx_word' id='word_1_575' title='bbox 1624 4300 1767 4352; x_wconf 93' lang='lat' dir='ltr'><strong>enim</strong></span> <span class='ocrx_word' id='word_1_576' title='bbox 1817 4317 1911 4354; x_wconf 87' lang='lat' dir='ltr'><strong>cor</strong></span> 
     </span>
    </p>
   </div>
   <div class='ocr_carea' id='block_1_75' title="bbox 336 4385 1910 4457">
    <p class='ocr_par' dir='ltr' id='par_1_75' title="bbox 336 4385 1910 4457">
     <span class='ocr_line' id='line_1_75' title="bbox 336 4385 1910 4457; baseline 0.004 -18"><span class='ocrx_word' id='word_1_577' title='bbox 336 4385 452 4454; x_wconf 84' lang='lat' dir='ltr'><strong>ejus</strong></span> <span class='ocrx_word' id='word_1_578' title='bbox 479 4389 931 4457; x_wconf 77' lang='lat' dir='ltr'><strong>concupiscentia:</strong></span> <span class='ocrx_word' id='word_1_579' title='bbox 975 4390 1183 4454; x_wconf 89' lang='lat' dir='ltr'><strong>vitium,</strong></span> <span class='ocrx_word' id='word_1_580' title='bbox 1225 4399 1280 4445; x_wconf 90' lang='lat' dir='ltr'><strong>et</strong></span> <span class='ocrx_word' id='word_1_581' title='bbox 1330 4390 1605 4444; x_wconf 90' lang='lat' dir='ltr'><strong>immunda</strong></span> <span class='ocrx_word' id='word_1_582' title='bbox 1654 4389 1795 4445; x_wconf 85' lang='lat' dir='ltr'><strong>facta</strong></span> <span class='ocrx_word' id='word_1_583' title='bbox 1826 4400 1910 4445; x_wconf 88' lang='lat' dir='ltr'><strong>est</strong></span> 
     </span>
    </p>
   </div>
   <div class='ocr_carea' id='block_1_76' title="bbox 2020 3190 3601 3258">
    <p class='ocr_par' dir='ltr' id='par_1_76' title="bbox 2020 3190 3601 3258">
     <span class='ocr_line' id='line_1_76' title="bbox 2020 3190 3601 3258; baseline 0.01 -16"><span class='ocrx_word' id='word_1_584' title='bbox 2020 3204 2210 3257; x_wconf 80' lang='lat' dir='ltr'><strong>rapax,</strong></span> <span class='ocrx_word' id='word_1_585' title='bbox 2257 3205 2379 3244; x_wconf 90' lang='lat' dir='ltr'><strong>cum</strong></span> <span class='ocrx_word' id='word_1_586' title='bbox 2416 3190 2722 3258; x_wconf 75' lang='lat' dir='ltr'><strong>huiusmodi</strong></span> <span class='ocrx_word' id='word_1_587' title='bbox 2761 3210 2862 3249; x_wconf 89' lang='lat' dir='ltr'><strong>nec</strong></span> <span class='ocrx_word' id='word_1_588' title='bbox 2914 3196 3095 3251; x_wconf 89' lang='lat' dir='ltr'><strong>cibum</strong></span> <span class='ocrx_word' id='word_1_589' title='bbox 3133 3214 3369 3255; x_wconf 87' lang='lat' dir='ltr'><strong>sumere.</strong></span> <span class='ocrx_word' id='word_1_590' title='bbox 3395 3220 3413 3252; x_wconf 74' lang='grc' dir='ltr'><strong><em>ι</em></strong></span> <span class='ocrx_word' id='word_1_591' title='bbox 3468 3202 3601 3258; x_wconf 78' lang='lat' dir='ltr'><strong>Illud</strong></span> 
     </span>
    </p>
   </div>
   <div class='ocr_carea' id='block_1_77' title="bbox 2014 3282 3601 3362">
    <p class='ocr_par' dir='ltr' id='par_1_77' title="bbox 2014 3282 3601 3362">
     <span class='ocr_line' id='line_1_77' title="bbox 2014 3282 3601 3362; baseline 0.009 -28"><span class='ocrx_word' id='word_1_592' title='bbox 2014 3291 2252 3351; x_wconf 88' lang='lat' dir='ltr'><strong>estergo</strong></span> <span class='ocrx_word' id='word_1_593' title='bbox 2288 3282 2524 3335; x_wconf 89' lang='lat' dir='ltr'><strong>hominis</strong></span> <span class='ocrx_word' id='word_1_594' title='bbox 2556 3284 2906 3340; x_wconf 89' lang='lat' dir='ltr'><strong>morticinum</strong></span> <span class='ocrx_word' id='word_1_595' title='bbox 2954 3290 3292 3357; x_wconf 82' lang='lat' dir='ltr'><strong>contingere,</strong></span> <span class='ocrx_word' id='word_1_596' title='bbox 3334 3294 3427 3362; x_wconf 90' lang='lat' dir='ltr'><strong>qui</strong></span> <span class='ocrx_word' id='word_1_597' title='bbox 3458 3295 3506 3348; x_wconf 90' lang='lat' dir='ltr'><strong>ei</strong></span> <span class='ocrx_word' id='word_1_598' title='bbox 3542 3310 3601 3349; x_wconf 89' lang='lat' dir='ltr'><strong>se</strong></span> 
     </span>
    </p>
   </div>
   <div class='ocr_carea' id='block_1_78' title="bbox 2016 3372 3605 3449">
    <p class='ocr_par' dir='ltr' id='par_1_78' title="bbox 2016 3372 3605 3449">
     <span class='ocr_line' id='line_1_78' title="bbox 2016 3372 3605 3449; baseline 0.009 -23"><span class='ocrx_word' id='word_1_599' title='bbox 2016 3373 2223 3426; x_wconf 88' lang='lat' dir='ltr'><strong>socium</strong></span> <span class='ocrx_word' id='word_1_600' title='bbox 2255 3372 2445 3427; x_wconf 83' lang='lat' dir='ltr'><strong>saltem</strong></span> <span class='ocrx_word' id='word_1_601' title='bbox 2482 3375 2534 3427; x_wconf 90' lang='lat' dir='ltr'><strong>iu</strong></span> <span class='ocrx_word' id='word_1_602' title='bbox 2563 3375 2686 3428; x_wconf 86' lang='lat' dir='ltr'><strong>cibo</strong></span> <span class='ocrx_word' id='word_1_603' title='bbox 2710 3378 3027 3444; x_wconf 63' lang='lat' dir='ltr'><strong>prwbuerit,</strong></span> <span class='ocrx_word' id='word_1_604' title='bbox 3047 3384 3136 3449; x_wconf 89' lang='lat' dir='ltr'><strong>qui</strong></span> <span class='ocrx_word' id='word_1_605' title='bbox 3172 3382 3223 3435; x_wconf 89' lang='lat' dir='ltr'><strong>in</strong></span> <span class='ocrx_word' id='word_1_606' title='bbox 3252 3383 3473 3439; x_wconf 86' lang='lat' dir='ltr'><strong>Christo</strong></span> <span class='ocrx_word' id='word_1_607' title='bbox 3504 3384 3605 3440; x_wconf 86' lang='lat' dir='ltr'><strong>ho-</strong></span> 
     </span>
    </p>
   </div>
   <div class='ocr_carea' id='block_1_79' title="bbox 2016 3463 3601 3536">
    <p class='ocr_par' dir='ltr' id='par_1_79' title="bbox 2016 3463 3601 3536">
     <span class='ocr_line' id='line_1_79' title="bbox 2016 3463 3601 3536; baseline 0.011 -20"><span class='ocrx_word' id='word_1_608' title='bbox 2016 3480 2103 3517; x_wconf 89' lang='lat' dir='ltr'><strong>mo</strong></span> <span class='ocrx_word' id='word_1_609' title='bbox 2126 3463 2370 3529; x_wconf 80' lang='lat' dir='ltr'><strong>eﬂ‘ectns,</strong></span> <span class='ocrx_word' id='word_1_610' title='bbox 2404 3480 2617 3520; x_wconf 90' lang='lat' dir='ltr'><strong>rursum</strong></span> <span class='ocrx_word' id='word_1_611' title='bbox 2654 3466 2704 3520; x_wconf 94' lang='lat' dir='ltr'><strong>in</strong></span> <span class='ocrx_word' id='word_1_612' title='bbox 2733 3469 2973 3536; x_wconf 87' lang='lat' dir='ltr'><strong>peccatis</strong></span> <span class='ocrx_word' id='word_1_613' title='bbox 2988 3479 3073 3525; x_wconf 89' lang='lat' dir='ltr'><strong>est</strong></span> <span class='ocrx_word' id='word_1_614' title='bbox 3104 3486 3367 3529; x_wconf 91' lang='lat' dir='ltr'><strong>mortuus.</strong></span> <span class='ocrx_word' id='word_1_615' title='bbox 3387 3473 3519 3529; x_wconf 83' lang='lat' dir='ltr'><strong>Nam</strong></span> <span class='ocrx_word' id='word_1_616' title='bbox 3544 3486 3601 3533; x_wconf 91' lang='lat' dir='ltr'><strong>et</strong></span> 
     </span>
    </p>
   </div>
   <div class='ocr_carea' id='block_1_80' title="bbox 2016 3556 3595 3635">
    <p class='ocr_par' dir='ltr' id='par_1_80' title="bbox 2016 3556 3595 3635">
     <span class='ocr_line' id='line_1_80' title="bbox 2016 3556 3595 3635; baseline 0.009 -28"><span class='ocrx_word' id='word_1_617' title='bbox 2016 3556 2104 3609; x_wconf 92' lang='lat' dir='ltr'><strong>illa</strong></span> <span class='ocrx_word' id='word_1_618' title='bbox 2143 3558 2323 3621; x_wconf 90' lang='lat' dir='ltr'><strong>vidua,</strong></span> <span class='ocrx_word' id='word_1_619' title='bbox 2350 3558 2416 3611; x_wconf 87' lang='lat' dir='ltr'><strong>de</strong></span> <span class='ocrx_word' id='word_1_620' title='bbox 2442 3572 2546 3627; x_wconf 85' lang='lat' dir='ltr'><strong>qua</strong></span> <span class='ocrx_word' id='word_1_621' title='bbox 2582 3558 2715 3612; x_wconf 88' lang='lat' dir='ltr'><strong>dicit</strong></span> <span class='ocrx_word' id='word_1_622' title='bbox 2745 3561 3037 3630; x_wconf 83' lang='lat' dir='ltr'><strong>Apostolus</strong></span> <span class='ocrx_word' id='word_1_623' title='bbox 3054 3564 3128 3628; x_wconf 75' lang='lat'><strong>&quot;,</strong></span> <span class='ocrx_word' id='word_1_624' title='bbox 3160 3582 3179 3615; x_wconf 72' lang='grc' dir='ltr'>ι</span> <span class='ocrx_word' id='word_1_625' title='bbox 3221 3580 3342 3635; x_wconf 77' lang='lat' dir='ltr'><strong>qua:</strong></span> <span class='ocrx_word' id='word_1_626' title='bbox 3381 3567 3432 3620; x_wconf 92' lang='lat' dir='ltr'><strong>in</strong></span> <span class='ocrx_word' id='word_1_627' title='bbox 3466 3567 3595 3623; x_wconf 83' lang='lat' dir='ltr'><strong>deli-</strong></span> 
     </span>
    </p>
   </div>
   <div class='ocr_carea' id='block_1_81' title="bbox 2014 3650 3597 3720">
    <p class='ocr_par' dir='ltr' id='par_1_81' title="bbox 2014 3650 3597 3720">
     <span class='ocr_line' id='line_1_81' title="bbox 2014 3650 3597 3720; baseline 0.008 -17"><span class='ocrx_word' id='word_1_628' title='bbox 2014 3650 2115 3703; x_wconf 88' lang='lat' dir='ltr'><strong>ciis</strong></span> <span class='ocrx_word' id='word_1_629' title='bbox 2156 3651 2343 3706; x_wconf 86' lang='lat' dir='ltr'><strong>vivens</strong></span> <span class='ocrx_word' id='word_1_630' title='bbox 2378 3665 2588 3708; x_wconf 89' lang='lat' dir='ltr'><strong>mortua</strong></span> <span class='ocrx_word' id='word_1_631' title='bbox 2632 3662 2736 3720; x_wconf 89' lang='lat' dir='ltr'><strong>est,</strong></span> <span class='ocrx_word' id='word_1_632' title='bbox 2777 3673 2795 3706; x_wconf 76' lang='grc' dir='ltr'><strong><em>ι</em></strong></span> <span class='ocrx_word' id='word_1_633' title='bbox 2843 3656 3191 3710; x_wconf 90' lang='lat' dir='ltr'><strong>morticinum</strong></span> <span class='ocrx_word' id='word_1_634' title='bbox 3222 3658 3457 3714; x_wconf 87' lang='lat' dir='ltr'><strong>hominis</strong></span> <span class='ocrx_word' id='word_1_635' title='bbox 3491 3661 3597 3715; x_wconf 90' lang='lat' dir='ltr'><strong>dici</strong></span> 
     </span>
    </p>
   </div>
   <div class='ocr_carea' id='block_1_82' title="bbox 2014 3739 3598 3820">
    <p class='ocr_par' dir='ltr' id='par_1_82' title="bbox 2014 3739 3598 3820">
     <span class='ocr_line' id='line_1_82' title="bbox 2014 3739 3598 3820; baseline 0.008 -27"><span class='ocrx_word' id='word_1_636' title='bbox 2014 3748 2214 3806; x_wconf 82' lang='lat' dir='ltr'><strong>potest.</strong></span> <span class='ocrx_word' id='word_1_637' title='bbox 2250 3739 2355 3796; x_wconf 90' lang='lat' dir='ltr'><strong>Sed</strong></span> <span class='ocrx_word' id='word_1_638' title='bbox 2388 3752 2442 3796; x_wconf 91' lang='lat' dir='ltr'><strong>et</strong></span> <span class='ocrx_word' id='word_1_639' title='bbox 2488 3743 2744 3797; x_wconf 89' lang='lat' dir='ltr'><strong>animalia</strong></span> <span class='ocrx_word' id='word_1_640' title='bbox 2782 3744 3063 3798; x_wconf 91' lang='lat' dir='ltr'><strong>morticina</strong></span> <span class='ocrx_word' id='word_1_641' title='bbox 3097 3744 3450 3802; x_wconf 79' lang='lat' dir='ltr'><strong>nihilominus</strong></span> <span class='ocrx_word' id='word_1_642' title='bbox 3478 3766 3598 3820; x_wconf 81' lang='lat' dir='ltr'><strong>qua:</strong></span> 
     </span>
    </p>
   </div>
   <div class='ocr_carea' id='block_1_83' title="bbox 2014 3830 3598 3909">
    <p class='ocr_par' dir='ltr' id='par_1_83' title="bbox 2014 3830 3598 3909">
     <span class='ocr_line' id='line_1_83' title="bbox 2014 3830 3598 3909; baseline 0.011 -28"><span class='ocrx_word' id='word_1_643' title='bbox 2014 3840 2141 3882; x_wconf 80' lang='lat' dir='ltr'><strong>Slltll</strong></span> <span class='ocrx_word' id='word_1_644' title='bbox 2188 3830 2239 3884; x_wconf 93' lang='lat' dir='ltr'><strong>in</strong></span> <span class='ocrx_word' id='word_1_645' title='bbox 2280 3832 2544 3897; x_wconf 83' lang='lat' dir='ltr'><strong>Ecclesia,</strong></span> <span class='ocrx_word' id='word_1_646' title='bbox 2590 3834 2912 3902; x_wconf 88' lang='lat' dir='ltr'><strong>requirenda</strong></span> <span class='ocrx_word' id='word_1_647' title='bbox 2948 3843 3095 3890; x_wconf 88' lang='lat' dir='ltr'><strong>sunt.</strong></span> <span class='ocrx_word' id='word_1_648' title='bbox 3130 3837 3185 3892; x_wconf 89' lang='lat' dir='ltr'><strong>Si</strong></span> <span class='ocrx_word' id='word_1_649' title='bbox 3238 3840 3598 3909; x_wconf 85' lang='lat' dir='ltr'><strong>simpliciores</strong></span> 
     </span>
    </p>
   </div>
   <div class='ocr_carea' id='block_1_84' title="bbox 2014 3920 3595 4000">
    <p class='ocr_par' dir='ltr' id='par_1_84' title="bbox 2014 3920 3595 4000">
     <span class='ocr_line' id='line_1_84' title="bbox 2014 3920 3595 4000; baseline 0.011 -28"><span class='ocrx_word' id='word_1_650' title='bbox 2014 3920 2215 3989; x_wconf 90' lang='lat' dir='ltr'><strong>quique</strong></span> <span class='ocrx_word' id='word_1_651' title='bbox 2235 3923 2299 3979; x_wconf 89' lang='lat' dir='ltr'><strong>ad</strong></span> <span class='ocrx_word' id='word_1_652' title='bbox 2329 3924 2429 3976; x_wconf 89' lang='lat' dir='ltr'><strong>hoc</strong></span> <span class='ocrx_word' id='word_1_653' title='bbox 2446 3925 2589 3993; x_wconf 88' lang='lat' dir='ltr'><strong>quod</strong></span> <span class='ocrx_word' id='word_1_654' title='bbox 2612 3925 2745 3979; x_wconf 87' lang='lat' dir='ltr'><strong>nihil</strong></span> <span class='ocrx_word' id='word_1_655' title='bbox 2772 3927 3073 3996; x_wconf 66' lang='lat' dir='ltr'><strong>prudentiae</strong></span> <span class='ocrx_word' id='word_1_656' title='bbox 3092 3942 3339 4000; x_wconf 86' lang='lat' dir='ltr'><strong>egerunt,</strong></span> <span class='ocrx_word' id='word_1_657' title='bbox 3356 3934 3519 3987; x_wconf 88' lang='lat' dir='ltr'><strong>etiam</strong></span> <span class='ocrx_word' id='word_1_658' title='bbox 3544 3936 3595 3990; x_wconf 92' lang='lat' dir='ltr'><strong>in</strong></span> 
     </span>
    </p>
   </div>
   <div class='ocr_carea' id='block_1_85' title="bbox 2014 4018 3595 4096">
    <p class='ocr_par' dir='ltr' id='par_1_85' title="bbox 2014 4018 3595 4096">
     <span class='ocr_line' id='line_1_85' title="bbox 2014 4018 3595 4096; baseline 0.009 -30"><span class='ocrx_word' id='word_1_659' title='bbox 2014 4026 2358 4082; x_wconf 88' lang='lat' dir='ltr'><strong>peccatorum</strong></span> <span class='ocrx_word' id='word_1_660' title='bbox 2393 4018 2642 4073; x_wconf 77' lang='lat' dir='ltr'><strong>sordibus</strong></span> <span class='ocrx_word' id='word_1_661' title='bbox 2678 4019 3007 4088; x_wconf 86' lang='lat' dir='ltr'><strong>volutentur,</strong></span> <span class='ocrx_word' id='word_1_662' title='bbox 3038 4021 3133 4077; x_wconf 90' lang='lat' dir='ltr'><strong>hos</strong></span> <span class='ocrx_word' id='word_1_663' title='bbox 3176 4023 3219 4076; x_wconf 90' lang='lat' dir='ltr'><strong>si</strong></span> <span class='ocrx_word' id='word_1_664' title='bbox 3252 4026 3373 4092; x_wconf 88' lang='lat' dir='ltr'><strong>quis</strong></span> <span class='ocrx_word' id='word_1_665' title='bbox 3403 4039 3595 4096; x_wconf 85' lang='lat' dir='ltr'><strong>sequa-</strong></span> 
     </span>
    </p>
   </div>
   <div class='ocr_carea' id='block_1_86' title="bbox 2017 4108 3596 4183">
    <p class='ocr_par' dir='ltr' id='par_1_86' title="bbox 2017 4108 3596 4183">
     <span class='ocr_line' id='line_1_86' title="bbox 2017 4108 3596 4183; baseline 0.008 -26"><span class='ocrx_word' id='word_1_666' title='bbox 2017 4116 2124 4170; x_wconf 91' lang='lat' dir='ltr'><strong>tur,</strong></span> <span class='ocrx_word' id='word_1_667' title='bbox 2150 4108 2233 4161; x_wconf 84' lang='lat' dir='ltr'><strong>vel</strong></span> <span class='ocrx_word' id='word_1_668' title='bbox 2261 4118 2447 4178; x_wconf 88' lang='lat' dir='ltr'><strong>tangat</strong></span> <span class='ocrx_word' id='word_1_669' title='bbox 2472 4123 2535 4164; x_wconf 90' lang='lat' dir='ltr'><strong>eo</strong></span> <span class='ocrx_word' id='word_1_670' title='bbox 2562 4120 2706 4165; x_wconf 92' lang='lat' dir='ltr'><strong>tactu</strong></span> <span class='ocrx_word' id='word_1_671' title='bbox 2734 4126 2840 4181; x_wconf 92' lang='lat' dir='ltr'><strong>quo</strong></span> <span class='ocrx_word' id='word_1_672' title='bbox 2861 4127 3021 4183; x_wconf 90' lang='lat' dir='ltr'><strong>supra</strong></span> <span class='ocrx_word' id='word_1_673' title='bbox 3049 4115 3419 4183; x_wconf 88' lang='lat' dir='ltr'><strong>exposuimus,</strong></span> <span class='ocrx_word' id='word_1_674' title='bbox 3451 4132 3596 4170; x_wconf 83' lang='lat' dir='ltr'><strong>mor-</strong></span> 
     </span>
    </p>
   </div>
   <div class='ocr_carea' id='block_1_87' title="bbox 2018 4203 3599 4277">
    <p class='ocr_par' dir='ltr' id='par_1_87' title="bbox 2018 4203 3599 4277">
     <span class='ocr_line' id='line_1_87' title="bbox 2018 4203 3599 4277; baseline 0.006 -22"><span class='ocrx_word' id='word_1_675' title='bbox 2018 4203 2242 4256; x_wconf 91' lang='lat' dir='ltr'><strong>ticinum</strong></span> <span class='ocrx_word' id='word_1_676' title='bbox 2281 4204 2594 4258; x_wconf 86' lang='lat' dir='ltr'><strong>animalium</strong></span> <span class='ocrx_word' id='word_1_677' title='bbox 2624 4204 2737 4276; x_wconf 85' lang='lat'><strong>(70)</strong></span> <span class='ocrx_word' id='word_1_678' title='bbox 2774 4206 2969 4277; x_wconf 66' lang='lat' dir='ltr'><strong>tetigit.</strong></span> <span class='ocrx_word' id='word_1_679' title='bbox 3006 4205 3157 4273; x_wconf 89' lang='lat' dir='ltr'><strong>Quod</strong></span> <span class='ocrx_word' id='word_1_680' title='bbox 3192 4216 3371 4259; x_wconf 89' lang='lat' dir='ltr'><strong>autem</strong></span> <span class='ocrx_word' id='word_1_681' title='bbox 3413 4207 3599 4263; x_wconf 82' lang='lat' dir='ltr'><strong>Eccle—</strong></span> 
     </span>
    </p>
   </div>
   <div class='ocr_carea' id='block_1_88' title="bbox 2015 4297 3601 4369">
    <p class='ocr_par' dir='ltr' id='par_1_88' title="bbox 2015 4297 3601 4369">
     <span class='ocr_line' id='line_1_88' title="bbox 2015 4297 3601 4369; baseline 0.003 -20"><span class='ocrx_word' id='word_1_682' title='bbox 2015 4298 2091 4349; x_wconf 86' lang='lat' dir='ltr'><strong>sia</strong></span> <span class='ocrx_word' id='word_1_683' title='bbox 2125 4297 2318 4351; x_wconf 84' lang='lat' dir='ltr'><strong>haheat</strong></span> <span class='ocrx_word' id='word_1_684' title='bbox 2349 4307 2400 4351; x_wconf 90' lang='lat' dir='ltr'><strong>et</strong></span> <span class='ocrx_word' id='word_1_685' title='bbox 2436 4299 2713 4363; x_wconf 87' lang='lat' dir='ltr'><strong>animalia,</strong></span> <span class='ocrx_word' id='word_1_686' title='bbox 2747 4300 2871 4352; x_wconf 89' lang='lat' dir='ltr'><strong>andi</strong></span> <span class='ocrx_word' id='word_1_687' title='bbox 2903 4299 3174 4369; x_wconf 86' lang='lat' dir='ltr'><strong>quomodo</strong></span> <span class='ocrx_word' id='word_1_688' title='bbox 3203 4301 3333 4354; x_wconf 83' lang='lat' dir='ltr'><strong>dicit</strong></span> <span class='ocrx_word' id='word_1_689' title='bbox 3365 4301 3417 4354; x_wconf 93' lang='lat' dir='ltr'><strong>in</strong></span> <span class='ocrx_word' id='word_1_690' title='bbox 3447 4299 3601 4355; x_wconf 73' lang='lat' dir='ltr'><strong>Psal-</strong></span> 
     </span>
    </p>
   </div>
   <div class='ocr_carea' id='block_1_89' title="bbox 2016 4388 3593 4459">
    <p class='ocr_par' dir='ltr' id='par_1_89' title="bbox 2016 4388 3593 4459">
     <span class='ocr_line' id='line_1_89' title="bbox 2016 4388 3593 4459; baseline 0.003 -19"><span class='ocrx_word' id='word_1_691' title='bbox 2016 4389 2195 4442; x_wconf 81' lang='lat' dir='ltr'><strong>mis&quot;:</strong></span> <span class='ocrx_word' id='word_1_692' title='bbox 2222 4406 2240 4438; x_wconf 72' lang='grc' dir='ltr'>ι</span> <span class='ocrx_word' id='word_1_693' title='bbox 2265 4388 2520 4443; x_wconf 87' lang='lat' dir='ltr'><strong>llnmines</strong></span> <span class='ocrx_word' id='word_1_694' title='bbox 2544 4401 2597 4443; x_wconf 89' lang='lat' dir='ltr'><strong>ct</strong></span> <span class='ocrx_word' id='word_1_695' title='bbox 2617 4390 2862 4459; x_wconf 89' lang='lat' dir='ltr'><strong>jumenta</strong></span> <span class='ocrx_word' id='word_1_696' title='bbox 2886 4390 3065 4444; x_wconf 84' lang='lat' dir='ltr'><strong>salvos</strong></span> <span class='ocrx_word' id='word_1_697' title='bbox 3094 4389 3285 4455; x_wconf 81' lang='lat' dir='ltr'><strong>facies,</strong></span> <span class='ocrx_word' id='word_1_698' title='bbox 3314 4392 3593 4448; x_wconf 63' lang='lat' dir='ltr'><strong>Domine.»</strong></span> 
     </span>
    </p>
   </div>
   <div class='ocr_carea' id='block_1_90' title="bbox 336 4470 3595 4552">
    <p class='ocr_par' dir='ltr' id='par_1_90' title="bbox 336 4470 3595 4552">
     <span class='ocr_line' id='line_1_90' title="bbox 336 4470 3595 4552; baseline 0.002 -21"><span class='ocrx_word' id='word_1_699' title='bbox 336 4479 515 4534; x_wconf 87' lang='lat' dir='ltr'><strong>anima</strong></span> <span class='ocrx_word' id='word_1_700' title='bbox 546 4481 683 4551; x_wconf 87' lang='lat' dir='ltr'><strong>ejus.</strong></span> <span class='ocrx_word' id='word_1_701' title='bbox 716 4481 772 4536; x_wconf 89' lang='lat' dir='ltr'><strong>Si</strong></span> <span class='ocrx_word' id='word_1_702' title='bbox 806 4484 927 4552; x_wconf 90' lang='lat' dir='ltr'><strong>quis</strong></span> <span class='ocrx_word' id='word_1_703' title='bbox 957 4497 1087 4551; x_wconf 88' lang='lat' dir='ltr'><strong>ergo</strong></span> <span class='ocrx_word' id='word_1_704' title='bbox 1125 4484 1229 4537; x_wconf 91' lang='lat' dir='ltr'><strong>hoc</strong></span> <span class='ocrx_word' id='word_1_705' title='bbox 1275 4482 1433 4538; x_wconf 91' lang='lat' dir='ltr'><strong>modo</strong></span> <span class='ocrx_word' id='word_1_706' title='bbox 1470 4482 1639 4551; x_wconf 90' lang='lat' dir='ltr'><strong>tangit</strong></span> <span class='ocrx_word' id='word_1_707' title='bbox 1671 4483 1905 4551; x_wconf 87' lang='lat' dir='ltr'><strong>aliquam</strong></span> <span class='ocrx_word' id='word_1_708' title='bbox 1940 4470 1984 4525; x_wconf 80' lang='grc' dir='ltr'><strong>Ι)</strong></span> <span class='ocrx_word' id='word_1_709' title='bbox 2018 4479 2077 4533; x_wconf 92' lang='lat' dir='ltr'><strong>lli</strong></span> <span class='ocrx_word' id='word_1_710' title='bbox 2117 4495 2248 4549; x_wconf 85' lang='lat' dir='ltr'><strong>ergo</strong></span> <span class='ocrx_word' id='word_1_711' title='bbox 2280 4484 2369 4549; x_wconf 81' lang='lat' dir='ltr'><strong>qui</strong></span> <span class='ocrx_word' id='word_1_712' title='bbox 2422 4480 2569 4535; x_wconf 87' lang='lat' dir='ltr'><strong>verbi</strong></span> <span class='ocrx_word' id='word_1_713' title='bbox 2618 4481 2706 4534; x_wconf 88' lang='lat' dir='ltr'><strong>Dei</strong></span> <span class='ocrx_word' id='word_1_714' title='bbox 2746 4490 2795 4535; x_wconf 91' lang='lat' dir='ltr'><strong>et</strong></span> <span class='ocrx_word' id='word_1_715' title='bbox 2832 4481 3174 4535; x_wconf 86' lang='lat' dir='ltr'><strong>rationabilis</strong></span> <span class='ocrx_word' id='word_1_716' title='bbox 3213 4482 3447 4537; x_wconf 87' lang='lat' dir='ltr'><strong>instituti</strong></span> <span class='ocrx_word' id='word_1_717' title='bbox 3483 4492 3595 4537; x_wconf 84' lang='lat' dir='ltr'><strong>stu-</strong></span> 
     </span>
    </p>
   </div>
   <div class='ocr_carea' id='block_1_91' title="bbox 337 4573 1912 4645">
    <p class='ocr_par' dir='ltr' id='par_1_91' title="bbox 337 4573 1912 4645">
     <span class='ocr_line' id='line_1_91' title="bbox 337 4573 1912 4645; baseline 0.002 -19"><span class='ocrx_word' id='word_1_718' title='bbox 337 4587 478 4638; x_wconf 89' lang='lat' dir='ltr'><strong>rem,</strong></span> <span class='ocrx_word' id='word_1_719' title='bbox 496 4573 547 4628; x_wconf 88' lang='lat' dir='ltr'><strong>id</strong></span> <span class='ocrx_word' id='word_1_720' title='bbox 570 4584 654 4629; x_wconf 87' lang='lat' dir='ltr'><strong>est</strong></span> <span class='ocrx_word' id='word_1_721' title='bbox 683 4574 764 4628; x_wconf 83' lang='lat' dir='ltr'><strong>vel</strong></span> <span class='ocrx_word' id='word_1_722' title='bbox 784 4592 880 4645; x_wconf 88' lang='lat' dir='ltr'><strong>per</strong></span> <span class='ocrx_word' id='word_1_723' title='bbox 898 4575 1140 4629; x_wconf 88' lang='lat' dir='ltr'><strong>mulieris</strong></span> <span class='ocrx_word' id='word_1_724' title='bbox 1166 4576 1686 4644; x_wconf 85' lang='lat' dir='ltr'><strong>concupiscentiam,</strong></span> <span class='ocrx_word' id='word_1_725' title='bbox 1709 4575 1791 4629; x_wconf 86' lang='lat' dir='ltr'><strong>vel</strong></span> <span class='ocrx_word' id='word_1_726' title='bbox 1817 4591 1912 4645; x_wconf 89' lang='lat' dir='ltr'><strong>per</strong></span> 
     </span>
    </p>
   </div>
   <div class='ocr_carea' id='block_1_92' title="bbox 338 4668 1910 4740">
    <p class='ocr_par' dir='ltr' id='par_1_92' title="bbox 338 4668 1910 4740">
     <span class='ocr_line' id='line_1_92' title="bbox 338 4668 1910 4740; baseline 0.001 -20"><span class='ocrx_word' id='word_1_727' title='bbox 338 4668 578 4733; x_wconf 69' lang='lat' dir='ltr'><strong>pecuniae</strong></span> <span class='ocrx_word' id='word_1_728' title='bbox 612 4668 982 4737; x_wconf 88' lang='lat' dir='ltr'><strong>cupiditatem,</strong></span> <span class='ocrx_word' id='word_1_729' title='bbox 1010 4668 1091 4723; x_wconf 90' lang='lat' dir='ltr'><strong>vel</strong></span> <span class='ocrx_word' id='word_1_730' title='bbox 1121 4669 1227 4723; x_wconf 88' lang='lat' dir='ltr'><strong>alio</strong></span> <span class='ocrx_word' id='word_1_731' title='bbox 1259 4668 1501 4739; x_wconf 86' lang='lat' dir='ltr'><strong>quolibet</strong></span> <span class='ocrx_word' id='word_1_732' title='bbox 1525 4668 1731 4740; x_wconf 87' lang='lat' dir='ltr'><strong>peccati</strong></span> <span class='ocrx_word' id='word_1_733' title='bbox 1768 4669 1910 4722; x_wconf 91' lang='lat' dir='ltr'><strong>desi-</strong></span> 
     </span>
    </p>
   </div>
   <div class='ocr_carea' id='block_1_93' title="bbox 338 4757 1915 4830">
    <p class='ocr_par' dir='ltr' id='par_1_93' title="bbox 338 4757 1915 4830">
     <span class='ocr_line' id='line_1_93' title="bbox 338 4757 1915 4830; baseline 0 -17"><span class='ocrx_word' id='word_1_734' title='bbox 338 4759 509 4821; x_wconf 90' lang='lat' dir='ltr'><strong>derio,</strong></span> <span class='ocrx_word' id='word_1_735' title='bbox 545 4759 878 4814; x_wconf 89' lang='lat' dir='ltr'><strong>immundmn</strong></span> <span class='ocrx_word' id='word_1_736' title='bbox 907 4760 1101 4830; x_wconf 88' lang='lat' dir='ltr'><strong>tetigit,</strong></span> <span class='ocrx_word' id='word_1_737' title='bbox 1129 4772 1185 4815; x_wconf 92' lang='lat' dir='ltr'><strong>et</strong></span> <span class='ocrx_word' id='word_1_738' title='bbox 1208 4760 1525 4828; x_wconf 89' lang='lat' dir='ltr'><strong>inquinatus</strong></span> <span class='ocrx_word' id='word_1_739' title='bbox 1550 4769 1657 4815; x_wconf 88' lang='lat' dir='ltr'><strong>est.</strong></span> <span class='ocrx_word' id='word_1_740' title='bbox 1682 4757 1915 4829; x_wconf 90' lang='lat' dir='ltr'><strong>Oportet</strong></span> 
     </span>
    </p>
   </div>
   <div class='ocr_carea' id='block_1_94' title="bbox 336 4850 1917 4922">
    <p class='ocr_par' dir='ltr' id='par_1_94' title="bbox 336 4850 1917 4922">
     <span class='ocr_line' id='line_1_94' title="bbox 336 4850 1917 4922; baseline 0 -17"><span class='ocrx_word' id='word_1_741' title='bbox 336 4865 468 4918; x_wconf 85' lang='lat' dir='ltr'><strong>ergo</strong></span> <span class='ocrx_word' id='word_1_742' title='bbox 495 4861 546 4906; x_wconf 90' lang='lat' dir='ltr'><strong>te</strong></span> <span class='ocrx_word' id='word_1_743' title='bbox 575 4852 617 4905; x_wconf 87' lang='lat' dir='ltr'><strong>si</strong></span> <span class='ocrx_word' id='word_1_744' title='bbox 651 4852 778 4920; x_wconf 87' lang='lat' dir='ltr'><strong>quid</strong></span> <span class='ocrx_word' id='word_1_745' title='bbox 827 4852 929 4906; x_wconf 83' lang='lat' dir='ltr'><strong>tale</strong></span> <span class='ocrx_word' id='word_1_746' title='bbox 961 4852 1274 4922; x_wconf 88' lang='lat' dir='ltr'><strong>contigeris,</strong></span> <span class='ocrx_word' id='word_1_747' title='bbox 1307 4852 1451 4907; x_wconf 89' lang='lat' dir='ltr'><strong>scire</strong></span> <span class='ocrx_word' id='word_1_748' title='bbox 1480 4852 1753 4922; x_wconf 91' lang='lat' dir='ltr'><strong>quomodo</strong></span> <span class='ocrx_word' id='word_1_749' title='bbox 1783 4850 1917 4905; x_wconf 80' lang='lat' dir='ltr'><strong>offe-</strong></span> 
     </span>
    </p>
   </div>
   <div class='ocr_carea' id='block_1_95' title="bbox 338 4944 1910 5014">
    <p class='ocr_par' dir='ltr' id='par_1_95' title="bbox 338 4944 1910 5014">
     <span class='ocr_line' id='line_1_95' title="bbox 338 4944 1910 5014; baseline 0.002 -17"><span class='ocrx_word' id='word_1_750' title='bbox 338 4958 429 4997; x_wconf 85' lang='lat' dir='ltr'><strong>ras</strong></span> <span class='ocrx_word' id='word_1_751' title='bbox 451 4945 795 5007; x_wconf 85' lang='lat' dir='ltr'><strong>sacrilicium,</strong></span> <span class='ocrx_word' id='word_1_752' title='bbox 845 4944 1141 4998; x_wconf 90' lang='lat' dir='ltr'><strong>secundum</strong></span> <span class='ocrx_word' id='word_1_753' title='bbox 1181 4960 1242 4999; x_wconf 87' lang='lat' dir='ltr'><strong>ea</strong></span> <span class='ocrx_word' id='word_1_754' title='bbox 1287 4960 1407 5014; x_wconf 69' lang='lat' dir='ltr'><strong>qua:</strong></span> <span class='ocrx_word' id='word_1_755' title='bbox 1451 4946 1503 4998; x_wconf 94' lang='lat' dir='ltr'><strong>in</strong></span> <span class='ocrx_word' id='word_1_756' title='bbox 1536 4946 1910 5012; x_wconf 82' lang='lat' dir='ltr'><strong>superioribus</strong></span> 
     </span>
    </p>
   </div>
   <div class='ocr_carea' id='block_1_96' title="bbox 335 5034 1905 5105">
    <p class='ocr_par' dir='ltr' id='par_1_96' title="bbox 335 5034 1905 5105">
     <span class='ocr_line' id='line_1_96' title="bbox 335 5034 1905 5105; baseline -0.001 -14"><span class='ocrx_word' id='word_1_757' title='bbox 335 5038 773 5099; x_wconf 87' lang='lat' dir='ltr'><strong>memoravimus,</strong></span> <span class='ocrx_word' id='word_1_758' title='bbox 833 5046 891 5090; x_wconf 90' lang='lat' dir='ltr'><strong>ut</strong></span> <span class='ocrx_word' id='word_1_759' title='bbox 945 5038 1173 5092; x_wconf 89' lang='lat' dir='ltr'><strong>mundus</strong></span> <span class='ocrx_word' id='word_1_760' title='bbox 1222 5037 1360 5092; x_wconf 84' lang='lat' dir='ltr'><strong>clIici</strong></span> <span class='ocrx_word' id='word_1_761' title='bbox 1411 5037 1607 5105; x_wconf 85' lang='lat' dir='ltr'><strong>possis.</strong></span> <span class='ocrx_word' id='word_1_762' title='bbox 1669 5034 1761 5091; x_wconf 77' lang='lat' dir='ltr'><strong>Vis</strong></span> <span class='ocrx_word' id='word_1_763' title='bbox 1810 5035 1905 5090; x_wconf 90' lang='lat' dir='ltr'><strong>tibi</strong></span> 
     </span>
    </p>
   </div>
   <div class='ocr_carea' id='block_1_97' title="bbox 332 5126 1905 5198">
    <p class='ocr_par' dir='ltr' id='par_1_97' title="bbox 332 5126 1905 5198">
     <span class='ocr_line' id='line_1_97' title="bbox 332 5126 1905 5198; baseline -0.003 -15"><span class='ocrx_word' id='word_1_764' title='bbox 332 5129 613 5183; x_wconf 89' lang='lat' dir='ltr'><strong>ostendam</strong></span> <span class='ocrx_word' id='word_1_765' title='bbox 649 5144 767 5198; x_wconf 76' lang='lat' dir='ltr'><strong>qua:</strong></span> <span class='ocrx_word' id='word_1_766' title='bbox 796 5138 879 5183; x_wconf 87' lang='lat' dir='ltr'><strong>est</strong></span> <span class='ocrx_word' id='word_1_767' title='bbox 936 5130 1114 5183; x_wconf 84' lang='lat' dir='ltr'><strong>anima</strong></span> <span class='ocrx_word' id='word_1_768' title='bbox 1174 5146 1294 5198; x_wconf 81' lang='lat' dir='ltr'><strong>qua:</strong></span> <span class='ocrx_word' id='word_1_769' title='bbox 1336 5129 1509 5198; x_wconf 84' lang='lat' dir='ltr'><strong>tetigit</strong></span> <span class='ocrx_word' id='word_1_770' title='bbox 1544 5126 1905 5187; x_wconf 90' lang='lat' dir='ltr'><strong>immundum,</strong></span> 
     </span>
    </p>
   </div>
   <div class='ocr_carea' id='block_1_98' title="bbox 335 5220 1904 5292">
    <p class='ocr_par' dir='ltr' id='par_1_98' title="bbox 335 5220 1904 5292">
     <span class='ocr_line' id='line_1_98' title="bbox 335 5220 1904 5292; baseline -0.003 -16"><span class='ocrx_word' id='word_1_771' title='bbox 335 5232 392 5276; x_wconf 89' lang='lat' dir='ltr'><strong>et</strong></span> <span class='ocrx_word' id='word_1_772' title='bbox 418 5223 690 5277; x_wconf 89' lang='lat' dir='ltr'><strong>immunda</strong></span> <span class='ocrx_word' id='word_1_773' title='bbox 724 5222 864 5278; x_wconf 88' lang='lat' dir='ltr'><strong>facta</strong></span> <span class='ocrx_word' id='word_1_774' title='bbox 912 5232 1014 5285; x_wconf 89' lang='lat' dir='ltr'><strong>est,</strong></span> <span class='ocrx_word' id='word_1_775' title='bbox 1056 5233 1110 5279; x_wconf 91' lang='lat' dir='ltr'><strong>et</strong></span> <span class='ocrx_word' id='word_1_776' title='bbox 1136 5239 1351 5279; x_wconf 88' lang='lat' dir='ltr'><strong>rursum</strong></span> <span class='ocrx_word' id='word_1_777' title='bbox 1399 5223 1573 5292; x_wconf 87' lang='lat' dir='ltr'><strong>tetigit</strong></span> <span class='ocrx_word' id='word_1_778' title='bbox 1619 5220 1904 5280; x_wconf 83' lang='lat' dir='ltr'><strong>mundum,</strong></span> 
     </span>
    </p>
   </div>
   <div class='ocr_carea' id='block_1_99' title="bbox 335 5311 1906 5385">
    <p class='ocr_par' dir='ltr' id='par_1_99' title="bbox 335 5311 1906 5385">
     <span class='ocr_line' id='line_1_99' title="bbox 335 5311 1906 5385; baseline -0.001 -18"><span class='ocrx_word' id='word_1_779' title='bbox 335 5320 391 5367; x_wconf 81' lang='lat' dir='ltr'><strong>et</strong></span> <span class='ocrx_word' id='word_1_780' title='bbox 417 5312 554 5367; x_wconf 89' lang='lat' dir='ltr'><strong>facta</strong></span> <span class='ocrx_word' id='word_1_781' title='bbox 586 5324 670 5368; x_wconf 88' lang='lat' dir='ltr'><strong>est</strong></span> <span class='ocrx_word' id='word_1_782' title='bbox 715 5315 956 5369; x_wconf 78' lang='lat' dir='ltr'><strong>munda?</strong></span> <span class='ocrx_word' id='word_1_783' title='bbox 983 5315 1073 5370; x_wconf 92' lang='lat' dir='ltr'><strong>llla</strong></span> <span class='ocrx_word' id='word_1_784' title='bbox 1108 5331 1228 5385; x_wconf 77' lang='lat' dir='ltr'><strong>qua:</strong></span> <span class='ocrx_word' id='word_1_785' title='bbox 1270 5313 1589 5385; x_wconf 81' lang='lat' dir='ltr'><strong>profluvium</strong></span> <span class='ocrx_word' id='word_1_786' title='bbox 1624 5311 1906 5381; x_wconf 85' lang='lat' dir='ltr'><strong>sanguinis</strong></span> 
     </span>
    </p>
   </div>
   <div class='ocr_carea' id='block_1_100' title="bbox 405 5408 1459 5474">
    <p class='ocr_par' dir='ltr' id='par_1_100' title="bbox 405 5408 1459 5474">
     <span class='ocr_line' id='line_1_100' title="bbox 405 5408 1459 5474; baseline 0 -12"><span class='ocrx_word' id='word_1_787' title='bbox 405 5408 451 5441; x_wconf 78' lang='grc'><strong>⁸⁸</strong></span> <span class='ocrx_word' id='word_1_788' title='bbox 479 5408 623 5463; x_wconf 84' lang='lat' dir='ltr'><strong>Psal.</strong></span> <span class='ocrx_word' id='word_1_789' title='bbox 649 5424 759 5472; x_wconf 67' lang='grc' dir='ltr'><strong>(ιιι,</strong></span> <span class='ocrx_word' id='word_1_790' title='bbox 784 5410 836 5465; x_wconf 73' lang='grc'><strong>4.</strong></span> <span class='ocrx_word' id='word_1_791' title='bbox 910 5412 953 5444; x_wconf 81' lang='grc'><strong>⁸⁹</strong></span> <span class='ocrx_word' id='word_1_792' title='bbox 1006 5410 1176 5466; x_wconf 86' lang='lat' dir='ltr'><strong>Levit.</strong></span> <span class='ocrx_word' id='word_1_793' title='bbox 1211 5427 1263 5474; x_wconf 87' lang='lat' dir='ltr'><strong>v,</strong></span> <span class='ocrx_word' id='word_1_794' title='bbox 1310 5411 1365 5474; x_wconf 66' lang='grc' dir='ltr'><strong>ἓ,</strong></span> <span class='ocrx_word' id='word_1_795' title='bbox 1406 5410 1459 5462; x_wconf 64' lang='grc' dir='ltr'><strong>ὅ.</strong></span> 
     </span>
    </p>
   </div>
   <div class='ocr_carea' id='block_1_101' title="bbox 334 5478 1894 5549">
    <p class='ocr_par' dir='ltr' id='par_1_101' title="bbox 334 5478 1894 5549">
     <span class='ocr_line' id='line_1_101' title="bbox 334 5478 1894 5549; baseline -0.003 -15"><span class='ocrx_word' id='word_1_796' title='bbox 334 5478 391 5544; x_wconf 86' lang='lat'><strong>9,</strong></span> <span class='ocrx_word' id='word_1_797' title='bbox 426 5481 492 5533; x_wconf 87' lang='lat' dir='ltr'><strong>l0</strong></span> <span class='ocrx_word' id='word_1_798' title='bbox 535 5488 590 5533; x_wconf 83' lang='lat' dir='ltr'><strong>et</strong></span> <span class='ocrx_word' id='word_1_799' title='bbox 635 5494 750 5549; x_wconf 88' lang='lat' dir='ltr'><strong>seq.</strong></span> <span class='ocrx_word' id='word_1_800' title='bbox 823 5484 869 5515; x_wconf 74' lang='lat'>“</span> <span class='ocrx_word' id='word_1_801' title='bbox 903 5481 920 5534; x_wconf 91' lang='lat' dir='ltr'><strong>l</strong></span> <span class='ocrx_word' id='word_1_802' title='bbox 955 5480 1095 5535; x_wconf 87' lang='lat' dir='ltr'><strong>Tim.</strong></span> <span class='ocrx_word' id='word_1_803' title='bbox 1140 5497 1192 5545; x_wconf 90' lang='lat' dir='ltr'><strong>v,</strong></span> <span class='ocrx_word' id='word_1_804' title='bbox 1235 5482 1288 5533; x_wconf 86' lang='lat'><strong>6.</strong></span> <span class='ocrx_word' id='word_1_805' title='bbox 1364 5480 1409 5511; x_wconf 81' lang='lat'>”</span> <span class='ocrx_word' id='word_1_806' title='bbox 1438 5480 1577 5533; x_wconf 77' lang='lat' dir='ltr'><strong>l‘sal.</strong></span> <span class='ocrx_word' id='word_1_807' title='bbox 1632 5494 1803 5538; x_wconf 86' lang='lat' dir='ltr'><strong>xxxv,</strong></span> <span class='ocrx_word' id='word_1_808' title='bbox 1842 5478 1894 5530; x_wconf 88' lang='lat'><strong>7.</strong></span> 
     </span>
    </p>
   </div>
   <div class='ocr_carea' id='block_1_102' title="bbox 408 5573 1907 5646">
    <p class='ocr_par' dir='ltr' id='par_1_102' title="bbox 408 5573 1907 5646">
     <span class='ocr_line' id='line_1_102' title="bbox 408 5573 1907 5646; baseline -0.005 -17"><span class='ocrx_word' id='word_1_809' title='bbox 408 5576 519 5645; x_wconf 85' lang='lat'><strong>(66)</strong></span> <span class='ocrx_word' id='word_1_810' title='bbox 576 5574 707 5629; x_wconf 79' lang='lat' dir='ltr'><strong>Cum</strong></span> <span class='ocrx_word' id='word_1_811' title='bbox 754 5592 875 5646; x_wconf 79' lang='lat' dir='ltr'><strong>ergo</strong></span> <span class='ocrx_word' id='word_1_812' title='bbox 935 5574 1224 5646; x_wconf 74' lang='lat' dir='ltr'><strong>Evangelii.</strong></span> <span class='ocrx_word' id='word_1_813' title='bbox 1258 5585 1362 5630; x_wconf 86' lang='lat' dir='ltr'><strong>etc.</strong></span> <span class='ocrx_word' id='word_1_814' title='bbox 1405 5574 1596 5629; x_wconf 78' lang='lat' dir='ltr'><strong>Exstat</strong></span> <span class='ocrx_word' id='word_1_815' title='bbox 1638 5574 1721 5628; x_wconf 91' lang='lat' dir='ltr'><strong>hic</strong></span> <span class='ocrx_word' id='word_1_816' title='bbox 1760 5573 1907 5646; x_wconf 78' lang='lat' dir='ltr'><strong>locus</strong></span> 
     </span>
    </p>
   </div>
   <div class='ocr_carea' id='block_1_103' title="bbox 334 5642 1906 5714">
    <p class='ocr_par' dir='ltr' id='par_1_103' title="bbox 334 5642 1906 5714">
     <span class='ocr_line' id='line_1_103' title="bbox 334 5642 1906 5714; baseline -0.001 -17"><span class='ocrx_word' id='word_1_817' title='bbox 334 5642 473 5714; x_wconf 87' lang='lat' dir='ltr'><strong>apud</strong></span> <span class='ocrx_word' id='word_1_818' title='bbox 498 5647 691 5702; x_wconf 82' lang='lat' dir='ltr'><strong>Jonam</strong></span> <span class='ocrx_word' id='word_1_819' title='bbox 723 5642 1002 5701; x_wconf 77' lang='lat' dir='ltr'><strong>Aurelian.</strong></span> <span class='ocrx_word' id='word_1_820' title='bbox 1037 5642 1128 5699; x_wconf 77' lang='lat' dir='ltr'><strong>lib.</strong></span> <span class='ocrx_word' id='word_1_821' title='bbox 1159 5662 1173 5699; x_wconf 89' lang='grc' dir='ltr'>ι</span> <span class='ocrx_word' id='word_1_822' title='bbox 1206 5646 1277 5700; x_wconf 82' lang='lat' dir='ltr'><strong>De</strong></span> <span class='ocrx_word' id='word_1_823' title='bbox 1303 5646 1471 5698; x_wconf 77' lang='lat' dir='ltr'><strong>instit.</strong></span> <span class='ocrx_word' id='word_1_824' title='bbox 1498 5647 1643 5702; x_wconf 78' lang='lat' dir='ltr'><strong>Inic..</strong></span> <span class='ocrx_word' id='word_1_825' title='bbox 1672 5658 1790 5710; x_wconf 85' lang='lat' dir='ltr'><strong>cap.</strong></span> <span class='ocrx_word' id='word_1_826' title='bbox 1819 5642 1906 5696; x_wconf 71' lang='lat'><strong>18.</strong></span> 
     </span>
    </p>
   </div>
   <div class='ocr_carea' id='block_1_104' title="bbox 408 5715 1833 5788">
    <p class='ocr_par' dir='ltr' id='par_1_104' title="bbox 408 5715 1833 5788">
     <span class='ocr_line' id='line_1_104' title="bbox 408 5715 1833 5788; baseline -0.004 -19"><span class='ocrx_word' id='word_1_827' title='bbox 408 5716 520 5788; x_wconf 79' lang='lat'><strong>(67)</strong></span> <span class='ocrx_word' id='word_1_828' title='bbox 552 5718 719 5788; x_wconf 82' lang='lat' dir='ltr'><strong>Idem,</strong></span> <span class='ocrx_word' id='word_1_829' title='bbox 756 5736 772 5767; x_wconf 76' lang='grc' dir='ltr'>ι</span> <span class='ocrx_word' id='word_1_830' title='bbox 813 5717 1052 5781; x_wconf 83' lang='lat' dir='ltr'><strong>faciunt;</strong></span> <span class='ocrx_word' id='word_1_831' title='bbox 1091 5738 1109 5766; x_wconf 76' lang='grc' dir='ltr'><strong><em>ι</em></strong></span> <span class='ocrx_word' id='word_1_832' title='bbox 1146 5716 1276 5768; x_wconf 87' lang='lat' dir='ltr'><strong>lihh.</strong></span> <span class='ocrx_word' id='word_1_833' title='bbox 1313 5715 1515 5788; x_wconf 72' lang='lat' dir='ltr'><strong>cd_tt_i._s</strong></span> <span class='ocrx_word' id='word_1_834' title='bbox 1559 5716 1778 5788; x_wconf 73' lang='lat' dir='ltr'><strong>faciant.</strong></span> <span class='ocrx_word' id='word_1_835' title='bbox 1814 5732 1833 5763; x_wconf 72' lang='grc' dir='ltr'>ι</span> 
     </span>
    </p>
   </div>
   <div class='ocr_carea' id='block_1_105' title="bbox 409 5720 1913 5860">
    <p class='ocr_par' dir='ltr' id='par_1_105' title="bbox 409 5720 1913 5860">
     <span class='ocr_line' id='line_1_105' title="bbox 409 5720 1833 5788; baseline -0.004 -19"><span class='ocrx_word' id='word_1_836' title='bbox 409 5720 492 5788; x_wconf 78' lang='grc'><strong>(67</strong></span> <span class='ocrx_word' id='word_1_837' title='bbox 552 5720 719 5779; x_wconf 83' lang='lat' dir='ltr'><strong>ldeut,</strong></span> <span class='ocrx_word' id='word_1_838' title='bbox 756 5736 772 5767; x_wconf 76' lang='grc' dir='ltr'>ι</span> <span class='ocrx_word' id='word_1_839' title='bbox 813 5720 1052 5781; x_wconf 73' lang='lat' dir='ltr'><strong>faciunt;</strong></span> <span class='ocrx_word' id='word_1_840' title='bbox 1091 5738 1109 5766; x_wconf 75' lang='grc' dir='ltr'>ι</span> <span class='ocrx_word' id='word_1_841' title='bbox 1146 5720 1276 5768; x_wconf 78' lang='lat' dir='ltr'><strong>lilih.</strong></span> <span class='ocrx_word' id='word_1_842' title='bbox 1313 5720 1463 5773; x_wconf 78' lang='lat' dir='ltr'><strong>cdtli,</strong></span> <span class='ocrx_word' id='word_1_843' title='bbox 1500 5733 1515 5765; x_wconf 77' lang='grc' dir='ltr'><strong>ε</strong></span> <span class='ocrx_word' id='word_1_844' title='bbox 1559 5720 1778 5765; x_wconf 73' lang='lat' dir='ltr'><strong>faciant.</strong></span> <span class='ocrx_word' id='word_1_845' title='bbox 1814 5732 1833 5763; x_wconf 73' lang='grc' dir='ltr'>ι</span> 
     </span>
     <span class='ocr_line' id='line_1_106' title="bbox 409 5720 1913 5860; baseline -0.005 -20"><span class='ocrx_word' id='word_1_846' title='bbox 409 5720 520 5860; x_wconf 66' lang='lat' dir='ltr'><strong>(osi</strong></span> <span class='ocrx_word' id='word_1_847' title='bbox 566 5787 706 5842; x_wconf 86' lang='lat' dir='ltr'><strong>Idem</strong></span> <span class='ocrx_word' id='word_1_848' title='bbox 746 5804 871 5848; x_wconf 72' lang='grc' dir='ltr'><strong>ηις..</strong></span> <span class='ocrx_word' id='word_1_849' title='bbox 917 5804 932 5836; x_wconf 84' lang='lat' dir='ltr'><strong>t</strong></span> <span class='ocrx_word' id='word_1_850' title='bbox 972 5788 1277 5853; x_wconf 75' lang='lat' dir='ltr'><strong>contigerit.</strong></span> <span class='ocrx_word' id='word_1_851' title='bbox 1311 5806 1326 5837; x_wconf 74' lang='grc' dir='ltr'>ι</span> <span class='ocrx_word' id='word_1_852' title='bbox 1365 5784 1518 5847; x_wconf 77' lang='lat' dir='ltr'><strong>Lilih.</strong></span> <span class='ocrx_word' id='word_1_853' title='bbox 1548 5783 1697 5848; x_wconf 86' lang='lat' dir='ltr'><strong>cditi,</strong></span> <span class='ocrx_word' id='word_1_854' title='bbox 1734 5801 1751 5833; x_wconf 84' lang='lat' dir='ltr'><strong>t</strong></span> <span class='ocrx_word' id='word_1_855' title='bbox 1788 5799 1913 5836; x_wconf 79' lang='lat' dir='ltr'><strong>cnu-</strong></span> 
     </span>
    </p>
   </div>
   <div class='ocr_carea' id='block_1_106' title="bbox 658 5880 1262 5941">
    <p class='ocr_par' dir='ltr' id='par_1_106' title="bbox 658 5880 1262 5941">
     <span class='ocr_line' id='line_1_107' title="bbox 658 5880 1262 5941; baseline -0.002 -1"><span class='ocrx_word' id='word_1_856' title='bbox 658 5884 920 5941; x_wconf 62' lang='lat' dir='ltr'><strong>l’nnou</strong></span> <span class='ocrx_word' id='word_1_857' title='bbox 956 5881 1073 5941; x_wconf 75' lang='lat' dir='ltr'><strong>Gtt.</strong></span> <span class='ocrx_word' id='word_1_858' title='bbox 1124 5880 1262 5941; x_wconf 74' lang='grc' dir='ltr'><strong>ΧΗ.</strong></span> 
     </span>
    </p>
   </div>
   <div class='ocr_carea' id='block_1_107' title="bbox 1538 5404 2467 5540">
    <p class='ocr_par' dir='ltr' id='par_1_107' title="bbox 1538 5404 2467 5540">
     <span class='ocr_line' id='line_1_108' title="bbox 1538 5404 2467 5470; baseline -0.013 -8"><span class='ocrx_word' id='word_1_859' title='bbox 1538 5409 1633 5461; x_wconf 80' lang='lat' dir='ltr'><strong>&quot;l</strong></span> <span class='ocrx_word' id='word_1_860' title='bbox 1679 5409 1805 5463; x_wconf 89' lang='lat' dir='ltr'><strong>Cor.</strong></span> <span class='ocrx_word' id='word_1_861' title='bbox 1860 5422 1955 5470; x_wconf 85' lang='lat' dir='ltr'><strong>vn,</strong></span> <span class='ocrx_word' id='word_1_862' title='bbox 2005 5404 2058 5458; x_wconf 74' lang='grc'><strong>2.</strong></span> <span class='ocrx_word' id='word_1_863' title='bbox 2137 5404 2179 5433; x_wconf 82' lang='grc'><strong>⁹¹</strong></span> <span class='ocrx_word' id='word_1_864' title='bbox 2216 5404 2404 5454; x_wconf 85' lang='lat' dir='ltr'><strong>Matth.</strong></span> <span class='ocrx_word' id='word_1_865' title='bbox 2446 5416 2467 5450; x_wconf 80' lang='lat' dir='ltr'><strong>v</strong></span> 
     </span>
     <span class='ocr_line' id='line_1_109' title="bbox 1542 5471 2467 5540; baseline -0.009 -10"><span class='ocrx_word' id='word_1_866' title='bbox 1542 5480 1577 5531; x_wconf 94' lang='lat' dir='ltr'><strong>I.</strong></span> <span class='ocrx_word' id='word_1_867' title='bbox 1632 5494 1803 5538; x_wconf 86' lang='lat' dir='ltr'><strong>xxxv,</strong></span> <span class='ocrx_word' id='word_1_868' title='bbox 1842 5478 1894 5530; x_wconf 87' lang='lat'><strong>7.</strong></span> <span class='ocrx_word' id='word_1_869' title='bbox 1974 5475 2019 5507; x_wconf 75' lang='lat'>“</span> <span class='ocrx_word' id='word_1_870' title='bbox 2048 5472 2112 5526; x_wconf 83' lang='lat' dir='ltr'><strong>IV</strong></span> <span class='ocrx_word' id='word_1_871' title='bbox 2170 5472 2300 5540; x_wconf 81' lang='lat' dir='ltr'><strong>Reg.</strong></span> <span class='ocrx_word' id='word_1_872' title='bbox 2335 5471 2467 5533; x_wconf 76' lang='lat'><strong>1,10.</strong></span> 
     </span>
    </p>
   </div>
   <div class='ocr_carea' id='block_1_108' title="bbox 2012 4571 3599 4645">
    <p class='ocr_par' dir='ltr' id='par_1_108' title="bbox 2012 4571 3599 4645">
     <span class='ocr_line' id='line_1_110' title="bbox 2012 4571 3599 4645; baseline 0.001 -20"><span class='ocrx_word' id='word_1_873' title='bbox 2012 4571 2160 4625; x_wconf 91' lang='lat' dir='ltr'><strong>dium</strong></span> <span class='ocrx_word' id='word_1_874' title='bbox 2195 4581 2413 4642; x_wconf 82' lang='lat' dir='ltr'><strong>gerunt,</strong></span> <span class='ocrx_word' id='word_1_875' title='bbox 2438 4571 2691 4628; x_wconf 88' lang='lat' dir='ltr'><strong>homines</strong></span> <span class='ocrx_word' id='word_1_876' title='bbox 2722 4572 3076 4642; x_wconf 85' lang='lat' dir='ltr'><strong>appellantur.</strong></span> <span class='ocrx_word' id='word_1_877' title='bbox 3106 4572 3206 4639; x_wconf 87' lang='lat' dir='ltr'><strong>Qui</strong></span> <span class='ocrx_word' id='word_1_878' title='bbox 3238 4588 3368 4627; x_wconf 88' lang='lat' dir='ltr'><strong>vero</strong></span> <span class='ocrx_word' id='word_1_879' title='bbox 3396 4576 3599 4645; x_wconf 73' lang='lat' dir='ltr'><strong>alisque</strong></span> 
     </span>
    </p>
   </div>
   <div class='ocr_carea' id='block_1_109' title="bbox 2014 4662 3595 4729">
    <p class='ocr_par' dir='ltr' id='par_1_109' title="bbox 2014 4662 3595 4729">
     <span class='ocr_line' id='line_1_111' title="bbox 2014 4662 3595 4729; baseline 0.003 -12"><span class='ocrx_word' id='word_1_880' title='bbox 2014 4662 2318 4729; x_wconf 88' lang='lat' dir='ltr'><strong>hujusmodi</strong></span> <span class='ocrx_word' id='word_1_881' title='bbox 2353 4662 2547 4719; x_wconf 87' lang='lat' dir='ltr'><strong>studiis</strong></span> <span class='ocrx_word' id='word_1_882' title='bbox 2586 4665 2775 4719; x_wconf 89' lang='lat' dir='ltr'><strong>vivunt</strong></span> <span class='ocrx_word' id='word_1_883' title='bbox 2807 4674 2860 4720; x_wconf 86' lang='lat' dir='ltr'><strong>et</strong></span> <span class='ocrx_word' id='word_1_884' title='bbox 2906 4666 3153 4720; x_wconf 67' lang='lat' dir='ltr'><strong>scientiae</strong></span> <span class='ocrx_word' id='word_1_885' title='bbox 3186 4666 3445 4720; x_wconf 84' lang='lat' dir='ltr'><strong>exercitia</strong></span> <span class='ocrx_word' id='word_1_886' title='bbox 3489 4681 3595 4721; x_wconf 91' lang='lat' dir='ltr'><strong>non</strong></span> 
     </span>
    </p>
   </div>
   <div class='ocr_carea' id='block_1_110' title="bbox 2015 4758 3598 4827">
    <p class='ocr_par' dir='ltr' id='par_1_110' title="bbox 2015 4758 3598 4827">
     <span class='ocr_line' id='line_1_112' title="bbox 2015 4758 3598 4827; baseline -0.001 -16"><span class='ocrx_word' id='word_1_887' title='bbox 2015 4758 2319 4827; x_wconf 88' lang='lat' dir='ltr'><strong>requirunt,</strong></span> <span class='ocrx_word' id='word_1_888' title='bbox 2355 4758 2538 4813; x_wconf 85' lang='lat' dir='ltr'><strong>fideles</strong></span> <span class='ocrx_word' id='word_1_889' title='bbox 2568 4768 2745 4813; x_wconf 92' lang='lat' dir='ltr'><strong>tamen</strong></span> <span class='ocrx_word' id='word_1_890' title='bbox 2774 4770 2919 4821; x_wconf 89' lang='lat' dir='ltr'><strong>sunt,</strong></span> <span class='ocrx_word' id='word_1_891' title='bbox 2949 4758 3201 4812; x_wconf 85' lang='lat' dir='ltr'><strong>animalia</strong></span> <span class='ocrx_word' id='word_1_892' title='bbox 3234 4758 3475 4826; x_wconf 87' lang='lat' dir='ltr'><strong>quidem,</strong></span> <span class='ocrx_word' id='word_1_893' title='bbox 3501 4758 3598 4811; x_wconf 86' lang='lat' dir='ltr'><strong>sed</strong></span> 
     </span>
    </p>
   </div>
   <div class='ocr_carea' id='block_1_111' title="bbox 2018 4848 3600 4918">
    <p class='ocr_par' dir='ltr' id='par_1_111' title="bbox 2018 4848 3600 4918">
     <span class='ocr_line' id='line_1_113' title="bbox 2018 4848 3600 4918; baseline -0.001 -16"><span class='ocrx_word' id='word_1_894' title='bbox 2018 4850 2217 4902; x_wconf 89' lang='lat' dir='ltr'><strong>munda</strong></span> <span class='ocrx_word' id='word_1_895' title='bbox 2254 4848 2526 4903; x_wconf 88' lang='lat' dir='ltr'><strong>dicuntur.</strong></span> <span class='ocrx_word' id='word_1_896' title='bbox 2579 4848 2732 4904; x_wconf 86' lang='lat' dir='ltr'><strong>Sicut</strong></span> <span class='ocrx_word' id='word_1_897' title='bbox 2776 4850 2921 4904; x_wconf 89' lang='lat' dir='ltr'><strong>enim</strong></span> <span class='ocrx_word' id='word_1_898' title='bbox 2972 4859 3099 4903; x_wconf 87' lang='lat' dir='ltr'><strong>sunt</strong></span> <span class='ocrx_word' id='word_1_899' title='bbox 3149 4850 3370 4918; x_wconf 88' lang='lat' dir='ltr'><strong>quidam</strong></span> <span class='ocrx_word' id='word_1_900' title='bbox 3422 4848 3600 4900; x_wconf 84' lang='lat' dir='ltr'><strong>homi-</strong></span> 
     </span>
    </p>
   </div>
   <div class='ocr_carea' id='block_1_112' title="bbox 2019 4938 3598 5012">
    <p class='ocr_par' dir='ltr' id='par_1_112' title="bbox 2019 4938 3598 5012">
     <span class='ocr_line' id='line_1_114' title="bbox 2019 4938 3598 5012; baseline -0.001 -17"><span class='ocrx_word' id='word_1_901' title='bbox 2019 4955 2115 4995; x_wconf 83' lang='lat' dir='ltr'><strong>nes</strong></span> <span class='ocrx_word' id='word_1_902' title='bbox 2167 4940 2300 5004; x_wconf 84' lang='lat' dir='ltr'><strong>Dei,</strong></span> <span class='ocrx_word' id='word_1_903' title='bbox 2360 4943 2429 4995; x_wconf 82' lang='lat' dir='ltr'><strong>ita</strong></span> <span class='ocrx_word' id='word_1_904' title='bbox 2487 4951 2615 4996; x_wconf 85' lang='lat' dir='ltr'><strong>sunt</strong></span> <span class='ocrx_word' id='word_1_905' title='bbox 2674 4942 2893 5012; x_wconf 86' lang='lat' dir='ltr'><strong>quidam</strong></span> <span class='ocrx_word' id='word_1_906' title='bbox 2952 4950 3007 4994; x_wconf 88' lang='lat' dir='ltr'><strong>et</strong></span> <span class='ocrx_word' id='word_1_907' title='bbox 3066 4955 3197 4995; x_wconf 84' lang='lat' dir='ltr'><strong>oves</strong></span> <span class='ocrx_word' id='word_1_908' title='bbox 3267 4940 3381 4994; x_wconf 87' lang='lat' dir='ltr'><strong>Dei.</strong></span> <span class='ocrx_word' id='word_1_909' title='bbox 3447 4938 3598 4994; x_wconf 85' lang='lat' dir='ltr'><strong>Scri-</strong></span> 
     </span>
    </p>
   </div>
   <div class='ocr_carea' id='block_1_113' title="bbox 2018 5030 3596 5103">
    <p class='ocr_par' dir='ltr' id='par_1_113' title="bbox 2018 5030 3596 5103">
     <span class='ocr_line' id='line_1_115' title="bbox 2018 5030 3596 5103; baseline -0.002 -17"><span class='ocrx_word' id='word_1_910' title='bbox 2018 5044 2167 5102; x_wconf 91' lang='lat' dir='ltr'><strong>ptum</strong></span> <span class='ocrx_word' id='word_1_911' title='bbox 2218 5041 2301 5087; x_wconf 84' lang='lat' dir='ltr'><strong>cst</strong></span> <span class='ocrx_word' id='word_1_912' title='bbox 2353 5035 2497 5087; x_wconf 89' lang='lat' dir='ltr'><strong>enim</strong></span> <span class='ocrx_word' id='word_1_913' title='bbox 2549 5036 2673 5101; x_wconf 90' lang='lat' dir='ltr'><strong>quia</strong></span> <span class='ocrx_word' id='word_1_914' title='bbox 2741 5032 2952 5103; x_wconf 81' lang='lat' dir='ltr'><strong>Moyses</strong></span> <span class='ocrx_word' id='word_1_915' title='bbox 2996 5046 3100 5085; x_wconf 93' lang='lat' dir='ltr'><strong>non</strong></span> <span class='ocrx_word' id='word_1_916' title='bbox 3151 5041 3270 5085; x_wconf 90' lang='lat' dir='ltr'><strong>erat</strong></span> <span class='ocrx_word' id='word_1_917' title='bbox 3310 5030 3428 5086; x_wconf 81' lang='lat' dir='ltr'><strong>ovis</strong></span> <span class='ocrx_word' id='word_1_918' title='bbox 3480 5031 3596 5095; x_wconf 89' lang='lat' dir='ltr'><strong>Dei,</strong></span> 
     </span>
    </p>
   </div>
   <div class='ocr_carea' id='block_1_114' title="bbox 2014 5121 3597 5185">
    <p class='ocr_par' dir='ltr' id='par_1_114' title="bbox 2014 5121 3597 5185">
     <span class='ocr_line' id='line_1_116' title="bbox 2014 5121 3597 5185; baseline -0.001 -8"><span class='ocrx_word' id='word_1_919' title='bbox 2014 5126 2109 5179; x_wconf 90' lang='lat' dir='ltr'><strong>sed</strong></span> <span class='ocrx_word' id='word_1_920' title='bbox 2165 5126 2323 5177; x_wconf 91' lang='lat' dir='ltr'><strong>homo</strong></span> <span class='ocrx_word' id='word_1_921' title='bbox 2382 5125 2493 5178; x_wconf 84' lang='lat' dir='ltr'><strong>Dei.</strong></span> <span class='ocrx_word' id='word_1_922' title='bbox 2545 5124 2608 5178; x_wconf 87' lang='lat' dir='ltr'><strong>Et</strong></span> <span class='ocrx_word' id='word_1_923' title='bbox 2663 5124 2805 5178; x_wconf 85' lang='lat' dir='ltr'><strong>Elias</strong></span> <span class='ocrx_word' id='word_1_924' title='bbox 2860 5139 2965 5177; x_wconf 89' lang='lat' dir='ltr'><strong>non</strong></span> <span class='ocrx_word' id='word_1_925' title='bbox 3025 5132 3143 5178; x_wconf 89' lang='lat' dir='ltr'><strong>erat</strong></span> <span class='ocrx_word' id='word_1_926' title='bbox 3176 5122 3295 5177; x_wconf 85' lang='lat' dir='ltr'><strong>ovis</strong></span> <span class='ocrx_word' id='word_1_927' title='bbox 3331 5121 3447 5185; x_wconf 85' lang='lat' dir='ltr'><strong>Dei.</strong></span> <span class='ocrx_word' id='word_1_928' title='bbox 3502 5121 3597 5176; x_wconf 80' lang='lat' dir='ltr'><strong>sed</strong></span> 
     </span>
    </p>
   </div>
   <div class='ocr_carea' id='block_1_115' title="bbox 2024 5206 3598 5282">
    <p class='ocr_par' dir='ltr' id='par_1_115' title="bbox 2024 5206 3598 5282">
     <span class='ocr_line' id='line_1_117' title="bbox 2024 5206 3598 5282; baseline -0.001 -16"><span class='ocrx_word' id='word_1_929' title='bbox 2024 5214 2186 5266; x_wconf 88' lang='lat' dir='ltr'><strong>homo</strong></span> <span class='ocrx_word' id='word_1_930' title='bbox 2225 5214 2340 5269; x_wconf 89' lang='lat' dir='ltr'><strong>Dei.</strong></span> <span class='ocrx_word' id='word_1_931' title='bbox 2374 5215 2465 5267; x_wconf 90' lang='lat' dir='ltr'><strong>Sic</strong></span> <span class='ocrx_word' id='word_1_932' title='bbox 2498 5214 2641 5267; x_wconf 89' lang='lat' dir='ltr'><strong>enim</strong></span> <span class='ocrx_word' id='word_1_933' title='bbox 2690 5212 2806 5282; x_wconf 89' lang='lat' dir='ltr'><strong>ipse</strong></span> <span class='ocrx_word' id='word_1_934' title='bbox 2852 5210 2984 5265; x_wconf 89' lang='lat' dir='ltr'><strong>dicit</strong></span> <span class='ocrx_word' id='word_1_935' title='bbox 3008 5211 3055 5242; x_wconf 76' lang='lat'><strong>”</strong></span> <span class='ocrx_word' id='word_1_936' title='bbox 3088 5228 3100 5263; x_wconf 92' lang='lat'><strong>:</strong></span> <span class='ocrx_word' id='word_1_937' title='bbox 3138 5228 3157 5261; x_wconf 74' lang='grc' dir='ltr'>ι</span> <span class='ocrx_word' id='word_1_938' title='bbox 3191 5209 3247 5261; x_wconf 88' lang='lat' dir='ltr'><strong>Si</strong></span> <span class='ocrx_word' id='word_1_939' title='bbox 3297 5210 3459 5262; x_wconf 88' lang='lat' dir='ltr'><strong>homo</strong></span> <span class='ocrx_word' id='word_1_940' title='bbox 3504 5206 3598 5264; x_wconf 85' lang='lat' dir='ltr'><strong>Dei</strong></span> 
     </span>
    </p>
   </div>
   <div class='ocr_carea' id='block_1_116' title="bbox 2019 5302 3595 5375">
    <p class='ocr_par' dir='ltr' id='par_1_116' title="bbox 2019 5302 3595 5375">
     <span class='ocr_line' id='line_1_118' title="bbox 2019 5302 3595 5375; baseline -0.005 -13"><span class='ocrx_word' id='word_1_941' title='bbox 2019 5322 2140 5362; x_wconf 88' lang='lat' dir='ltr'><strong>sum</strong></span> <span class='ocrx_word' id='word_1_942' title='bbox 2168 5322 2291 5375; x_wconf 87' lang='lat' dir='ltr'><strong>ego,</strong></span> <span class='ocrx_word' id='word_1_943' title='bbox 2336 5306 2631 5360; x_wconf 86' lang='lat' dir='ltr'><strong>descendat</strong></span> <span class='ocrx_word' id='word_1_944' title='bbox 2672 5305 2812 5375; x_wconf 87' lang='lat' dir='ltr'><strong>ignis</strong></span> <span class='ocrx_word' id='word_1_945' title='bbox 2842 5302 2908 5358; x_wconf 92' lang='lat' dir='ltr'><strong>de</strong></span> <span class='ocrx_word' id='word_1_946' title='bbox 2946 5302 3085 5357; x_wconf 77' lang='lat' dir='ltr'><strong>ctelo</strong></span> <span class='ocrx_word' id='word_1_947' title='bbox 3114 5312 3167 5357; x_wconf 92' lang='lat' dir='ltr'><strong>et</strong></span> <span class='ocrx_word' id='word_1_948' title='bbox 3210 5310 3492 5357; x_wconf 85' lang='lat' dir='ltr'><strong>consumat</strong></span> <span class='ocrx_word' id='word_1_949' title='bbox 3521 5310 3595 5363; x_wconf 88' lang='lat' dir='ltr'><strong>te,</strong></span> 
     </span>
    </p>
   </div>
   <div class='ocr_carea' id='block_1_117' title="bbox 2137 5395 3598 5464">
    <p class='ocr_par' dir='ltr' id='par_1_117' title="bbox 2137 5395 3598 5464">
     <span class='ocr_line' id='line_1_119' title="bbox 2137 5395 3598 5464; baseline -0.001 -10"><span class='ocrx_word' id='word_1_950' title='bbox 2137 5402 2179 5433; x_wconf 70' lang='grc' dir='ltr'>ἰ</span> <span class='ocrx_word' id='word_1_951' title='bbox 2216 5400 2404 5454; x_wconf 86' lang='lat' dir='ltr'><strong>Matth.</strong></span> <span class='ocrx_word' id='word_1_952' title='bbox 2446 5416 2498 5463; x_wconf 87' lang='lat' dir='ltr'><strong>v,</strong></span> <span class='ocrx_word' id='word_1_953' title='bbox 2527 5399 2616 5453; x_wconf 75' lang='lat'><strong>‘28.</strong></span> <span class='ocrx_word' id='word_1_954' title='bbox 2703 5400 2747 5431; x_wconf 86' lang='lat'><strong>&quot;</strong></span> <span class='ocrx_word' id='word_1_955' title='bbox 2788 5397 2921 5454; x_wconf 88' lang='lat' dir='ltr'><strong>Luc.</strong></span> <span class='ocrx_word' id='word_1_956' title='bbox 2955 5413 3075 5464; x_wconf 87' lang='lat' dir='ltr'><strong>vnt,</strong></span> <span class='ocrx_word' id='word_1_957' title='bbox 3102 5398 3190 5455; x_wconf 80' lang='lat' dir='ltr'><strong>l6.</strong></span> <span class='ocrx_word' id='word_1_958' title='bbox 3265 5399 3311 5431; x_wconf 80' lang='lat'><strong>&quot;</strong></span> <span class='ocrx_word' id='word_1_959' title='bbox 3340 5397 3355 5451; x_wconf 95' lang='grc' dir='ltr'><strong>Ι</strong></span> <span class='ocrx_word' id='word_1_960' title='bbox 3383 5395 3507 5452; x_wconf 90' lang='lat' dir='ltr'><strong>Cor.</strong></span> <span class='ocrx_word' id='word_1_961' title='bbox 3543 5411 3598 5460; x_wconf 87' lang='lat' dir='ltr'><strong>v.</strong></span> 
     </span>
    </p>
   </div>
   <div class='ocr_carea' id='block_1_118' title="bbox 2026 5578 3565 5709">
    <p class='ocr_par' dir='ltr' id='par_1_118' title="bbox 2026 5578 3565 5709">
     <span class='ocr_line' id='line_1_120' title="bbox 2026 5578 3565 5709; baseline -0.003 -20"><span class='ocrx_word' id='word_1_962' title='bbox 2026 5578 2384 5705; x_wconf 36' lang='lat' dir='ltr'><strong>[&quot;iiisiitttcm</strong></span> <span class='ocrx_word' id='word_1_963' title='bbox 2421 5653 2543 5699; x_wconf 88' lang='lat' dir='ltr'><strong>ms.,</strong></span> <span class='ocrx_word' id='word_1_964' title='bbox 2580 5656 2598 5687; x_wconf 75' lang='grc' dir='ltr'><strong><em>ι</em></strong></span> <span class='ocrx_word' id='word_1_965' title='bbox 2638 5636 2729 5709; x_wconf 86' lang='lat' dir='ltr'><strong>sed</strong></span> <span class='ocrx_word' id='word_1_966' title='bbox 2758 5637 2799 5691; x_wconf 90' lang='lat' dir='ltr'><strong>si</strong></span> <span class='ocrx_word' id='word_1_967' title='bbox 2829 5635 3187 5709; x_wconf 67' lang='lat' dir='ltr'><strong>singulorum,</strong></span> <span class='ocrx_word' id='word_1_968' title='bbox 3226 5652 3242 5685; x_wconf 75' lang='grc' dir='ltr'><strong><em>ι</em></strong></span> <span class='ocrx_word' id='word_1_969' title='bbox 3275 5643 3381 5709; x_wconf 76' lang='lat' dir='ltr'><strong>etc.</strong></span> <span class='ocrx_word' id='word_1_970' title='bbox 3556 5699 3565 5709; x_wconf 37' lang='lat'>.</span> 
     </span>
    </p>
   </div>
   <div class='ocr_carea' id='block_1_119' title="bbox 2090 5705 3602 5830">
    <p class='ocr_par' dir='ltr' id='par_1_119' title="bbox 2090 5705 3602 5830">
     <span class='ocr_line' id='line_1_121' title="bbox 2090 5705 3602 5830; baseline -0.006 -69"><span class='ocrx_word' id='word_1_971' title='bbox 2090 5711 2204 5830; x_wconf 51' lang='grc' dir='ltr'><strong>(ΞΟ)</strong></span> <span class='ocrx_word' id='word_1_972' title='bbox 2247 5710 2389 5762; x_wconf 78' lang='lat' dir='ltr'><strong>Idem</strong></span> <span class='ocrx_word' id='word_1_973' title='bbox 2420 5724 2546 5772; x_wconf 88' lang='lat' dir='ltr'><strong>ms.,</strong></span> <span class='ocrx_word' id='word_1_974' title='bbox 2584 5725 2601 5758; x_wconf 82' lang='lat' dir='ltr'><strong>t</strong></span> <span class='ocrx_word' id='word_1_975' title='bbox 2641 5705 2975 5762; x_wconf 86' lang='lat' dir='ltr'><strong>animalium.</strong></span> <span class='ocrx_word' id='word_1_976' title='bbox 3009 5725 3025 5757; x_wconf 76' lang='grc' dir='ltr'><strong>ι</strong></span> <span class='ocrx_word' id='word_1_977' title='bbox 3062 5705 3218 5760; x_wconf 75' lang='lat' dir='ltr'><strong>Lilih.</strong></span> <span class='ocrx_word' id='word_1_978' title='bbox 3246 5706 3397 5769; x_wconf 78' lang='lat' dir='ltr'><strong>editi,</strong></span> <span class='ocrx_word' id='word_1_979' title='bbox 3435 5718 3452 5752; x_wconf 79' lang='grc' dir='ltr'>ι</span> <span class='ocrx_word' id='word_1_980' title='bbox 3481 5705 3602 5763; x_wconf 49' lang='lat' dir='ltr'><strong>ani:</strong></span> 
     </span>
     <span class='ocr_line' id='line_1_122' title="bbox 2090 5798 2205 5830; baseline 0.009 -1"><span class='ocrx_word' id='word_1_981' title='bbox 2090 5798 2107 5830; x_wconf 47' lang='grc' dir='ltr'><strong>ηι</strong></span> <span class='ocrx_word' id='word_1_982' title='bbox 2140 5819 2150 5830; x_wconf 93' lang='grc'><strong>.</strong></span> <span class='ocrx_word' id='word_1_983' title='bbox 2188 5798 2205 5830; x_wconf 77' lang='grc' dir='ltr'><strong><em>ι</em></strong></span> 
     </span>
    </p>
   </div>
   <div class='ocr_carea' id='block_1_120' title="bbox 3250 5863 3320 5921">
    <p class='ocr_par' dir='ltr' id='par_1_120' title="bbox 3250 5863 3320 5921">
     <span class='ocr_line' id='line_1_123' title="bbox 3250 5863 3320 5921; baseline 0 0"><span class='ocrx_word' id='word_1_984' title='bbox 3250 5863 3320 5921; x_wconf 71' lang='grc'><strong>131-</strong></span> 
     </span>
    </p>
   </div>
  </div>
