4106 6246
501 342 606 398 627

1985 331 2308 388 ORIGENIS

3667 338 3769 391 4'28

501 469 557 513 et
596 455 983 528 quinquaginta
1046 463 1188 507 tuos.
1230 473 1248 504 ι
1293 451 1384 506 Vis
1439 462 1619 506 autem
1652 450 1762 522 (7|)
1795 450 1984 504 audire.
2019 454 2085 503 de
2118 455 2158 510 Λ
2192 449 2392 517 aliquid
2423 449 2488 504 de
2525 450 2662 513 istis,
2704 451 3018 519 pronuntiet
3066 460 3343 521 peccatum
3379 453 3521 520 quod
3577 469 3772 520 pecca-

504 547 696 601 ovibns
729 544 865 598 Dei?
897 545 1104 598 Dicitur
1128 558 1223 610 per
1255 543 1573 610 prophetam
1597 542 1672 592 97:
1711 561 1727 591 ι
1759 540 1899 597 Oves
1931 555 2083 604 meae,

503 650 634 690 oves
670 643 868 687 sanctze
898 643 1042 695 sunt,
1074 633 1207 685 dicit
1246 631 1526 687 Dominus.
1571 650 1588 682 ι
1633 631 1698 684 Et
1743 632 1938 686 iterum
1968 630 2088 685 Sal-

505 737 659 780 valor
702 724 833 778 dicit
885 723 937 777 in
991 722 1283 794 Evangelio
1323 723 1412 777 9':
1460 741 1478 773 ι
1523 725 1664 778 Oves
1714 738 1844 777 mea:
1899 738 2086 778 vocem

503 831 677 874 meam
710 816 954 870 audiunt.
996 834 1014 867 θ
1059 815 1124 868 Et
1161 830 1264 870 non
1317 823 1444 884 puto
1472 818 1593 882 quia
1632 816 1859 870 dixisset
1885 816 1949 870 de
1985 816 2084 869 ho-

503 907 915 977 minibus,quia
953 922 1144 961 vocem
1181 922 1354 960 meam
1404 907 1630 960 audiunt
1660 909 1906 962 homines
1933 947 1948 971 ,
1992 909 2085 962 sed

500 1019 652 1058 oves.
701 1001 807 1055 Sed
857 1002 968 1055 hinc
1021 1003 1114 1070 qui
1166 1001 1328 1053 habet
1374 1014 1532 1053 aures
1580 1001 1828 1053 audiendi
1882 1002 2082 1063 audiat,

503 1095 774 1163 quomodo
810 1109 994 1148 vocem
1031 1093 1257 1145 audiunt
1280 1106 1432 1154 oves,
1468 1091 1715 1144 homines
1755 1102 1933 1145 autem
1961 1107 2085 1145 ver-

503 1189 630 1242 bum
656 1186 766 1259 (72)
799 1187 916 1256 eius
945 1186 1170 1240 audiunt
1213 1185 1317 1240 Ista
1355 1202 1484 1256 ergo
1507 1195 1631 1240 sunt
1659 1186 1908 1239 animalia
1936 1202 2090 1238 ttttltt-

503 1279 570 1331 da
609 1279 826 1347 quidem
864 1287 1082 1347 propter
1110 1276 1409 1340 Christum,
1441 1277 1726 1328 morticina
1753 1287 1934 1329 autem
1964 1293 2085 1345 pro-

503 1381 620 1439 pter
670 1381 976 1441 peccatum.
1009 1369 1138 1435 Qua:
1189 1369 1232 1422 si
1284 1369 1406 1437 quis
1447 1369 1708 1437 tetigerit,
1747 1368 1847 1422 hoc
1895 1377 2009 1433 est,
2043 1368 2085 1420 si

502 1473 721 1518 secutus
754 1463 913 1516 fuerit
936 1465 1061 1532 quis
1088 1464 1140 1515 in
1176 1474 1418 1530 peccato,
1459 1460 1770 1514 immundus
1793 1459 1915 1512 erit.
1954 1461 2014 1512 I'lt
2042 1459 2086 1513 si

502 1557 624 1624 quis
671 1557 978 1623 huiusmodi
1026 1554 1262 1609 hominis
1312 1555 1658 1608 morticinum
1689 1553 2004 1622 contigerit,
2037 1551 2086 1604 id

501 1661 584 1702 est
629 1648 748 1718 cius
782 1648 870 1716 qui
907 1647 1205 1700 secundum
1256 1645 1515 1698 rationem
1552 1647 1762 1707 vivens,
1809 1645 2005 1709 primo,
2038 1653 2090 1695 et

503 1740 555 1793 in
581 1742 745 1793 verbo
783 1740 871 1792 Dei
904 1737 1254 1804 semetipsum
1297 1751 1585 1799 exercens,
1608 1737 1949 1803 postmodum
1992 1733 2088 1787 de-

2191 543 2286 603 vit,
2314 552 2364 597 et
2391 541 2583 596 offeret
2607 558 2704 612 pro
2741 541 2826 597 bis
2858 559 2979 613 quae
3003 543 3230 612 deliquit
3265 544 3496 598 Domino
3526 560 3626 613 pro
3651 562 3773 614 pee-

2189 643 2310 687 cato
2343 635 2484 702 quod
2518 635 2783 702 peccavit,
2817 633 3072 689 feminam
3100 637 3166 689 de
3195 635 3412 697 ovibus.
3441 655 3460 688 ι
3489 648 3595 690 etc.
3628 638 3776 705 Quo-

2193 728 2352 780 modo
2404 728 2620 798 quidem
2678 728 2720 781 si
2783 727 3207 795 pronuntiavero
3257 728 3417 782 labiis
3475 729 3644 796 meis,
3691 730 3779 786 vel

2185 821 2442 888 iuravero
2480 819 2824 883 benefacere,
2866 830 3060 872 etnon
3117 817 3352 882 faciam,
3389 822 3596 888 peccati
3651 837 3778 877 reus

2189 915 2314 974 siin,
2343 910 2627 966 difﬁcultas
2676 928 2779 966 non
2821 919 2905 968 est
2935 912 3228 966 ostendere
3265 930 3276 965 :
3312 913 3470 983 196
3500 917 3780 982 quomodo

2191 1016 2370 1058 autem
2407 1005 2450 1058 si
2492 1004 2669 1074 iurem
2697 1004 2778 1060 vel
2821 1007 3166 1075 pronuntiem
3210 1006 3552 1069 malefacere,
3577 1017 3633 1062 et
3667 1024 3775 1062 non

2193 1097 2391 1162 fecero,
2439 1099 2803 1166 peccaveriin,
2854 1100 3020 1154 verbo
3074 1099 3362 1168 assignare
3404 1098 3624 1154 difﬁcile
3668 1110 3778 1156 est.

2189 1189 2493 1243 Ahsurdum
2525 1191 2670 1244 enim
2695 1190 2929 1257 videtur,
2971 1191 3118 1247 verbi
3149 1193 3348 1260 gratia,
3381 1200 3440 1246 ut
3463 1192 3510 1246 si
3549 1206 3645 1260 per
3669 1192 3766 1245 ira-

2191 1279 2439 1331 cundiam
2473 1278 2663 1332 direro
2691 1292 2776 1332 me
2809 1278 3082 1334 hominem
3116 1278 3445 1342 occisurum,
3475 1286 3532 1332 et
3570 1293 3678 1331 non
3707 1277 3783 1331 fe-

2190 1383 2335 1432 cero,
2363 1385 2427 1422 ne
2467 1368 2711 1439 peierare
2746 1367 2858 1439 (76)
2892 1378 2984 1422 aut
3035 1367 3225 1422 fallere
3275 1367 3482 1430 videar,
3518 1382 3688 1436 cogar
3714 1367 3782 1421 ad

2191 1461 2512 1528 eripiendum
2553 1476 2710 1530 opus,
2744 1462 2888 1529 quod
2936 1471 3138 1514 temere
3193 1468 3246 1513 et
3290 1459 3477 1514 illicite
3530 1460 3780 1528 promisi.

2191 1553 2506 1618 aneramus
2527 1568 2656 1620 ergo
2687 1567 2806 1622 quze
2838 1553 2909 1607 sit
2942 1567 3060 1617 res,
3096 1552 3146 1606 in
3176 1567 3306 1620 qua,
3333 1553 3376 1605 si
3411 1551 3780 1620 promittinms

2194 1662 2291 1699 nos
2335 1645 2661 1701 rnalefacere
2684 1687 2698 1710 ,
2731 1655 2784 1700 et
2820 1661 2924 1701 non
2979 1645 3270 1700 fecerimus
3293 1683 3308 1708 ,
3349 1658 3674 1712 peccamus;
3723 1641 3773 1696 si

2198 1754 2330 1792 vero
2379 1738 2686 1802 fecerimus,
2725 1753 3055 1793 excusemur
3086 1753 3114 1790 a
3149 1746 3369 1806 peccato
3393 1776 3406 1800 ,
3445 1745 3502 1788 ut
3532 1735 3767 1790 rationa-

500 1831 636 1884 cidit
663 1832 716 1883 in
759 1840 1076 1896 peccatum;
1118 1827 1161 1881 si
1214 1827 1336 1896 quis
1385 1841 1507 1880 eum
1538 1835 1800 1894 sequatur
1836 1835 1929 1878 aut
1967 1825 2091 1877 imi-
2127 1799 2167 1852 Β
2199 1826 2381 1880 hiliter
2425 1835 2570 1882 stare
2614 1829 2865 1896 praacepti
2914 1828 3116 1882 veritas
3168 1827 3358 1896 possit.
3407 1827 3674 1892 Quantmu
3712 1825 3766 1880 in

505 1932 668 1985 tetu-r,
721 1919 959 1973 hominis
1012 1918 1275 1987 contingit
1312 1917 1687 1980 morticinum,
1734 1925 1788 1970 et
1844 1916 1952 1970 erit
1986 1916 2089 1968 im-

503 2011 757 2063 nnunlus.
791 2009 894 2063 Sed
947 2017 1002 2062 et
1048 2023 1075 2060 a
1112 2007 1224 2060 fera
1261 2016 1482 2075 captum
1539 2005 1582 2060 si
1641 2004 1959 2074 contigeris,
1995 2004 2087 2057 im-

506 2102 740 2157 mundus
771 2102 903 2156 eris.
933 2100 1066 2166 Quae
1098 2110 1178 2154 cst
1216 2098 1377 2153 fera?
1413 2098 1496 2151 leo
1532 2107 1634 2161 est,
1670 2113 1735 2150 an
1766 2097 1941 2166 lupus,
1973 2112 2092 2166 quae

505 2194 644 2265 rapit
692 2193 966 2259 homines,
998 2191 1082 2244 vel
1126 2192 1372 2260 iumenta
1417 2190 1439 2243 ?
1473 2190 1592 2254 Illa,
1622 2190 1809 2253 credo,
1843 2187 1958 2242 fera
1985 2198 2088 2254 est,

504 2285 570 2342 de
599 2301 704 2356 qua
736 2284 866 2339 dicit
893 2283 1087 2338 Petrus
1122 2284 1396 2351 apostolus
1422 2284 1490 2347 9°,
1533 2301 1550 2333 ι
1585 2283 1711 2353 quia
1745 2281 2089 2337 adversarius

508 2391 688 2434 vester
721 2377 992 2441 diabolus,
1028 2377 1166 2430 sicut
1199 2377 1280 2430 leo
1319 2375 1541 2444 rugiens
1585 2375 1801 2435 circuit,
1836 2390 2090 2443 qmerens

505 2487 662 2540 quem
699 2479 1001 2523 transvoret
1030 2467 1162 2541 (75).
1194 2469 1289 2522 Cui
1322 2463 1554 2522 resistite
1599 2465 1766 2519 fortes
1803 2467 1855 2518 in
1903 2467 2024 2520 fide.
2067 2485 2084 2517 ι

506 2563 572 2618 Ει
606 2577 817 2616 rursum
845 2563 909 2614 de
937 2561 1134 2629 quibus
1163 2561 1294 2613 dicit
1321 2559 1600 2628 apostolus
1632 2557 1868 2610 Paulus"
1907 2576 1916 2610 :
1950 2578 1966 2608 ι
2007 2555 2088 2608 ln-

508 2655 731 2708 trahunt
761 2652 906 2706 enim
941 2660 1060 2721 post
1099 2650 1400 2704 discessum
1456 2665 1632 2701 meum
1674 2649 1782 2715 lupi
1844 2665 2085 2718 rapaces,

509 2763 614 2800 non
653 2754 938 2814 parcentes
970 2741 1141 2812 gregi.
1164 2760 1182 2792 ›
1206 2740 1286 2794 Ab
1317 2740 1436 2794 istis
1465 2755 1596 2808 ergo
1631 2738 1758 2791 faris
1795 2739 1839 2790 si
1871 2749 2086 2807 captum

507 2837 732 2902 videris,
785 2833 896 2887 noli
927 2848 1047 2887 cum
1080 2831 1257 2901 sequi,
1307 2831 1413 2884 noli
1458 2829 1796 2898 contingere,
1837 2845 1904 2882 ne
1940 2840 1992 2882 ct
2034 2840 2086 2881 tu

507 2925 762 2981 ctTiciaris
793 2923 1127 2978 immundus.
1160 2921 1298 2976 Sunt
1339 2933 1598 2988 prauerca
1632 2931 1682 2973 et
1713 2921 1816 2974 alia
1852 2921 2086 2974 immun-

510 3023 576 3074 da
619 3018 895 3079 animalia,
950 3032 1181 3086 quorum
1230 3015 1575 3067 morticinum
1627 3022 1772 3067 vetat
1822 3012 2085 3080 contingi.

508 3113 787 3169 lmmuuda
834 3109 1091 3164 animalia
1124 3118 1249 3163 sunt
1285 3107 1552 3173 homines,
1581 3108 1672 3176 qui
1725 3115 1879 3158 extra
1931 3104 2085 3159 Cltri-
2115 3137 2156 3193 C

506 3216 815 3268 stumsunt,
842 3205 892 3257 in
920 3203 1116 3273 quibus
1147 3217 1323 3268 neque
1361 3201 1523 3262 ratio,
1560 3211 1737 3268 neque
1766 3196 1956 3266 religio
1981 3195 2086 3249 ulla

506 3309 610 3355 est.
631 3297 833 3352 llorum
865 3307 992 3361 ergo
1021 3291 1264 3346 omnium
1301 3290 1610 3354 morticina,
1653 3289 1703 3342 id
1733 3298 1810 3342 cst
1843 3294 2087 3357 peccata,

508 3393 552 3446 si
583 3391 788 3453 videas,
828 3386 959 3440 dicit
983 3383 1076 3438 tibi
1108 3381 1406 3454 legislator,
1443 3395 1510 3433 ne
1543 3380 1859 3449 contigeris,
1897 3393 1963 3432 ne
1991 3377 2089 3429 ad—

510 3483 792 3537 tamiueris
811 3477 943 3548 (74),
968 3492 1035 3532 ne
1063 3473 1461 3530 attrectaveris.
1482 3473 1542 3526 Iit
1562 3472 1680 3526 ista:
1704 3480 1830 3524 sunt
1856 3470 2092 3523 immun-

511 3577 675 3640 ditirc,
700 3588 821 3643 quze
853 3569 1047 3624 merito
1074 3565 1346 3633 fugiendae
1371 3573 1513 3617 sunt.
1533 3555 1781 3617 lioininis
1801 3567 1980 3614 autem
2009 3568 2090 3611 ta-

511 3679 658 3723 ctunt
698 3665 806 3720 noli
845 3660 1094 3732 refugere
1121 3660 1206 3714 vel
1247 3656 1440 3711 mortui
1491 3655 1758 3724 corporis,
1787 3652 1872 3706 cui
1922 3651 2094 3719 magis

508 3758 790 3828 sepultura
828 3755 1077 3825 religiose
1097 3751 1386 3808 deferenda
1414 3758 1513 3803 est.
1543 3747 1781 3803 Judaic:e
1826 3747 1940 3800 ista:
1968 3753 2095 3798 sunt

511 3865 565 3906 et
607 3849 825 3906 inutiles
859 3845 1076 3908 fabulae,
1107 3843 1342 3912 speciem
1392 3839 1608 3908 quidem
1642 3837 1862 3907 pietatis
1892 3837 2094 3890 haben-

511 3956 615 4009 tes,
648 3943 904 3997 virtutem
939 3953 1066 3990 vero
1120 3935 1288 4004 ipsius
1342 3933 1693 4002 denegantcs.
1730 3930 1911 3983 Prima
1965 3943 2095 3998 ergo

512 4038 594 4090 lex
627 4037 692 4088 de
727 4029 1086 4087 immunditiis
1127 4028 1253 4079 data
1287 4034 1391 4078 est.
1426 4021 1481 4076 Si
1514 4024 1636 4091 quis
1665 4020 1963 4090 jttt'alttenti
1997 4020 2096 4072 ali-

510 4126 666 4194 cuius
696 4125 778 4179 vel
825 4121 1008 4178 delicti
1061 4118 1219 4173 testis
1268 4115 1386 4180 fuit,
1421 4125 1472 4169 et
1514 4130 1618 4168 non
1661 4112 1916 4166 iudicavit
1955 4109 2092 4182 (75),

510 4229 568 4274 et
605 4233 702 4288 per
757 4217 859 4272 hoc
915 4212 1224 4268 immundus
1281 4205 1678 4278 quodammodo
1729 4202 1955 4258 effectus
2016 4213 2098 4257 est

508 4315 672 4368 ctiam
729 4313 843 4380 ipse
901 4309 1167 4364 societate
1225 4303 1458 4375 peccati.
1519 4301 1770 4356 Secunda
1824 4298 1933 4367 lex,
1990 4315 2095 4370 qua

509 4409 824 4478 contingere
869 4403 1208 4459 immundmn
1254 4398 1459 4470 aliquid
1490 4412 1553 4451 ac
1597 4393 1942 4451 morticinum
2001 4408 2096 4448 ve-

513 4513 678 4557 tatur.

581 4597 636 4652 4.
677 4592 860 4648 Tertia
896 4603 1041 4644 nunc
1082 4588 1164 4641 les
1201 4586 1573 4654 promulgatur
1619 4580 1955 4653 huiusmodi:
1980 4598 1999 4632 ι
2030 4578 2098 4634 Et

497 4690 693 4745 anima
717 4727 732 4752 ,
763 4683 998 4753 inquit”,
1035 4696 1156 4751 qua;
1202 4679 1496 4746 iuraverit,
1527 4675 1888 4746 pronuntians
1939 4670 2097 4726 labiis

497 4783 623 4838 suis
661 4777 1012 4839 malefacere,
1055 4783 1148 4827 aut
1190 4770 1511 4825 benefacere
1565 4768 1863 4822 secundum
1911 4765 2095 4818 omnia

502 4887 848 4942 quacunque
897 4868 1097 4923 dixerit
1150 4864 1352 4920 homini
1393 4879 1513 4916 cum
1555 4862 1890 4931 iuramento,
1927 4868 1982 4912 et
2015 4857 2094 4910 la-

506 4969 674 5024 tuerit
701 4981 849 5030 emn,
881 4973 934 5020 ct
965 4963 1052 5017 hic
1080 4959 1425 5030 cognoverit,
1460 4965 1514 5010 et
1566 4954 1876 5023 peccaverit
1932 4968 2094 5006 unum

1159 5081 1205 5112 ³⁸
1229 5077 1385 5132 Joan.
1431 5094 1485 5137 tt,
1535 5077 1624 5129 Ἦ.

1441 5149 1461 5178 ³⁵
1496 5148 1536 5202 Il
1577 5148 1702 5200 Cor.
1730 5162 1824 5209 xu,
1853 5146 1936 5198 10.

577 5090 621 5122 ’⁷
650 5087 848 5142 Ezech.
894 5098 1078 5137 xxxiv.

508 5174 699 5222 cxvttt,
728 5158 848 5212 106.
924 5154 945 5185 ⁴⁵
969 5154 1124 5208 Rom.
1161 5167 1252 5212 vn,
1286 5150 1373 5203 15.

581 5299 690 5372 (71)
735 5299 889 5352 Libb.
913 5298 1067 5358 editi,
1094 5316 1111 5347 ι
1165 5277 1396 5351 enim.»
1434 5291 1528 5344 sed
1565 5304 1723 5372 mss.,
1760 5309 1775 5339 1
1819 5297 2024 5372 autem.
2067 5306 2084 5337 ι

513 5361 653 5424 Infra
675 5361 854 5423 'codex
891 5373 1203 5435 Sangernt.,
1229 5383 1246 5414 ε
1273 5375 1326 5418 et
1347 5378 1450 5417 nea
1477 5371 1620 5435 puto
1653 5375 1778 5428 quia
1808 5361 2085 5413 dixisset.»

513 5443 667 5497 Litus.
701 5443 849 5498 editi,
886 5458 902 5488 ι
937 5450 989 5492 et
1013 5433 1118 5491 non
1156 5446 1286 5507 puto
1310 5450 1433 5489 eum
1459 5433 1682 5507 dixisse.
1717 5449 1832 5507 ρ.-.
1977 5499 2006 5507 η
2042 5498 2050 5507 ,

585 5506 693 5579 (72)
737 5511 914 5564 Codex
970 5499 1252 5575 Sangei'm.
1309 5525 1327 5556 ‹
1380 5504 1623 5557 verbum.
1658 5520 1675 5553 ι
1717 5499 1872 5555 Libb.
1924 5499 2088 5560 editi,

520 5599 538 5632 ‹
581 5587 873 5720 iiéimlildm
928 5665 1058 5712 ms.,
1103 5667 1120 5700 ι
1166 5653 1496 5701 transvoret.
1526 5661 1544 5694 ι
1585 5639 1745 5696 Libb.
1770 5640 1924 5700 editi,
1956 5656 1974 5690 ι
2001 5638 2092 5690 de-

536 5737 685 5772 'Ort‘l.

536 5737 559 5770 ,ς
615 5741 640 5769 ε),
672 5758 685 5772 .

515 5737 534 5774 ‘
558 5733 696 5860 7iii")
725 5739 904 5842 ’llem
962 5803 1041 5840 ms
1075 5826 1088 5850 ,
1126 5805 1141 5836 ι
1181 5782 1619 5840 adtaminaveris.
1660 5799 1677 5833 ι
1719 5779 1870 5834 Libb.
1917 5777 2045 5834 editi
2077 5817 2091 5842 ,

2129 4473 2301 4537 Deit"

1729 5075 1774 5106 99
1807 5075 1820 5108 I
1858 5075 1926 5108 Ιὶμ

1807 5073 1823 5127 l
1857 5074 2090 5135 l‘clruu,
2125 5074 2176 5127 8.
2286 5073 2302 5101 ¹
2345 5073 2462 5122 Act.
2492 5083 2542 5120 κ)

1810 5187 1824 5200 .
1853 5146 1936 5198 10.
2015 5145 2035 5173 ⁸
2065 5147 2215 5198 Iteut.
2248 5157 2414 5200 xxxii,
2453 5139 2542 5191 59.

2197 1917 2298 1970 hoc
2344 1917 2462 1972 loco
2491 1917 2896 1989 intelligendum
2934 1919 3181 1983 videtur,
3217 1918 3544 1973 madefacere
3575 1919 3762 1971 adver.

2195 2009 2301 2062 sari
2333 2009 2494 2064 alicui
2525 2018 2628 2074 est,
2671 2020 2726 2064 et
2774 2024 2881 2063 non
2928 2010 3209 2081 indulgere
3243 2010 3290 2064 ei
3327 2019 3383 2064 ut
3431 2009 3591 2064 faciat
3636 2010 3784 2078 quod

2196 2101 2326 2153 vult.
2362 2099 2426 2154 Et
2458 2116 2557 2155 nos
2583 2115 2716 2170 ergo
2747 2116 2889 2176 cum"
2910 2103 3157 2156 venimus
3193 2102 3258 2154 ad
3296 2100 3487 2165 Deum,
3516 2111 3570 2154 et
3611 2115 3786 2154 vove-

2194 2209 2314 2247 mus
2344 2193 2393 2247 ei
2431 2209 2529 2248 nos
2565 2193 2616 2248 in
2662 2195 2918 2250 castitate
2963 2195 3191 2258 servire,
3234 2195 3655 2263 pronuntiamus
3701 2194 3782 2247 lao

2193 2287 2296 2340 biis
2333 2286 2537 2340 nostris
2587 2294 2639 2341 et
2685 2286 2934 2354 iuramus
2962 2300 3062 2341 nos
3113 2287 3384 2358 castigare
3424 2303 3644 2342 carnem
3681 2303 3782 2340 no-

2192 2378 2480 2443 stram,vel
2519 2377 2660 2432 male
2691 2378 2742 2431 ei
2788 2377 2986 2443 facere,
3021 2388 3184 2449 atque
3215 2380 3267 2434 in
3295 2380 3610 2434 servitutem
3655 2394 3781 2432 eam

2195 2471 2462 2537 redigere,
2495 2478 2553 2522 ut
2602 2469 2850 2539 spiritum
2901 2470 3110 2524 salvum
3150 2470 3331 2525 facere
3367 2471 3658 2537 possimus.
3690 2468 3784 2524 Sic

2191 2560 2334 2612 enim
2374 2569 2428 2612 et
2471 2560 2557 2613 ille
2586 2560 2804 2627 iurasse
2847 2575 2906 2614 se
2953 2562 3124 2624 dixit,
3173 2559 3782 2630 qttiait’:¢.lttravi,et

2191 2651 2352 2703 suuni
2413 2665 2632 2705 servare
2685 2649 2866 2705 omnia
2909 2660 3180 2722 prazcepta
3235 2661 3348 2704 tua.
3402 2670 3419 2701 ι
3471 2652 3607 2717 Quia
3650 2667 3786 2716 ergo

2191 2742 2371 2795 carnis
2405 2758 2504 2796 vox
2536 2751 2635 2807 est,
2673 2757 2793 2812 qua:
2822 2742 2998 2797 dicit“
3029 2765 3039 2797 :
3089 2761 3108 2795 ‹
3151 2742 3266 2798 Νοη
3307 2743 3450 2797 enim
3484 2746 3627 2813 quod
3655 2743 3783 2797 volo

2192 2851 2313 2903 ago,
2349 2836 2443 2888 sed
2477 2835 2618 2904 quod
2669 2835 2755 2888 odi
2803 2833 2930 2887 illud
2977 2833 3142 2900 facio,
3174 2853 3193 2886 ι
3234 2832 3433 2889 amicta
3464 2835 3584 2889 sine
3615 2836 3782 2891 dubio

2191 2928 2256 2979 ab
2284 2926 2498 2995 spiritu,
2519 2936 2572 2980 et
2603 2933 2877 2980 coarctata
2898 2923 3011 2994 (77)
3030 2934 3115 2980 est
3142 2941 3156 2990 ;
3198 2925 3406 2980 resistit
3432 2925 3575 2980 enim
3604 2937 3658 2981 et
3696 2943 3783 2982 re-

2192 3028 2395 3084 pugnat
2429 3019 2713 3071 adversum
2745 3016 3028 3086 spiritum,
3073 3026 3128 3070 et
3164 3017 3266 3071 nisi
3297 3017 3439 3072 male
3473 3017 3522 3071 ei
3567 3017 3690 3082 fiat,
3725 3029 3786 3073 ut

2193 3107 2460 3179 aﬂligatur
2481 3119 2536 3164 et
2564 3110 2890 3170 infirmetur,
2913 3124 3020 3163 non
3050 3117 3228 3179 potest
3259 3109 3440 3163 dicere
3484 3105 3780 3180 spiritus“:

2199 3220 2216 3252 ι
2258 3201 2391 3256 Cum
2423 3202 2690 3267 infirmor,
2713 3212 2840 3256 tunc
2870 3211 3064 3272 potens
3086 3216 3227 3257 sum.
3255 3220 3273 3253 ι
3301 3199 3441 3256 Huic
3467 3215 3596 3270 ergo
3629 3203 3780 3256 carni

2198 3293 2465 3348 resistenti
2491 3300 2546 3346 et
2581 3291 2903 3363 repugnanti
2955 3293 3241 3348 adversum
3275 3294 3552 3362 spiritum,
3584 3294 3628 3346 si
3661 3297 3784 3362 quis

2189 3384 2455 3452 iuraverit
2503 3394 2558 3439 ct
2605 3386 3038 3455 pronuntiaverit
3077 3384 3422 3450 malefacere,
3461 3398 3515 3440 et
3545 3385 3785 3453 afﬂigere

2199 3495 2263 3531 ac
2292 3492 2571 3531 macerare
2605 3492 2747 3541 eam,
2785 3487 2839 3533 et
2874 3494 2981 3534 non
3029 3478 3245 3544 fecerit,
3281 3481 3489 3548 peccati
3524 3495 3649 3534 reus
3675 3488 3783 3543 est,

2198 3569 2249 3622 in
2281 3585 2388 3640 quo
2413 3569 2616 3638 iuravit
2667 3572 2910 3625 cruciare
2940 3585 3000 3626 se
3028 3585 3248 3624 carnem
3299 3585 3454 3625 Suam
3475 3611 3492 3636 ,
3524 3581 3577 3626 et
3609 3571 3785 3626 servi-

2201 3661 2297 3714 tuti
2349 3659 2637 3728 subiicere,
2683 3671 2737 3714 ct
2775 3677 2880 3716 non
2945 3659 3092 3716 fecit.
3146 3659 3347 3714 Eodem
3399 3672 3579 3730 autem
3625 3659 3784 3730 jura-

2200 3763 2382 3808 mento
2417 3764 2470 3807 et
2493 3753 2704 3823 spiritui
2738 3753 2986 3808 decernit
3033 3751 3378 3809 benefacere.
3410 3753 3467 3808 lu
3499 3771 3606 3825 quo
3633 3756 3782 3810 enim

2198 3846 2347 3900 carni
2386 3845 2681 3912 malefacit,
2708 3845 2922 3915 spiritui
2956 3846 3247 3901 benefacil.
3284 3845 3339 3902 Si
3372 3849 3493 3917 quis
3519 3863 3649 3918 ergo
3678 3848 3782 3904 hoc

2193 3937 2480 4006 iuraverit,
2507 3947 2561 3990 et
2609 3951 2714 3990 non
2751 3935 2962 4004 fecerit,
3004 3937 3213 4006 peccati
3242 3935 3472 3992 efIicitur
3521 3954 3665 3994 reus.
3691 3938 3784 3994 Vis

2199 4038 2380 4080 autem
2411 4027 2552 4083 scire
2597 4027 2727 4096 quia
2767 4042 2867 4082 nec
2907 4037 3086 4097 potest
3135 4029 3227 4082 uni
3279 4045 3464 4084 eorum
3497 4027 3780 4097 benefteri,

2199 4113 2300 4169 nisi
2332 4115 2418 4169 alii
2448 4114 2798 4181 maiefeceris,
2829 4117 2953 4172 audi
2976 4117 3137 4172 etiam
3164 4119 3451 4174 Dominum
3489 4119 3664 4190 ipsum
3701 4121 3782 4174 di-

2200 4215 2414 4260 centem
2440 4206 2499 4257 ‘z
2533 4226 2549 4256 ι
2582 4206 2693 4277 Ego
2728 4207 2998 4272 occidam,
3039 4218 3093 4263 et
3128 4209 3308 4265 vivere
3347 4210 3558 4266 faciam.
3593 4229 3611 4261 ι
3637 4210 3780 4277 Quid

2197 4297 2393 4352 occidit
2419 4298 2601 4352 Deus?
2627 4297 2859 4353 Carnem
2904 4300 3108 4370 utique.
3136 4301 3203 4354 Et
3226 4301 3355 4371 quid
3392 4301 3574 4357 vivere
3612 4301 3780 4356 facit?

2197 4391 2455 4461 Spiritum
2495 4391 2613 4447 sine
2654 4392 2838 4446 dubio.
2875 4392 2943 4445 Et
2986 4408 3198 4446 rursum
3229 4392 3283 4446 in
3307 4393 3662 4463 sequentibus
3689 4394 3780 4449 di-

2332 4499 2343 4534 :
2379 4503 2395 4534 (
2430 4483 2754 4547 Percutiam,
2781 4493 2835 4537 et
2875 4498 2973 4555 ego
3016 4483 3236 4538 sanabo.
3277 4504 3294 4535 ›
3327 4485 3466 4550 Quid
3507 4481 3780 4555 percutit?

2196 4574 2445 4629 Carnem.
2469 4573 2609 4640 Quid
2632 4575 2817 4628 sanat?
2839 4573 3118 4644 Spiritum.
3161 4573 3391 4629 Prorsus
3427 4583 3486 4629 ut
3521 4575 3608 4629 illa
3641 4575 3776 4629 defi-

2196 4667 2320 4729 ciat,
2362 4667 2462 4720 iste
2504 4667 2776 4736 proficiat;
2811 4675 2869 4719 ut
2908 4664 3067 4719 faciat
3094 4675 3142 4720 te
3178 4666 3557 4721 mortificatum
3591 4683 3777 4728 «arue,

2196 4757 2522 4811 vivificatum
2551 4757 2771 4826 spiritu;
2798 4771 2867 4809 ne
2893 4755 3030 4808 forte
3057 4765 3109 4810 et
3138 4766 3191 4810 tu
3220 4769 3402 4811 mente
3443 4757 3644 4812 servias
3675 4755 3778 4827 legi

2197 4855 2309 4918 Dei,
2341 4872 2502 4910 carne
2530 4867 2732 4919 autem,
2761 4855 2803 4908 si
2832 4853 3154 4908 mortificata
3182 4870 3292 4908 non
3317 4854 3500 4921 fuerit,
3533 4856 3778 4910 obstrin-

2195 4946 2337 5016 garis
2370 4946 2477 5018 (78)
2515 4945 2614 5016 legi
2661 4944 2886 5015 peccati.
2923 4943 2976 4998 Si
3008 4960 3136 5016 ergo
3171 4943 3332 4999 istum
3369 4946 3615 5000 ordinem
3650 4962 3779 5011 pro-

2286 5071 2302 5101 ¹
2345 5070 2462 5122 Act.
2492 5063 2695 5130 xx,29.
2797 5067 2816 5096 ²
2854 5062 3028 5118 Levit.
3062 5079 3147 5126 ιη,
3179 5064 3211 5116 4
3243 5072 3292 5117 et
3331 5078 3484 5131 seqq.
3589 5061 3610 5092 ³
3641 5062 3784 5118 Ρεηι.

2286 5157 2414 5189 xui.
2453 5139 2542 5189 59.
2617 5136 2635 5165 ⁷
2662 5134 2795 5189 ibid.

2797 5067 2816 5096 ²
2854 5062 3028 5118 Levit.
3062 5079 3147 5126 ιη,
3179 5064 3211 5116 4
3243 5072 3292 5117 et
3331 5078 3484 5131 seqq.

2211 5304 2227 5335 ‹
2271 5281 2643 5336 adtantittet'is.
2689 5299 2708 5332 ι

2273 5355 2383 5424 (75)
2419 5353 2590 5406 Codd.
2625 5351 2908 5424 Siuigcrm.
2936 5357 2989 5402 et
3028 5346 3322 5411 Gcmetic.,
3372 5364 3390 5397 ι
3422 5344 3718 5411 indicavit.
3763 5361 3783 5394 ι

2201 5421 2372 5478 ιλίΜιζ
2409 5424 2567 5486 editi,
2609 5439 2626 5472 ι
2674 5421 2953 5475 iudicabit.
2997 5439 3013 5470 ι
3096 5488 3107 5492 _
3408 5484 3424 5492 _
3454 5485 3482 5492 __
3511 5486 3521 5492 _
3669 5481 3698 5492 θ
3734 5482 3746 5491 ,

2271 5493 2380 5574 (7(5)
2423 5483 2562 5548 Cod.-
2613 5492 2919 5559 Sangernn,
2961 5507 2978 5539 ι
3027 5488 3290 5557 peierare.
3332 5505 3351 5537 ι
3405 5484 3563 5538 Libb.
3613 5483 3786 5548 editi,

2205 5585 2222 5616 ι
2263 5577 2564 5633 pt't‘Jttl’al'c.
2603 5581 2623 5613 ι

2241 5635 2386 5717 ⁸(77)
2425 5633 2566 5687 Idem
2610 5646 2734 5696 tns.,
2767 5639 3110 5717 rcoarctata.
3152 5627 3346 5682 ΛΑΜ).
3377 5625 3533 5690 editi,
3571 5642 3589 5674 α
3628 5637 3784 5676 coer-

2205 5717 2396 5847 ωιὸδῖ
2430 5774 2486 5828 In
2515 5772 2634 5828 cod.
2667 5769 2952 5840 Sangerm.
2994 5771 3144 5825 deest
3173 5788 3191 5821 ι
3225 5765 3611 5838 obstringat-is.
3653 5782 3673 5815 ι
