4106 6246
380 370 485 425 4‘2!)

1555 367 1619 420 IN
1658 364 2030 420 LEVITICUM
2076 367 2359 424 IIOMILIA
2399 370 2486 425 Ill.

3547 378 3650 432 450

381 485 618 550 miseris,
644 494 697 538 et
754 500 977 542 servare
1029 500 1136 541 non
1193 485 1460 555 quiveris,
1497 486 1621 539 audi
1675 485 1802 554 quid
1833 485 1964 555 legis
1994 487 2040 544 Α
2068 486 2212 551 dem,
2237 488 2287 541 id
2317 498 2401 543 est
2421 487 2721 543 divinitatis
2759 485 2875 555 ejus
2897 497 3107 543 secreta
3157 490 3395 556 velabat;
3422 493 3643 548 renibus

371 576 514 634 ordo
575 578 945 648 praecipiat”
997 579 1055 634 Si
1108 579 1453 647 peccaverit,
1505 578 1755 647 inquit",
1799 594 1961 631 unum

377 671 585 740 aliquid
615 674 682 726 de
731 672 873 737 istis,
913 673 1231 742 pronuntiet
1263 684 1546 741 peccatum
1596 674 1738 741 quod
1772 687 1964 742 pecca-

378 766 453 817 vii
482 764 616 835 (79).
644 784 663 817 ι
690 764 781 818 Est
801 764 1017 834 aliquod
1050 764 1099 816 in
1123 765 1224 818 hoc
1247 765 1495 819 mirabile
1510 774 1803 830 secretum,
1822 765 1962 834 quod

374 858 527 928 jubet
585 858 940 925 pronuntiare
981 866 1285 924 peccatum.
1321 856 1534 911 Etenim
1585 857 1731 910 omni
1764 872 1963 928 genere

378 948 783 1019 pronuntianda
811 959 956 1014 sunt,
988 958 1043 1003 et
1070 950 1122 1003 in
1157 948 1430 1017 publicum
1463 950 1789 1016 proferenda
1822 965 1961 1005 cun-

377 1049 464 1092 cta
498 1054 618 1105 quae
648 1040 888 1108 gerimus
921 1040 1056 1109 (80).
1088 1039 1144 1092 Si
1189 1041 1316 1109 quid
1352 1042 1405 1095 in
1454 1041 1671 1096 occulto
1699 1042 1958 1111 gerimus,

376 1132 420 1185 si
462 1132 589 1199 quid
618 1132 668 1184 in
703 1146 956 1186 sermone
982 1133 1121 1197 solo,
1171 1132 1255 1187 vel
1297 1134 1465 1188 etiam
1496 1132 1639 1188 intra
1673 1134 1963 1205 cogitatio.

376 1240 505 1278 num
536 1236 750 1280 secreta
798 1227 1194 1291 commisimus,
1234 1236 1430 1281 cuncta
1464 1243 1691 1283 necesse
1741 1239 1824 1283 est
1859 1245 1959 1296 pu-

375 1315 590 1381 blicari,
621 1325 818 1370 cuncta
850 1317 1081 1385 proferri
1112 1336 1123 1370 :
1151 1316 1383 1386 proferri
1418 1325 1600 1369 autem
1641 1315 1709 1368 ab
1741 1315 1832 1370 illo
1867 1316 1958 1385 qui

374 1415 429 1460 et
462 1417 751 1462 accusator
806 1410 1012 1477 peccati
1065 1421 1148 1464 est
1201 1419 1256 1462 et
1318 1410 1589 1461 incentor.
1644 1407 1764 1475 Ipse
1813 1407 1958 1459 enim

374 1514 518 1554 nunc
553 1514 653 1556 nos
706 1509 765 1554 ut
819 1515 1109 1569 peccemus
1159 1500 1406 1567 instigat,
1453 1498 1570 1562 ipse
1616 1500 1778 1552 etiam
1836 1515 1958 1554 cum

373 1594 784 1661 peceaverimus
820 1601 1064 1645 accusat.
1094 1589 1153 1644 Si
1189 1605 1317 1658 ergo
1342 1594 1395 1644 in
1424 1591 1528 1644 vita
1564 1592 1961 1659 pra—.veniamus

373 1696 521 1747 eum,
562 1689 617 1736 et
663 1683 764 1749 ipsi
801 1682 972 1736 nostri
1026 1688 1381 1736 accusatores
1425 1683 1620 1747 simus,
1658 1684 1957 1751 nequitiam

376 1773 577 1829 diaboli
616 1772 824 1826 inimici
858 1772 1031 1825 nostri
1081 1780 1136 1825 et
1164 1772 1497 1825 accusatoris
1525 1772 1832 1843 eil‘ugimus.
1867 1773 1957 1830 Sic

378 1867 523 1919 enim
548 1872 600 1918 et
621 1864 747 1918 alibi
781 1865 1043 1933 propheta
1080 1864 1254 1917 dicit:
1285 1882 1304 1913 ι
1350 1865 1441 1918 Die
1473 1876 1550 1928 lu,
1581 1866 1826 1933 inquit’,
1854 1868 1957 1921 ini-
1991 1846 2032 1900 Β

381 1954 617 2022 quitates
668 1963 787 2009 tuas
831 1956 1016 2025 prior,
1053 1964 1110 2008 ut
1161 1954 1505 2021 justiliceris.
1541 1977 1560 2009 ι
1600 1956 1786 2013 Nonne
1841 1960 1956 2014 evi-

382 2046 571 2100 denter
620 2048 938 2117 mysterium
972 2049 1035 2101 de
1067 2060 1175 2114 quo
1214 2056 1513 2101 tractamus
1536 2050 1802 2114 ostendit,
1829 2065 1954 2103 cum

377 2137 549 2191 dicit:
589 2137 685 2192 Dic
736 2150 789 2191 tu
843 2137 1036 2207 prior?
1064 2147 1122 2191 ut
1155 2138 1407 2191 ostendat
1445 2138 1540 2192 tibi
1586 2140 1715 2208 quia
1751 2156 1956 2209 praeve-

371 2228 495 2281 nire
529 2228 679 2283 illum
721 2229 943 2293 debeas,
975 2228 1067 2298 qui
1102 2234 1324 2296 paratus
1353 2238 1438 2282 est
1465 2230 1533 2282 ad
1562 2233 1952 2286 accusandum.

368 2320 449 2373 Tu
484 2335 637 2389 ergo,
669 2320 867 2389 inquit,
917 2323 1006 2375 die
1053 2323 1223 2390 prior,
1262 2333 1330 2373 ne
1389 2329 1443 2374 te
1481 2320 1571 2376 ille
1604 2325 1906 2392 praeveniat
1937 2343 1949 2379 :

364 2417 492 2485 quia
528 2418 571 2471 si
595 2417 749 2486 prior
784 2418 1012 2484 dixeris,
1036 2429 1089 2473 et
1124 2422 1454 2476 sacrificium
1485 2423 1822 2489 poenitentiae
1856 2422 1953 2477 ob-

366 2505 573 2575 tuleris,
604 2510 903 2564 secundum
934 2526 1000 2565 ea
1034 2526 1152 2579 qua:
1186 2512 1238 2565 in
1284 2514 1661 2580 superioribus
1711 2514 1950 2569 diximus

366 2596 667 2665 offerenda,
699 2611 754 2653 et
788 2601 1082 2656 tradideris
1133 2618 1355 2658 carnem
1384 2614 1528 2658 tuam
1564 2607 1614 2659 in
1646 2606 1947 2671 interitum,

368 2703 425 2744 ut
459 2692 683 2762 spiritus
713 2693 898 2749 salvus
929 2695 1022 2748 liat
1047 2696 1099 2749 in
1130 2696 1215 2749 die
1244 2695 1476 2761 Domini,
1504 2698 1717 2752 dicetur
1746 2709 1799 2752 ct
1831 2700 1949 2765 tibi,

366 2785 490 2854 quia
528 2786 817 2856 percepisti
866 2796 920 2841 et
976 2800 1030 2841 tu
1066 2790 1117 2840 in
1160 2789 1266 2842 vita
1302 2800 1392 2843 tua
1444 2791 1607 2853 mala,
1642 2807 1785 2846 nunc
1819 2807 1949 2847 vero

367 2877 454 2931 hic
487 2878 791 2947 requiesce.
830 2877 936 2933 Sed
969 2891 1022 2935 et
1054 2881 1221 2934 David
1256 2884 1446 2938 eodem
1482 2886 1674 2955 spiritu
1710 2886 1951 2957 loquitur

364 2970 418 3024 in
454 2970 706 3037 Psalmis,
740 2982 793 3026 et
819 2973 947 3026 dicit
976 2974 1020 3004 ¹⁶
1050 2990 1061 3025 :
1106 2992 1123 3025 i
1155 2975 1498 3044 lniquitatem
1537 2993 1710 3032 meam
1760 2990 1946 3035 notam

366 3064 493 3131 leci,
544 3073 599 3118 et
627 3074 907 3133 peccatum
961 3081 1139 3121 meum
1175 3084 1281 3122 non
1314 3072 1590 3138 cooperui.
1643 3071 1783 3137 Dixi,
1815 3078 1945 3131 Pro-

2065 588 2271 642 autcm,
2296 579 2398 634 hoc
2419 588 2500 633 est
2517 578 2787 647 corporali
2820 580 3082 646 materiae,
3099 595 3295 649 quincx
3318 584 3471 641 nobis
3495 596 3643 640 caste

2064 680 2278 739 sumpta
2314 670 2511 735 fuerat,
2537 672 2887 737 cohaerebat;
2916 682 2971 727 et
3001 675 3178 729 media
3231 676 3376 733 inter
3419 694 3641 735 caruein

2066 761 2345 832 Deumque
2376 764 2570 832 posita,
2614 764 2978 819 deiﬁcandam
3021 765 3155 839 (82),
3190 770 3645 827 sanetiiicandam

2069 853 2225 923 197
2255 854 2426 909 sacris
2459 854 2745 920 altaribus,
2766 864 2821 909 et
2849 856 3047 911 divinis
3099 859 3314 928 ignibus
3365 862 3644 917 illustran-

2063 944 2189 998 dam
2223 953 2278 998 et
2328 945 2757 999 conservandam
2790 960 2978 1000 secum
3014 949 3103 1002 -ad
3153 952 3345 1013 cmlos,
3392 965 3643 1009 naturain

2063 1036 2247 1091 carnis
2284 1036 2534 1105 imponit.
2588 1036 2895 1091 Renunculi
2952 1034 3135 1092 autem
3175 1040 3388 1109 ignibus
3438 1047 3644 1112 traditi,

2063 1126 2187 1194 quis
2210 1128 2417 1181 dubitet
2442 1127 2586 1193 quod
2636 1126 2814 1183 nullos
2847 1129 2898 1182 in
2922 1129 3143 1185 Christo
3194 1132 3364 1188 biisie
3402 1137 3645 1192 indicent

2064 1214 2383 1281 genitalium
2410 1216 2645 1285 partium
2673 1218 2889 1273 motus?
2916 1218 3067 1285 Quod
3120 1234 3249 1273 vero
3282 1223 3347 1275 de
3387 1228 3646 1293 Sanguine

2064 1306 2259 1360 hostiae
2285 1306 2487 1375 septies
2513 1318 2639 1363 ante
2678 1309 2966 1364 Dominum
2998 1311 3258 1366 sacerdos
3328 1330 3645 1384 respergere

2065 1407 2424 1463 memoratur,
2457 1399 2745 1455 evidenter
2784 1403 2966 1456 sancti
3025 1402 3265 1472 Spiritus
3298 1405 3469 1461 virtus
3522 1425 3643 1478 sep~

2066 1488 2339 1557 templicis
2390 1492 2581 1561 gratia:
2641 1492 2756 1563 (85)
2811 1495 2913 1549 sub
2984 1497 3245 1566 mysterio
3301 1499 3639 1567 designatur.

2064 1583 2306 1649 Quatuor
2331 1599 2539 1640 cornua
2595 1587 2815 1652 altaris,»
2865 1605 2984 1658 qua:
3037 1592 3300 1659 sanguine
3357 1593 3640 1657 liniuntur,

2062 1675 2263 1731 Christi
2297 1678 2609 1746 passionem
2644 1679 2837 1734 referri
2869 1692 3105 1750 quatuor
3138 1685 3449 1755 Evangeliis
3500 1690 3644 1742 iudi-

2060 1776 2208 1831 cant,
2241 1769 2333 1837 qui
2373 1783 2546 1838 penna
2571 1769 2778 1838 iecoris
2802 1771 3048 1829 oﬂ'ertur.
3081 1774 3134 1828 ln
3192 1776 3375 1844 jecore
3416 1779 3495 1833 ira
3552 1780 3641 1847 ju-

2061 1860 2298 1929 gulatur.
2337 1860 2392 1916 In
2421 1878 2599 1932 penna
2634 1863 2791 1920 velox
2840 1874 2893 1920 et
2921 1869 3133 1923 concita
3164 1870 3245 1924 vis
3298 1870 3499 1927 furoris
3554 1888 3643 1927 os-

2062 1953 2332 2007 tenditur.
2366 1955 2625 2024 Reliquus
2662 1967 2843 2012 autem
2875 1962 3119 2027 sanguis,
3153 1963 3244 2030 qui
3280 1964 3346 2015 ad
3375 1965 3543 2018 basim
3569 1966 3642 2018 alo

2062 2045 2194 2099 taris
2218 2044 2534 2111 eﬁ'unditur,
2568 2057 2697 2115 puto
2725 2052 2866 2116 quod
2896 2050 3040 2104 illius
3064 2054 3252 2120 gratia:
3284 2054 3513 2108 formam
3544 2058 3643 2111 dc-

2059 2136 2257 2204 signet,
2293 2152 2399 2207 qua
2450 2140 2501 2193 in
2535 2140 2844 2195 novissimis
2866 2143 3055 2199 diebus
3084 2156 3432 2215 posteaquam
3466 2149 3639 2216 pleni-

2060 2231 2194 2283 tudo
2224 2231 2463 2301 gcutium
2490 2233 2894 2298 subintroierit,
2922 2237 3099 2291 omnis
3128 2238 3490 2307 quireliquus
3518 2240 3633 2293 fue—

2060 2321 2132 2374 rit
2171 2320 2356 2388 Israel,
2388 2322 2452 2376 ad
2484 2322 2739 2378 ultimum
2771 2325 3004 2381 velutad
3044 2329 3216 2383 basim
3267 2331 3456 2384 altaris
3490 2335 3639 2401 poei-

2060 2421 2169 2474 tus,
2202 2412 2515 2469 elusionem
2550 2415 2753 2472 Christi
2779 2420 3062 2488 sanguinis
3102 2423 3266 2474 etiam
3297 2424 3410 2492 ipse
3460 2425 3636 2479 susci-

2053 2502 2184 2571 piet.
2217 2503 2289 2558 De
2318 2505 2471 2574 agnis
2505 2520 2633 2561 vero
2663 2516 2718 2560 et
2762 2506 2958 2572 haedis,
2997 2510 3299 2564 turturibus
3328 2520 3383 2565 et
3430 2514 3638 2568 colum-

2056 2596 2164 2659 bis,
2195 2597 2289 2651 sed
2324 2607 2381 2653 et
2403 2597 2578 2653 simila
2612 2613 2908 2669 conspersa
2940 2603 2991 2655 in
3020 2602 3272 2665 olco,aut
3307 2605 3358 2658 in
3400 2609 3636 2674 panibus

2054 2688 2266 2759 azymis
2309 2699 2485 2754 cocta,
2520 2698 2780 2760 quantum
2813 2707 2899 2747 res
2947 2694 3056 2761 pati
3107 2696 3306 2761 potuit,
3336 2712 3497 2767 supra
3556 2701 3637 2753 di-

2056 2789 2201 2833 ctum
2229 2789 2333 2835 est.

2126 2874 2179 2928 (i.
2206 2872 2496 2928 Videamus
2517 2890 2661 2931 nunc
2699 2892 2820 2945 quae
2850 2876 2937 2932 lex
2976 2881 3296 2949 proponitur
3318 2884 3369 2937 in
3401 2883 3635 2955 oﬂ‘eren-

2053 2966 2139 3020 dis
2172 2965 2367 3020 hostiis
2397 2980 2496 3034 pro
2521 2977 2770 3035 peccato.
2806 2989 2824 3022 ι
2858 2971 2925 3026 Et
2956 2971 3174 3029 loeutus
3198 2987 3281 3028 est
3306 3017 3321 3040 ,
3358 2977 3534 3043 inquit
3561 2980 3629 3044 ”,

2055 3058 2317 3114 Dominus
2341 3057 2407 3111 ad
2440 3056 2659 3129 Moysen
2691 3062 2882 3118 dicens
2913 3086 2925 3119 :
2958 3066 3152 3119 Anima
3183 3066 3226 3119 si
3255 3082 3357 3135 qua
3391 3070 3635 3139 latuerit,

368 3157 629 3211 nuntiabo
660 3158 942 3213 adversum
978 3176 1062 3213 me
1100 3159 1416 3227 injustitiam
1447 3178 1646 3229 meam,
1679 3174 1734 3218 et
1766 3175 1819 3218 tu
1856 3181 1942 3219 re-
1973 3179 2016 3237 α
2050 3170 2105 3214 et
2129 3162 2439 3230 peccaverit
2477 3175 2585 3215 non
2612 3158 2802 3213 volens
2826 3174 2855 3212 a
2893 3162 3097 3215 sanctis
3139 3162 3377 3229 Domini,
3435 3167 3628 3220 oli‘erat

367 3248 571 3302 misisti
627 3249 956 3319 impietatem
1011 3252 1192 3306 cordis
1230 3252 1354 3305 mei.
1410 3272 1427 3304 ι
1478 3252 1611 3308 Vide
1659 3270 1787 3323 ergo
1818 3258 1943 3326 quia

367 3346 717 3410 pronuntiare
741 3351 1021 3409 peccatum
1046 3384 1061 3410 ,
1096 3346 1477 3400 remissionem
1521 3349 1727 3417 peccati
1762 3365 1940 3405 mere-

369 3440 474 3484 tur.
504 3429 813 3486 Praeventus
840 3436 982 3488 enim
1029 3436 1274 3491 diabolus
1311 3438 1363 3490 in
1400 3440 1765 3503 accusatione,
1800 3440 1941 3494 ultra

361 3539 459 3577 nos
498 3540 757 3580 accusare
785 3542 888 3581 non
921 3528 1162 3596 poterit;
1207 3539 1260 3583 et
1311 3530 1356 3583 si
1397 3531 1496 3598 ipsi
1551 3532 1723 3586 nostri
1770 3534 1942 3588 simus

357 3633 730 3688 accusatores,
764 3624 982 3693 proiicit
1023 3625 1181 3678 nobis
1213 3625 1279 3677 ad
1310 3623 1572 3688 salutem;
1605 3626 1651 3681 si
1685 3640 1813 3679 vero
1845 3640 1941 3680 ex-

355 3723 663 3780 Spectemus
703 3725 762 3770 ut
809 3731 839 3769 a
874 3715 1091 3772 diabolo
1123 3730 1474 3780 accusemur,
1520 3718 1800 3771 accusatio
1848 3718 1937 3772 illa

354 3808 500 3861 cedit
528 3810 685 3864 nobis
713 3812 780 3865 ad
810 3824 1031 3880 poenam
1062 3828 1081 3878 ;
1115 3811 1337 3867 habebit
1368 3811 1514 3866 enim
1543 3812 1722 3868 socios
1757 3812 1809 3866 in
1843 3827 1937 3884 ge-

355 3900 554 3964 henna,
591 3916 728 3970 quos
759 3901 1056 3958 convicerit
1086 3901 1379 3956 criminum
1424 3902 1625 3957 socios.

425 3992 478 4046 5.
522 3991 749 4048 Multum
799 3994 907 4048 erit
950 4010 1094 4049 nunc
1150 3995 1449 4051 hostiarum
1484 3995 1853 4059 diversitates,
1885 4004 1937 4049 et

352 4079 748 4135 sacriﬁciorum
777 4083 936 4145 ritus,
975 4098 1039 4137 ac
1066 4068 1365 4138 varietates
1414 4086 1662 4155 exsequi,
1699 4096 1754 4140 et
1779 4086 1937 4156 longe

351 4171 573 4226 alterius
601 4174 811 4241 aperis,
840 4190 1000 4243 quam
1045 4176 1164 4244 ejus
1191 4175 1365 4239 verbi,
1394 4177 1536 4244 quod
1574 4176 1628 4230 in
1658 4179 1933 4231 communi

350 4263 621 4317 auditorio
657 4264 851 4333 vulgus
882 4266 1138 4333 excipiat.
1162 4266 1355 4320 Verum
1388 4275 1446 4319 ut
1478 4267 1658 4337 aliqua
1686 4267 1738 4321 in
1764 4278 1936 4322 trans-

346 4371 513 4414 cursu
563 4358 934 4427 perstringere
970 4360 1290 4426 videamur,
1329 4361 1509 4415 omnis
1546 4362 1760 4429 quidem
1797 4368 1933 4431 petie

349 4451 523 4504 hostia
564 4464 686 4517 quin
716 4449 963 4515 olfcrtur,
1002 4451 1164 4504 habet
1213 4451 1417 4520 aliquid
1468 4452 1659 4507 forma:
1703 4464 1757 4507 et
1791 4455 1930 4507 ima-

347 4540 488 4607 ginis
511 4537 737 4593 Christi.
774 4540 830 4592 lu
859 4539 1030 4607 ipsum
1066 4553 1303 4609 namque
1349 4542 1529 4597 omnis
1573 4543 1747 4597 hostia
1778 4559 1929 4598 reca-

348 4630 629 4699 pitulatur,
658 4630 710 4683 in
748 4640 955 4684 tantum
996 4641 1051 4684 ut
1081 4641 1367 4701 postquam
1419 4634 1533 4703 ipse
1581 4635 1796 4689 oblatus
1823 4646 1926 4702 est,

346 4739 536 4777 omnes
566 4723 754 4778 hostiae
781 4725 1139 4789 cessaverint,
1171 4741 1291 4795 qua:
1316 4742 1442 4781 eum
1470 4726 1524 4780 in
1560 4737 1687 4798 typo
1720 4741 1775 4781 et
1811 4746 1928 4782 uni-

348 4819 440 4868 bra
467 4827 855 4886 prazcesseraut
883 4834 897 4882 ;
919 4817 984 4871 de
1008 4818 1226 4887 quibus,
1250 4830 1411 4888 prout
1433 4822 1737 4889 potuimus,
1760 4822 1811 4875 in
1837 4838 1928 4876 sn-

345 4908 650 4976 perioribus
674 4909 942 4977 quomodo
960 4909 1157 4964 vitulus
1178 4910 1291 4980 (81)
1318 4925 1346 4963 a
1377 4911 1635 4980 pontiﬁce
1670 4913 1886 4967 oblatus
1907 4953 1921 4975 ,

343 5001 457 5053 sive
483 5001 534 5052 in
569 5014 817 5067 munere,
834 5001 947 5054 sive
975 5016 1069 5070 pro
1094 5011 1342 5069 peccato,
1364 4992 1729 5071 formani'eius
1753 5004 1918 5057 babe—

346 5101 450 5154 ret,
470 5092 826 5146 ostendimus.
845 5091 1042 5159 Adipes
1055 5107 1184 5146 vero
1204 5093 1293 5161 qui
1314 5092 1619 5148 oﬂ'erunlur
1648 5096 1699 5148 in
1726 5111 1918 5148 mune-

345 5200 423 5244 re,
444 5183 753 5251 aperientes
768 5182 1026 5236 interiora
1055 5192 1109 5235 et
1125 5184 1347 5237 renibus
1366 5185 1723 5248 cohaerentes,
1742 5195 1919 5254 potest

339 5286 527 5327 sancta
560 5274 648 5328 illa
685 5274 803 5344 ejus
828 5272 1005 5326 anima
1035 5274 1259 5344 intelligi
1288 5316 1304 5343 ,
1347 5292 1467 5344 qua:
1504 5277 1763 5331 interiora
1796 5280 1917 5347 qui-

410 5412 432 5443 ⁸
456 5412 625 5468 Levit.
662 5427 716 5477 v,
754 5411 809 5466 5.
884 5413 904 5443 ⁹
939 5412 1312 5474 lsa.x1.ui,‘26.
1392 5413 1435 5443 ¹⁰
1461 5412 1601 5466 Psal.
1632 5428 1805 5476 χχχιι,
1829 5414 1879 5466 1.

414 5533 522 5599 {79)
557 5532 616 5587 Si
662 5533 980 5598 peccaverit,
1016 5542 1122 5585 etc.
1173 5530 1317 5584 Citat
1364 5530 1505 5583 hunc
1539 5530 1713 5583 locum
1743 5529 1908 5584 Jonas

340 5604 619 5657 Aurelian.
656 5604 751 5656 lib.
785 5618 800 5655 l
837 5601 913 5655 De
943 5602 1109 5655 inslit.
1148 5600 1297 5664 laic.,
1330 5614 1448 5666 cap.
1486 5599 1569 5652 16.

413 5673 526 5744 (80)
567 5673 720 5726 Libb.
755 5673 907 5734 editi,
935 5691 953 5723 ι
992 5687 1111 5740 qua:
1139 5672 1432 5744 egerimus,
1474 5669 1518 5722 si
1544 5669 1705 5744 quod
1737 5670 1787 5722 in
1817 5685 1911 5723 oc-

341 5739 781 5812 ciiito'gerimus.
819 5744 864 5797 si
896 5739 1059 5813 quod,
1095 5761 1113 5793 ι
1157 5751 1286 5805 etc.,
1321 5741 1415 5795 scd
1458 5739 1578 5796 cod.
1624 5739 1907 5809 Sangerm.

346 5826 403 5866 ut
444 5816 496 5867 iu
540 5823 724 5869 nostro
755 5823 925 5868 textu.

2050 3267 2147 3321 pro
2180 3253 2382 3307 delicto
2420 3269 2520 3308 suo
2555 3252 2783 3306 arietem
2835 3252 3252 3307 iiiiiuacnlatnin
3295 3257 3360 3311 de
3412 3259 3631 3321 ovibus,

2048 3356 2289 3415 emptum
2325 3346 2502 3415 pretio
2530 3344 2743 3414 argenti
2766 3343 2901 3398 siclo
2936 3354 3148 3409 sancto,
3183 3347 3235 3399 in
3262 3363 3328 3401 eo
3358 3350 3500 3416 quod
3536 3351 3631 3404 de»

2050 3436 2226 3505 liquit,
2258 3445 2313 3491 et
2334 3437 2478 3505 quod
2509 3436 2756 3505 peccavit
2789 3451 2817 3489 a
2852 3437 3082 3500 sanctis,
3115 3440 3324 3504 reddet,
3381 3451 3436 3494 et
3471 3443 3631 3510 quin-

2049 3541 2131 3586 tas
2171 3531 2392 3601 adjiciet
2415 3533 2478 3587 ad
2510 3531 2661 3595 illud,
2691 3539 2744 3584 et
2777 3530 2926 3585 dabit
2952 3530 3100 3583 illum
3132 3533 3426 3601 sacerdoti,
3456 3546 3505 3589 et
3536 3552 3627 3588 sa-

2045 3623 2240 3676 cerdos
2263 3623 2512 3676 exorabit
2535 3635 2631 3689 pro
2666 3637 2730 3675 eo
2761 3622 2813 3674 in
2847 3621 3021 3675 ariete
3050 3622 3252 3684 delicti.
3288 3633 3344 3677 et
3376 3627 3626 3680 remitte-

2047 3722 2134 3766 tur
2157 3713 2229 3767 ei.
2274 3732 2292 3765 ι
2328 3713 2382 3766 In
2408 3715 2778 3781 superioribus
2808 3714 3039 3783 legibus,
3066 3730 3188 3782 qua:
3220 3717 3286 3768 de
3335 3717 3625 3773 immundi-

2046 3804 2131 3856 tia:
2164 3803 2449 3857 sacriﬁciis
2491 3805 2889 3869 referebantur,
2929 3804 3099 3858 sicubi
3149 3806 3347 3859 dixerit
3379 3806 3620 3861 olfcren-

2043 3895 2194 3961 tium,
2247 3896 2394 3951 verbi
2446 3912 2632 3958 causa,
2686 3910 2866 3959 ovem,
2914 3905 3010 3947 aut
3064 3897 3305 3963 bmdum,
3360 3901 3560 3954 addidit
3604 3918 3617 3952 :

2039 3987 2193 4055 Quod
2222 3988 2266 4041 si
2315 4004 2422 4042 non
2452 3987 2647 4041 suliicit
2700 4003 2892 4041 manus
2911 3988 3031 4056 ejus
3064 3990 3129 4041 ad
3158 3991 3402 4056 haedum,
3434 4005 3522 4047 aut
3552 3998 3617 4050 ad

2041 4095 2260 4151 agnum,
2286 4080 2476 4135 otl'erat
2518 4096 2614 4149 par
2646 4090 2919 4135 turturum
2947 4122 2962 4144 ,
2993 4090 3087 4135 aut
3134 4084 3271 4138 duos
3297 4086 3473 4154 pullos
3520 4103 3617 4141 co-

2041 4172 2333 4227 lumbi-ins.
2361 4173 2423 4227 Et
2455 4174 2853 4239 iteruszuod
2886 4176 2929 4229 si
2964 4190 3062 4231 nec
3099 4178 3165 4231 ad
3213 4181 3314 4232 hoc
3367 4180 3616 4245 suliiciet,

2036 4265 2230 4318 offerat
2257 4265 2640 4334 similagiueui.
2672 4266 2726 4319 In
2764 4266 2867 4321 hac
2899 4284 3031 4321 vero
3066 4270 3182 4338 lege
3207 4311 3222 4334 ,
3250 4273 3342 4324 ubi
3378 4274 3446 4326 de
3493 4290 3621 4342 pec-

2037 4366 2162 4410 cato
2195 4356 2340 4425 quod
2376 4357 2429 4409 iu
2466 4357 2673 4410 sanctis
2706 4358 3092 4423 committitur,
3123 4362 3368 4427 disserit,
3411 4366 3615 4418 nuilain

2035 4450 2475 4504 substitutionem
2502 4449 2778 4505 inferioris
2804 4452 2996 4506 hostia:
3018 4455 3294 4521 secundae,
3329 4457 3409 4511 vel
3443 4460 3614 4513 tertiae

2037 4541 2373 4610 subrogavit,
2405 4540 2501 4594 sed
2536 4541 2728 4595 statuit
2756 4541 2931 4596 scium
2974 4545 3199 4600 arietem
3228 4545 3562 4602 oll'ereudum
3599 4566 3614 4612 ;

2037 4646 2138 4686 nec
2165 4630 2325 4685 aliter
2356 4631 2596 4685 ostendit
2628 4629 2761 4686 solvi
2800 4648 2964 4701 posse
3023 4648 3307 4704 peccatum
3359 4639 3501 4706 quod
3560 4640 3612 4692 in

2034 4732 2222 4778 sancta
2275 4723 2659 4788 committitur,
2723 4724 2824 4778 nisi
2879 4726 3111 4780 arietem
3148 4727 3526 4795 iugulaverit:
3560 4738 3613 4782 et

2034 4832 2141 4871 non
2172 4815 2497 4885 simpliciter
2515 4816 2762 4881 arietem,
2784 4815 2879 4871 sed
2898 4818 3120 4872 arietem
3144 4819 3320 4887 pretio
3344 4827 3608 4885 emptum,

2030 4916 2085 4962 et
2120 4915 2271 4961 certo
2302 4905 2498 4974 pretio,
2533 4925 2550 4958 ε
2586 4906 2743 4968 siclo,
2785 4906 2980 4975 inquit,
3030 4919 3238 4961 sancto.
3273 4925 3294 4957 ι
3320 4907 3457 4971 Quid
3511 4906 3610 4975 igi-

2035 4994 2161 5048 tur?
2200 4994 2247 5047 si
2280 4993 2401 5062 quis
2438 5008 2642 5063 pauper
2668 4994 2859 5058 fuerit,
2891 5003 2942 5047 et
2978 5009 3083 5048 non
3123 4994 3375 5049 habuerit
3409 4994 3603 5050 siclum

2031 5094 2276 5140 sanctum
2326 5085 2469 5139 unde
2521 5084 2752 5139 mercari
2784 5082 2958 5152 possit
3017 5084 3268 5146 arietem,
3316 5095 3602 5154 peccatum

2031 5176 2150 5247 ejus
2173 5192 2275 5232 non
2309 5176 2552 5234 solvetur
2578 5177 2606 5230 ἲ
2637 5175 2953 5243 Quaerenda:
2986 5185 3112 5230 sunt
3144 5189 3275 5245 ergo
3310 5177 3603 5246 unicuique

2028 5282 2083 5325 et
2117 5268 2338 5333 divitiae,
2368 5276 2426 5321 ut
2455 5276 2733 5337 peccatum
2761 5264 2877 5333 ejus
2916 5265 3088 5333 possit
3116 5265 3342 5321 absolvi.
3400 5264 3598 5321 Verum

1960 5412 1998 5443 η
2036 5401 2408 5471 Levit.v,14,
2442 5398 2639 5464 15,16.

2089 5523 2201 5592 (8|)
2243 5519 2399 5592 Libb.
2426 5517 2639 5592 editi,‘s
2686 5515 2739 5568 in
2771 5512 3149 5592 superioribus
3182 5511 3417 5592 diximus
3457 5526 3596 5580 qun-

2023 5583 2193 5649 niodo'
2217 5590 2436 5649 vitulus.
2462 5607 2481 5639 ι
2504 5588 2598 5639 sed
2628 5587 2679 5639 in
2716 5584 2873 5639 codd.
2908 5600 3039 5637 mss.
3058 5583 3229 5643 deest,
3251 5598 3270 5631 ι
3293 5583 3589 5638 diximus.»

2113 5662 2204 5728 8‘2)
2247 5662 2303 5714 In
2345 5660 2533 5714 codice
2570 5656 2852 5725 Saugerin.
2889 5654 3065 5715 deest,
3100 5671 3118 5703 ι
3154 5652 3537 5733 dcil‘icandam.
3568 5672 3587 5705 ι

2091 5664 2206 5801 i253)
2236 5731 2382 5785 ldem
2423 5729 2592 5785 codex
2627 5727 2810 5793 habet,
2854 5743 2871 5777 i
2904 5724 3129 5791 spiritus
3168 5722 3436 5793 simplicis
3467 5739 3587 5792 δη·

2116 5722 2206 5801 85)
2236 5731 2382 5785 ldem
2423 5729 2592 5785 codex
2627 5722 2810 5793 habet,
2854 5743 2871 5777 i
2904 5724 3129 5791 spiritus
3168 5722 3436 5793 simplicis
3467 5739 3592 5792 gra-

1996 5824 1999 5827 ‘
2025 5805 2127 5858 ιὶω.
2168 5822 2185 5853 ι
