4090 6200
556 342 650 396 ιπι

2031 342 2350 397 ORIGENIS

3708 360 3813 415 43?.

553 462 598 515 si
634 460 879 529 dignetur
910 459 1183 522 Dominus,
1204 459 1284 513 vel
1320 460 1475 514 nobis
1510 462 1697 516 oculos
1723 462 1788 517 ad
1818 463 2126 529 videndum.
2160 470 2204 523 Α
2234 467 2338 520 ctis
2364 476 2669 536 susceptam
2698 482 2801 522 non
2846 470 3097 525 reddidit.
3127 472 3276 529 Unde
3308 476 3391 531 vel
3421 478 3505 532 his
3537 479 3736 534 auditis
3759 483 3811 535 in

552 550 635 605 vel
663 551 812 604 vobis
842 550 908 602 ad
937 549 1262 603 audiendum
1298 565 1462 604 aures
1510 555 1692 607 cordis
1729 554 1961 623 aperire,
2000 557 2128 623 quid

554 640 653 693 sibi
682 639 809 692 velit
839 637 1167 708 lcgislatoris
1194 652 1385 691 sensus
1422 650 1644 707 opertus
1686 643 1966 711 mysteriis
2011 644 2125 716 (85)

552 728 911 795 requiremus.
942 726 1008 780 Et
1048 727 1223 795 primo
1247 728 1461 795 quidem
1500 728 1779 783 videamus
1811 732 1911 784 hoc
1952 732 2125 801 ipsum

545 819 688 886 quod
736 817 1021 871 recitatum
1057 826 1141 871 est
1189 821 1487 872 secundum
1539 816 1773 872 litteram
1815 822 1974 889 quale
2030 824 2121 876 sit.

546 911 769 964 Videtur
801 908 943 965 enini
1001 909 1066 963 de
1112 908 1199 963 his
1257 909 1443 964 dicere
1500 910 1552 964 in
1595 927 1823 981 quorum
1876 916 2124 968 manibus

544 1010 727 1055 sancta
760 1000 1051 1053 commissa
1075 1009 1222 1063 sunt,
1257 999 1310 1053 id
1341 1010 1424 1053 est
1476 1018 1597 1071 qua:
1632 1003 1685 1056 in
1718 1003 1929 1057 Domini
1962 1005 2122 1059 donis

541 1091 723 1145 oblata
750 1100 875 1144 sunt
907 1106 921 1143 :
954 1088 1100 1143 verbi
1137 1092 1334 1159 gratia,
1374 1104 1496 1148 vota
1535 1104 1590 1149 et
1636 1110 1859 1149 munera
1888 1112 2007 1164 qua:
2066 1100 2117 1151 in

542 1180 795 1234 Ect-lesiis
829 1178 921 1233 Dei
981 1178 1048 1232 ad
1094 1194 1222 1233 usus
1253 1192 1587 1251 sanctorum,
1655 1196 1710 1240 et
1758 1187 2116 1242 ministerium

540 1271 907 1335 sacerdotum,
950 1269 1033 1322 vel
1068 1283 1190 1338 quae
1215 1272 1283 1326 ob
1310 1272 1691 1328 necessitatem
1725 1291 2047 1346 pauperum,
2087 1296 2115 1332 a

540 1362 747 1414 devotis
778 1370 832 1413 et
868 1360 1137 1431 religiosis
1169 1364 1439 1419 mentibus
1465 1363 1784 1421 offeruntur.
1829 1368 1903 1422 De
1937 1368 2022 1422 his
2051 1370 2095 1423 si

536 1454 658 1521 quis
687 1453 929 1521 qualibet
986 1455 1412 1524 praesumptione
1464 1460 1821 1523 subtraxerit,
1871 1460 2114 1515 decernit

538 1549 645 1607 lex,
698 1558 752 1601 ιιι
777 1548 820 1602 si
860 1556 1254 1603 rememoratus
1284 1548 1446 1603 fuerit
1471 1564 1723 1617 peccasse
1745 1568 1823 1617 se,
1841 1563 1893 1606 et
1922 1563 2113 1622 sponte

535 1640 1008 1709 roinpunctionem
1040 1640 1223 1695 cordis
1260 1642 1645 1710 acceperit;de
1700 1658 1767 1697 eo
1820 1646 1965 1697 enim
2019 1646 2111 1715 qui

540 1748 645 1786 non
676 1741 866 1801 sponte
895 1732 1298 1802 compungitur,
1329 1734 1422 1788 sed
1445 1734 1554 1787 alio
1579 1744 1841 1805 urguente
1884 1738 2109 1791 convin-

2240 559 2554 612 tnemoriam
2593 570 2831 627 revocet,
2861 564 3006 632 quod
3039 578 3100 616 ea
3148 580 3268 634 qua:
3295 569 3496 623 dudum
3547 572 3648 625 sibi
3688 573 3808 626 fueo

2233 659 2351 703 rant
2378 652 2430 703 in
2466 650 2631 705 verbo
2658 653 2749 706 Dei
2792 656 3104 717 commissa,
3132 657 3390 725 neglexit.
3442 661 3649 717 lteddat
3675 680 3811 735 ergo

2228 751 2281 795 et
2324 742 2423 795 hoc
2464 745 2605 812 quod
2637 746 2864 814 accepit,
2895 757 2951 800 et
3002 749 3163 803 addat
3192 755 3258 806 ad
3299 752 3350 806 id
3392 755 3613 822 quiutas
3649 756 3813 828 198

2229 848 2293 886 cn
2336 837 2492 888 modo
2532 851 2640 905 quo
2673 849 2799 892 ante
2830 838 2942 905 jam
2978 842 3219 897 diximus
3262 861 3275 897 :
3340 845 3394 899 id
3433 856 3540 911 est,
3600 861 3661 901 ut
3724 851 3811 905 bis

2226 925 2415 992 quinta
2468 925 2598 988 sint,
2636 937 2693 982 et
2737 944 2875 983 unus
2904 932 3320 999 superaddatur.
3358 935 3653 990 Videamus
3677 952 3807 1007 ergo

2223 1019 2493 1083 quomodo
2530 1018 2769 1087 quinque
2812 1020 2897 1075 isti
2944 1024 3267 1080 reddantur.
3320 1025 3574 1095 Quinque
3614 1044 3804 1083 nume-

2225 1123 2316 1161 rus
2367 1108 2699 1178 frequenter,
2761 1111 2871 1166 imo
2931 1129 3067 1185 pene
3109 1131 3348 1186 semper,
3406 1135 3505 1189 pro
3566 1122 3804 1192 quinque

2220 1200 2468 1255 sensibus
2515 1204 2802 1271 accipitur.
2832 1203 2987 1260 Scire
3027 1223 3156 1276 ergo
3195 1211 3457 1265 debemus
3497 1210 3600 1265 huc
3642 1215 3803 1268 modo

2221 1291 2353 1346 istos
2390 1292 2631 1362 quinque
2666 1310 2857 1351 sensus
2886 1297 2938 1351 in
2984 1301 3195 1355 sanctis
3221 1302 3433 1358 actibus
3458 1318 3618 1372 posse
3644 1306 3803 1360 restio

2219 1384 2317 1447 tui,
2357 1394 2416 1437 ut
2444 1384 2487 1437 si
2533 1386 2673 1439 forte
2696 1389 3145 1458 praesumpsimus
3173 1391 3320 1447 abuti
3350 1394 3430 1447 eis
3475 1395 3527 1449 in
3575 1396 3802 1451 saecula-

2219 1474 2368 1527 ribus
2400 1473 2632 1539 actibus,
2674 1484 2725 1529 et
2763 1476 3125 1545 impendimus
3164 1497 3320 1537 usum
3363 1499 3556 1539 eorum
3592 1486 3647 1540 in
3682 1487 3796 1551 his,

2215 1580 2336 1634 qua:
2371 1581 2476 1620 non
2524 1568 2824 1621 secundmn
2872 1569 3038 1624 Deum
3084 1575 3389 1642 gessimus,
3441 1578 3799 1635 restituamns

2216 1672 2356 1711 nunc
2384 1667 2439 1711 et
2479 1658 2625 1727 ipsos
2654 1659 2897 1727 quinque
2938 1664 3146 1719 sanctis
3170 1666 3386 1722 actibus
3419 1669 3799 1740 religiosisque

2214 1744 2559 1812 ministeriis,
2599 1756 2653 1801 et
2713 1748 2853 1801 alios
2918 1749 3000 1805 his
3055 1754 3297 1823 quinque
3348 1758 3635 1822 addamus,
3700 1762 3793 1827 qui

534 1828 696 1892 citur,
725 1827 1003 1882 difficilius
1028 1826 1324 1881 remedium
1358 1835 1478 1891 est;
1506 1828 1594 1883 hic
1618 1845 1769 1899 ergo,
1799 1831 1889 1899 qui
1917 1840 2110 1901 sponte
2140 1804 2183 1860 Β
2217 1845 2340 1889 sunt
2370 1836 2645 1891 interioris
2685 1838 2923 1894 hominis
2956 1856 3149 1899 sensus
3182 1862 3196 1898 :
3233 1861 3327 1914 per
3356 1863 3495 1916 quos
3526 1848 3608 1903 vel
3639 1804 3796 1902 intin-

538 1920 857 1975 recordatus
900 1920 1066 1973 fuerit
1109 1928 1390 1987 peccatum
1419 1934 1602 1985 suum,
1647 1922 1854 1985 reddet,
1913 1923 2107 1991 inquit,

534 2013 660 2065 illud
689 2012 862 2081 ipsum
900 2012 1040 2079 quod
1072 2011 1453 2077 subtraxerat,
1506 2022 1560 2066 et
1616 2013 1778 2067 addet
1838 2015 1903 2067 ad
1973 2014 2104 2067 illud

531 2102 771 2171 quintas,
806 2112 856 2155 et
907 2100 1101 2154 offeret
1158 2102 1382 2155 arietem
1432 2119 1530 2171 pro
1589 2115 1813 2172 pet-cato
1867 2117 2105 2173 emptum

531 2198 706 2264 pretio
730 2196 862 2250 siclo
889 2203 1098 2248 sancto.
1125 2192 1277 2259 Quod
1316 2195 1470 2261 dicit,
1494 2197 1655 2251 addet
1690 2199 1755 2251 ad
1786 2199 1918 2253 illud
1951 2201 2106 2269 quin-

533 2300 635 2351 tas,
663 2287 1023 2358 simpliciores
1044 2289 1247 2357 quique
1290 2289 1607 2343 existimant
1666 2292 1735 2344 ita
1771 2292 1997 2356 dictum,
2026 2304 2103 2360 ut,

531 2379 897 2444 vcrhicausa,
962 2379 1006 2432 si
1070 2379 1313 2448 quinque
1365 2384 1569 2434 nummi
1629 2383 1894 2439 subtracti
1952 2397 2101 2453 sunt,

529 2484 669 2523 unus
699 2470 951 2535 addatur,
973 2480 1030 2523 ut
1059 2486 1157 2539 pro
1185 2471 1425 2540 quinque
1462 2487 1554 2527 sex
1586 2474 1811 2529 reddere
1834 2477 2100 2531 videatur.

527 2562 632 2618 Sed
658 2564 749 2633 qui
780 2563 832 2618 in
865 2563 1155 2633 disciplina
1185 2580 1535 2619 numerorum
1583 2569 1831 2637 peritiam
1884 2579 2099 2639 gerunt,

528 2656 686 2725 longe
721 2655 879 2709 aliter
932 2653 1089 2708 istius
1144 2655 1392 2708 vocabuli
1445 2673 1727 2711 numermn
1782 2670 2099 2729 supputant.

527 2747 656 2800 Nam
684 2758 735 2801 et
767 2749 818 2802 in
849 2746 1040 2802 Graeco
1068 2763 1172 2800 non
1199 2746 1362 2803 habet
1385 2749 1653 2819 πέμπτον,
1676 2753 1817 2819 quod
1840 2754 2100 2823 simplici-

528 2851 608 2894 ter
632 2842 847 2908 quintas
898 2840 1049 2903 facit,
1100 2839 1193 2893 sed
1241 2841 1399 2895 habet
1434 2842 1960 2913 ὲπίπεμπτον,‹ιιιοι1
2004 2860 2101 2901 nos

524 2933 746 3002 quidem
782 2948 1073 3001 possumus
1102 2934 1285 2987 dicere
1310 2948 1472 3002 super
1494 2936 1711 3003 quintas
1746 2955 1759 2991 :
1803 2936 1904 2989 nisi
1954 2937 2102 2991 dice-

528 3034 678 3080 retur
707 3025 847 3079 istud
884 3026 1140 3092 specialis
1172 3024 1454 3093 cujusdam
1517 3029 1723 3081 numeri
1774 3029 1913 3097 apud
1978 3027 2098 3083 illos

523 3133 645 3171 esse
699 3116 1044 3189 vocabulum,
1089 3131 1195 3183 quo
1240 3118 1513 3171 indicetur
1547 3118 1658 3184 (85)
1714 3120 2098 3188 pro'quinque

523 3211 661 3263 alios
700 3210 938 3279 quinque
999 3212 1226 3275 dandos,
1278 3220 1332 3264 et
1378 3224 1540 3263 unum
1588 3225 1781 3278 super;
1834 3220 1891 3263 ut
1950 3212 2096 3265 verbi

520 3303 697 3369 gratia
735 3302 1073 3369 intelligatur
1100 3303 1191 3370 qui
1218 3301 1431 3355 furatus
1454 3301 1520 3354 sit
1542 3301 1784 3369 quinque
1825 3316 2097 3365 nummos,

526 3394 667 3460 ipsus
698 3394 916 3462 quidem
957 3395 1195 3462 quinque
1239 3396 1547 3453 restituere,
1582 3404 1639 3447 et
1676 3394 1815 3447 alios
1858 3394 2100 3462 quinque

526 3497 631 3535 uno
661 3484 1034 3553 superaddito.
1064 3483 1174 3537 Nec
1208 3493 1387 3538 tamen
1415 3485 1530 3537 haac
1561 3484 1820 3538 continuo
1853 3501 1949 3554 pro
1986 3485 2096 3539 fur-

525 3573 592 3623 tis
620 3582 711 3625 aut
758 3571 1039 3626 fraudibus
1078 3574 1422 3642 intelligenda
1454 3583 1604 3637 sunt,
1636 3574 1729 3627 sed
1754 3576 1895 3643 quod
1932 3576 2095 3629 etiam

521 3665 563 3717 si
606 3666 727 3731 quis
764 3681 861 3733 pm
911 3665 1099 3718 usibus
1159 3666 1488 3718 necessariis
1520 3664 1621 3717 sibi
1662 3666 1727 3719 de
1766 3667 1972 3720 sanctis
2001 3683 2096 3737 pe-

518 3756 738 3807 cuniam
781 3759 1035 3824 sumpsit,
1070 3768 1123 3809 et
1156 3770 1335 3809 moras
1375 3756 1556 3809 attulit
1588 3757 1946 3823 restituendo,
1993 3758 2095 3811 hu-

514 3844 751 3911 jusntodi
789 3845 901 3911 lege
932 3846 1346 3912 constringitur.
1386 3846 1515 3911 Quae
1559 3846 1639 3900 lex
1684 3848 1852 3900 etiam
1899 3862 2095 3902 secun-

517 3937 643 3989 dum
671 3936 908 3990 litteram
937 3935 1212 3990 aedificare.
1230 3937 1391 3990 debet
1421 3937 1722 3992 audientes.
1753 3938 1920 3993 Valde
1948 3942 2091 3995 enim

517 4030 667 4083 utilis
722 4040 777 4083 et
835 4030 1139 4084 necessaria
1186 4040 1269 4084 est
1318 4031 1650 4091 observatio,
1696 4032 1778 4084 his
1825 4033 2093 4102 praecipue

516 4123 609 4187 qui
635 4121 1024 4176 ecclesiasticis
1037 4121 1538 4191 dispensationihus
1561 4134 1823 4191 prtesuut,
1845 4132 1901 4176 ιιι
1919 4125 2093 4179 sciant

516 4212 617 4265 sibi
656 4214 723 4267 ab
767 4214 851 4267 bis
891 4228 1015 4283 qua:
1067 4213 1120 4266 in
1163 4227 1319 4267 usutu
1357 4223 1671 4268 sanctorum
1715 4214 1892 4269 oblata
1932 4227 2079 4282 sunt,

516 4307 729 4359 cautius
766 4316 821 4360 et
854 4305 1166 4375 diligentius
1191 4306 1615 4363 observandum.

589 4396 640 4449 7.
662 4396 767 4450 Sed
798 4406 850 4449 et
882 4411 985 4451 nos
1008 4398 1205 4465 quibus
1238 4399 1340 4452 ista
1385 4396 1524 4451 forte
1554 4412 1656 4450 non
1685 4395 1973 4462 accidunt,
2016 4399 2090 4451 vi-

2217 1925 2269 1978 di
2295 1929 2459 1981 corde
2481 1928 2655 1982 effecti
2701 1928 2866 1984 Deum
2900 1934 3143 1990 videmus
3167 1976 3182 2000 ,
3215 1936 3300 1990 vel
3342 1953 3500 1993 aures
3535 1940 3798 1995 habemus

2216 2017 2282 2071 ad
2312 2020 2577 2074 audienda
2604 2035 2667 2075 ea
2709 2039 2828 2093 rpite
2857 2027 3015 2080 docet
3039 2026 3219 2092 Jesus,
3253 2030 3332 2082 vel
3368 2030 3589 2085 odorem
3645 2033 3797 2101 capi-

2217 2124 2337 2164 mus
2366 2110 2512 2164 illum
2551 2128 2711 2182 quem
2752 2117 2887 2171 dicit
2925 2118 3210 2187 Apostolus
3239 2121 3301 2185 ¹²,
3349 2138 3368 2172 t
3406 2120 3540 2188 Quia
3588 2122 3794 2178 Christi

2217 2201 2393 2255 bonus
2415 2203 2549 2257 odor
2577 2220 2765 2261 sumus
2797 2206 2941 2271 Deo;
2981 2227 2998 2257 ι
3037 2209 3119 2261 vel
3146 2212 3311 2263 etiam
3344 2224 3560 2281 gustum
3626 2213 3796 2268 sumi-

2216 2307 2334 2347 mus
2372 2292 2544 2357 illum,
2577 2294 2644 2350 de
2673 2309 2782 2365 quo
2815 2298 2945 2351 dicit
2978 2297 3246 2367 Pt-Opheta
3279 2300 3324 2331 ”
3389 2315 3404 2355 :
3465 2321 3481 2353 ι
3546 2302 3794 2369 Gustate,

2212 2389 2266 2435 et
2298 2382 2499 2447 videte,
2523 2385 2777 2451 quoniam
2829 2387 3014 2440 suavis
3044 2395 3127 2440 est
3180 2388 3465 2453 Dominus;
3507 2408 3524 2439 ι
3569 2390 3652 2443 vel
3713 2398 3796 2443 ta-

2213 2482 2356 2525 ctum
2405 2473 2552 2527 illutn
2601 2489 2762 2543 quem
2814 2476 2944 2532 dicit
2991 2476 3225 2532 Joannes
3258 2478 3320 2542 “,
3384 2482 3508 2548 quia
3554 2499 3573 2531 ι
3615 2482 3793 2536 oculis

2214 2562 2414 2618 nostris
2454 2564 2807 2634 inspeximus,
2840 2577 2896 2621 ct
2951 2584 3143 2621 manus
3177 2581 3375 2623 nostra:
3435 2571 3792 2640 palpavcrunt

2211 2651 2323 2723 (86)
2356 2654 2441 2707 de
2464 2654 2627 2711 verbo
2666 2657 2809 2711 vitae.
2855 2675 2876 2711 ι
2927 2656 3021 2712 llis
3070 2670 3249 2714 autem
3306 2663 3560 2715 omnibus
3618 2679 3785 2715 unum

2210 2746 2679 2813 superaddamus,
2730 2756 2789 2802 ut
2837 2751 2902 2802 ad
2962 2765 3127 2803 ttnum
3189 2749 3357 2805 Deum
3416 2753 3529 2806 tunc
3588 2766 3784 2808 cuncta

2211 2837 2532 2894 referamus.
2566 2838 2634 2893 Et
2686 2841 2799 2895 ha-c
2864 2841 3079 2910 quidem
3138 2844 3206 2898 de
3262 2844 3617 2899 restituendis
3677 2848 3784 2908 his.

2211 2944 2329 2997 quae
2359 2929 2602 2998 qualibet
2627 2931 2779 3002 culpa
2811 2948 2877 2986 ex
2913 2934 3124 2989 sanctis
3144 2934 3325 2989 ablata
3370 2934 3607 3004 fuerant,
3635 2937 3783 2990 dicta

2208 3022 2336 3076 sint.

2277 3110 2330 3163 8.
2367 3110 2504 3176 Quid
2542 3126 2671 3164 vero
2704 3112 2947 3168 dicemus
2972 3113 3037 3169 de
3070 3114 3343 3171 sacrificio
3371 3116 3559 3171 arietis
3604 3122 3781 3187 pretio

2209 3203 2403 3269 empti,
2438 3212 2491 3257 et
2520 3203 2694 3271 pretio
2736 3204 2851 3256 sicli
2886 3208 3084 3270 sancti,
3117 3208 3208 3275 qui
3238 3223 3334 3276 pro
3361 3211 3563 3276 peccati
3591 3213 3779 3280 expia-

2206 3294 2594 3362 tionejubetttr
2621 3294 2846 3350 ofierri?
2882 3299 3039 3352 Dives
3071 3286 3285 3353 futurus
3313 3312 3417 3366 est,
3463 3303 3553 3371 qui
3597 3306 3779 3373 pretio

2204 3386 2397 3441 arietis
2426 3388 2598 3457 pOSsit
2631 3388 2825 3441 delicta
2854 3403 3106 3460 purgare.
3142 3390 3271 3457 Quae
3290 3374 3425 3446 sunt
3477 3394 3593 3447 ista:
3645 3395 3778 3447 divi-

2202 3479 2310 3542 tiae,
2343 3479 2703 3547 requiramus.
2740 3478 2905 3535 Docet
2930 3493 3028 3534 nos
3056 3481 3485 3550 sapientissimus
3515 3483 3774 3537 Salomon

2201 3570 2391 3625 dicens
2420 3571 2461 3601 ¹⁶
2499 3590 2510 3624 :
2560 3589 2579 3622 t
2623 3570 2942 3641 Redemptio
2968 3572 3162 3626 anima:
3198 3574 3322 3637 viri,
3358 3577 3592 3644 propriae
3628 3576 3775 3629 divi-

2204 3660 2292 3713 tia:
2324 3658 2462 3727 ejus.
2510 3677 2527 3709 ι
2562 3660 2732 3714 Audis
2763 3660 2924 3715 verba
2951 3660 3253 3729 sapientia),
3283 3666 3559 3732 quomodo
3587 3682 3778 3718 neces-

2205 3750 2367 3805 sariis
2398 3766 2520 3804 cum
2549 3751 2994 3820 proprietatibus,
3029 3754 3135 3807 vim
3181 3754 3605 3823 uniuscujusque
3654 3772 3777 3809 scr-

2202 3842 2375 3896 mnnis
2441 3843 2771 3896 enuntiarit?
2839 3844 3063 3898 Divitias
3117 3846 3246 3897 dicit
3315 3855 3469 3911 aptas
3536 3852 3600 3899 ad
3655 3847 3777 3900 atti-

2201 3949 2301 3987 nne
2350 3918 2797 4002 redemptionem,
2856 3944 2909 3989 et
2983 3936 3202 3989 divitias
3242 3952 3345 3989 non
3380 3938 3618 4002 alienas,
3687 3954 3775 3992 ne-

2198 4040 2303 4096 que
2326 4040 2664 4090 communes,
2707 4026 2799 4079 scd
2866 4026 3085 4080 divitias
3138 4029 3404 4096 proprias.
3471 4027 3575 4082 Per
3626 4032 3771 4097 quod

2195 4118 2435 4174 ostendit
2468 4132 2590 4172 esse
2621 4119 2881 4186 quasdam
2917 4119 3136 4175 divitias
3168 4122 3448 4190 proprias,
3498 4125 3767 4190 quasdam

2198 4222 2325 4262 vero
2357 4224 2458 4261 non
2503 4209 2768 4277 proprias.
2802 4208 2907 4262 Sed
2953 4210 3052 4264 hoc
3091 4212 3394 4264 evidentius
3428 4212 3689 4265 Dominus
3718 4213 3770 4264 in

2197 4297 2502 4369 Evangeliis
2535 4299 2852 4362 declaravit,
2890 4315 3013 4352 cum
3047 4302 3183 4354 dixit
3211 4302 3253 4332 ¹⁸
3282 4317 3295 4353 :
3363 4319 3381 4353 t
3437 4302 3590 4369 Quod
3622 4305 3667 4357 si
3716 4305 3769 4357 itt

2197 4391 2376 4445 alieno
2412 4390 2597 4443 fideles
2632 4406 2736 4443 non
2768 4390 2968 4458 fuistis,
2996 4396 3137 4462 quod
3188 4404 3430 4447 vestrum
3478 4404 3586 4459 est,
3647 4396 3771 4463 quis

514 4487 740 4540 ﬂeamus
765 4502 869 4555 qua
893 4502 957 4541 εχ
987 4499 1139 4557 parte
1166 4503 1349 4544 sermo
1389 4488 1523 4557 legis
1569 4488 1820 4541 armich
1875 4474 1959 4541 Eli
1988 4505 2089 4559 ego
2123 4503 2165 4558 ι)
2198 4482 2344 4533 dabit
2381 4481 2534 4534 vobis
2563 4480 2586 4532 Ἰ
2622 4498 2640 4531 ι
2677 4478 2982 4535 Ostendens
3014 4497 3110 4550 per
3133 4483 3232 4537 iIDC
3271 4485 3557 4552 praesentis
3584 4484 3767 4539 επιξυῑί

511 4575 695 4643 hodie,
733 4578 854 4632 licet
888 4590 1144 4646 peccator
1178 4579 1323 4645 sim,
1366 4588 1548 4633 tamen
1585 4579 1711 4647 quia
1758 4579 2089 4645 dispensatio

514 4670 643 4724 mihi
683 4670 834 4725 verbi
866 4669 1132 4725 Dominici
1164 4670 1373 4724 credita
1410 4679 1514 4733 est,
1554 4678 1743 4723 sancta
1786 4668 1879 4722 Dei
1904 4670 2088 4726 videor

512 4764 718 4818 habere
753 4764 1066 4821 commissa.
1104 4763 1289 4833 Neque
1328 4778 1473 4816 nunc
1498 4760 1755 4829 primum,
1787 4760 1882 4815 sed
1944 4779 2085 4832 saepe

504 4852 615 4921 jam
649 4864 703 4909 et
744 4853 872 4908 olim
902 4854 1309 4923 dispensatione
1340 4854 1440 4908 hac
1471 4866 1598 4922 erga
1635 4867 1731 4907 vos
1760 4853 1981 4906 utimur.
2026 4854 2082 4907 Si

510 4946 632 5018 quis
661 4962 792 5015 ergo
831 4961 896 5000 ex
932 4944 1089 4999 vobis
1126 4946 1389 5014 suscipiat
1418 4959 1449 4998 a
1484 4960 1571 4997 me
1603 4943 1934 4999 Dominicam
1990 4959 2083 5015 pe-

509 5038 749 5097 cuniam.
780 5046 857 5103 et,
895 5044 953 5089 ut
1007 5036 1122 5089 fieri
1177 5035 1335 5097 solet,
1374 5050 1627 5101 egressus
1671 5032 1991 5093 Ecclesiam.
2032 5049 2085 5087 et

511 5128 741 5179 divcrsis
767 5126 1219 5195 occupationibus
1246 5122 1429 5179 saeculi
1459 5136 1663 5193 raptus,
1686 5123 1941 5178 oblivioni
1968 5122 2087 5193 quae

511 5220 757 5274 audierat
796 5220 965 5282 dedit,
1011 5234 1112 5272 nec
1143 5233 1279 5287 OpttS
1341 5218 1562 5286 aliquod
1597 5231 1664 5272 ex
1716 5215 1883 5271 verbo
1942 5218 2084 5284 quod

510 5314 770 5383 Suscepit,
809 5313 1070 5382 implevit,
1108 5313 1211 5366 istc
1264 5322 1345 5366 est
1381 5312 1473 5382 qui
1513 5309 1795 5379 pecuniam
1844 5310 1909 5363 de
1954 5324 2082 5362 san—

584 5452 625 5481 "
661 5451 699 5504 ll
730 5451 855 5504 Cor.
906 5448 1082 5513 ",15.
1163 5449 1205 5481 ⁸³
1230 5448 1375 5503 Psal.
1417 5465 1612 5512 χχχιιι,
1638 5449 1690 5503 9.

512 5518 555 5551 ¹⁸
580 5520 775 5574 Genes.
805 5535 921 5573 xm.
1000 5519 1041 5550 ¹⁹
1070 5519 1281 5575 Coloss.
1310 5538 1367 5587 ιι,
1400 5522 1451 5575 3.

580 5632 691 5704 (Si)
724 5632 924 5704 Ontues
959 5646 1115 5693 mss.,
1154 5648 1173 5681 t
1200 5640 1438 5704 opertus
1490 5629 1786 5699 mysteriis.
1834 5646 1851 5677 ι
1916 5625 2073 5680 Libb.

508 5701 707 5762 θρωπε
748 5703 952 5769 apertis
989 5701 1280 5769 mysteriis;
1317 5720 1334 5750 ι

582 5774 690 5841 (85)
715 5766 917 5826 omnes
956 5766 1111 5836 mss.,
1155 5790 1171 5822 t
1209 5770 1497 5824 iudicetur.
1536 5786 1552 5819 ι
1588 5766 1740 5821 Libb.
1763 5766 1915 5831 editi,
1950 5786 1965 5819 t
1998 5768 2076 5821 itt-

1770 5447 1852 5500 ¹⁵1
1885 5446 2039 5502 Jean.
2082 5462 2119 5509 t,
2161 5445 2206 5497 ι.

2196 4570 2416 4625 divitias
2483 4585 2587 4622 non
2652 4584 2772 4624 esse
2816 4580 3029 4625 nostras
3080 4575 3342 4641 preprias,
3400 4575 3493 4627 sed
3539 4575 3765 4629 alienas.

2196 4664 2502 4717 Transeunt
2531 4662 2771 4724 euim,et
2817 4662 2956 4715 sicut
2992 4668 3182 4716 umbra
3237 4677 3591 4734 prmtereuut.
3637 4665 3767 4721 Pro-

2192 4758 2321 4824 priet!
2349 4770 2477 4808 vero
2515 4765 2641 4807 sunt
2685 4755 2787 4808 illac
2850 4756 3076 4819 divitiae,
3124 4758 3191 4810 de
3257 4760 3455 4827 quibus
3505 4760 3766 4829 prOpheta

2194 4852 2261 4904 dit
2284 4852 2325 4904 it
2351 4850 2389 4879 ¹⁷
2425 4866 2438 4901 :
2480 4866 2498 4898 ι
2539 4848 2604 4901 Et
2632 4848 2696 4901 ad
2730 4858 2782 4902 tc
2807 4851 3149 4919 congregabo
3183 4851 3403 4905 divitias
3432 4855 3698 4921 gentium.
3740 4872 3759 4905 ι

2194 4942 2268 4994 Ex
2298 4940 2379 4993 his
2435 4938 2667 4993 fortasse
2727 4939 2933 4993 divitiis
2964 4951 3019 4993 et
3074 4941 3349 4994 Abraham
3400 4942 3553 4995 dives
3583 4940 3761 4995 factus

2189 5042 2271 5086 est
2302 5030 2456 5082 valde
2494 5030 2547 5082 in
2591 5043 2750 5095 auro,
2782 5039 2836 5083 et
2878 5042 3126 5099 argento,
3163 5041 3217 5085 et
3276 5033 3565 5101 pecoribus
3601 5044 3761 5102 atque

2187 5126 2334 5177 omni
2370 5121 2723 5190 suppellectili
2765 5123 2828 5177 ³⁸.
2881 5121 2972 5176 Vis
3010 5125 3103 5177 tibi
3136 5126 3418 5178 ostendam
3452 5141 3517 5179 ex
3566 5128 3761 5194 quibus

2192 5216 2461 5268 thesauris
2493 5215 2829 5267 descendant
2864 5215 2981 5269 ista:
3006 5216 3246 5269 divitia-‘1
3277 5216 3415 5269 Audi
3452 5218 3755 5285 apostolum

2190 5307 2413 5359 l'aulutu
2445 5307 2717 5358 dicentem
2746 5304 2810 5358 de
2845 5304 3071 5360 Domino
3104 5304 3230 5360 Jesu
3261 5308 3478 5362 Christo
3500 5310 3541 5341 ¹⁹
3578 5326 3590 5362 :
3635 5328 3654 5361 ι
3704 5306 3754 5362 in

2285 5444 2327 5474 ’³
2365 5441 2659 5505 i’rov.xut,
2684 5440 2737 5494 8.
2819 5443 2861 5471 η
2898 5442 3025 5497 Luc.
3056 5458 3166 5508 xvi,
3206 5443 3286 5498 l2.
3365 5447 3406 5476 "
3438 5446 3578 5501 Zacb
3645 5460 3749 5501 ιιι.

2188 5626 2477 5680 dicaretur.
2518 5640 2537 5674 ι

2244 5696 2368 5770 7(8‘6)
2400 5692 2581 5747 (iudex
2634 5690 2915 5757 Sangerm.
2947 5737 2959 5754 .
3024 5715 3039 5746 ι
3107 5698 3478 5770 palparerunt.
3526 5718 3542 5750 ι
3600 5697 3749 5753 Libb.

2190 5765 2341 5827 editi,
2388 5783 2404 5814 ι
2446 5773 2943 5819 contrectaverunt.
2975 5786 2991 5817 ι
