4106 6246
393 265 497 319 655

1554 251 1618 304 ιχ
1661 240 2037 309 LEVlTlCl’M
2080 241 2359 297 IlOMlLlA
2392 242 2480 298 ιν.

3542 237 3645 291 454

390 396 501 451 quo
561 387 682 431 stlttl
710 419 722 438 ,
775 376 985 445 inquit,
1032 390 1222 430 omnes
1274 372 1511 428 thesauri
1574 370 1854 440 sapientiae
1920 375 1973 419 et
2006 366 2047 417 Δ
2077 363 2251 415 cunne
2280 362 2575 416 Dominica:
2617 376 2813 414 nomen
2848 368 2954 422 est,
2993 368 3046 412 rt
3084 358 3135 413 iu
3179 357 3359 412 multis
3401 356 3647 445 Scriptu-

388 471 634 529 scicntiae
667 467 988 522 absrouditi.
1041 485 1060 518 ι
1109 466 1213 521 Sed
1238 472 1291 520 et
1327 464 1380 518 in
1426 461 1732 530 Evangeliis
1790 460 1962 515 Domi-

393 580 496 620 nus
527 561 749 623 dirit",
783 559 905 628 quia
934 559 1113 613 scriba
1154 557 1303 612 dives
1347 576 1364 608 ι
1399 555 1606 627 profert
1641 554 1707 607 de
1756 554 1972 605 thesau-

394 656 472 710 ris
500 652 613 705 suis
644 665 779 703 nova
806 660 860 701 et
889 657 1092 702 vetera.
1133 665 1150 697 ι
1189 647 1263 700 De
1297 646 1381 698 Itis
1419 654 1475 697 et
1505 641 1784 709 apostolus
1831 639 1970 691 Pau-

397 748 479 799 lus
507 743 638 798 dicit
660 744 727 805 ²¹,
772 759 789 790 ι
828 738 952 808 quia
996 738 1050 790 in
1081 736 1333 790 omnibus
1364 733 1556 813 divites
1592 730 1719 784 facti
1751 728 1885 781 estis
1919 726 1969 779 in

398 840 510 904 illo,
544 839 596 891 in
630 835 779 890 omni
824 834 1014 896 verbo,
1039 839 1090 887 et
1125 832 1177 885 in
1200 829 1347 884 onmi
1381 827 1634 883 scientia.
1669 845 1687 877 ι
1751 824 1827 876 Ex
1887 823 1973 876 his

396 947 527 1001 ergo
550 928 772 989 divitiis,
797 940 916 994 quae
944 925 1012 978 de
1047 923 1322 977 thesauris
1348 920 1627 990 sapientia:
1654 926 1708 972 et
1733 915 1973 971 scientize

400 1022 773 1093 proferuntur,
827 1016 1153 1071 mercandus
1194 1014 1348 1068 nobis
1394 1020 1477 1067 est
1514 1011 1618 1065 iste
1655 1009 1830 1071 aries,
1879 1007 1968 1077 qui

398 1112 587 1169 oﬁerri
626 1110 821 1163 debeat
870 1123 966 1177 pro
1022 1105 1261 1176 peccatis
1319 1102 1426 1157 illis
1471 1101 1680 1156 scilicet
1734 1114 1854 1167 qua:
1917 1097 1970 1149 in

400 1209 589 1256 sancta
641 1196 929 1253 conunissa
966 1203 1116 1261 sunt,
1158 1204 1209 1247 et
1266 1191 1387 1247 sicli
1426 1188 1598 1244 sancti
1645 1200 1971 1241 annumera-

401 1294 550 1349 tione
608 1289 951 1345 mercandns.
1019 1286 1141 1342 Jam
1220 1284 1470 1354 superius
1529 1281 1767 1335 diximus
1831 1278 1973 1347 quod

399 1382 576 1437 otnnis
631 1382 806 1435 hostia
874 1390 1055 1449 typum
1107 1385 1264 1447 gerat
1315 1382 1368 1428 et
1428 1369 1718 1441 imaginem
1753 1367 1973 1431 Christi,

402 1474 570 1528 multo
628 1472 800 1541 magis
853 1471 1018 1532 aries,
1076 1468 1168 1537 qui
1209 1474 1263 1520 et
1306 1480 1402 1535 pro
1451 1462 1605 1516 Isaac
1646 1460 1915 1528 quondam
1948 1474 1976 1510 a

402 1567 511 1621 Deo
540 1564 870 1621 substitutus
928 1569 1016 1615 est
1067 1558 1433 1613 immolandus
1486 1554 1555 1606 “.
1618 1551 1763 1606 Siclo
1813 1550 1980 1619 igitur

398 1667 594 1714 sancto
623 1653 1025 1721 comparandus
1064 1650 1226 1704 nobis
1259 1658 1344 1702 est
1375 1646 1648 1710 Christus,
1672 1643 1763 1713 qui
1791 1658 1980 1712 pecca-

2080 470 2262 508 rarum
2331 455 2503 520 locis,
2556 454 2787 508 diversis
2850 452 3265 521 appellationmn
3334 439 3647 503 nominibus

2078 547 2306 615 pecunia
2386 546 2667 601 Dominica
2780 553 3140 599 memoratur.
3217 543 3323 597 Sed
3396 530 3657 612 quaedam

2079 638 2267 702 proba,
2296 638 2537 705 quadam
2574 651 2703 691 vero
2758 639 2985 704 reproba
3023 636 3243 691 dicitur.
3287 634 3462 689 Proba
3527 643 3648 688 erat

2080 730 2165 784 illa
2208 729 2432 797 pecunia
2469 729 2534 790 ’°,
2576 743 2737 797 quam
2802 729 3195 797 paterfamilias
3242 744 3468 797 peregre
3524 745 3649 796 pro-

2080 822 2346 885 lecturus,
2387 820 2595 874 vocatis
2628 820 2804 873 servis
2847 819 2962 873 suis
3018 821 3172 875 dedit
3213 822 3509 889 unicuique
3562 834 3649 872 se-

2081 913 2315 968 cundum
2374 912 2630 965 virtutem
2684 925 2861 966 suam.
2913 913 3088 967 Proba
3148 922 3267 967 erat
3314 923 3371 968 et
3432 915 3516 967 illa
3557 929 3653 982 pe-

2080 1005 2263 1066 ctmia,
2316 1018 2437 1072 quae
2483 1003 2738 1059 denarius
2793 1005 3121 1066 nominatur,
3176 1006 3268 1074 qui
3342 1005 3653 1075 cum199

2082 1099 2435 1151 mercenariis
2492 1105 2683 1166 pactus
2752 1105 2875 1161 est,
2938 1109 2993 1150 et
3033 1112 3061 1148 a
3116 1098 3426 1152 novissimis
3494 1104 3652 1152 datus

2083 1199 2167 1244 est
2186 1204 2355 1257 usque
2381 1190 2446 1242 ad
2468 1190 2694 1259 primos.
2725 1186 2878 1243 Scire
2908 1204 3041 1259 ergo
3070 1198 3123 1242 te
3153 1198 3387 1257 oportet,
3416 1191 3543 1257 quia
3571 1200 3656 1243 est

2083 1289 2139 1334 ct
2158 1280 2262 1334 alia
2285 1282 2509 1349 pecunia
2535 1281 2787 1350 reproba.
2806 1281 2941 1334 Audi
2963 1281 3279 1350 prophetam
3302 1282 3568 1335 dicentem
3584 1283 3651 1335 "1

2090 1377 2417 1446 «Argentum
2444 1384 2682 1433 vestrum
2714 1375 3056 1443 reprobum.»
3089 1373 3222 1441 Quia
3245 1390 3375 1445 ergo
3400 1384 3483 1430 est
3509 1391 3657 1443 quaa-

2087 1467 2208 1522 dam
2270 1467 2471 1537 proba,
2541 1466 2786 1535 qumdam
2845 1483 2975 1522 vero
3030 1467 3300 1536 reproba,
3370 1478 3658 1536 propterea

2087 1559 2411 1628 Apostolus,
2454 1558 2599 1612 velut
2649 1559 2715 1612 ad
2764 1558 3072 1629 probabiles
3115 1560 3434 1628 trapezitas.
3489 1575 3659 1627 «pro.

2089 1652 2305 1714 bantes,
2342 1650 2515 1721 inquit
2549 1652 2613 1715 ’⁸,
2648 1652 2847 1711 omnia,
2889 1651 3029 1719 quod
3066 1652 3265 1705 bonum
3303 1662 3386 1705 est
3410 1651 3659 1705 obtinen-

404 1759 461 1801 ta
492 1754 675 1800 nostra
737 1719 1026 1797 dissolvat.
1082 1739 1263 1794 Siclus
1326 1748 1548 1794 sanctus
1604 1736 1725 1789 ﬁdei
1787 1746 1983 1789 n08"??-
2014 1719 2056 1774 Β
2090 1755 2217 1801 tes.»
2250 1719 2575 1800 Solus—enim
2612 1754 2693 1798 est
2719 1745 2978 1799 Dominus
3005 1754 3188 1801 noster
3212 1745 3368 1802 Jesns
3389 1746 3658 1817 Christus,

408 1841 647 1893 formam
679 1841 847 1889 tenet.
888 1832 944 1888 Si
991 1833 1134 1887 enim
1177 1832 1338 1885 ﬁdem
1402 1830 1667 1886 obtuleris
1726 1838 1981 1898 tanquam

408 1929 671 1998 pretium,
702 1927 921 1982 Christo
954 1926 1101 1979 velut
1139 1925 1311 1978 ariete
1365 1922 1715 1977 immaculato
1772 1922 1824 1975 in
1887 1923 1987 1975 ho-

411 2022 574 2077 stiam
604 2021 726 2073 dato
757 2017 1131 2073 remissionem
1167 2016 1408 2086 accipies
1442 2025 1813 2084 peccatorum.
1847 2015 1986 2069 Sen-

415 2113 493 2165 tio
516 2111 653 2180 quod
692 2110 744 2164 in
775 2106 1118 2177 explananda
1144 2107 1290 2160 vires
1335 2117 1550 2161 nostras
1599 2107 1985 2177 mysteriorum

408 2211 632 2269 superat
690 2200 1019 2270 magnitudo.
1088 2197 1195 2253 Sed
1252 2198 1501 2267 quamvis
1552 2213 1656 2251 non
1709 2196 1988 2250 valeamus

405 2300 602 2346 enncta
632 2290 929 2354 disserere,
984 2300 1163 2344 tamen
1231 2289 1498 2344 sentimus
1537 2298 1735 2343 cuncta
1785 2288 1986 2357 repleta

405 2399 528 2437 esse
570 2401 598 2434 ιι
623 2384 861 2452 ysteriis.
897 2382 960 2437 Et
983 2383 1105 2437 ideo
1137 2381 1400 2437 studiosis
1444 2381 1748 2451 quibusque
1789 2380 1989 2434 indicia

408 2478 653 2545 posuisse
677 2476 929 2540 snﬁiciat,
960 2476 1158 2546 quibus
1189 2476 1411 2531 excitati
1458 2475 1525 2528 ad
1565 2474 1757 2528 altiora
1798 2476 1989 2528 horum

407 2580 462 2622 et
503 2570 857 2637 profundiora
893 2570 1235 2638 perveniant,
1266 2580 1320 2624 et
1363 2568 1664 2637 intelligant
1704 2584 1769 2623 ex
1793 2569 1991 2639 quibus

410 2661 489 2714 eis
510 2662 768 2731 gregibus
805 2671 1084 2730 quaeratur
1116 2662 1316 2716 vitulus
1347 2661 1413 2716 ad
1443 2661 1678 2716 hostiam
1702 2700 1718 2725 ,
1767 2676 1832 2715 ex
1876 2660 1995 2735 qui-

410 2748 512 2803 bus
566 2750 760 2803 ovibus
803 2751 946 2804 aries
995 2750 1364 2820 providendus
1391 2751 1482 2805 sil.
1548 2770 1568 2805 ι
1624 2751 1806 2807 Habeo
1847 2752 1991 2805 enim

412 2840 627 2912 (inquit
675 2840 832 2897 Iesus
862 2843 949 2912 ³⁸)
991 2851 1045 2897 et
1084 2842 1218 2897 alias
1254 2859 1403 2910 oves,
1446 2860 1566 2911 qua:
1612 2860 1718 2899 non
1767 2853 1893 2897 sunt
1930 2844 1995 2897 de

414 2931 514 2987 hoc
557 2933 712 2996 ovili,
747 2941 802 2986 et
862 2933 985 2988 illas
1027 2943 1243 3002 oportet
1298 2949 1382 2988 me
1412 2934 1683 2989 adducere
1732 2951 1744 2987 :
1802 2948 1859 2990 ut
1901 2935 1996 2989 ﬁat

2085 1841 2177 1908 qui
2213 1849 2264 1893 te
2301 1838 2608 1906 huiusmodi
2658 1850 2827 1893 artem
2858 1839 3027 1909 possit
3058 1840 3316 1907 edocere,
3358 1857 3455 1911 per
3494 1858 3654 1912 quam

2088 1934 2227 1986 scias
2262 1932 2589 1997 discernere,
2636 1948 2756 2001 qua:
2806 1934 2874 1986 sit
2919 1936 3166 2001 pecunia,
3212 1950 3334 2003 quae
3364 1935 3472 1988 veri
3518 1940 3662 2001 regis

2090 2022 2379 2089 imaginem
2423 2030 2602 2085 tenet;
2650 2036 2771 2089 quae
2800 2036 2928 2074 vero
2967 2024 3039 2075 sit
3084 2023 3429 2087 adulterina,
3487 2036 3542 2078 et
3602 2037 3660 2078 ut

2089 2112 2245 2180 vulgo
2277 2113 2497 2175 dicitur,
2532 2121 2685 2165 extra
2720 2122 2990 2165 monetam
3032 2113 3285 2176 formata,
3314 2129 3433 2181 qum
3460 2131 3657 2169 nomen

2090 2203 2305 2271 quidem
2348 2202 2548 2258 habeat
2591 2204 2764 2272 regis,
2800 2203 3090 2258 veritatem
3122 2214 3300 2258 autem
3331 2206 3489 2273 regite
3521 2205 3659 2276 ﬁgu—

2092 2307 2166 2346 τω
2226 2308 2329 2346 ιιοιι
2383 2302 2585 2347 teneat.
2631 2292 2778 2345 Multi
2843 2309 3082 2363 namque
3125 2304 3250 2348 sunt
3311 2298 3401 2365 qui
3460 2314 3657 2353 nomen

2092 2383 2294 2440 Christi
2333 2385 2552 2450 habent,
2604 2384 2700 2439 sed
2751 2386 3038 2440 veritatem
3068 2402 3171 2441 non
3203 2387 3400 2442 habent
3435 2387 3659 2445 Christi.

2096 2474 2161 2529 Et
2187 2483 2409 2544 propter
2442 2475 2543 2529 hoc
2569 2475 2699 2531 dicit
2727 2476 3004 2546 apostolus
3035 2478 3232 2533 Paulus
3270 2481 3313 2511 ²⁹
3342 2498 3355 2534 :
3396 2500 3415 2534 ι
3438 2480 3665 2551 Oportet

2094 2567 2240 2620 enim
2290 2574 2343 2620 et
2395 2567 2632 2623 haereses
2671 2583 2828 2636 esse,
2883 2578 2940 2622 ut
2970 2570 3180 2640 probati
3222 2571 3490 2628 manifesti
3534 2575 3668 2628 ﬁant

2096 2657 2236 2711 inter
2279 2673 2394 2715 vos.
2426 2677 2444 2711 ι
2493 2658 2699 2716 Idcirco
2743 2662 2906 2730 igitur
2939 2671 2991 2715 et
3032 2663 3082 2715 in
3129 2665 3384 2733 praesenti
3433 2664 3667 2719 lectione

2096 2746 2405 2816 legislator,
2443 2760 2587 2805 totus
2634 2752 2698 2804 ad
2740 2753 3027 2823 mysticum
3067 2764 3123 2806 et
3161 2753 3456 2822 spiritalem
3501 2756 3667 2822 respi-

2097 2842 2247 2895 ciens
2294 2856 2531 2909 sensum,
2582 2843 2791 2896 addidit
2828 2853 2891 2896 ut
2936 2844 3078 2897 aries
3130 2843 3258 2907 iste,
3315 2844 3404 2912 qui
3454 2845 3524 2898 ob
3566 2843 3669 2898 hoc

2098 2943 2464 3003 comparatur,
2516 2943 2573 2988 ut
2624 2945 2902 3005 peccaturo
2956 2935 3124 3004 possit
3177 2935 3501 3000 absolvere,
3560 2952 3665 2990 non

414 3041 553 3080 unus
596 3040 727 3095 grex
767 3034 824 3079 et
852 3041 993 3080 unus
1028 3037 1235 3095 pastor.
1270 3046 1288 3078 ι
1338 3026 1526 3081 Sciant
1557 3028 1722 3082 etiam
1749 3028 1838 3082 ubi
1883 3039 1993 3081 tur-
2022 3051 2063 3107 ο
2099 3027 2465 3096 qualicunque
2491 3026 2654 3091 siclo,
2688 3027 2789 3081 hoc
2832 3036 2935 3091 est,
2973 3042 3078 3081 non
3114 3028 3475 3098 qualicunque
3506 3042 3668 3099 pecu-

416 3126 584 3179 tures.
624 3117 711 3170 ubi
742 3116 1007 3171 columba:
1034 3108 1373 3185 requirenda;
1420 3127 1567 3172 sunt.
1629 3137 1653 3170 ι
1682 3117 1857 3185 Oculi,
1910 3122 1993 3172 in-

415 3209 534 3279 quit
567 3209 633 3271 “,
668 3208 743 3261 tui
771 3208 912 3262 sicut
937 3208 1203 3263 columba:
1232 3224 1401 3278 super
1434 3210 1797 3277 plenitudines
1819 3228 1985 3282 aqua-

421 3313 562 3354 ruxn.
601 3300 725 3353 »ΑΛ
763 3313 1024 3366 aquarum
1086 3315 1217 3369 ergo
1275 3299 1641 3369 pleuitudines
1700 3317 1996 3370 properan-

424 3389 548 3443 dum
576 3398 678 3451 est,
713 3390 763 3442 iu
797 3389 882 3443 his
914 3390 1058 3443 enim
1101 3405 1314 3460 sponsa:
1367 3392 1697 3446 describitur
1753 3394 1993 3460 pulchri-

424 3481 569 3535 tudo.
602 3500 620 3533 ι
655 3482 719 3536 Ει
759 3481 978 3547 collum,
1022 3481 1195 3551 inquit
1221 3484 1287 3548 “,
1333 3492 1482 3536 tuum
1516 3482 1655 3536 sicut
1681 3485 1929 3537 turturis.
1968 3504 1986 3535 ι

417 3571 473 3626 In
533 3574 798 3629 columbis
836 3576 975 3629 oculi
1021 3573 1402 3640 pra-dicantur.
1446 3575 1599 3642 Quod
1640 3579 1785 3631 enim
1833 3578 1992 3642 dixit,

420 3683 443 3718 ι
480 3668 743 3722 columbae
781 3683 945 3737 super
967 3668 1332 3737 plenitudines
1381 3684 1669 3737 aquarum,
1719 3688 1737 3721 ι
1813 3670 1995 3724 ferunt

417 3759 521 3814 hoc
548 3774 720 3829 genus
761 3761 902 3826 avis,
945 3776 1068 3815 cum
1101 3761 1168 3814 ad
1211 3775 1387 3830 aquas
1419 3762 1673 3826 venerit,
1728 3761 1854 3831 quia
1921 3762 1993 3819 ibi

418 3850 556 3910 sciet
597 3852 876 3922 accipitris
924 3850 1153 3907 insidias
1204 3853 1336 3922 pati,
1379 3854 1689 3905 venientem
1764 3852 1997 3921 desuper

419 3942 725 4010 inimicum,
762 3943 1046 3997 volitantis
1076 3942 1266 3996 umbra
1304 3942 1462 4009 aquis
1497 3941 1738 4008 inspecta
1800 3941 1995 4008 depre-

420 4035 681 4099 hendere,
720 4046 773 4088 et
805 4033 1083 4091 oculorum
1125 4032 1461 4101 perspicacia
1501 4030 1743 4085 fraudem
1772 4030 1992 4099 periculi

419 4128 760 4181 imminentis
785 4127 1039 4181 evadere.
1079 4125 1230 4191 Quod
1271 4125 1315 4179 si
1355 4133 1410 4178 et
1448 4134 1503 4177 tu
1567 4123 1638 4177 ita
1681 4124 1996 4193 prospicere

418 4218 663 4287 patueris
693 4216 921 4271 insidias
953 4215 1151 4270 diaboli
1186 4225 1239 4269 et
1267 4230 1485 4281 cavere,
1527 4214 1856 4269 sacriﬁcium
1891 4214 1996 4269 Deo

415 4308 701 4363 columbas
735 4306 1022 4363 obtuleris.
1050 4304 1157 4357 Sed
1184 4314 1239 4358 et
1262 4305 1461 4373 quibus
1494 4307 1619 4360 talia
1662 4319 1805 4360 cura:
1845 4314 1999 4370 sunt,

2099 3118 2208 3184 nia,
2265 3119 2357 3172 sed
2396 3118 2530 3172 siclo
2575 3129 2764 3171 sancto
2822 3128 3189 3187 comparetur.
3257 3118 3408 3184 Quod
3460 3121 3505 3174 si
3561 3136 3664 3173 ιιοιι

2101 3209 2421 3277 respiciebat
2456 3208 2521 3261 ad
2550 3210 2884 3278 mysterium,
2919 3210 3048 3276 quid
3088 3211 3313 3264 rationis
3352 3226 3473 3264 esse
3517 3213 3664 3264 vide-

2097 3302 2278 3365 batur,
2315 3311 2373 3353 ut
2417 3301 2559 3353 aries
2604 3309 2819 3368 emptus
2859 3298 3147 3351 oﬁ‘erretur
3198 3300 3264 3352 ad
3310 3300 3565 3364 hostiam,
3615 3308 3669 3351 ct

2096 3401 2245 3446 certo
2282 3391 2504 3459 pretio?
2552 3398 2606 3444 et
2642 3405 2746 3443 non
2790 3389 2987 3445 suﬁicit
3016 3404 3210 3442 nomen
3257 3390 3498 3455 pecunia:
3528 3390 3662 3445 siclo

2099 3482 2428 3546 nominasse,
2471 3484 2565 3537 sed
2611 3481 2819 3535 addidit
2865 3491 2920 3534 et
2968 3490 3158 3534 sancto
3211 3479 3385 3533 siclo?
3435 3482 3572 3549 Quid
3622 3483 3668 3537 si

2099 3577 2323 3629 haberet
2352 3572 2549 3641 aliquis
2580 3571 2629 3624 in
2668 3571 2925 3643 gregibus
2952 3571 3066 3625 suis
3099 3569 3297 3625 arietes
3328 3575 3563 3639 optimos
3613 3580 3669 3625 et

2100 3664 2297 3719 divinis
2340 3663 2624 3717 sacriﬁciis
2678 3661 2923 3731 dignos?
2956 3663 3063 3714 Aut
3092 3662 3219 3730 quid
3262 3663 3306 3715 si
3350 3661 3544 3729 aliquis
3596 3663 3665 3714 ita

2099 3768 2308 3822 pauper
2330 3762 2491 3812 esset,
2526 3761 2581 3804 ut
2604 3750 2796 3805 siclum
2831 3760 3076 3805 sanctum
3106 3751 3307 3823 habere
3334 3767 3435 3804 non
3460 3750 3668 3821 posset!

2100 3845 2224 3899 "(eo
2255 3854 2337 3897 cst
2371 3858 2502 3912 ergo
2549 3841 2874 3914 legislatoris
2922 3842 3255 3907 moderatio,
3289 3852 3348 3897 ut
3394 3845 3496 3898 nisi
3542 3844 3669 3913 quis

2098 3936 2294 3991 habeat
2323 3948 2533 3991 certum
2568 3937 2812 4004 pecunia:
2842 3935 3080 3999 modum,
3114 3947 3394 4005 peccatum
3419 3936 3536 4004 eius
3562 3953 3667 3990 non

2099 4032 2272 4099 possit
2328 4030 2574 4085 absolvi?
2620 4030 2771 4096 Quod
2826 4039 3010 4098 aperte
3065 4030 3361 4083 secundum
3430 4032 3667 4086 litteram

2098 4123 2310 4192 quidem
2368 4124 2577 4176 videtur
2628 4122 2964 4188 :tballl‘lilllll;
3023 4125 3316 4176 secundum
3373 4124 3667 4192 spiritalem

2100 4228 2241 4268 vero.
2267 4213 2681 4281 intelligentiam
2727 4223 2934 4265 ccrtnm
2968 4222 3049 4266 est
3089 4214 3229 4283 quod
3286 4217 3669 4271 remissionem

2100 4316 2447 4375 peccatorum
2475 4305 2650 4359 nullus
2684 4306 2936 4374 accipiat,
2971 4308 3071 4361 nisi
3103 4306 3352 4362 detulerit
3381 4309 3670 4378 integram,

417 4398 552 4452 illud
591 4397 754 4451 etiam
794 4397 1095 4465 requirant,
1137 4408 1204 4448 ex
1257 4397 1452 4465 quibus
1489 4399 1569 4453 eis
1599 4399 1748 4469 agris
1816 4398 1989 4453 simila
2026 4381 2072 4439 ί)
2104 4400 2326 4469 probam
2368 4408 2420 4451 et
2444 4411 2687 4451 sanetam
2718 4397 2903 4458 ﬁdem,
2934 4413 3213 4466 perquam
3241 4401 3469 4454 mercari
3502 4405 3669 4471 possit

418 4492 581 4547 debet
638 4488 842 4547 oﬁ‘erri.
886 4489 995 4558 Ego
1060 4491 1299 4548 arbitror
1337 4494 1481 4561 quod
1532 4507 1599 4547 ex
1648 4494 1796 4548 illius
1834 4501 1993 4549 terra:

418 4585 710 4655 segetibus,
783 4598 901 4652 qua:
939 4582 1070 4637 facit
1138 4583 1304 4639 alium
1370 4586 1724 4642 centesimum
1762 4629 1777 4655 ,
1828 4588 1991 4641 alium

422 4674 814 4742 sexagesimum
852 4713 867 4736 ,
911 4673 1075 4727 alittm
1119 4674 1451 4729 tricesimum
1489 4678 1744 4731 fructum.
1792 4677 1993 4747 Requi-

424 4779 545 4820 rant
570 4766 763 4832 etiam,
794 4767 920 4833 uisi,
950 4768 1233 4837 plusquam
1263 4769 1450 4833 debet,
1481 4771 1758 4825 curiosum
1802 4772 1990 4826 videa-

423 4865 537 4921 tur,
575 4857 771 4924 quibus
806 4858 1138 4913 molenlibus
1201 4860 1380 4915 simila
1433 4860 1534 4913 ista
1603 4860 1669 4914 ad
1722 4861 1990 4915 sacriﬁcia

420 4957 772 5016 praeparetur.
815 4946 926 5003 Nec
972 4964 1066 5003 eos
1131 4950 1299 5005 lateat
1350 4953 1485 5005 duas
1551 4966 1670 5005 esse
1710 4966 1834 5021 qum
1873 4968 1991 5009 mo-

422 5038 559 5103 lunt,
605 5054 834 5108 qnarnm
895 5056 997 5094 una
1052 5050 1380 5105 assumetur,
1445 5052 1501 5096 et
1554 5043 1659 5097 alia
1724 5043 1994 5113 relinque-

421 5140 526 5185 tur.
571 5130 644 5186 Ex
700 5131 841 5185 illius
906 5146 1035 5201 ergo
1082 5132 1219 5185 mola
1291 5148 1415 5201 quae
1476 5133 1797 5187 assumenda
1872 5144 1991 5199 est,

422 5223 653 5278 similam
693 5223 967 5293 oportebit
1007 5222 1225 5278 oll‘erre.
1285 5224 1391 5279 Sed
1433 5234 1487 5279 et
1523 5224 1688 5279 siclus
1742 5236 1991 5291 sanctus,

421 5316 513 5386 qui
552 5316 619 5370 ad
672 5315 858 5369 arietis
923 5314 1155 5384 pretium
1211 5316 1551 5370 necessarius
1624 5315 1843 5381 dicitur,
1872 5318 1995 5369 vide

423 5408 567 5461 unde
629 5417 682 5462 et
729 5408 999 5478 quomodo
1066 5407 1463 5476 perquirendus
1529 5406 1619 5461 sit.
1671 5405 1846 5463 Siclus
1898 5424 1993 5476 pe-

492 5594 537 5626 “
570 5593 755 5645 Matth.
798 5609 912 5654 xm,
944 5594 1031 5646 59..

421 5664 465 5694 "
498 5664 683 5718 Matth.
716 5680 835 5718 xxv.
914 5666 957 5696 "
998 5664 1107 5719 Jer.
1151 5680 1221 5730 vt,
1264 5662 1351 5717 50.
1431 5662 1702 5722 "ITbess.
1735 5683 1785 5733 ν,
1832 5670 1919 5720 2|.

1133 5596 1173 5624 ²¹
1217 5594 1232 5645 l
1265 5592 1387 5649 Cor.
1434 5608 1470 5654 t,
1504 5594 1557 5647 5.
1624 5598 1668 5627 ²¹
1698 5595 1892 5651 Cenes.
1931 5616 2063 5651 χχιι.

2001 5672 2041 5697 ὐ
2084 5667 2116 5723 Ι,
2146 5672 2261 5719 ·ἶ‹ιι.
2311 5669 2475 5725 “.39.

2103 4488 2365 4551 arietem;
2396 4487 2547 4554 cujus
2579 4499 2773 4541 natura
2817 4490 2929 4542 hare
2959 4499 3151 4554 est,ut
3182 4502 3411 4559 peccata
3443 4494 3669 4547 creden-

2104 4579 2171 4633 tis
2212 4579 2508 4647 abstergat.
2540 4579 2602 4632 Et
2643 4580 2727 4633 hic
2757 4590 2842 4633 est
2865 4580 3027 4634 sirius
3056 4593 3299 4646 sanctus,
3333 4586 3577 4653 probata,
3613 4597 3687 4638 ut.

2103 4671 2440 4734 diximus,_et
2480 4671 2690 4724 sincera
2729 4670 2882 4736 ﬁdes,
2924 4674 2973 4725 id
3016 4682 3098 4725 est
3124 4715 3138 4739 ,
3175 4675 3261 4727 ubi
3298 4675 3472 4727 nullus
3507 4677 3671 4743 perti-

2101 4764 2201 4816 dia:
2246 4762 2422 4827 dolus,
2472 4764 2612 4816 nulla
2658 4764 2927 4817 haeretica!
2982 4766 3295 4818 calliditatis
3344 4766 3672 4832 perversitas

2102 4855 2451 4916 admiscetur,
2506 4866 2562 4909 ut
2606 4856 2872 4909 sinceram
2921 4854 3076 4907 ﬁdem
3119 4853 3407 4908 offerentes
3436 4856 3670 4922 pretim"

2100 4949 2301 5004 Christi
2360 4949 2665 5017 sanguine,
2731 4958 2986 5015 tanquam
3052 4947 3410 4999 innnacnlatze
3480 4948 3698 5041 hostimi

2100 5041 2389 5100 diluamur,
2438 5055 2532 5108 per
2583 5054 2743 5107 quem
2805 5048 2889 5091 est
2938 5038 3044 5091 Deo
3094 5036 3239 5088 Patri
3287 5038 3669 5105 omnipotenti,

2097 5148 2216 5184 cum
2257 5132 2459 5200 Spiritu
2491 5140 2711 5192 sancto,
2762 5130 2931 5200 gloria
2976 5140 3026 5182 et
3063 5130 3346 5196 imperium
3386 5131 3437 5183 in
3472 5130 3668 5181 Saecula

2098 5224 2442 5277 szeculorum.
2476 5226 2666 5276 Amen.

2682 5313 2955 5367 ΙΙΟΜΗᾸΛ
3002 5312 3086 5368 ιν.

2103 5412 2175 5462 De
2224 5425 2281 5459 eo
2330 5408 2469 5475 quod
2513 5408 2761 5472 scriptum
2793 5419 2865 5459 est
2897 5408 2939 5438 ³ο
2968 5426 2981 5461 :
3014 5427 3029 5458 t
3059 5407 3113 5459 Si
3140 5410 3428 5476 peccaverit
3468 5408 3670 5474 animo,

2164 5598 2207 5627 ’³
2249 5595 2401 5647 Joau.
2445 5611 2496 5655 κ,
2545 5593 2622 5647 16.
2720 5595 2762 5625 ’⁵
2796 5594 3023 5656 Cant.v,
3070 5594 3150 5649 l2.

2556 5665 2597 5695 ’θ
2650 5664 2820 5722 Levii.
2869 5682 2939 5725 γι.
2983 5668 3031 5719 2.

3232 5593 3278 5626 "
3300 5593 3456 5650 Cant.
3505 5614 3590 5651 ιιι.
3622 5600 3650 5647 .t
