4106 6246
378 245 478 304 .ι5“1

1544 244 1610 298 IN
1648 240 2022 298 LEVITICUM
2060 240 2340 295 HOMILIA
2379 239 2465 294 IV.

3538 235 3641 288 458

380 364 557 424 Deus;
611 365 713 420 hoc
769 374 852 420 est
906 366 1165 436 ahjurare
1213 366 1546 435 depositum,
1600 373 1653 419 et
1701 363 1961 419 beneﬁcia
1993 364 2038 421 Α
2073 376 2317 428 rapaces,
2390 375 2618 429 regnum
2680 356 2772 410 Dei
2827 351 3242 424 possidebunt.»
3305 349 3399 404 Est
3464 359 3642 405 tamen

378 465 592 511 vertere
617 456 666 509 iti
692 458 999 526 perﬁdiam.

449 554 503 602 ιι.
551 546 841 602 Videamus
881 565 1024 604 nunc
1073 549 1204 620 quid
1254 550 1420 604 etiam
1471 551 1705 605 societas
1759 549 1958 606 intelli—

380 638 550 707 geuda
580 639 672 691 sit.
717 638 880 693 Putas
906 651 988 693 est
1018 641 1238 710 aliquis,
1275 641 1364 710 qui
1399 643 1694 696 secundum
1726 641 1958 695 litteram

381 733 717 784 commoneri
772 733 986 799 debeat,
1039 750 1105 787 ne
1149 734 1286 787 forte
1343 735 1394 788 in
1445 734 1658 788 ratione
1695 735 1960 803 peconite,

381 823 465 875 vel
513 822 752 892 qualibet
807 822 908 876 alia
946 827 1124 894 specie
1169 825 1478 892 societatis,
1522 826 1729 880 soeiqu
1774 826 1961 880 fraude

383 919 659 987 decipiat?
689 918 906 975 Ultima:
945 920 1340 975 misericordiae
1387 927 1470 974 est
1505 917 1687 972 anima
1733 917 1854 980 illa,
1908 915 1960 970 in

382 1024 544 1078 quam
603 1012 800 1066 cadere
847 1013 1027 1066 adhuc
1086 1012 1296 1065 l'raitdis
1363 1011 1466 1064 hoc
1528 1024 1701 1077 genus
1760 1018 1958 1077 potest.

383 1099 770 1156 Verumtamen
799 1105 1052 1174 quoniam
1084 1106 1248 1157 multa
1285 1113 1368 1158 est
1403 1103 1457 1157 in
1507 1102 1728 1158 homine
1758 1102 1963 1172 fragili-

385 1202 488 1256 tas,
525 1194 689 1248 etiam
715 1195 781 1248 de
813 1195 897 1249 his
923 1210 1369 1250 commoneamus
1394 1235 1408 1260 ,
1451 1196 1575 1264 quia
1611 1210 1707 1248 nec
1729 1195 1962 1264 Aposto-

385 1287 496 1341 lqu
530 1287 701 1355 piguit
730 1287 829 1339 ista
862 1289 1139 1342 mandare.
1183 1287 1322 1342 Dicit
1355 1288 1501 1340 enim
1540 1286 1582 1317 ³⁸
1620 1305 1632 1340 :
1679 1305 1697 1338 ‹
1730 1287 1803 1341 Ne
1841 1293 1963 1357 quis

384 1379 801 1433 circumscribat
857 1380 908 1432 in
953 1379 1171 1451 negotio
1201 1379 1430 1433 fratrem
1475 1393 1670 1442 suum,
1703 1381 1962 1448 quoniatn

385 1469 582 1522 vindex
645 1479 727 1524 est
781 1469 849 1524 de
910 1471 993 1524 his
1025 1471 1279 1526 omnibus
1339 1471 1546 1525 Deus.»
1608 1469 1761 1525 Nunc
1835 1487 1965 1527 vero

387 1565 754 1631 requiramus,
791 1577 912 1629 qua:
945 1562 1016 1615 sit
1048 1562 1214 1616 etiam
1247 1564 1482 1618 socii-tas
1526 1563 1772 1632 spiritus.
1827 1565 1962 1617 Audi

383 1651 453 1706 de
506 1651 593 1705 his
645 1651 778 1718 ipsis
829 1651 1010 1705 verbis
1062 1651 1378 1720 Apostolum
1431 1653 1691 1707 dicentem
1736 1653 1779 1685 ³⁵
1815 1672 1826 1706 ;
1862 1654 1961 1707 «Si

2069 455 2270 524 aliquid
2321 452 2433 524 (90)
2466 463 2521 506 et
2555 450 2854 506 secundum
2889 445 3187 516 spiritalem
3232 443 3645 513 intelligentiam

2067 546 2410 615 culpabiliter
2441 560 2651 614 rapere,
2713 543 2856 598 sicut
2895 540 2970 594 illi
3025 538 3370 602 laudabiliter
3427 535 3648 603 rapiunt

2071 630 2231 709 regni
2261 639 2544 692 ruderum.
2578 637 2644 691 Ut
2685 635 2836 690 verbi
2878 649 3069 697 causa,
3113 632 3377 696 dicamus,
3409 629 3453 684 si
3484 629 3646 682 homo

2070 733 2304 786 nondum
2356 740 2619 800 purgatus
2667 746 2694 783 a
2730 729 2899 792 vitiis,
2970 728 3204 781 nondum
3255 733 3571 793 segregatus
3615 736 3643 771 a

2069 821 2310 892 profanis
2349 831 2401 874 et
2448 821 2683 876 sordidis
2737 820 2981 881 actibus,
3021 817 3150 872 velit
3203 831 3262 871 se
3299 815 3464 870 coetui
3523 828 3650 865 sau-

2069 924 2278 970 ciorum
2318 924 2373 968 et
2397 913 2760 984 perfectorunt
2800 915 3029 967 latenter
3062 912 3309 980 ingerere
3341 917 3396 962 et
3437 919 3648 961 sermo-

2073 1022 2192 1060 nem
2240 1023 2345 1072 quo
2398 1005 2636 1078 perfecta
2695 1017 2748 1060 et
2791 1005 3015 1076 mystica
3079 1013 3381 1056 tractantur
3436 999 3646 1061 audire,

2072 1102 2376 1171 huiusmodi
2410 1102 2570 1155 homo
2605 1107 2941 1155 secretorum
2982 1107 3035 1149 et
3070 1095 3434 1166 perfectorum
3470 1097 3650 1148 scien-

2076 1197 2202 1249 tiam
2242 1210 2344 1247 nou
2390 1194 2525 1248 bene
2557 1192 2718 1263 rapit.
2751 1189 3064 1245 Meminisse
3095 1188 3236 1241 enim
3273 1195 3486 1254 oportet
3516 1200 3650 1253 pra!-

2072 1290 2211 1359 cepti
2251 1287 2586 1350 Salvatoris,
2635 1299 2740 1354 quo
2786 1283 2922 1337 dicit
2948 1280 3012 1346 ‘3,
3044 1280 3166 1350 quia
3222 1297 3240 1329 ι
3291 1293 3448 1331 nemo
3485 1277 3652 1329 mittit

2073 1384 2256 1435 vinum
2296 1395 2492 1434 novum
2543 1376 2595 1430 in
2657 1383 2805 1430 utres
2841 1383 3078 1436 veteres,
3134 1370 3373 1440 alioquin
3417 1377 3471 1420 et
3502 1376 3649 1418 utres

2074 1469 2230 1539 201
2279 1475 2617 1536 rumpentur,
2674 1472 2726 1518 et
2775 1462 2958 1516 vinum
3012 1461 3247 1529 peribit:
3287 1480 3303 1511 ι
3355 1457 3650 1512 ostendens

2073 1561 2213 1631 quod
2259 1559 2454 1612 aninue
2500 1558 2734 1611 nondum
2783 1565 3089 1620 renovata},
3133 1553 3228 1606 sed
3280 1553 3330 1605 in
3381 1559 3651 1603 vetustate

2077 1654 2267 1708 littera:
2334 1650 2444 1724 (9|)
2500 1649 2851 1719 perdurauti,
2905 1661 3009 1700 non
3071 1653 3320 1714 oporteat
3384 1658 3646 1696 novorum

385 1741 536 1808 quod
568 1739 824 1794 solatium
857 1742 1145 1795 eharitatis
1168 1781 1184 1806 ,
1221 1741 1266 1795 si
1310 1757 1410 1811 qua
1447 1743 1680 1798 societas
1717 1743 1964 1812 spiritus,
2001 1721 2041 1778 Β
2074 1744 2478 1817 mysteriorum,
2521 1758 2640 1812 qua:
2674 1757 2772 1812 per
2813 1741 3092 1796 Christum
3135 1737 3368 1791 mundus
3398 1734 3646 1805 agnovit,

389 1833 436 1886 si
496 1847 603 1900 qua
674 1832 886 1886 viscera
959 1833 1377 1899 miserationis,
1443 1835 1660 1905 implete
1713 1837 1966 1905 gaudium

392 1937 598 1977 meum.
634 1941 652 1973 ι
699 1921 862 1977 Vides
914 1926 1193 1980 societatis
1235 1928 1439 1996 legem,
1489 1928 1758 1994 quomodo
1808 1928 1967 1982 intel-

398 2013 528 2068 lexit
561 2014 833 2084 apostolus
859 2014 1074 2071 Paulus.
1123 2017 1258 2074 Audi
1286 2029 1339 2073 et
1379 2018 1669 2084 Joannem,
1700 2021 1970 2087 quomodo

400 2120 508 2158 uno
533 2107 831 2176 eodemque
855 2109 1043 2178 spiritu
1077 2108 1454 2180 proloquatur.
1509 2111 1605 2164 «Et
1631 2112 1967 2176 societatem,

395 2195 569 2264 inquit
600 2196 664 2258 ‘°,
707 2198 965 2252 habemus
1009 2215 1128 2253 cum
1181 2199 1366 2265 Patre,
1426 2211 1483 2256 et
1533 2217 1656 2256 cum
1692 2201 1828 2256 Filio
1859 2202 1972 2270 eius

385 2278 516 2340 Jesu
557 2287 792 2342 Christo.
828 2309 846 2340 ι
903 2289 966 2343 Ει
1002 2291 1201 2345 iterum
1256 2291 1449 2346 Petrus
1486 2293 1619 2348 dicit
1649 2309 1663 2350 :
1702 2312 1718 2343 ι
1748 2292 1973 2348 Consor-

391 2388 491 2444 tes,
521 2380 693 2448 inquit
724 2381 789 2445 δι,
826 2381 950 2437 facti
976 2384 1109 2438 estis
1137 2384 1334 2436 divinat
1374 2395 1605 2448 naturae,
1631 2404 1648 2437 ι
1703 2386 1846 2454 quod
1890 2395 1972 2440 est

386 2472 540 2526 socii.
579 2473 642 2527 Et
684 2475 881 2528 iterum
927 2477 1062 2531 dicit
1103 2477 1385 2546 apostolus
1425 2476 1622 2531 Paulus
1662 2479 1750 2531 "z
1791 2497 1809 2529 ι
1835 2477 1966 2545 Qua:

388 2564 530 2617 enim
571 2566 808 2620 societas
845 2567 949 2622 luci
982 2568 1048 2624 ad
1087 2569 1379 2624 tenebras?
1404 2588 1422 2620 ι
1467 2569 1623 2636 Quod
1668 2572 1711 2624 si
1761 2573 1866 2626 luci
1903 2572 1969 2626 ad

389 2653 639 2712 tenebras
679 2659 917 2713 societas
958 2659 1103 2713 nulla
1134 2670 1236 2724 est,
1273 2670 1453 2729 potest
1490 2677 1620 2730 ergo
1649 2664 1970 2717 societatem

389 2745 479 2800 lux
510 2747 711 2804 habere
743 2766 866 2804 eum
897 2752 1040 2806 luce.
1075 2752 1242 2821 Igitur
1278 2753 1322 2808 si
1370 2755 1527 2809 nobis
1556 2770 1679 2809 cum
1713 2755 1894 2821 Patre,
1919 2766 1975 2812 et

392 2835 548 2904 Filio,
586 2850 639 2894 et
681 2841 887 2911 Spiritu
946 2855 1136 2899 sancto
1189 2847 1426 2900 societas
1466 2847 1590 2900 data
1635 2857 1739 2911 est,
1780 2850 1973 2904 viden-

391 2931 516 2983 dum
586 2934 746 2989 nobis
808 2944 929 3001 est,
988 2951 1054 2989 ne
1097 2946 1347 2991 sanctam
1401 2939 1560 2993 istam
1627 2940 1972 3011 divinamque

2072 1846 2280 1893 secreta
2309 1836 2602 1890 committi.

2145 1929 2197 1983 5.
2231 1929 2392 1982 Addit
2442 1927 2638 1981 dehinc
2669 1925 2948 1996 legislator
2977 1925 3020 1957 ⁵³
3055 1943 3068 1980 :
3099 1943 3116 1975 ι
3151 1925 3258 1977 Aut
3301 1922 3344 1976 si
3383 1920 3509 1990 quid
3542 1935 3639 1972 no-

2073 2021 2184 2075 Cuit
2212 2020 2576 2091 proximo,vel
2613 2017 3222 2085 invenitperditionem.
3259 2035 3276 2066 ι
3309 2015 3421 2068 Lex
3453 2013 3648 2066 littera:

2075 2113 2160 2166 hic
2197 2112 2408 2165 videtur
2467 2110 2751 2174 mandare,
2784 2121 2841 2164 ut
2890 2111 2934 2165 si
2960 2109 3310 2180 quisiuveuit
3335 2105 3476 2176 quod
3509 2104 3650 2157 alius

2073 2205 2328 2273 perdidit,
2358 2211 2411 2257 et
2445 2203 2765 2271 requisitum
2811 2200 2992 2264 fuerit,
3033 2200 3248 2262 reddat,
3273 2214 3368 2252 nec
3410 2195 3650 2265 perinret

2075 2311 2171 2364 pro
2205 2310 2289 2349 eo.
2349 2295 2437 2348 Est
2469 2304 2522 2348 et
2563 2294 2677 2348 haec
2725 2294 2872 2348 utilis
2918 2291 3279 2348 audientibus
3333 2287 3644 2342 tedilicatio.

2075 2387 2225 2440 Multi
2286 2387 2429 2440 enim
2483 2387 2604 2441 sine
2642 2395 2868 2456 peccato
2901 2394 3095 2455 putant
3151 2398 3294 2448 esse,
3331 2381 3374 2436 si
3415 2380 3648 2433 alienum

2073 2481 2218 2550 quod
2257 2478 2582 2543 invenerint,
2613 2487 2832 2531 teneant
2867 2486 2920 2531 et
2951 2475 3137 2530 dicant
3169 2493 3181 2527 :
3213 2474 3355 2528 Deus
3389 2471 3516 2525 mihi
3551 2470 3647 2524 de-

2073 2573 2184 2638 dit;
2215 2571 2300 2626 cui
2328 2569 2500 2624 habeo
2539 2567 2808 2623 reddere?
2837 2568 3055 2621 Discant
3079 2580 3206 2635 e-go
3229 2572 3510 2634 peccatum
3542 2561 3645 2614 hoc

2073 2679 2193 2719 esse
2252 2663 2432 2718 simile
2505 2662 2728 2730 rapiiue,
2780 2660 2823 2713 si
2857 2658 2980 2728 quis
3033 2657 3251 2711 inventa
3288 2672 3393 2710 non
3434 2653 3650 2708 reddat.

2078 2753 2461 2807 Verumtamen
2489 2751 2530 2804 si
2551 2752 2652 2805 hoc
2679 2758 2887 2803 tantum
2918 2747 3056 2818 quod
3091 2746 3386 2800 secundum
3411 2747 3648 2798 litteram

2073 2854 2312 2916 putatur,
2368 2845 2647 2914 legislator
2693 2843 2952 2896 voluisset
2988 2839 3240 2907 intelligi,
3281 2847 3536 2907 potuerat
3569 2837 3654 2891 di-

2075 2953 2242 2995 cere:
2280 2939 2335 2992 Si
2387 2937 2596 2991 invenit
2640 2937 2781 3004 quod
2837 2934 3103 3004 perierat,
3148 2931 3229 2985 vel
3270 2933 3412 3000 quod
3456 2930 3654 3001 aliquis

393 3026 714 3079 societatem
765 3027 1040 3093 peccando
1069 3027 1423 3098 abuegemus.
1478 3028 1532 3082 Si
1577 3032 1719 3084 enim
1749 3047 1972 3100 agamus
1999 3059 2041 3116 ο
2075 3031 2400 3100 perdiderat.
2463 3029 2618 3084 Nunc
2651 3039 2830 3081 autem
2870 3040 2989 3078 cum
3038 3023 3165 3076 dicit
3197 3041 3209 3077 :
3244 3041 3260 3073 ‹
3298 3023 3501 3078 Invenit
3531 3039 3653 3094 per-

392 3131 554 3184 opera
611 3116 992 3181 tenebrarum,
1066 3129 1275 3172 certum
1331 3131 1416 3174 est
1463 3121 1586 3190 quia
1649 3125 1968 3178 societatem

395 3206 712 3274 negavimus
746 3206 908 3260 lucis.
944 3208 1048 3261 Sed
1074 3217 1127 3261 et
1159 3217 1477 3262 sanctorum
1511 3211 1690 3264 socios
1723 3226 1818 3264 nos
1843 3212 1975 3266 dicit

396 3299 704 3365 Apostolus,
749 3313 850 3352 nec
887 3301 1108 3358 mirum.
1137 3300 1191 3355 Si
1233 3302 1378 3354 enim
1407 3317 1529 3356 cum
1565 3303 1726 3356 Patre
1759 3313 1814 3358 et
1839 3303 1974 3357 Filio

399 3390 592 3443 dicitur
621 3391 774 3445 nobis
812 3406 932 3446 esse
971 3393 1234 3456 societas,
1299 3395 1576 3464 quomodo
1617 3410 1718 3448 non
1753 3405 1807 3448 et
1839 3410 1963 3450 cum

395 3483 618 3546 sanctis,
651 3497 754 3536 neu
793 3483 967 3537 solum
1001 3483 1092 3553 qui
1123 3483 1176 3537 iu
1210 3494 1356 3539 terra
1389 3494 1537 3550 sunt,
1571 3487 1665 3540 sed
1717 3495 1770 3540 et
1803 3487 1892 3555 qui
1920 3486 1971 3542 iu

391 3574 588 3628 cmlis?
614 3575 736 3643 quia
771 3584 825 3628 et
857 3572 1109 3629 Christus
1147 3591 1244 3644 per
1275 3576 1598 3646 sanguinem
1635 3593 1788 3630 suum
1824 3580 1972 3647 paci-

395 3663 575 3716 ticavit
608 3663 846 3717 ecelestia
880 3674 934 3716 et
967 3664 1255 3718 terrestria
1280 3704 1294 3726 .
1329 3674 1386 3718 ut
1415 3664 1727 3720 cwlestibus
1758 3677 1970 3721 terrena

392 3756 650 3810 sociarat.
685 3755 838 3822 Quod
869 3757 1152 3812 evidenter
1185 3755 1411 3821 indicat,
1445 3757 1534 3810 tibi
1565 3757 1696 3811 dicit
1719 3759 1972 3828 gaudium

391 3862 512 3900 esse
578 3849 631 3900 in
696 3847 851 3902 cretis
932 3861 1094 3916 super
1165 3861 1273 3901 uno
1346 3856 1633 3916 peccatore
1699 3848 1972 3918 poeniten-

394 3937 523 3989 tiam
552 3949 742 4006 agente
773 3937 836 3991 “.
876 3937 938 3990 Et
972 3953 1189 3991 rursum
1218 3952 1340 3991 cum
1368 3937 1521 4002 dicit,
1547 3952 1643 3992 eos
1669 3938 1761 4008 qui
1796 3953 1977 3993 resur-

391 4039 522 4098 gunt
561 4047 588 4082 a
630 4031 880 4093 mortuis,
915 4028 1125 4083 futuros
1161 4044 1283 4084 esse
1337 4031 1482 4084 sicut
1531 4032 1752 4100 angelos
1785 4031 1875 4087 Dei
1918 4034 1972 4088 in

391 4121 533 4173 etelo
585 4121 650 4184 δ”,
710 4133 762 4175 et
816 4137 938 4174 cum
992 4137 1055 4173 ex
1104 4121 1320 4192 integro
1354 4122 1666 4177 hominibus
1711 4124 1972 4178 emlorum

393 4229 558 4277 regna
591 4213 878 4281 promittit.
917 4210 1066 4265 Hanc
1097 4227 1228 4281 ergo
1260 4214 1577 4268 societatem
1611 4214 1890 4284 dirumpit,
1921 4227 1976 4272 et

389 4302 651 4369 abnegat,
706 4301 1013 4368 quicunque
1064 4299 1223 4354 malis
1268 4303 1482 4358 actibus
1529 4304 1644 4358 suis
1701 4305 1971 4375 malisque

2076 3127 2360 3188 ditionem,
2402 3143 2418 3176 ι
2455 3123 2689 3190 amplius
2733 3136 2829 3174 nos
2872 3119 3076 3190 aliquid
3110 3117 3282 3173 voluit
3320 3117 3649 3188 intelligere.

2076 3219 2176 3286 Qui
2243 3217 2405 3270 nimis
2468 3224 2714 3284 peccant.
2756 3219 2806 3265 iu
2860 3210 3159 3281 Scripturis
3209 3209 3442 3278 perditio
3473 3208 3655 3278 appel-

2077 3309 2275 3370 lantur,
2297 3307 2435 3360 sicut
2459 3307 2508 3358 in
2536 3303 2825 3358 Ezechiele
2853 3303 3112 3371 propheta
3149 3302 3382 3370 legimus
3407 3301 3648 3353 dictum:

2082 3419 2100 3452 ‹
2137 3399 2392 3460 Perditio,
2430 3396 2610 3464 inquit
2643 3395 2711 3455 ⁸ο,
2756 3394 2926 3448 factus
2959 3408 3034 3453 es,
3069 3402 3124 3446 et
3173 3408 3276 3446 non
3305 3392 3569 3446 subsisles
3597 3389 3650 3444 in

2077 3503 2340 3548 aeternum
2372 3499 2604 3557 tempus.
2639 3505 2656 3538 ι
2698 3485 2790 3539 Est
2819 3500 2949 3553 ergo
2972 3483 3262 3538 ostendere
3301 3483 3391 3552 qui
3421 3482 3650 3536 multum
3693 3492 3708 3505 '

2077 3582 2373 3653 quaerendo
2394 3578 2600 3632 invenit
2632 3575 2996 3647 perditionem
3028 3594 3040 3627 :
3071 3585 3128 3628 ut
3169 3575 3314 3629 verbi
3351 3574 3547 3643 gratia,
3579 3574 3654 3634 di-

2077 3688 2266 3726 camus
2316 3688 2328 3722 :
2377 3670 2617 3724 haeretici
2652 3669 2718 3721 ad
2775 3665 3142 3722 construenda
3199 3675 3254 3720 et
3306 3664 3650 3719 defendenda

2079 3761 2330 3831 dogmata
2370 3775 2465 3813 sua
2522 3759 2748 3812 inultum
2799 3758 3121 3827 perquirunt
3169 3767 3224 3810 et
3263 3755 3558 3809 discutiunt
3598 3755 3650 3807 iu

2078 3851 2374 3922 Scripturis
2403 3851 2620 3916 divinis,
2660 3861 2714 3904 ιιι
2765 3848 3045 3902 inveniant
3085 3847 3468 3916 perditionem.
3515 3845 3650 3902 Cum

2077 3945 2222 4000 enim
2266 3941 2432 3998 multa
2495 3940 2608 4014 (92)
2664 3940 2983 4011 qnzesierint
3029 3940 3341 3994 testimonia
3371 3979 3385 4004 ,
3449 3939 3648 4008 quibus

2078 4045 2474 4105 astruantqua:
2514 4050 2679 4103 prave
2723 4034 2988 4099 sentiunt,
3031 4033 3396 4103 perditionem
3438 4033 3537 4087 sibi
3567 4032 3652 4085 iti-

2074 4130 2293 4185 venisse
2330 4125 2545 4184 dicendi
2595 4137 2740 4181 sunt.
2771 4126 2882 4180 Sed
2935 4126 2980 4180 si
3035 4126 3177 4182 forte
3217 4127 3416 4197 aliquis
3456 4128 3651 4181 horum

2075 4222 2300 4275 audiens
2329 4220 2380 4273 iu
2418 4219 2657 4273 Ecclesia
2695 4220 2920 4274 verbum
2974 4219 3066 4274 Dei
3097 4219 3368 4274 catholice
3403 4221 3650 4282 tractari,

2077 4314 2385 4384 resipiscat,
2410 4322 2464 4367 et
2487 4313 2752 4383 intelligat
2783 4315 2908 4383 quia
2937 4315 3080 4382 quod
3111 4313 3392 4366 invenerat
3421 4312 3653 4379 perditio

391 4393 650 4448 sensibus
686 4394 754 4446 ab
803 4407 988 4446 eorum
1051 4393 1434 4462 conjunctione
1484 4407 1798 4466 separatur.
1845 4397 1973 4452 Post
2002 4397 2049 4457 Ι)
2076 4415 2181 4472 est,
2229 4407 2443 4470 reddet,
2487 4404 2684 4474 inquit,
2718 4405 2865 4474 quod
2908 4406 3132 4459 invenit.
3176 4403 3241 4456 Et
3277 4401 3326 4456 is
3358 4401 3448 4470 qui
3477 4401 3654 4470 perdi-

393 4491 509 4544 lraac
569 4486 636 4539 de
704 4486 890 4554 rapina
955 4485 1201 4541 dicitur:
1255 4501 1501 4557 raptores
1561 4499 1687 4544 sunt
1740 4489 1861 4543 mali
1919 4499 1974 4545 et

395 4580 519 4636 b0ni
545 4598 558 4645 ;
589 4590 644 4633 et
675 4577 798 4633 boni
825 4579 1038 4646 quidem
1082 4578 1177 4647 illi,
1215 4581 1279 4634 de
1316 4582 1513 4650 quibus
1542 4583 1671 4637 dicit
1702 4581 1970 4650 Salvator,

391 4671 518 4740 quia
557 4685 780 4739 regnum
816 4669 1080 4724 eatlorum
1121 4671 1388 4742 diripiunt
1414 4672 1482 4728 ".
1531 4671 1670 4727 Sunt
1703 4683 1884 4726 autem
1921 4682 1975 4729 et

397 4762 520 4814 tituli
557 4772 802 4830 raptores
828 4801 841 4823 ,
900 4763 965 4817 de
1007 4764 1204 4831 quibus
1245 4765 1375 4818 dicit
1425 4764 1688 4834 prOpheta
1725 4767 1770 4798 ’⁸⁸
1803 4784 1814 4818 :
1865 4784 1882 4816 ι
1911 4767 1972 4820 Ει

396 4859 581 4924 rapina
625 4871 919 4924 pauperum
975 4860 1028 4911 iit
1085 4859 1334 4912 domibus
1371 4860 1567 4913 vestris
1611 4869 1714 4913 est.
1743 4879 1762 4911 ι
1820 4860 1972 4928 Apo-

396 4947 569 5001 stolus
605 4962 730 5001 vero
758 4948 986 5017 abrupte
1022 4954 1367 5016 pronuntiat,
1400 4951 1590 5006 dicens
1617 4951 1660 4982 ’⁸⁷
1689 4969 1702 5003 :
1747 4971 1764 5002 ι
1798 4951 1974 5006 Nolite

392 5059 606 5108 errare,
648 5045 771 5112 quia
811 5056 986 5108 neque
1019 5041 1282 5106 adulteri,
1320 5058 1494 5110 neque
1535 5041 1760 5106 molles,
1799 5057 1973 5110 neque

395 5136 761 5191 masculorum
819 5133 1242 5198 concubitores,
1312 5149 1487 5202 neque
1545 5134 1730 5201 fures,
1795 5149 1973 5202 neque

465 5265 512 5296 ³⁸
539 5265 556 5318 1
582 5265 771 5320 Thess.
803 5279 876 5326 tv,
905 5261 957 5317 6.
1037 5263 1078 5295 ³³³
1104 5263 1297 5330 Philip.
1345 5281 1418 5326 tv,
1450 5267 1501 5320 1.

393 5334 439 5366 ⁵⁵
487 5335 677 5388 Matth.
732 5351 856 5389 xxti.
897 5333 987 5386 ‘20.
1065 5332 1108 5364 ⁸³
1163 5335 1351 5389 Matth.
1408 5351 1490 5402 XI,
1536 5336 1620 5388 12.

393 5405 497 5458 vit.
519 5421 592 5466 vt.
620 5405 676 5469 2,
706 5406 757 5458 5.
837 5405 882 5435 ⁸ο
908 5403 1105 5458 Ezcclt.
1142 5419 1308 5468 μνη,
1333 5405 1424 5459 56.
1499 5407 1542 5437 ⁸¹
1567 5404 1823 5471 Levit.vt,
1859 5407 1912 5462 5.

467 5521 576 5598 (90)
638 5521 730 5574 Es!
778 5531 959 5598 tamen
1013 5522 1236 5591 aliquid.
1302 5523 1379 5598 ita
1416 5525 1612 5598 codex
1682 5525 1970 5598 Sangerm.

395 5592 518 5644 liln-i
563 5608 693 5645 vero
724 5593 874 5652 editi,
911 5611 928 5641 ι
957 5602 1009 5645 et
1045 5605 1222 5645 tamen
1266 5593 1428 5659 aliqui
1463 5595 1661 5648 sciunt.
1700 5615 1717 5646 ι

477 5663 584 5730 191)
615 5663 797 5717 Codex
865 5663 1174 5731 Sangerm.,
1218 5680 1237 5714 ι
1300 5663 1512 5717 Ιίιιςηιο.
1556 5684 1571 5714 ι
1613 5665 1767 5723 Libh.
1803 5667 1968 5730 editi,

1578 5264 1668 5319 ⁸⁰1
1702 5265 1859 5321 Joan.
1895 5283 1934 5332 ι,
1976 5266 2030 5321 3.

1721 5336 1766 5367 “
1819 5336 1918 5391 lsa.
1963 5351 2041 5394 ut.
2085 5337 2168 5390 14.

2075 4498 2281 4552 tionem
2307 4496 2532 4558 invenit,
2570 4506 2623 4550 et
2675 4495 2764 4549 ille
2793 4496 2884 4564 qui
2920 4496 3188 4562 rapinam,
3225 4494 3319 4549 sed
3353 4505 3406 4547 et
3436 4493 3525 4548 ille
3559 4493 3650 4560 qui

2076 4589 2383 4659 depositum
2417 4588 2726 4660 abnegavit,
2767 4601 2820 4648 et
2845 4589 3024 4648 omnis
3049 4590 3361 4658 quicunque
3385 4589 3566 4656 aliqua
3584 4602 3652 4640 ex

2077 4688 2232 4748 parte
2266 4679 2462 4734 anima:
2504 4680 2688 4734 nocuit
2746 4683 3018 4750 proximo,
3045 4689 3137 4735 aut
3166 4679 3374 4749 iuravit
3404 4679 3602 4745 injuste
3631 4693 3646 4729 :

2085 4786 2102 4819 ε
2149 4767 2441 4834 liestituet,
2493 4771 2758 4840 inquit“,
2783 4773 2960 4840 ipsum
3001 4781 3182 4843 caput,
3217 4782 3270 4825 et
3305 4771 3525 4839 quiutas
3555 4785 3650 4823 su-

2081 4874 2178 4926 per
2205 4861 2445 4930 augebit,
2471 4869 2525 4915 et
2549 4863 2597 4916 ei
2628 4863 2782 4931 cujus
2802 4873 2901 4924 est,
2931 4862 3136 4925 reddet,
3163 4879 3181 4912 ι
3201 4861 3497 4915 secundum
3531 4876 3649 4912 eam

2081 4949 2344 5005 duntaxat
2397 4953 2790 5022 expositionem
2846 4969 3007 5021 quam
3058 4953 3124 5006 de
3158 4952 3368 5022 quintis
3393 4951 3654 5006 addendis

2080 5051 2208 5095 ante
2258 5041 2372 5110 jam
2405 5044 2658 5098 diximus.
2692 5062 2709 5094 σ
2756 5043 2822 5096 Ει
2867 5041 3082 5106 olTeret,
3114 5040 3290 5111 inquit
3318 5041 3389 5100 ⁵³.
3426 5040 3654 5094 Domino

2082 5135 2307 5191 arietem
2345 5138 2409 5190 de
2433 5134 2623 5188 ovibus
2651 5134 2770 5188 sine
2807 5133 3042 5199 macula,
3075 5131 3250 5202 pretio
3300 5130 3353 5184 in
3406 5130 3458 5184 id
3507 5131 3650 5199 quod

2108 5266 2150 5297 “
2187 5265 2227 5318 Il
2257 5265 2400 5319 Petr.
2435 5284 2474 5330 ι,
2508 5266 2561 5322 4.
2640 5267 2686 5296 ⁸³
2717 5264 2756 5316 ll
2781 5264 2906 5317 Cor.
2952 5279 3030 5327 vr,
3066 5263 3152 5317 U.
3230 5264 3276 5295 "’
3301 5262 3429 5317 Luc.
3468 5278 3552 5323 tv,
3599 5262 3650 5314 ’7.

2269 5337 2312 5366 ⁸⁷
2357 5339 2370 5389 l
2414 5339 2540 5392 Cor.
2585 5351 2658 5401 vt,
2702 5336 2788 5390 lt).
2865 5335 2910 5366 ⁸⁸
2959 5335 3150 5389 Matth.
3192 5352 3270 5400 tx,
3302 5338 3386 5390 17.
3466 5334 3509 5365 ⁵⁸
3547 5333 3650 5388 Le-

1989 5405 2035 5435 ⁸³
2064 5406 2195 5461 ibid.
2228 5408 2280 5470 (ἲ,
2316 5407 2366 5460 7.

2090 5544 2108 5578 c
2146 5526 2386 5580 malitite.
2418 5545 2437 5578 ι

2139 5598 2250 5669 (9'2)
2275 5595 2430 5652 Libb.
2475 5595 2627 5664 editi,
2668 5613 2688 5647 ι
2734 5595 2982 5652 multum.
3018 5616 3036 5650 ι
3078 5596 3228 5662 Mss,
3257 5613 3276 5647 ς
3316 5594 3507 5650 multa.
3542 5609 3566 5646 ι
