4090 6200
428 282 532 336 639

1911 279 2238 336 ΟΜΟΕΝΙΞ

3588 293 3691 348 ΗΟ

430 399 678 467 deliquit,
722 387 982 453 etorabit
1029 411 1125 465 pro
1176 410 1241 449 co
1284 395 1542 451 sacerdos
1585 407 1774 451 contra
1830 397 2009 451 Domi-
2038 392 2089 452 A
2114 397 2274 464 latus,
2307 414 2403 452 cor
2433 397 2735 453 contritum
2772 405 2825 449 ct
2862 396 3203 449 humiliatum
3235 394 3375 450 Deus
3400 408 3507 447 non
3541 408 3691 462 sper-

430 507 584 555 num,
611 502 663 545 et
706 490 1019 544 remittetur
1040 488 1088 543 ei
1130 503 1227 556 pro
1259 503 1366 542 uno
1406 488 1473 542 ab
1504 489 1761 544 omnibus
1789 506 1907 557 qua:
1937 490 2011 541 ιυ-

426 586 504 642 cit
559 594 616 638 et
664 582 890 651 deliquit
935 584 990 639 in
1034 595 1120 633 eo.
1149 600 1167 633 ι
1212 581 1461 637 Diximus
1512 582 1563 635 in
1614 582 2009 651 superioribus,

426 676 558 745 quid
582 683 665 728 est
696 673 894 727 oﬁ'erre
929 674 1183 739 arietem,
1218 684 1273 729 et
1296 676 1440 730 hunc
1477 678 1654 745 pretio
1682 676 1802 731 sicli
1831 677 2007 730 sancti

426 779 689 834 cmptmn.
725 765 880 819 Nunc
924 775 1195 834 superest,
1246 775 1305 820 ut
1344 766 1707 822 diﬁ‘erentiam
1753 768 1899 822 illam
1931 770 2015 821 di-

425 873 613 912 camus
642 875 655 911 :
688 857 831 927 quod
884 858 956 911 ibi
986 858 1221 926 pretium
1268 857 1449 927 posuit
1496 858 1615 913 sicli
1665 859 1864 921 sancti,
1926 858 2013 912 hic

430 950 809 1003 tantummodo
834 948 1069 1018 pretium
1099 947 1232 1002 dicit
1256 987 1271 1012 ,
1308 962 1409 1002 nec
1436 947 1793 1017 quantitatem
1827 948 2010 1018 pretii,

428 1061 530 1098 nec
586 1059 779 1097 nomen
834 1039 1078 1109 pecunias
1126 1039 1455 1108 designavit.
1517 1040 1575 1094 ιιι
1632 1042 2011 1108 superioribus

426 1137 570 1190 enim
614 1135 702 1187 ubi
750 1148 847 1202 pro
890 1137 1115 1200 peccato
1158 1130 1386 1199 quodin
1433 1140 1623 1186 sancta
1656 1132 2007 1186 commissum

429 1228 618 1289 fuerit,
651 1226 737 1280 lex
787 1223 1039 1286 dabatur,
1071 1221 1267 1276 siclum
1289 1233 1544 1278 sanctum
1577 1223 1815 1277 diximus
1838 1223 2008 1276 ιιοιιιί-

428 1322 640 1376 natum,
686 1317 741 1364 et
782 1311 977 1365 siclum
1025 1325 1224 1365 nomen
1285 1326 1408 1367 esse
1454 1312 1727 1383 pecunias;
1779 1322 1834 1365 ut
1883 1312 2009 1365 alibi

429 1407 645 1474 obolos,
698 1406 825 1462 alibi
874 1407 1163 1473 drachma,
1218 1406 1351 1464 alibi
1397 1424 1544 1474 mna,
1583 1408 1666 1461 vcl
1718 1408 2008 1471 talentum,

428 1504 513 1555 vel
543 1502 808 1556 minutum
836 1515 910 1555 ωε
938 1501 1023 1556 vel
1055 1500 1313 1557 denarius
1337 1501 1558 1556 dicitur.
1591 1500 1687 1555 Hic
1709 1516 1838 1571 ergo
1875 1500 2009 1553 nihil

429 1594 623 1648 horum
656 1595 990 1662 nominatur,
1016 1595 1109 1651 sed
1134 1605 1342 1651 tantum
1374 1595 1547 1665 pretio
1566 1594 1875 1648 oﬂercndus
1896 1593 2007 1663 (95)

433 1690 582 1742 aries
609 1688 833 1743 dicitur.
889 1688 1124 1744 Interest
1161 1689 1306 1743 enim
1346 1702 1575 1758 peccare
1611 1688 1662 1739 in
1695 1686 1923 1750 sanctis,
1954 1695 2009 1739 et

429 1796 657 1847 peccare
686 1790 841 1834 extra
901 1790 1114 1834 sancta.
1162 1779 1256 1834 Vis
1290 1788 1344 1834 et
1379 1777 1505 1831 alibi
1542 1777 1728 1830 videre
1765 1775 1908 1828 hanc
1936 1776 2007 1842 ip-

427 1890 543 1926 sam
596 1872 1053 1927 distinctionem?
1084 1871 1220 1926 Audi
1282 1870 1555 1941 quomodo
1585 1870 1637 1921 in
1696 1866 2009 1935 Regnorum

431 1962 586 2016 libris
638 1962 769 2015 dicit
825 1960 942 2015 lleli
998 1961 1262 2016 sacerdos
1294 1960 1360 2012 ad
1398 1959 1539 2011 ﬁlios
1597 1972 1727 2010 suos
1760 1956 1805 1986 ⁸³
1840 1972 1853 2007 :
1893 1975 1910 2005 ι
1954 1955 2010 2008 Si

428 2053 573 2106 enim
606 2052 917 2121 peccaverit
957 2051 1082 2120 quis
1117 2052 1171 2105 in
1208 2050 1506 2111 hominem,
1539 2041 1909 2116 exorabit'pro
1945 2062 2010 2101 eo

429 2145 710 2197 sacerdos.
750 2142 806 2196 Si
843 2151 1026 2195 autem
1057 2142 1111 2196 in
1148 2141 1317 2198 Deum
1354 2140 1686 2208 peccaverit,
1718 2140 1845 2207 quis
1874 2153 2008 2191 exo-

428 2234 574 2286 rabit
609 2248 706 2303 pro
739 2248 803 2287 eo
831 2233 854 2287 '3
884 2253 902 2285 ι
942 2231 1204 2287 Similiter
1251 2242 1306 2286 et
1326 2231 1565 2286 Joannes
1611 2230 1888 2299 apostolus
1930 2230 2013 2282 di-

433 2326 624 2382 cit":
662 2344 679 2377 ι
719 2325 816 2381 Est
882 2336 1165 2395 peccatum
1215 2325 1281 2379 ad
1322 2334 1575 2387 mortem,
1626 2338 1735 2377 non
1777 2337 1876 2392 pro
1920 2323 2012 2375 illo

431 2418 555 2471 dico
582 2426 863 2474 utoretur.
897 2436 916 2469 ι
946 2418 1085 2484 Quia
1113 2431 1243 2485 ergo
1273 2416 1624 2470 diversitates
1661 2424 2009 2485 peccatorum

430 2509 644 2563 discere
690 2522 757 2562 ex
812 2507 1047 2575 spiritali
1086 2507 1204 2577 lege
1240 2506 1525 2570 debemus,
1559 2505 1611 2559 in
1650 2506 1848 2573 quibus
1888 2518 2012 2573 pec-

430 2599 573 2652 catis
628 2598 1005 2651 tantummodo
1051 2596 1315 2651 emendns
1371 2598 1442 2650 sit
1502 2595 1668 2659 aries,
1718 2596 1770 2648 in
1817 2593 2013 2659 quibus

427 2704 561 2743 vero
612 2689 745 2743 siclo
800 2696 991 2742 sancto
1051 2686 1400 2751 mercandus,
1441 2684 1533 2757 qui
1575 2685 1741 2740 etiam
1780 2685 1890 2737 sint
1920 2682 2009 2735 isti

428 2781 520 2847 qui
554 2779 787 2832 vendant
827 2777 1048 2842 arietes,
1092 2776 1466 2845 requiramus.
1515 2775 1625 2844 Ego
1652 2774 1891 2827 arbitror
1934 2774 2012 2840 ip-

432 2886 528 2925 sos
550 2884 671 2924 esse
706 2870 865 2933 istos,
904 2868 995 2938 qui
1056 2868 1260 2923 arietes
1316 2870 1385 2920 ad
1438 2865 1769 2920 sacriﬁcium
1804 2864 2009 2917 distra-

429 2964 588 3029 hunt,
624 2962 715 3032 qui
748 2969 874 3017 sunt
909 2960 1100 3026 etilli,
1135 2959 1225 3029 qui
1260 2957 1437 3013 oleum
1476 2965 1541 3010 ad
1587 2957 1868 3026 lampadas
1898 2957 2009 3007 vir-

433 3052 617 3120 ginutn
648 3052 911 3115 vendunt,
946 3052 1014 3104 de
1045 3050 1246 3119 quibus
1283 3048 1540 3103 dicebant
1580 3048 1684 3100 illa:
1715 3046 2010 3114 prudentes

433 3143 616 3198 stultis
659 3142 965 3210 virginibus
997 3142 1085 3193 ⁸⁸;
1126 3158 1145 3192 ι
1188 3140 1265 3194 Ite
1294 3140 1360 3194 ad
1412 3141 1724 3198 vendentes,
1756 3148 1810 3191 et
1846 3139 2011 3191 emite

428 3235 605 3289 vobis.
660 3254 680 3286 ι
737 3232 988 3289 Vendunt
1040 3248 1170 3302 ergo
1202 3232 1285 3288 vel
1329 3232 1507 3287 oleum
1572 3230 1888 3296 luminilms,
1930 3230 2011 3284 vel

431 3328 633 3381 arietes
666 3314 977 3390 sacriﬁciis,
1006 3325 1097 3395 qui
1131 3325 1224 3379 alii
1282 3325 1386 3379 nisi
1435 3324 1716 3394 prophetae
1756 3325 1927 3376 sancti
1961 3331 2013 3377 et

404 3419 687 3495 _apostoli,
743 3421 831 3489 qui
885 3420 1018 3474 mihi
1065 3434 1190 3472 cmn
1247 3432 1549 3489 peccavero
1595 3418 1909 3479 ostendunt,
1960 3426 2013 3470 et

431 3509 715 3564 consilium
749 3511 878 3565 dant
905 3511 1177 3579 quomodo
1218 3510 1442 3565 debeam
1472 3508 1751 3578 corrigere
1796 3523 2013 3561 errores

431 3616 583 3655 meos
646 3613 700 3656 et
750 3602 1041 3658 emendare
1086 3601 1343 3670 peccata?
1407 3599 1603 3655 Vendit
1671 3599 1801 3652 mihi
1846 3598 2014 3654 Isaias

431 3693 660 3747 arietem
709 3695 775 3748 ad
824 3692 1242 3749 sacriﬁcandum
1280 3707 1379 3761 pro
1427 3701 1671 3761 peccato,
1711 3708 1835 3747 cum
1881 3693 2010 3745 mihi

431 3785 584 3850 dicit,
638 3796 893 3855 tanquam
959 3802 1026 3841 ex
1080 3785 1173 3840 Dei
1225 3800 1455 3854 persona
1498 3786 1587 3837 ‘6:
1630 3804 1645 3835 ι
1688 3785 2013 3838 llolocausta

430 3877 685 3940 arietum,
733 3889 789 3932 et
821 3878 1008 3945 adipes
1061 3892 1351 3947 agnorum,
1382 3885 1436 3930 et
1474 3876 1795 3946 sanguinem
1830 3876 2011 3929 hirco-

434 3984 550 4021 rum
588 3979 642 4019 ct
670 3978 949 4021 taurorum
982 3967 1129 4022 nolo.
1157 3986 1176 4020 ι
1195 3968 1259 4023 Et
1277 3967 1438 4037 paulo
1464 3977 1588 4034 post
1620 3966 1901 4035 subjungit
1932 3966 2007 4017 ":

437 4076 456 4107 ι
493 4059 710 4113 Aule-rte
741 4060 1013 4127 nequitias
1046 4057 1114 4111 ab
1149 4058 1349 4112 animis
1386 4060 1601 4121 vestris,
1645 4071 1675 4110 a
1715 4066 2010 4124 Conspectu

430 4152 714 4203 oculorum
738 4149 1305 4215 vestrorum;discite
1340 4151 1540 4204 bonum
1578 4148 1779 4212 facere,
1818 4148 2012 4216 eripite

432 4243 685 4310 injuriam
736 4243 1118 4311 accipientem,
1161 4242 1407 4313 judicate
1460 4241 1688 4311 pupillo,
1719 4250 1773 4295 et
1806 4239 2009 4310 justiﬁ-

430 4345 553 4388 cate
588 4335 825 4399 viduam,
859 4344 914 4389 et
941 4335 1123 4389 venite
1161 4333 1523 4404 disputemus,
1552 4333 1685 4387 dicit
1725 4332 2008 4387 Dominus.

2116 490 2216 544 nit.
2250 508 2269 540 ι
2326 488 2459 544 Cum
2517 504 2650 560 ergo
2701 489 2898 557 singuli
2944 491 3356 559 prophetarum,
3401 486 3484 542 vel
3530 486 3693 541 etiam

2118 583 2486 649 apostolorum
2530 581 2819 635 consilium
2872 581 2955 635 his
3007 581 3097 648 qui
3144 580 3486 649 delinquttnt,
3533 581 3692 635 dede—
3744 616 3750 620 ‹

2118 672 2248 733 rint,
2280 687 2385 740 quo
2413 671 2625 739 possint
2648 671 2927 739 corrigere
2954 670 3037 722 vel
3069 670 3362 723 emendare
3385 681 3695 739 peccatum,

2118 763 2313 817 merito
2350 763 2434 816 his
2480 763 2791 817 vendidisse
2823 765 3025 815 arietes
3058 762 3125 815 ad
3160 762 3497 816 sacriﬁcium
3536 762 3689 816 vide-

2114 853 2341 910 buntur.
2394 853 2533 919 Quid
2589 865 2772 908 autem
2815 853 2975 922 pretii
3025 869 3053 907 a
3103 855 3550 924 Comparantibus
3602 873 3695 909 su-

2116 954 2288 1012 mant,
2343 946 2473 999 illud
2516 947 2729 1015 opinor,
2789 945 3003 1015 legendi
3034 946 3302 1007 studium,
3336 948 3547 1016 vigilias
3596 966 3693 1001 au-

2114 1038 2295 1091 diendi
2325 1039 2473 1091 verbi
2508 1039 2622 1101 Dei,
2658 1049 2713 1094 et
2741 1054 2905 1107 super
2933 1039 3110 1092 omnia
3144 1039 3521 1109 dignissimum
3570 1056 3695 1107 prc-

2118 1129 2250 1181 tium
2281 1127 2650 1183 obedientiam
2699 1138 2847 1199 puto,
2902 1131 2967 1183 de.
2993 1144 3100 1199 qua
3137 1129 3274 1184 dicit
3320 1130 3583 1183 Dotninus
3612 1132 3690 1182 θοι

2120 1235 2137 1268 ι
2169 1217 2547 1272 Obedientiam
2585 1218 2726 1272 malo
2754 1233 2917 1287 quam
2948 1219 3299 1285 sacriﬁcium,
3333 1228 3390 1274 et
3414 1220 3555 1275 dicto
3599 1239 3694 1274 an-

2113 1308 2372 1363 dientiam
2408 1309 2582 1378 magis
2611 1325 2777 1378 quam
2808 1310 3146 1365 holocausta.
3170 1332 3188 1364 ι

2180 1396 2236 1452 6.
2258 1397 2383 1453 Post
2402 1400 2515 1452 ιιωυ
2532 1398 2879 1468 subsequitur
2899 1401 2941 1439 σί
2965 1416 2977 1452 :
3002 1421 3019 1452 ι
3050 1402 3113 1455 Et
3129 1401 3458 1466 locutusest,
3488 1404 3659 1471 inquit
3675 1445 3690 1464 ,

2115 1488 2376 1543 Dominus
2399 1491 2464 1544 ad
2491 1490 2730 1562 Moysen,
2763 1492 2947 1547 dicens
2978 1510 2991 1546 :
3020 1493 3256 1564 Prtecipe
3281 1497 3460 1549 Aaron
3484 1506 3538 1549 et
3570 1498 3695 1551 ﬁliis

2112 1585 2249 1651 ejus,
2278 1584 2465 1639 dicens
2499 1602 2512 1638 :
2550 1583 2674 1637 llaac
2694 1594 2776 1638 est
2807 1586 2890 1640 lex
2915 1586 3074 1655 202
3101 1588 3430 1642 holocausti:
3453 1587 3562 1644 lloc
3597 1592 3695 1643 ho-

2115 1676 2421 1729 locaustum
2463 1676 2514 1729 in
2550 1678 2889 1732 crematione
2908 1695 3001 1731 sua
3036 1679 3139 1732 erit
3174 1695 3337 1748 super
3377 1680 3550 1734 altare
3581 1692 3691 1735 tota

2117 1776 2272 1819 nocte
2310 1765 2550 1833 usqueiu
2587 1781 2745 1821 mane
2786 1778 2883 1821 :et
2909 1768 3049 1834 ignis
3071 1769 3261 1823 altaris
3296 1770 3695 1840 ardebitsnper

2116 1856 2265 1918 illud,
2306 1871 2406 1909 nec
2457 1857 2862 1925 exstinguetttr.
2896 1858 2956 1912 Et
2994 1861 3181 1913 induet
3220 1876 3279 1914 se
3314 1864 3574 1916 sacerdos
3601 1876 3689 1916 tu-

2117 1948 2295 2000 nicam
2348 1948 2569 2011 lineam,
2624 1958 2679 2002 et
2733 1944 3043 2018 campestre
3074 1951 3275 2005 lineum
3324 1953 3511 2009 induet
3546 1956 3694 2011 circa

2115 2052 2314 2105 corpus
2335 2051 2526 2100 suum;
2557 2037 2840 2091 etanferet
2870 2039 3130 2103 hostiam,
3157 2056 3318 2109 quam
3346 2058 3696 2113 consumpse-

2116 2127 2186 2180 rit
2219 2128 2385 2194 ignis,
2431 2139 2486 2181 ct
2540 2127 2926 2181 holocaustum
2956 2128 3022 2183 de
3056 2130 3242 2196 altari,
3276 2143 3330 2186 et
3359 2143 3526 2201 ponet
3559 2136 3691 2189 illud

2114 2233 2271 2273 secus
2296 2219 2503 2284 altare;
2541 2229 2594 2273 et
2628 2219 2955 2285 despoliabit
2986 2234 3043 2273 se
3078 2220 3211 2274 stola
3250 2237 3369 2285 sua,
3403 2236 3458 2278 et
3489 2225 3693 2281 indue-

2117 2319 2205 2362 tur
2234 2310 2366 2363 stola
2422 2310 2558 2373 alia;
2620 2319 2673 2363 et
2700 2310 2881 2379 ejiciet
2927 2311 3158 2365 hostiam
3193 2329 3313 2382 quae
3339 2327 3582 2372 cremata
3611 2328 3696 2372 est

2114 2413 2265 2456 extra
2292 2411 2470 2456 castra
2502 2402 2555 2455 in
2606 2401 2785 2454 locum
2824 2403 3105 2456 mundum.
3142 2403 3209 2456 Et
3243 2405 3382 2474 ignis
3415 2423 3585 2476 super
3614 2410 3697 2461 al-

2114 2503 2230 2547 tare
2262 2493 2497 2559 ardebit,
2532 2509 2630 2547 nec
2673 2494 3073 2563 exstinguetur,
3126 2505 3179 2549 et
3216 2499 3501 2553 eomburet
3530 2517 3696 2569 super

2116 2586 2243 2639 illud
2305 2588 2563 2641 sacerdos
2610 2586 2752 2656 ligna
2790 2600 2974 2650 mane,
3014 2594 3070 2640 et
3107 2591 3439 2658 constipahit
3477 2592 3529 2645 in
3561 2593 3693 2647 illud

2116 2679 2511 2743 holocaustum,
2540 2687 2596 2733 et
2648 2677 2889 2745 imponet
2924 2692 3087 2746 super
3113 2677 3243 2732 illud
3288 2682 3503 2751 adipem
3548 2684 3694 2738 salu-

2118 2771 2272 2835 taris,
2318 2780 2371 2824 et
2430 2771 2569 2840 ignis
2612 2784 2828 2837 semper
2867 2768 3079 2823 ardebit
3134 2786 3302 2838 super
3350 2775 3541 2839 altare,
3594 2792 3696 2831 nec

2119 2863 2523 2932 exstinguetnr.
2564 2881 2583 2914 ι
2636 2860 2773 2916 Audi
2840 2873 3060 2929 semper
3113 2860 3309 2916 debere
3342 2879 3463 2917 esse
3511 2864 3693 2936 ignem

2114 2972 2279 3025 super
2331 2956 2506 3009 altare
2542 2964 2597 3009 et
2637 2965 2714 3017 tu,
2750 2953 2795 3008 si
2834 2953 2915 3008 vis
2964 2970 3086 3011 esse
3134 2958 3390 3012 sacerdos
3419 2959 3534 3024 Dei,
3582 2960 3692 3014 sic-

2039 3084 2081 3139 α
2123 3060 2183 3103 ιιι
2238 3051 2505 3118 scriptum
2554 3062 2636 3105 est
2665 3052 2780 3106 δἐι
2825 3053 3026 3107 Omnes
3078 3053 3224 3106 enim
3272 3068 3366 3106 vos
3430 3056 3693 3107 sacerdo-

2118 3154 2199 3195 tes
2260 3140 2468 3194 Domini
2517 3142 2696 3195 eritis.
2744 3162 2762 3195 ι
2810 3142 2877 3196 Ει
2924 3142 2993 3197 ad
3051 3154 3100 3197 lc
3140 3143 3286 3197 enim
3338 3143 3547 3197 dicitur
3597 3142 3686 3196 ⁶³ε

2119 3249 2137 3280 ι
2167 3230 2311 3285 (iens
2339 3231 2527 3293 elcc:a,
2568 3233 2746 3301 regale
2766 3234 3152 3298 sacerdotium,
3179 3233 3409 3304 populus
3438 3235 3490 3288 iu
3512 3236 3695 3305 aequi-

2112 3324 2389 3377 sitionem.
2429 3343 2445 3375 ι
2475 3325 2532 3377 Si
2587 3340 2717 3394 ergo
2758 3326 2838 3380 vis
2884 3326 3253 3381 sacerdotium
3299 3341 3464 3397 agere
3491 3329 3693 3383 anima:

2117 3425 2246 3475 tute,
2277 3430 2551 3483 nunquam
2589 3417 2810 3469 recedat
2836 3417 2976 3485 ignis
3015 3418 3082 3472 de
3112 3418 3271 3473 altari
3321 3429 3433 3472 tuo.
3465 3418 3580 3474 Hoc
3610 3432 3695 3474 est

2116 3507 2257 3575 quod
2316 3515 2371 3561 et
2417 3507 2680 3563 Dominus
2731 3509 2784 3562 in
2834 3509 3144 3579 Evangeliis
3208 3512 3453 3581 przecipit
3500 3513 3581 3576 “,
3638 3521 3697 3569 ut

2120 3617 2139 3650 ι
2165 3600 2275 3652 sint
2306 3599 2470 3653 lumbi
2501 3600 2664 3655 vestri
2690 3602 2991 3670 praecincti,
3020 3614 3071 3655 et
3096 3603 3333 3658 lucerna:
3352 3613 3545 3658 vestrae
3559 3620 3696 3659 sem-

2115 3706 2210 3759 per
2264 3696 2539 3747 ardentes.
2581 3713 2599 3744 ι
2632 3693 2861 3762 Semper
2912 3693 3024 3765 (94)
3058 3711 3186 3763 ergo
3242 3697 3339 3750 tibi
3374 3697 3515 3766 ignis
3546 3697 3690 3763 ﬁdei,

2114 3795 2167 3839 et
2199 3786 2416 3839 lucerna
2444 3786 2687 3840 St'iCttlltl:
2723 3806 2954 3843 accensa
3000 3791 3088 3842 sit.
3122 3790 3226 3842 Sed
3264 3799 3318 3842 et
3344 3790 3485 3857 quod
3534 3791 3691 3854 dixit,

2120 3897 2137 3927 ι
2179 3877 2345 3930 lumbi
2378 3877 2540 3929 vestri
2574 3879 2873 3945 praecincti,
2911 3899 2928 3931 ι
2970 3881 3231 3934 Dominus
3262 3881 3313 3934 in
3350 3880 3645 3949 Evangelio
3676 3895 3692 3933 :

2115 3968 2213 4022 hoc
2242 3967 2382 4020 idem
2411 3978 2517 4029 est,
2550 3968 2693 4036 quod
2736 3980 2789 4023 et
2834 3985 2981 4024 nunc
3018 3970 3297 4039 legislator
3324 3971 3605 4039 praecepit,
3636 3980 3696 4024 ut

2114 4056 2404 4129 campestri
2437 4057 2582 4110 lineo
2616 4061 2984 4131 pra'cingatur
3017 4062 3298 4123 sacerdos,
3330 4071 3384 4115 et
3409 4061 3487 4114 ita
3520 4061 3692 4115 reteri

2114 4153 2296 4205 cinere
2314 4150 2585 4221 deposito,
2619 4152 2838 4207 innovet
2873 4170 3064 4209 sacros
3090 4154 3263 4223 ignes.
3289 4154 3517 4223 Oportet
3547 4155 3691 4206 enim

2114 4245 2281 4298 etiam
2335 4262 2429 4302 nos
2488 4245 2670 4299 dicere
2701 4246 2785 4301 ⁶⁸;
2823 4264 2840 4296 ι
2878 4245 3019 4301 Ecce
3084 4256 3270 4300 vetera
3326 4246 3691 4310 transierunt,

2115 4347 2168 4390 ct
2194 4337 2331 4391 facta
2365 4348 2494 4393 sunt
2518 4340 2700 4393 omnia
2750 4354 2913 4395 nova.
2956 4357 2974 4390 ι
3005 4338 3314 4406 Catnpestri
3364 4337 3509 4392 enim
3545 4338 3693 4391 lineo

427 4424 493 4477 Et
518 4427 560 4478 si
584 4424 787 4478 fuerint
818 4435 1037 4495 peccata
1068 4434 1252 4480 vestra
1280 4434 1338 4480 ut
1357 4425 1716 4494 phmnicium,
1748 4437 1806 4479 ut
1829 4425 2007 4479 nivem
2040 4436 2084 4490 ι)
2117 4430 2374 4500 cingitur,
2415 4431 2523 4495 vel,
2556 4433 2696 4485 sicut
2732 4430 2861 4483 alini
2915 4430 3145 4494 dicitur,
3181 4429 3542 4485 remoralilius
3586 4431 3694 4481 uti.

428 4516 721 4580 dealbabo;
759 4518 803 4571 si
842 4527 1022 4571 autem
1062 4526 1121 4571 ut
1168 4512 1477 4583 coccinum,
1511 4528 1570 4572 ut
1609 4518 1789 4572 lanam
1822 4518 2010 4572 candi-

429 4611 549 4663 dam
576 4607 827 4662 cﬁiciam.
856 4627 873 4660 ι
916 4608 1118 4663 Vendit
1155 4607 1290 4661 mihi
1325 4609 1553 4663 arietem
1579 4619 1634 4663 et
1669 4608 1853 4663 Daniel
1880 4624 2005 4663 cum

431 4701 566 4755 dicit
589 4700 656 4766 ⁵⁸,
712 4701 838 4771 quia
869 4719 888 4753 ι
921 4716 1027 4757 non
1055 4708 1141 4757 est
1196 4700 1349 4756 locus
1376 4700 1444 4754 ad
1495 4699 1914 4754 sacriﬁcandum
1951 4699 2004 4754 in

434 4804 730 4865 conspectu
753 4804 863 4861 tuo,
896 4804 954 4849 ut
979 4793 1252 4864 possimus
1271 4793 1513 4847 invenire
1544 4792 2001 4846 misericordiam.

435 4887 543 4941 Sed
603 4887 655 4941 in
711 4887 892 4941 anima
951 4887 1313 4942 contribulata
1360 4892 1416 4939 et
1440 4883 1634 4954 spiritu
1677 4882 2006 4936 humilitatis

430 4980 797 5049 suscipiamur
857 4966 1001 5034 velut
1046 4979 1100 5034 in
1157 4976 1510 5033 multitudine
1574 4990 1835 5043 agnorum
1890 4976 2007 5045 pin-

428 5072 635 5138 guimn,
667 5069 747 5123 sic
779 5070 872 5125 ﬁat
894 5070 1222 5126 sacriﬁcium
1249 5079 1495 5123 nostrum
1519 5066 1575 5121 in
1598 5074 1891 5136 conspectu
1916 5075 2008 5120 tuo

434 5164 615 5215 hodie.
644 5182 661 5215 ι
696 5163 895 5217 Vendit
939 5163 1099 5218 nobis
1126 5172 1180 5216 et
1225 5161 1391 5215 David
1439 5159 1667 5215 arietem
1711 5158 2006 5223 sacriﬁcii,

429 5269 554 5305 cmn
593 5253 721 5307 dicit
754 5254 839 5306 ”:
876 5271 895 5304 ι
943 5254 1290 5309 Sacriﬁcium
1324 5253 1436 5308 Deo
1464 5252 1687 5322 Spiritus
1729 5250 2007 5306 contribu-

499 5345 587 5397 ⁵³1
622 5347 752 5415 Reg.
790 5364 853 5413 ιι,
887 5347 976 5401 25.
1057 5348 1103 5379 ⁸³
1146 5350 1158 5399 l
1197 5347 1355 5401 Joan.
1393 5362 1445 5410 v,
1481 5345 1570 5400 l6.

429 5413 630 5487 @3559.
711 5413 774 5448 ⁷⁵⁹
810 5418 929 5472 l’sal
976 5419 1166 5478 ιι,19.
1268 5417 1359 5470 9°I
1400 5418 1532 5487 Reg.
1586 5433 1673 5483 xv,
1711 5416 1801 5470 2‘2.

434 5483 478 5516 “
509 5484 635 5539 an.
661 5502 762 5549 xit,
788 5488 877 5543 55.
955 5488 1203 5543 “llCor.
1242 5504 1295 5554 v,
1338 5487 1427 5542 Π.

504 5576 614 5645 (95)
657 5577 835 5633 Pretio
858 5581 1182 5649 o/Teremlus.
1215 5581 1289 5633 Ita
1332 5582 1498 5635 codex
1529 5580 1817 5650 Sangerm.
1854 5580 2000 5635 Libri

438 5660 612 5720 attinnt
642 5650 797 5720 editi,
836 5668 854 5700 ι
882 5653 1117 5720 pretium
1154 5668 1259 5718 quo
1290 5649 1623 5709 oll'erendus.
1654 5649 1686 5701 γι

508 5717 617 5781 (94)
648 5717 998 5789 Adverbium,
1035 5739 1053 5771 ι
1096 5736 1330 5790 sunper,
1377 5738 1393 5772 ι
1442 5722 1595 5776 deest
1625 5722 1677 5775 in
1702 5731 1857 5775 antea
1889 5721 2002 5775 edi-

1646 5347 1694 5378 ³⁸
1728 5345 1919 5400 Matth.
1953 5346 2078 5406 xxv,
2110 5346 2161 5400 9.

1907 5417 1949 5446 ⁶¹
1985 5416 2154 5470 Levit.
2200 5432 2275 5484 τι,
2310 5418 2343 5473 8
2367 5431 2422 5475 et
2440 5415 2592 5492 seqq.

2118 4530 2224 4587 tur,
2252 4522 2341 4589 qui
2367 4521 2634 4576 luxuriam
2668 4523 2825 4578 ﬂuxa:
2871 4523 3114 4579 libidinis
3137 4523 3361 4594 cingulo
3389 4522 3693 4577 restrinxe-

2117 4614 2187 4667 rit
2218 4614 2511 4668 castitatis.
2542 4615 2682 4670 Ante
2709 4614 2891 4669 omnia
2927 4615 3070 4669 enim
3120 4615 3378 4672 sacerdos
3425 4615 3516 4684 qui
3556 4616 3695 4667 divi-

2116 4700 2199 4755 nis
2258 4701 2465 4754 assistit
2510 4701 2775 4757 altaribus
2817 4704 3071 4758 castitate
3111 4704 3271 4759 debet
3311 4704 3545 4773 accingi,
3596 4720 3695 4755 nec

2114 4792 2273 4845 aliter
2323 4808 2553 4863 purgare
2602 4802 2785 4848 vetera
2817 4804 2870 4849 et
2911 4796 3220 4849 instaurare
3265 4797 3467 4866 poterit
3525 4811 3688 4859 nova,

2116 4887 2219 4940 nisi
2250 4887 2682 4944 lineisinduatur
2708 4890 2842 4963 (95).
2874 4891 2949 4944 De
2976 4891 3136 4947 lineis
3171 4909 3312 4961 saepe
3341 4891 3452 4959 jam
3486 4891 3691 4945 dictmn

2115 4986 2219 5041 εει,
2245 4985 2299 5028 et
2333 4984 2461 5031 tunc
2488 4980 2726 5032 maxime
2757 4996 2880 5035 cum
2910 4981 2977 5037 de
3026 4981 3356 5038 indumentis
3376 4981 3694 5034 sacerdota-

2115 5064 2257 5122 libus
2303 5068 2640 5134 dicebamus,
2675 5076 2820 5141 quod
2857 5074 3070 5144 species
3102 5074 3208 5128 ista
3249 5073 3479 5128 formam
3511 5082 3697 5126 teneat

2114 5161 2419 5218 castitatis:
2442 5162 2568 5230 quia
2598 5165 2749 5233 origo
2780 5163 2871 5218 lini
2907 5165 2980 5219 ita
3018 5182 3047 5219 e
3093 5176 3235 5220 terra
3274 5166 3511 5229 ducitur,
3546 5174 3600 5218 et
3628 5164 3697 5219 de

2118 5260 2267 5306 terra
2294 5254 2498 5317 editur,
2537 5267 2596 5311 ut
2646 5272 2710 5312 ex
2758 5258 2903 5311 nulla
2934 5258 3262 5312 admistione
3299 5267 3560 5323 com-cpta
3594 5257 3693 5311 sit.

2252 5348 2433 5419 ",lsa.
2466 5353 2617 5419 1,“.
2691 5353 2736 5383 "
2794 5354 2922 5407 ibid.
2958 5354 3040 5411 16.
3076 5352 3163 5419 l7,
3206 5354 3288 5407 l8.
3364 5351 3412 5384 ⁸⁸
3444 5351 3575 5406 Dan.
3606 5367 3695 5416 ιιι,

2707 5424 2751 5455 ⁶²
2783 5424 2886 5479 lsa.
2925 5440 3034 5491 LM,
3062 5424 3116 5478 6.
3222 5424 3267 5455 "
3302 5420 3492 5477 lPetr.
3531 5437 3595 5488 ιι,
3630 5420 3688 5477 9.

2118 5580 2209 5641 tis,
2237 5580 2329 5633 sed
2352 5580 2630 5651 reperitur
2654 5581 2704 5633 in
2733 5598 2860 5634 mss.
3313 5644 3319 5651 υ

2172 5651 2301 5773 .(9d5)
2338 5650 2523 5704 Codex
2562 5651 2872 5719 S.tngettn.,
2913 5670 2930 5701 ι
2978 5652 3257 5705 induatur.
3295 5648 3317 5702 ι’
3347 5650 3501 5704 Libb.
3536 5648 3687 5713 editi,

2118 5741 2134 5771 ι
2170 5737 2220 5775 ιιι
2267 5731 2409 5773 utns.
2447 5738 2466 5772 ι
