4106 6246
382 321 481 377 ιιι

1550 313 1617 367 IN
1662 312 2033 368 LEVITICUM
2075 314 2355 369 HOMILIA
2396 314 2481 369 IV.

3528 314 3632 367 ΜΞ.

385 431 795 490 Observandum
850 441 1029 485 tamen
1053 438 1136 484 est
1179 429 1321 499 quod
1350 428 1475 484 aliis
1507 429 1838 483 indumentis
1870 444 1957 483 sa-
1985 435 2032 491 Α
2066 430 2207 485 hanc
2260 432 2377 483 dedi
2428 431 2496 484 ab
2544 429 2734 484 hostiis
2785 429 3017 484 Domini.
3064 428 3264 483 Sancta
3317 440 3629 484 sanctorum

386 523 582 579 cerdos
606 522 775 575 utitur
804 522 933 576 dum
956 530 1038 577 est
1080 522 1133 575 in
1176 518 1577 574 sacriﬁciorum
1626 519 1953 585 ministerio,

386 623 442 667 et
477 611 602 666 aliis
646 626 767 664 cum
798 612 1043 681 procedit
1077 611 1143 664 ad
1194 609 1472 679 populum.
1504 607 1615 663 Hoc
1646 608 1879 662 faciebat
1905 619 1960 664 ct

388 703 590 760 Paulus
624 704 1017 757 scientissimus
1036 702 1443 771 pontificum.et
1473 700 1840 770 peritissimus
1867 718 1959 755 sa-

387 794 954 861 cerdotum.Quicum
1001 796 1221 849 essetin
1262 804 1403 849 coetu
1431 793 1960 862 perfectorum,tan-

387 903 547 956 quam
579 886 719 939 intra
744 887 943 940 Sancta
975 897 1286 939 sanctorum
1309 890 1536 957 positus,
1581 897 1636 939 et
1672 888 1809 941 stula
1834 904 1957 957 per-

387 979 639 1034 fectionis
668 980 882 1033 indutus
904 979 1117 1032 dicebat
1146 977 1190 1009 ⁸⁸
1220 995 1232 1029 :
1266 996 1283 1029 ι
1321 978 1651 1047 Sapientiam
1683 978 1958 1047 loquimur

389 1072 536 1125 inter
561 1069 859 1139 perfectos,
888 1070 1209 1139 sapientiam
1246 1079 1425 1123 autem
1445 1085 1551 1123 non
1578 1070 1734 1139 hujus
1752 1073 1956 1138 mundi,

382 1176 561 1229 neque
608 1160 916 1229 principum
979 1159 1138 1227 hujus
1188 1160 1399 1225 mundi,
1433 1160 1525 1229 qui
1584 1161 1958 1229 destruantur,

382 1252 477 1307 sed
508 1251 779 1329 loquimur
820 1250 916 1305 Dei
950 1251 1271 1318 sapientiam
1301 1252 1354 1304 in
1390 1255 1648 1323 mysterio
1674 1254 1957 1308 abscondi-

387 1354 517 1408 tam,
534 1358 693 1413 quam
717 1357 879 1399 nemo
899 1342 1204 1412 principum
1228 1341 1386 1411 hujus
1404 1344 1584 1396 smculi
1608 1346 1882 1413 cognovit.
1903 1346 1959 1399 Si

378 1440 525 1492 enim
557 1439 965 1507 cognovissent,
1026 1451 1300 1504 nunquam
1336 1438 1625 1491 Dominum
1659 1438 1960 1505 maiestatis

378 1529 806 1584 crucifixissent.
839 1547 853 1583 ι
898 1527 1001 1582 Sed
1038 1537 1159 1596 post
1184 1529 1300 1581 hate
1323 1536 1578 1596 tanquam
1612 1529 1677 1581 ad
1707 1532 1959 1599 pupulum

379 1624 568 1675 exiens
624 1630 796 1675 mutat
852 1619 1071 1680 stolam,
1097 1626 1151 1671 et
1201 1618 1305 1672 alia
1346 1620 1585 1673 induitur
1631 1621 1791 1692 longe
1825 1623 1958 1678 infe-

376 1712 550 1776 riore,
618 1726 786 1779 quam
832 1710 944 1764 illa.
990 1710 1056 1763 Et
1099 1711 1229 1780 quid
1289 1710 1421 1764 dicit
1451 1712 1527 1764 ‘7?
1565 1730 1582 1761 ι
1618 1711 1759 1765 Nihil
1787 1715 1953 1779 aliud,

381 1801 582 1871 inquit,
608 1802 858 1872 jutlicavi
879 1816 963 1857 me
988 1802 1134 1856 scire
1160 1803 1296 1865 inter
1325 1818 1436 1867 vos,
1456 1803 1560 1857 nisi
1588 1802 1771 1859 Jesum
1798 1803 1957 1860 Chri-

385 1904 557 1961 stum,
581 1906 633 1949 et
679 1897 832 1951 hunc
870 1895 1206 1950 crucifixum.
1242 1915 1261 1949 ι
1305 1894 1460 1950 Vides
1495 1911 1624 1966 ergo
1661 1898 1820 1951 istum
1857 1900 1956 1952 do-

389 1986 684 2039 ctissimum
733 1987 1090 2051 sacerdotem,
1125 1987 1393 2055 quomodo
1436 1988 1653 2041 indutus
1691 1990 1783 2042 sit.
1820 1990 1955 2044 Cum

387 2087 468 2132 est
495 2079 666 2132 iturus
702 2079 847 2133 inter
888 2077 1179 2147 perfectos,
1211 2078 1357 2132 velut
1401 2079 1454 2131 in
1502 2080 1706 2135 Sancta
1740 2093 1957 2137 sancto-

385 2183 525 2235 rum,
549 2166 653 2219 alia
697 2168 865 2221 utitur
904 2167 1039 2222 stola
1085 2168 1366 2223 doctrinm.
1393 2169 1527 2224 Cum
1576 2172 1703 2226 véro
1737 2175 1850 2226 exit
1890 2175 1955 2229 ad

378 2270 496 2324 eos,
523 2256 611 2325 qui
638 2257 921 2326 incapaces
947 2268 1095 2323 sunt,
1116 2268 1287 2313 mutat
1315 2258 1506 2313 stolam
1532 2262 1682 2314 verbi
1730 2274 1784 2317 et
1824 2264 1958 2317 infe-

382 2348 525 2402 riora
558 2348 753 2414 docet;
787 2358 843 2402 et
876 2348 1011 2403 alios
1045 2350 1189 2403 lacte
1233 2358 1479 2416 potat,ut
1508 2352 1789 2419 parvulos;
1824 2356 1957 2409 alios

380 2437 621 2492 oleribus
653 2438 856 2503 nutrit,
906 2448 965 2493 ut
993 2439 1277 2505 infirmos;
1306 2442 1430 2495 aliis
1463 2457 1590 2495 vero
1615 2444 1788 2499 fortes
1815 2462 1954 2515 pra:-

380 2536 535 2600 parat
571 2526 751 2593 cibos,
781 2529 866 2583 his
909 2530 1117 2584 scilicet
1155 2548 1173 2581 ι
1226 2532 1317 2599 qui
1344 2548 1443 2601 pro
1470 2534 1824 2601 possibilitate
1865 2552 1956 2590 su-

380 2619 560 2675 mendi
589 2621 924 2675 exercitatos
973 2619 1175 2674 habent
1225 2636 1416 2677 sensus
1459 2625 1524 2676 ad
1565 2625 1950 2681 discretionem

386 2710 534 2774 boni,
563 2709 645 2762 vel
678 2709 803 2764 mali
825 2710 888 2763 ⁸⁸.
920 2729 939 2761 ι
979 2710 1068 2764 Sic
1108 2712 1315 2766 scit-bat
1362 2710 1557 2767 Paulus
1586 2727 1797 2768 mutare
1838 2731 1952 2773 sro-

383 2801 486 2865 las,
521 2812 575 2858 et
602 2804 705 2857 alia
726 2803 802 2857 uti
840 2804 907 2857 ad
936 2804 1213 2874 populum,
1244 2806 1349 2858 alia
1398 2807 1448 2859 in
1487 2806 1791 2861 ministerio
1830 2825 1953 2873 san-

385 2905 619 2951 ctorum.
655 2892 777 2962 Ipse
820 2903 999 2949 autem
1043 2896 1359 2964 pontificum
1402 2898 1665 2964 pontifex,
1691 2888 1745 2952 é't
1772 2916 1954 2955 sacer-

386 2988 572 3043 dotum
627 2986 881 3039 sacerdos
927 2983 1185 3040 Dominus
1226 2996 1281 3041 et
1319 2988 1571 3041 Salvator
1621 3000 1825 3056 noster,
1887 2993 1954 3047 de

2066 531 2213 586 sunt,
2242 523 2379 575 sicut
2412 532 2493 574 cst
2536 536 2631 591 pro
2676 532 2896 589 peccato
2931 530 2984 575 et
3036 536 3133 586 pro
3164 522 3384 575 delicto.
3430 525 3631 576 Omnes

2061 615 2287 667 masculi
2327 615 2669 667 sacerdotum
2714 614 2874 667 edent
2914 628 3056 668 eam.
3094 610 3415 681 Legitimnm
3475 625 3630 665 arter~

2062 720 2186 758 Itum
2222 704 2275 758 in
2305 705 2590 773 progenies
2643 716 2854 758 veSIras
2905 704 2973 757 ab
3010 704 3200 757 hostiis
3243 702 3475 759 Domini.
3498 704 3631 760 Om-

2065 795 2148 847 nis
2192 795 2284 861 qni
2338 793 2574 860 tetigerit
2626 808 2711 856 ea,
2757 792 3209 847 sanctificabitur.
3249 812 3265 844 ι
3307 794 3359 846 In
3401 794 3483 848 his
3515 811 3633 863 qua:

2062 887 2334 957 proposita
2369 894 2521 949 sunt,
2562 901 2678 939 mos
2713 887 2931 953 quidem
2963 887 3305 941 sacrificandi
3332 890 3634 943 sacerdoti-

2062 981 2159 1033 bus
2184 982 2361 1042 datnr,
2393 987 2447 1031 et
2469 978 2827 1031 observantia:
2863 979 3061 1049 quibus
3086 979 3186 1031 coli
3228 981 3387 1044 Deus,
3419 982 3503 1035 vel
3539 998 3632 1050 pn-

2065 1071 2264 1125 riﬁcari
2296 1068 2522 1138 populus
2563 1070 2859 1132 videretur,
2903 1070 2982 1123 vel
3018 1070 3180 1123 etiam
3213 1072 3265 1124 in
3306 1076 3633 1129 necessariis

2062 1162 2237 1215 victus
2259 1175 2423 1215 causa
2458 1159 2837 1214 consuleretur
2863 1162 3238 1215 sacerdotibus
3260 1173 3314 1215 et
3346 1165 3630 1219 ministris.

2062 1249 2358 1306 Offerenda:
2387 1251 2530 1304 enim
2572 1251 2767 1304 simila:
2804 1251 2853 1304 itt
2880 1252 3147 1305 sacrificio
3181 1269 3432 1306 mensura
3460 1258 3634 1323 posita

2062 1352 2166 1405 est,
2191 1356 2310 1410 qua:
2360 1340 2568 1393 decinta
2608 1356 2732 1409 pars
2764 1341 2888 1408 cplti
2921 1342 3247 1409 appellatur,
3300 1342 3425 1396 huic
3453 1347 3630 1400 oleum

2063 1432 2491 1500 superfunditur,
2534 1444 2589 1485 et
2646 1434 2769 1485 tlms
2818 1438 3221 1502 superponitur.
3272 1437 3377 1494 Sed
3416 1454 3537 1490 cum
3566 1441 3632 1492 ad

2063 1522 2234 1576 altare
2268 1522 2599 1590 pervenerit,
2630 1527 2902 1588 sacerdos,
2942 1524 3134 1591 inquit,
3165 1528 3378 1595 plenam
3414 1545 3633 1583 manum

2062 1634 2127 1672 ex
2155 1636 2219 1673 eo
2258 1629 2455 1681 sumet,
2480 1620 2549 1671 ita
2585 1627 2641 1669 ιιι
2676 1617 2815 1671 intra
2852 1619 3242 1686 plenitudinem
3278 1639 3469 1676 manus
3505 1640 3633 1677 con-

2061 1711 2240 1765 cludat
2286 1712 2444 1781 203
2480 1721 2533 1765 et
2581 1711 2758 1764 oleum
2808 1711 2949 1777 quod
3001 1711 3233 1765 infusum
3273 1724 3377 1776 est,
3423 1724 3475 1767 et
3512 1716 3637 1768 tlms

2057 1802 2194 1870 quod
2234 1804 2627 1871 superpositum
2655 1811 2756 1864 est,
2791 1812 2849 1854 ut
2873 1803 2941 1854 sit
2973 1802 3074 1856 hoc
3105 1804 3337 1859 libamen
3372 1816 3425 1859 et
3452 1806 3633 1860 sacri—

2059 1894 2239 1947 ficium
2292 1894 2397 1947 Deo
2448 1894 2499 1946 in
2552 1896 2768 1947 odorem
2809 1896 3115 1949 suavitatis.
3158 1894 3389 1960 Ctetera,
3438 1896 3632 1963 inquit,

2058 1997 2314 2040 maneant
2345 1989 2717 2041 sacerdotibus
2751 1990 2817 2042 ad
2850 1993 3140 2055 edendum,
3194 1993 3284 2045 Sed
3327 1994 3532 2045 edenda
3572 2008 3633 2043 ea

2058 2077 2273 2131 tradidit
2300 2078 2381 2131 lex
2416 2079 2469 2130 in
2501 2079 2619 2133 loco
2653 2092 2863 2146 sancto,
2904 2083 2954 2134 in
2984 2084 3125 2134 atrio
3167 2082 3527 2145 tabernaculi,
3561 2080 3634 2133 ita

2058 2176 2117 2220 ut
2144 2168 2272 2221 nihil
2322 2168 2675 2223 fermentetur
2727 2189 2791 2226 ex
2856 2174 2955 2227 eis.
3016 2171 3164 2226 llanc
3208 2174 3376 2234 enim,
3435 2173 3632 2239 inquit,

2058 2259 2177 2312 dedi
2215 2270 2421 2328 partem
2450 2264 2843 2324 sacerdotibus,
2878 2275 2930 2317 et
2965 2266 3075 2316 lia-e
3123 2274 3247 2319 sunt
3275 2263 3473 2317 Sancta
3511 2278 3636 2316 san-

2059 2360 2286 2403 ctorum.
2337 2351 2441 2405 Sed
2489 2364 2543 2406 ct
2594 2354 2720 2407 illttd
2756 2353 3035 2407 observari
3072 2354 3260 2415 voluit,
3294 2364 3347 2405 ut
3382 2354 3479 2405 soli
3518 2370 3637 2405 nta-

2057 2442 2190 2497 sculi
2221 2443 2385 2496 edant
2420 2460 2483 2497 ex
2514 2460 2599 2508 eo,
2632 2444 2825 2497 femina
2864 2444 3003 2497 nulla
3051 2444 3348 2510 contingat.
3383 2444 3548 2496 Addit
3578 2453 3636 2498 et

2066 2534 2188 2600 hoc,
2214 2536 2354 2604 quod
2387 2536 2478 2605 qui
2513 2536 2745 2606 tetigerit
2791 2553 2851 2591 ea
2894 2538 3281 2591 sanctifiectnr.
3314 2536 3419 2588 Sed
3451 2536 3496 2588 si
3540 2551 3631 2589 ve-

2058 2629 2217 2682 limus
2251 2644 2391 2681 nunt:
2419 2628 2486 2681 ab
2520 2629 2583 2682 iis
2622 2631 2710 2698 qui
2746 2630 2796 2683 in
2833 2629 3120 2683 manifesto
3164 2626 3330 2682 ιιιιάιυί
3364 2637 3513 2693 sunt,
3541 2642 3632 2681 re-

2056 2721 2275 2787 quirere
2306 2722 2371 2775 de
2406 2720 2632 2785 singulis
2664 2738 2767 2791 qna
2805 2721 3010 2774 ratione
3063 2719 3186 2773 illud
3221 2721 3319 2773 hoc
3356 2721 3513 2772 modo
3544 2718 3634 2770 di-

2057 2821 2201 2866 ctum
2236 2814 2329 2877 sit,
2363 2822 2454 2866 aut
2487 2813 2615 2867 illud
2655 2813 2760 2867 alio
2811 2814 2987 2873 modo,
3041 2811 3283 2865 absoluta
3336 2810 3491 2865 nobis
3545 2826 3631 2863 re-

2056 2904 2347 2973 sponsione
2391 2906 2763 2969 satisfacient,
2807 2905 3044 2958 dicentes
3076 2921 3088 2956 :
3118 2902 3193 2956 Ita
3236 2904 3406 2957 visum
3442 2914 3521 2957 est
3556 2902 3634 2957 lc-

2056 3011 2175 3063 gem
2205 2996 2375 3060 danti,
2418 3013 2575 3052 nemo
2616 2998 2836 3050 discutit
2881 2996 3166 3049 Dominum
3195 3011 3371 3049 smnn.
3406 2996 3471 3050 Et
3512 2997 3632 3050 ideo

387 3091 494 3147 quo
529 3075 662 3131 dicit
690 3072 979 3144 Apostolus
994 3074 1058 3137 “,
1081 3076 1209 3143 quia
1231 3091 1253 3127 ι
1286 3076 1524 3145 pontifex
1544 3078 1615 3131 sit
1644 3080 1946 3135 futurorum
1981 3110 2025 3172 ρ
2056 3089 2309 3143 cedentes
2337 3089 2415 3143 eis
2452 3091 2503 3142 in
2544 3090 2774 3155 caeteris,
2805 3090 2869 3143 de
2911 3094 3011 3143 hoc
3060 3088 3352 3143 novissimo
3382 3106 3634 3146 sermone

387 3168 676 3231 bonorum,
716 3184 736 3217 ι
780 3164 903 3217 audi
929 3167 1199 3232 quomodo
1263 3167 1468 3235 prirrms
1511 3169 1623 3223 haec
1658 3171 1868 3237 fecerit,
1897 3184 1952 3227 et

385 3258 465 3312 ita
494 3256 769 3324 discipulis
799 3257 909 3311 suis
934 3258 1049 3311 bare
1094 3257 1350 3311 imitanda
1385 3257 1681 3326 reliquerit.
1710 3263 1953 3333 Evange-

390 3350 520 3405 liutn
552 3347 714 3404 refert
746 3352 810 3404 de
832 3364 914 3411 eo.
965 3360 1020 3405 et
1051 3351 1183 3406 dicit
1225 3352 1298 3417 '°,
1346 3354 1470 3421 quia
1514 3372 1532 3405 r
1579 3354 1631 3406 in
1678 3356 1952 3425 parabolis

388 3441 705 3511 loquebatur
738 3443 804 3495 ad
830 3442 1039 3509 turbas,
1082 3452 1137 3496 et
1163 3443 1281 3497 sine
1314 3444 1587 3511 parabolis
1631 3462 1737 3501 non
1767 3448 1952 3516 loque-

388 3529 546 3583 batur
592 3530 693 3585 eis.
734 3548 752 3580 ι
787 3529 1053 3584 Seorsum
1083 3540 1262 3584 autem
1303 3532 1547 3587 solvebat
1584 3550 1644 3587 ea
1672 3537 1953 3605 discipulis

382 3618 517 3673 suis.
558 3617 716 3673 Vides
739 3620 1008 3689 quomodo
1056 3619 1169 3686 ipse
1230 3621 1410 3675 docuit
1458 3622 1579 3676 aliis
1616 3623 1953 3680 indumentis

382 3714 460 3767 uti
506 3714 704 3769 debere
754 3715 1105 3785 pontiﬁcem,
1162 3730 1283 3769 cum
1336 3716 1579 3784 procedit
1626 3717 1694 3769 ad
1731 3718 1951 3782 turbas;

385 3804 528 3871 aliis,
564 3820 687 3859 cum
725 3806 953 3860 eruditis
980 3816 1034 3860 et
1065 3804 1324 3874 perfectis
1352 3806 1623 3860 ministrat
1649 3807 1699 3859 in
1726 3808 1946 3863 sanctis.

385 3894 535 3950 Unde
564 3898 859 3965 Optandum
892 3897 1046 3952 nobis
1071 3908 1155 3952 est
1192 3908 1246 3950 et
1274 3898 1565 3968 agendum,
1602 3916 1668 3953 ne
1693 3900 1827 3953 tales
1850 3916 1948 3955 nos

384 3988 625 4043 inveniat
666 3987 845 4051 Jesus,
884 3991 953 4043 ita
997 3988 1295 4059 imparatos
1332 4000 1387 4043 et
1426 3990 1499 4043 ita
1535 3992 1716 4044 sa-cnli
1744 3993 1949 4046 solliei-

380 4081 657 4135 tudinibus
711 4079 983 4150 alligatos,
1011 4090 1066 4133 ut
1116 4098 1240 4135 cum
1282 4081 1460 4135 turbis
1502 4082 1753 4151 loquatur
1789 4084 1944 4139 nobis

381 4173 434 4225 in
461 4170 754 4238 parabolis,
790 4180 849 4223 ut
893 4171 1135 4227 videntes
1167 4188 1270 4226 non
1299 4174 1600 4237 videamus,
1636 4185 1690 4229 et
1722 4180 1942 4230 audien-

381 4272 463 4313 tes
509 4275 615 4312 non
666 4258 985 4326 audiamus;
1031 4263 1125 4315 sed
1172 4263 1350 4330 potius
1398 4264 1537 4317 inter
1582 4282 1673 4319 eos
1714 4268 1942 4322 inveniri

378 4365 712 4412 mereamur,
763 4350 829 4402 ad
885 4366 1023 4416 quos
1060 4354 1193 4406 dicit
1235 4354 1276 4383 ⁷³
1313 4373 1327 4409 :
1368 4374 1385 4407 ι
1442 4355 1605 4410 Vobis
1654 4359 1833 4411 datum
1864 4371 1940 4414 est

379 4458 543 4499 nosse
571 4440 827 4513 mysteria
862 4441 1009 4511 regni
1038 4442 1151 4498 Dei.
1191 4462 1209 4495 ι

450 4535 502 4589 7.
535 4532 662 4587 PoSt
698 4532 799 4586 hoc
832 4548 845 4585 :
883 4551 900 4582 ι
929 4531 1052 4589 Hice
1080 4544 1182 4599 est,
1225 4537 1401 4606 inquit
1454 4540 1523 4604 ⁷⁸,
1564 4539 1650 4593 lex
1689 4541 1943 4596 sacrificii

375 4633 519 4703 quod
544 4631 780 4686 offerent
811 4633 903 4687 ﬁlii
936 4635 1112 4689 Aaron
1144 4636 1442 4690 sacerdotis
1464 4647 1590 4691 ante
1619 4636 1789 4692 altare
1816 4653 1945 4692 con-

380 4736 459 4777 tra
515 4722 821 4779 Dominum.
883 4726 1108 4780 Auferet
1151 4728 1217 4782 ab
1239 4743 1306 4783 eo
1348 4729 1562 4797 plenam
1608 4745 1827 4783 manum
1880 4731 1946 4782 de

374 4814 685 4883 similagine
741 4817 993 4874 sacriﬁcii
1047 4834 1169 4872 cum
1213 4819 1334 4873 oleo
1382 4819 1520 4886 ejus,
1555 4830 1763 4874 etcum
1797 4820 1943 4875 omni

376 4905 534 4958 thure
552 4905 689 4974 ejus,
715 4921 836 4974 qua:
861 4915 987 4961 sunt
1010 4910 1075 4962 ad
1111 4910 1461 4971 sacrificium,
1497 4918 1551 4963 et
1583 4911 1821 4978 imponet
1852 4926 1944 4962 sn-

375 5010 472 5062 per
498 4995 667 5050 altare
709 4997 937 5051 hostiam
988 4999 1208 5053 odorem
1259 5001 1545 5055 suavitatis
1574 5041 1588 5063 ,
1632 5001 1945 5055 memoriale

369 5090 489 5155 ejus
514 5087 762 5142 Domino.
795 5089 947 5154 Quod
984 5100 1165 5144 autem
1211 5092 1543 5159 superfuerit
1571 5108 1635 5145 ex
1672 5108 1757 5155 ea,
1787 5108 1942 5146 man-

371 5179 789 5233 ducabitAaron
830 5190 883 5233 et
924 5179 1015 5232 filii
1046 5180 1182 5247 ejus.
1240 5185 1440 5253 Azyma
1488 5184 1684 5238 edetur
1727 5184 1778 5237 in
1820 5184 1938 5238 loco

370 5281 580 5334 sancto,
615 5271 666 5322 in
721 5270 862 5322 atrio
901 5270 1234 5326 tabernaculi
1294 5276 1587 5329 testimonii
1643 5277 1932 5330 manduca-

367 5359 501 5414 bunt
534 5376 678 5415 eam.
706 5360 820 5416 Non
846 5372 1109 5431 coquetur
1135 5361 1545 5428 fermentatum,
1584 5375 1794 5435 partem
1825 5368 1929 5421 illis

438 5476 485 5547 f‘
513 5475 526 5528 Ι
551 5476 675 5529 Cor.
715 5492 772 5538 Il,
801 5476 861 5547 76,
890 5475 942 5538 7,
974 5476 1027 5527 8.
1106 5476 1148 5506 ‘7
1180 5475 1307 5530 ibid.
1353 5479 1409 5531 ἓ.
1488 5480 1532 5510 ⁸⁸
1563 5480 1724 5535 Hebr.
1767 5498 1820 5547 v,
1866 5482 1948 5536 Η.

367 5544 413 5577 ’⁸
440 5543 613 5599 Levit.
644 5561 717 5607 vr,
756 5546 819 5599 14
846 5557 898 5600 et
929 5561 1080 5615 seqq.

2058 3178 2416 3246 requiramus,
2447 3187 2504 3232 ut
2551 3179 2733 3233 dicant
2806 3180 3074 3248 quomodo
3100 3181 3278 3233 omnis
3317 3182 3406 3249 qui
3445 3184 3632 3252 tetige—

2056 3270 2127 3321 rit
2158 3284 2223 3321 ex
2256 3269 2524 3322 sacrificio
2571 3279 2907 3335 sanctorum,
2948 3272 3336 3329 sanctificetur.
3371 3273 3426 3325 Si
3460 3274 3631 3326 Itami-

2054 3356 2172 3410 cida
2197 3357 2454 3425 tetigerit,
2478 3359 2520 3412 si
2542 3360 2822 3427 profanus,
2842 3361 2885 3413 si
2911 3362 3140 3426 adulter,
3157 3363 3202 3415 si
3230 3363 3465 3414 incestus
3489 3362 3626 3436 (96),

2055 3448 2426 3501 sanctificatus
2470 3450 2615 3502 erit?
2653 3450 2767 3503 Non
2809 3451 2952 3504 enim
2997 3453 3209 3519 exet-pit
3252 3452 3508 3520 aliquem,
3536 3457 3628 3509 sed

2056 3540 2191 3592 dixit
2223 3556 2237 3593 :
2275 3557 2294 3588 ι
2332 3538 2517 3594 Omnis
2559 3540 2647 3607 qui
2703 3540 2944 3607 tetigerit
2977 3556 3060 3603 ea,
3111 3542 3562 3598 sanctiﬁeabitur.
3602 3564 3624 3598 ι

2057 3631 2323 3685 Ponamus
2350 3633 2516 3694 enim,
2550 3632 2694 3699 quod
2732 3632 2893 3685 etiam
2926 3647 3073 3685 nunc
3110 3632 3321 3699 integer
3350 3633 3421 3687 sit
3453 3645 3629 3690 status

2059 3725 2199 3779 illius
2257 3723 2464 3792 templi,
2516 3723 2813 3777 offerantur
2861 3723 3072 3786 hostire,
3106 3724 3371 3776 sacrificia
3431 3739 3629 3779 consu-

2057 3825 2292 3868 mantur.
2328 3814 2601 3883 Ingressus
2652 3823 2734 3867 est
2772 3807 2969 3880 aliquis
3023 3812 3280 3881 templum
3342 3812 3625 3879 scelestus,

2057 3905 2296 3973 iniquus,
2330 3906 2593 3973 impurus,
2632 3903 2834 3958 invenit
2863 3919 3059 3959 carnes
3095 3920 3160 3959 ex
3189 3908 3475 3962 sacrificiis
3504 3924 3629 3977 pro-

2055 4000 2277 4068 positas,
2311 4007 2366 4050 et
2402 3996 2576 4065 tetigit
2620 4012 2732 4059 eas,
2784 3996 3157 4051 sanctiticatus
3199 3999 3456 4054 continuo
3504 4015 3629 4070 pro-

2055 4088 2427 4143 nnntiabitur?
2456 4087 2745 4141 Enimvero
2785 4087 2933 4140 nullo
2962 4089 3140 4153 modo,
3181 4089 3260 4143 vel
3297 4090 3371 4143 rei
3410 4100 3625 4156 natura,

2056 4183 2136 4236 vel
2164 4183 2365 4236 veritas
2417 4182 2694 4251 religionis
2728 4179 2829 4233 hoc
2868 4179 3097 4246 recipit:
3130 4192 3183 4236 et
3229 4182 3349 4236 ideo
3399 4183 3626 4237 redeun-

2055 4277 2178 4329 dum
2235 4277 2388 4328 nobis
2436 4285 2517 4328 est
2564 4278 2629 4328 ad
2681 4277 3045 4343 expositiones
3090 4276 3429 4345 evangelicas
3461 4287 3626 4345 atque

2057 4367 2402 4437 apostolicas,
2446 4377 2503 4418 ut
2540 4366 2619 4418 lex
2653 4366 2820 4434 possit
2854 4366 3100 4434 intelligi.
3135 4366 3243 4421 Nisi
3288 4368 3431 4421 enim
3476 4371 3620 4420 vela-

1980 4445 2174 4510 Dmen
2233 4456 2521 4510 abstulerit
2565 4455 2913 4525 Evangelium
2964 4458 3027 4511 de
3081 4459 3218 4513 faeie
3273 4458 3462 4528 Moysi,
3516 4474 3620 4512 non

2054 4558 2230 4616 potest
2257 4549 2427 4601 videri
2463 4548 2639 4601 vultus
2669 4547 2806 4615 ejus,
2844 4564 2942 4604 nec
2985 4566 3177 4605 sensus
3212 4549 3330 4617 ejus
3372 4551 3619 4620 intelligi.

2056 4639 2185 4692 Vide
2219 4653 2351 4708 ergo
2396 4639 2665 4706 quomodo
2700 4642 2751 4692 in
2784 4638 3021 4694 Ecclesia
3059 4641 3424 4709 apostolorum
3458 4641 3621 4694 disci-

2051 4728 2159 4797 puli
2192 4730 2386 4782 adsunt
2413 4729 2498 4783 ltis
2542 4746 2663 4799 qua:
2711 4731 2922 4802 Moyses
2959 4734 3285 4800 scripsit,-et
3323 4730 3620 4784 defendunt

2050 4834 2138 4881 ea,
2162 4819 2301 4886 quod
2329 4830 2382 4872 et
2416 4820 2626 4887 impleri
2653 4834 2873 4889 queant,
2906 4831 2958 4875 et
2989 4820 3382 4875 rationabiliter
3416 4819 3616 4883 scripta

2048 4918 2197 4964 sunt.
2223 4908 2532 4963 Judzeorunt
2564 4924 2692 4963 vero
2722 4911 2997 4974 doctores,
3027 4920 3079 4965 et
3127 4906 3477 4974 impossibilia
3504 4908 3618 4959 hinc

2045 5008 2101 5054 et
2134 4999 2549 5061 irrationabilia,
2581 5010 2870 5069 sequentes
2894 4999 3129 5052 litteram
3164 4997 3388 5051 faciant.

2113 5094 2167 5146 8.
2198 5092 2359 5161 Igitur
2391 5091 2738 5153 sacrificium,
2773 5104 2870 5158 pro
2904 5104 3012 5157 quo
3051 5089 3163 5142 haec
3192 5086 3374 5140 omnia
3402 5085 3611 5140 sacrifi-

2040 5183 2122 5237 cia
2156 5184 2207 5236 in
2237 5193 2362 5252 typo
2389 5196 2443 5236 et
2490 5185 2656 5249 figura
2689 5190 3098 5249 praecesserant,
3132 5195 3293 5232 unum
3340 5190 3393 5235 et
3435 5178 3613 5249 perfe-

2037 5288 2205 5335 ctum,
2241 5273 2546 5327 immolatus
2591 5282 2674 5326 est
2705 5272 2975 5326 Christus.
3012 5270 3180 5339 llujus
3212 5272 3465 5326 sacrificii
3496 5287 3617 5324 car-

2037 5382 2156 5419 nem
2209 5367 2250 5419 si
2311 5367 2433 5434 quis
2487 5367 2756 5433 tetigerit,
2810 5365 3064 5421 continuo
3116 5365 3513 5422 sanctificatur.
3556 5365 3613 5421 Si

2052 5483 2096 5512 ⁶⁹
2139 5481 2299 5535 Ilebr.
2356 5496 2429 5547 rx,
2487 5482 2572 5537 ll.
2674 5480 2721 5513 "
2744 5480 2933 5538 Matth.
2979 5498 3096 5550 xm,
3124 5482 3215 5537 54.
3290 5484 3334 5515 ⁷⁸
3366 5482 3496 5539 ibid.
3524 5484 3609 5542 11.

439 5688 546 5751 δυο]
582 5686 724 5742 idem
755 5704 875 5753 ms,
910 5706 927 5739 ι
967 5690 1009 5743 si
1038 5688 1296 5743 incestus.
1332 5708 1349 5741 ι
1391 5688 1548 5745 Libb.
1585 5690 1734 5755 editi,
1772 5710 1790 5741 ι
1826 5692 1867 5746 si
1899 5692 2256 5747 incestnusus.
2289 5707 2307 5741 ι
