4106 6246
461 227 565 282 M5

1911 224 2233 282 ORIGENIS

3618 231 3723 281 444

461 343 768 400 imnmndus
797 350 898 405 est,
928 344 1244 405 muniatur;
1279 343 1324 396 si
1363 344 1413 398 in
1456 345 1610 413 plaga
1651 355 1728 399 est
1765 345 1894 413 (97),
1930 361 2016 396 sa-
2050 348 2093 401 Α
2125 343 2205 395 vir
2234 339 2616 411 qttmritur,qui
2648 354 2842 393 carnes
2875 348 3097 394 sanctas
3127 340 3302 409 possit
3326 342 3638 408 comedere,
3671 358 3724 402 et

463 447 641 490 natur.
675 435 763 488 Sic
792 435 1019 503 denique
1043 435 1304 488 intcllexit
1335 436 1445 499 illa,
1476 438 1540 490 de
1578 453 1681 505 qua
1712 437 1867 505 paulo
1897 450 2022 488 ante

464 527 776 588 memoravi,
808 542 926 594 quae
958 525 1270 593 profluvium
1305 528 1583 597 sanguinis
1617 529 1920 597 patiebatur
1945 527 2018 590 ⁷³,

461 618 582 684 quia
616 618 725 685 ipse
770 624 910 670 esset
940 631 1067 669 caro
1098 615 1369 681 sacrificii,
1403 626 1456 670 et
1495 633 1623 670 caro
1667 617 1861 672 Sancta
1898 634 2022 672 San-

461 717 699 771 ctorum;
732 717 783 760 et
814 707 937 776 quia
967 723 1100 760 vere
1129 707 1396 761 intellexit
1423 723 1540 776 qua:
1565 719 1705 762 esset
1735 724 1862 763 caro
1892 710 2023 762 San-

457 809 537 850 t-ta
573 809 902 861 sanctorum,
956 801 1155 855 idcirco
1194 800 1445 854 accessit.
1479 799 1544 852 Et
1589 801 1756 868 ipsam
1807 803 2020 868 quidem

454 904 665 942 carnem
712 899 956 943 sanctam
1003 891 1314 958 contingere
1366 903 1470 941 non
1523 891 1682 943 audet
1725 909 1738 942 :
1784 893 2020 944 nondum

451 982 594 1032 enim
623 983 877 1034 tnumlata
918 981 1114 1043 fuerat,
1166 997 1264 1035 nec
1312 996 1428 1050 qua:
1475 982 1711 1052 perfecta
1746 995 1890 1046 sunt,
1924 999 2020 1052 ap-

450 1073 844 1139 prehenderat;
889 1073 980 1126 sed
1021 1073 1286 1126 fimbriam
1341 1072 1514 1142 tetigit
1548 1076 1877 1140 vestimenti,
1914 1093 2020 1146 quo

449 1173 635 1216 sancta
666 1179 794 1218 caro
829 1164 1132 1231 tegebatur,
1171 1174 1224 1220 et
1270 1167 1412 1224 fideli
1447 1179 1588 1225 tactu
1622 1169 1870 1224 virtutem
1920 1171 2019 1222 eli-

448 1255 561 1306 cuit
592 1271 654 1308 ex
682 1269 866 1321 carne,
899 1271 1018 1325 qua:
1058 1273 1114 1311 se
1143 1269 1198 1312 et
1236 1259 1303 1312 ab
1335 1260 1672 1315 immunditia
1704 1261 2018 1315 sanctifica-

451 1353 556 1407 ret,
583 1355 637 1398 ct
679 1362 706 1399 a
757 1346 906 1417 plaga
947 1364 1108 1417 quam
1145 1350 1452 1419 patiebatur
1487 1363 1726 1408 sanaret.
1777 1353 1888 1406 Non
1925 1353 2016 1406 tibi

449 1435 702 1490 videntur
737 1439 838 1493 ism
872 1441 1039 1509 magis
1068 1443 1257 1496 ordine
1285 1451 1430 1498 stare
1462 1459 1618 1513 posse
1652 1444 1794 1496 dicta
1829 1445 2016 1514 Moysi,

448 1529 647 1595 quibus
680 1532 810 1584 dicit
839 1549 851 1584 :
885 1532 1072 1586 Omnis
1102 1534 1191 1602 qui
1234 1535 1468 1603 tetigerit
1501 1552 1563 1589 ex
1607 1535 1860 1589 carnibus
1891 1551 2017 1589 san-

447 1620 554 1673 ctis
599 1622 1064 1677 sanctiﬁcabitur?
1111 1624 1214 1678 llas
1255 1627 1398 1679 enim
1472 1642 1687 1684 carnes.
1731 1643 1867 1696 quas
1924 1643 2019 1680 nos

2124 434 2410 487 comedere
2435 446 2540 486 non
2571 432 2620 485 in
2649 447 2976 501 quocunque
3000 432 3138 495 loco,
3160 433 3252 486 sed
3275 433 3327 486 in
3360 433 3482 488 loco
3505 449 3723 503 sancto,

2125 525 2261 577 intra
2297 525 2492 577 atrium
2522 524 2885 578 tabernaculi.
2914 524 3156 578 Audiant
3188 525 3304 580 htec
3338 526 3430 594 qui
3461 529 3724 584 scindunt

2123 616 2444 680 Ecclesiam,
2475 624 2529 669 et
2571 615 2888 685 peregrinas
2927 628 2991 667 ac
3039 629 3236 682 pravas
3281 615 3607 673 inducentes
3634 621 3727 674 do-

2122 707 2328 761 ctrinas
2363 718 2548 777 putant
2581 722 2639 762 se
2679 722 2866 761 sacras
2895 720 3089 759 carnes
3123 717 3280 760 extra
3314 709 3575 776 templum
3603 710 3725 776 Dei,

2121 808 2175 850 et
2199 810 2349 853 extra
2379 801 2558 852 aulam
2591 798 2932 853 Dominicam
2963 814 3121 868 posse
3148 800 3460 855 comedere.
3486 799 3722 856 Profana

2122 898 2248 942 sunt
2285 906 2472 944 eorum
2514 890 2807 950 sacrificia,
2838 905 2957 957 qua:
3001 899 3197 942 contra
3252 891 3496 943 mandati
3546 891 3720 962 legem

2124 993 2405 1047 geruntur.
2441 978 2496 1032 In
2535 980 2652 1034 loco
2700 990 2891 1032 sancto
2938 980 3022 1032 edi
3062 979 3326 1046 iubentur
3374 982 3516 1034 intra
3570 985 3713 1038 atria

2126 1069 2462 1122 tabernaculi
2496 1069 2811 1126 testimonii.
2850 1070 2998 1122 Atria
3037 1069 3382 1124 tabernaculi
3417 1073 3718 1127 testimonii

2121 1169 2265 1221 sunt,
2297 1175 2417 1228 quze
2441 1159 2561 1212 fidei
2598 1175 2783 1212 murus
2810 1160 2998 1220 ambit,
3026 1161 3138 1226 spei
3173 1159 3446 1216 columna:
3482 1177 3717 1231 suspen-

2121 1249 2284 1312 dunt,
2335 1250 2615 1305 cbaritatis
2672 1250 2969 1318 amplitudo
3015 1250 3230 1304 dilatat.
3290 1250 3390 1306 Ubi
3434 1253 3549 1305 hzec
3606 1270 3718 1306 non

2120 1350 2266 1401 sunt,
2293 1355 2483 1394 carnes
2513 1350 2712 1394 sancta:
2735 1355 2830 1394 nec
2851 1340 3036 1394 haberi
3077 1352 3320 1409 possunt,
3347 1357 3446 1396 nec
3465 1345 3714 1398 cornedi.

2190 1432 2246 1485 9.
2282 1433 2427 1485 liene
2477 1440 2656 1486 autem
2707 1433 2852 1499 quod
2903 1442 2957 1485 et
2995 1447 3094 1496 ea,
3149 1448 3268 1503 qua:
3313 1447 3377 1486 ex
3426 1435 3715 1487 sacrificio

2120 1522 2284 1594 204
2323 1523 2647 1590 similaginis
2672 1523 2992 1588 oll'eruntur,
3027 1524 3176 1591 plena
3211 1539 3367 1578 manu
3403 1541 3524 1578 cum
3573 1527 3708 1578 oleo

2120 1614 2424 1667 offeruntur
2449 1625 2502 1668 et
2543 1616 2722 1680 thure,
2758 1615 2808 1668 in
2857 1616 3083 1668 odorem
3132 1617 3405 1670 suavitatis
3439 1617 3698 1671 Domino.

451 1714 814 1778 εχροεηίιηυς,
847 1717 1138 1784 tetigerunt
1173 1733 1361 1771 omnes
1393 1719 1482 1787 qui
1527 1735 1589 1772 ες
1623 1720 1870 1781 gentibus
1897 1736 2017 1774 ρτρ-
2053 1683 2093 1740 Β
2124 1705 2286 1758 lstmn
2324 1705 2500 1759 locum
2537 1706 2775 1761 breviter
2819 1706 3133 1775 explanavit
3183 1707 3458 1775 apostolus
3493 1707 3700 1764 l‘aulus

451 1803 718 1858 diderunt.
769 1805 875 1859 llas
911 1808 1080 1874 tetigit
1110 1817 1160 1861 ct
1198 1808 1303 1870 ille,
1331 1810 1421 1877 qtti
1476 1809 1794 1864 dicebat“:
1831 1829 1848 1862 t
1899 1811 2024 1864 Fui-

452 1911 572 1947 mus
602 1898 746 1950 enim
784 1908 833 1950 et
871 1914 967 1951 nos
1010 1898 1304 1967 aliquando
1332 1901 1484 1954 stulti
1519 1909 1574 1954 et
1617 1901 1899 1967 increduli,
1929 1918 2021 1957 er-

451 1995 657 2049 rantes,
688 1989 986 2042 servientes
1039 1989 1318 2044 desideriis
1347 1999 1400 2044 et
1433 1991 1800 2060 voluptatibus
1831 1993 2017 2058 Variis,

450 2069 504 2123 in
532 2070 728 2123 malitia
753 2079 807 2124 et
834 2069 1028 2124 invidia
1058 2078 1298 2139 agentes,
1337 2071 1584 2135 odibiles,
1614 2073 1862 2129 odientes
1889 2074 2030 2128 invi-

447 2175 586 2214 cem.
617 2158 721 2214 Sed
753 2177 874 2214 cum
906 2161 1210 2230 benignitas
1233 2171 1285 2216 et
1312 2163 1620 2218 humanitas
1647 2165 1818 2222 illuxit
1841 2166 2030 2222 Salva-

449 2253 581 2308 toris
612 2255 780 2308 nostri
817 2255 929 2318 Dei,
960 2256 1134 2310 salvos
1164 2273 1263 2311 nos
1294 2257 1420 2312 fecit
1447 2275 1544 2328 per
1571 2260 1842 2314 lavacrum
1872 2278 2030 2333 rege-

445 2345 744 2398 nerationis
770 2354 824 2399 ct
864 2347 1229 2402 renovationis
1255 2347 1488 2419 Spiritus
1510 2351 1701 2403 sancti.
1752 2370 1769 2400 ι
1802 2351 1869 2405 Et
1903 2353 2030 2408 alibi

445 2437 572 2492 dicit
599 2457 610 2491 :
638 2459 655 2488 ε
691 2439 754 2492 Et
778 2439 911 2504 hac,
938 2441 1109 2509 inquit
1131 2442 1196 2504 ",
1223 2442 1440 2512 quidem
1484 2442 1681 2504 fuistis,
1710 2446 1804 2499 sed
1827 2446 2030 2514 justifi-

445 2531 550 2585 eati
573 2532 724 2596 estis,
753 2534 846 2587 sed
876 2535 1193 2589 sanctificati
1225 2536 1355 2590 estis
1382 2537 1433 2590 in
1459 2538 1678 2592 nomine
1701 2538 1910 2594 Domini
1938 2557 2030 2596 no-

445 2625 540 2678 stri
570 2623 698 2678 Jesu
726 2624 946 2689 Christi,
977 2636 1030 2681 et
1059 2627 1111 2680 in
1145 2628 1336 2698 spiritu
1370 2629 1462 2684 Dei
1495 2630 1686 2685 nostri.
1728 2651 1744 2679 ι
1776 2633 1828 2687 Si
1854 2634 2023 2700 enim,

442 2725 503 2770 ut
535 2716 788 2778 diximus,
833 2727 1016 2791 tangat
1057 2720 1178 2789 quis
1213 2737 1430 2776 carnem
1469 2723 1596 2777 Jesu
1639 2741 1704 2778 eo
1735 2728 1894 2780 modo
1919 2744 2026 2797 quo

439 2825 603 2879 supra
627 2813 995 2882 exposuimus,
1024 2822 1130 2868 tota
1158 2812 1282 2876 fide,
1305 2816 1450 2868 omni
1474 2816 1779 2872 obedientia
1805 2822 2028 2877 accedat

437 2903 506 2956 ad
529 2903 734 2969 Jesum,
765 2914 1018 2976 tanquam
1046 2907 1111 2961 ad
1137 2907 1371 2961 Verbum
1398 2924 1618 2964 carnem
1663 2910 1883 2976 factmn,
1924 2912 2026 2967 iste

2123 1799 2188 1850 ad
2245 1798 2611 1867 Philippenses
2636 1839 2651 1863 ,
2703 1800 2892 1853 dicens
2922 1798 2970 1829 ’³
2998 1816 3012 1852 :
3042 1819 3061 1849 ι
3108 1798 3363 1867 flepletus
3407 1817 3522 1854 sum
3563 1803 3704 1856 acci-

2123 1891 2278 1958 piens
2310 1892 2378 1943 ab
2407 1891 2794 1959 Epaphrodito,
2831 1907 2895 1944 ea
2924 1907 3046 1960 qua:
3067 1907 3094 1944 a
3127 1893 3284 1946 vobis
3317 1893 3479 1947 missa
3503 1896 3711 1947 suntin

2119 1982 2336 2035 odorem
2383 1983 2701 2046 suavitatis,
2757 1984 2988 2037 hostiam
3037 1993 3357 2050 acceptam,
3404 1986 3715 2052 placentem

2123 2074 2253 2128 Deo.
2297 2093 2316 2124 ι
2351 2075 2406 2127 ln
2437 2090 2542 2144 quo
2581 2075 2839 2139 ostendit,
2864 2078 3006 2143 quod
3056 2075 3438 2130 misericordia
3464 2076 3716 2146 quidem,

2118 2182 2241 2235 qua:
2268 2181 2395 2232 erga
2419 2183 2684 2236 pauperes
2726 2168 2807 2232 fit,
2847 2168 3024 2223 oleum
3073 2169 3310 2223 infundit
3350 2169 3402 2223 in
3433 2171 3717 2224 sacriﬁcio

2121 2260 2252 2323 Dei;
2290 2260 2646 2313 ministerium
2697 2276 2827 2314 vero
2868 2262 3012 2329 quod
3050 2264 3256 2316 sanctis
3287 2263 3558 2322 defertur,
3586 2278 3712 2316 sua-

2119 2351 2336 2402 vitatem
2390 2350 2561 2403 thuris
2595 2350 2840 2419 imponit.
2888 2349 2995 2404 Sed
3043 2351 3144 2403 hoc
3193 2351 3350 2418 plena
3392 2367 3554 2404 manu
3590 2352 3708 2406 fieri

2117 2439 2313 2492 debere
2337 2441 2663 2510 prrccipitur.
2694 2439 2784 2494 Sic
2809 2441 2952 2493 enim
2983 2441 3122 2493 idem
3161 2442 3453 2511 Apostolus
3478 2444 3610 2497 dicit
3634 2443 3704 2510 "’,

2117 2532 2243 2600 quia
2280 2551 2296 2582 ‹
2331 2532 2420 2600 qui
2449 2547 2612 2598 parce
2658 2533 2908 2592 seminat,
2944 2547 3107 2601 parce
3154 2545 3211 2587 et
3250 2545 3434 2589 metet.
3467 2535 3571 2601 Qui
3602 2551 3704 2589 au-

2120 2634 2224 2678 tem
2269 2623 2501 2677 seminat
2542 2625 2592 2676 in
2643 2623 3049 2687 benedictione,
3097 2625 3165 2678 de
3216 2625 3596 2682 benedictione
3650 2638 3706 2682 et

2118 2724 2279 2768 metet
2309 2715 2471 2767 vitam
2509 2723 2788 2768 aeternam.
2833 2733 2852 2766 ι
2896 2714 2991 2768 Est
3030 2724 3208 2770 tamen
3254 2717 3458 2786 aliquid
3491 2721 3544 2772 in
3587 2720 3706 2789 ipso

2117 2807 2412 2883 sacrificip,
2444 2807 2586 2875 quod
2636 2805 2948 2860 memoriale
2986 2808 3306 2874 appellatur,
3337 2811 3482 2878 quod
3520 2809 3703 2865 ot'ferri

2120 2898 2344 2951 Domino
2371 2899 2588 2952 dicitur.
2617 2897 2726 2967 Ego
2766 2897 2809 2950 si
2835 2912 3047 2964 possem
3079 2899 3166 2953 die
3197 2915 3260 2952 ac
3305 2910 3467 2954 nocte
3496 2902 3547 2954 in
3585 2903 3705 2972 lege

440 2996 619 3064 tetigit
648 3012 866 3050 carnem
897 2999 1183 3060 sacrificii,
1211 3010 1266 3054 et
1295 3001 1664 3057 sanctificatus
1694 3014 1796 3058 est.
1828 3005 2023 3076 Tangit
2043 3033 2084 3090 ρ
2120 2990 2328 3043 omnim
2361 2989 2631 3090 ηιθάίίθξίν
2656 2995 2711 3042 εί
2743 3002 2940 3090 ⁰¹¹¹¹¹⁰⁵ι
2965 2991 3278 3090 δπξῐξηνίξε
3322 2993 3584 3090 ητίξωθτίίδ
3618 3009 3704 3048 "5’

437 3096 621 3140 autem
651 3104 842 3142 carnes
865 3089 1023 3145 Verbi
1049 3101 1102 3146 et
1124 3093 1230 3157 ille,
1259 3092 1324 3147 de
1344 3109 1451 3163 quo
1473 3095 1603 3149 dicit
1628 3095 1916 3164 Apostolus
1936 3099 1982 3129 ⁷⁵
2006 3116 2018 3152 :

443 3201 464 3232 ‹
512 3180 880 3260 Ροτΐρρφςψη
922 3193 1100 3238 autem
1143 3196 1224 3240 est
1263 3188 1415 3241 cibus
1455 3188 1662 3242 solidus
1700 3203 1887 3243 eorum
1928 3187 2020 3260 qui

445 3267 545 3320 pro
579 3255 934 3323 possibilitate
963 3260 1203 3314 sumendi
1237 3264 1563 3321 exercitatos
1593 3266 1796 3320 habent
1826 3255 2019 3324 sensus

441 3345 511 3396 ad
545 3346 924 3402 discretionem
958 3350 1080 3403 boni
1112 3365 1176 3404 ac
1206 3352 1351 3410 mali.
1391 3374 1409 3406 ι
1437 3354 1631 3428 Tangit
1674 3372 1806 3427 ergo
1841 3369 1892 3412 et
1930 3361 2018 3415 ille

440 3453 661 3492 carnem
701 3439 858 3494 Verbi
917 3443 1029 3510 Dei,
1075 3446 1164 3513 qui
1221 3447 1478 3502 interiora
1519 3451 1633 3519 ejus
1677 3451 1922 3517 discutit,
1965 3464 2018 3509 et

440 3533 650 3584 occulta
682 3543 856 3603 potest
887 3536 1178 3605 explanare
1213 3541 1488 3609 mysteria.
1530 3542 1592 3595 Et
1625 3557 1724 3596 nos
1758 3544 1804 3598 si
1855 3545 2017 3600 habe-

443 3639 625 3678 remus
671 3627 829 3681 talem
887 3628 1215 3684 intellectum
1246 3673 1261 3698 ,
1304 3647 1583 3702 possemus
1633 3636 1841 3705 singula
1898 3654 2017 3706 qua:

441 3719 753 3774 scribuntur
784 3722 834 3775 in
875 3722 1010 3790 lege,
1053 3725 1282 3793 spiritali
1333 3728 1779 3797 interpretatione
1814 3732 2018 3786 discer-

443 3825 592 3873 nere,
622 3821 675 3865 et
716 3814 989 3868 obtectum
1043 3816 1467 3888 uniuscujusque
1516 3822 1784 3876 sermonis
1830 3839 2014 3877 sacra-

442 3913 704 3969 mentum,
751 3905 801 3958 in
832 3905 1002 3958 lucem
1055 3907 1296 3960 scientia:
1331 3909 1626 3965 subtilioris
1663 3915 1926 3971 educere:
1968 3915 2013 3967 si

440 3995 509 4047 ita
549 3997 743 4051 docere
765 4013 1043 4066 poSsemus
1077 3999 1393 4067 Ecclesium,
1421 4013 1475 4056 ut
1508 4005 1636 4057 nihil
1678 4021 1742 4059 ex
1778 4007 1861 4059 his
1896 4023 2015 4076 qua:

439 4084 575 4137 lecta
619 4094 743 4138 sunt
778 4096 1084 4140 remaneret
1128 4089 1458 4157 ambiguum,
1508 4093 1638 4145 nihil
1686 4095 2016 4163 relinquere-

438 4183 525 4226 tur
563 4175 881 4241 obscurum,
919 4176 1166 4232 fortassis
1214 4187 1268 4232 et
1312 4179 1379 4235 de
1426 4183 1579 4236 nobis
1627 4184 1731 4239 dici
1781 4198 2009 4254 poterat,

433 4265 560 4332 quia
595 4266 868 4338 tetigimus
902 4284 1095 4323 carnes
1137 4283 1354 4327 sanctas
1382 4275 1539 4329 Verbi
1604 4276 1693 4331 Dei
1729 4288 1781 4331 et
1815 4281 2013 4334 sancti-

2122 3083 2313 3147 tiuere,
2349 3081 2663 3136 memoriale
2686 3082 2941 3136 sacrificii
2973 3083 3078 3136 mei
3105 3081 3332 3136 Domino
3354 3084 3699 3138 obtulissem.

2118 3172 2276 3225 Certe
2309 3172 2352 3224 si
2384 3187 2491 3226 non
2531 3173 2710 3227 omnia
2753 3188 3060 3242 possumus,
3086 3175 3277 3228 saltem
3317 3189 3377 3226 ea
3404 3189 3524 3241 quae
3559 3190 3705 3227 nunc

2119 3266 2378 3318 docentur
2408 3265 2460 3319 in
2501 3265 2748 3329 ecclesia,
2788 3265 2870 3319 vel
2907 3280 3025 3333 quas
3073 3265 3389 3330 recitantur,
3420 3266 3702 3319 memoriae

2118 3356 2586 3422 commendemus;
2615 3367 2670 3409 ut
2700 3366 2964 3410 exeuntes
2987 3357 3052 3410 de
3103 3358 3356 3418 ecclesia,
3395 3369 3447 3410 et
3471 3370 3704 3421 agentes

2117 3463 2280 3517 opera
2325 3447 2804 3510 inisericordi:e,et
2853 3447 3137 3518 implentes
3182 3449 3361 3502 divina
3400 3458 3700 3517 prmeepta,

2117 3541 2443 3596 sacrificium
2481 3556 2602 3594 cum
2640 3542 2798 3595 thure
2837 3551 2892 3594 et
2921 3543 3041 3595 oleo
3075 3539 3368 3596 offeramus
3411 3543 3460 3594 in
3493 3555 3702 3594 memo-

2117 3633 2253 3686 riam
2287 3632 2524 3686 Domino.
2564 3633 2636 3685 Ex
2666 3633 2747 3686 his
2773 3648 2902 3702 ergo
2938 3633 3261 3694 edocemini,
3293 3643 3354 3686 ut
3391 3648 3512 3700 quze
3547 3632 3702 3683 audi-

2116 3725 2212 3776 stis
2234 3721 2346 3794 (93)
2367 3723 2418 3776 in
2453 3721 2704 3786 ecclesia,
2731 3733 2984 3792 tanquam
3017 3725 3210 3776 munda
3235 3723 3696 3786 auimalia,veluti

2119 3815 2456 3869 ruminantes
2481 3829 2541 3868 ea
2572 3814 2833 3867 revocetis
2855 3815 2920 3865 ad
2943 3815 3278 3874 memoriam,
3305 3824 3358 3866 et
3385 3829 3506 3865 cum
3530 3816 3699 3868 corde

2117 3920 2294 3959 vestro
2346 3920 2464 3973 qua:
2511 3905 2651 3958 dicta
2694 3915 2818 3958 sunt
2870 3904 3184 3959 conferatis.
3231 3905 3382 3970 Quod
3425 3904 3467 3958 si
3515 3905 3696 3973 aliqua

2117 3998 2388 4051 memoriae
2429 3995 2817 4064 superfuerint,
2855 4006 2910 4049 et
2945 3997 3275 4050 intellectum
3318 4007 3557 4050 vestrum
3606 4011 3696 4050 su-

2115 4089 2443 4155 peraverint,
2478 4085 2643 4141 facite
2673 4091 2813 4158 quod
2860 4089 3144 4157 prmscntis
3193 4088 3432 4140 mandati
3464 4089 3697 4140 auctori-

2117 4189 2198 4236 tas
2245 4184 2508 4252 praacipit,
2552 4183 2738 4237 dicens
2767 4181 2812 4212 ⁸ο
2845 4198 2859 4235 :
2889 4198 2907 4231 ι
2944 4179 3098 4246 Quod
3146 4190 3326 4233 autem
3360 4180 3695 4248 superfuerit

2114 4287 2178 4325 ex
2217 4273 2321 4338 bis,
2367 4272 2764 4328 manducabunt
2800 4270 2908 4343 (99)
2952 4272 3128 4325 Aaron
3165 4283 3220 4326 et
3252 4273 3346 4326 filii
3397 4275 3540 4342 ejus.
3578 4292 3598 4325 ι
3633 4272 3688 4326 Si

434 4357 578 4412 flcati
607 4374 813 4414 sumus.
844 4359 935 4416 Sic
959 4371 1139 4416 autem
1174 4365 1381 4434 accipio
1405 4377 1457 4420 et
1483 4367 1610 4421 illud
1635 4370 1776 4438 quod
1801 4370 2002 4424 dictum

2117 4365 2239 4431 quid
2281 4364 2618 4433 superaverit
2645 4373 2699 4419 et
2727 4362 3025 4418 excesserit
3061 4363 3394 4418 intellectum
3427 4375 3574 4418 tuum
3608 4365 3690 4418 vel

431 4458 536 4510 est,
565 4452 689 4518 quia
720 4468 912 4506 omnes
935 4453 1157 4508 masculi
1185 4470 1249 4510 ex
1282 4459 1654 4513 sacerdotibus
1680 4463 1837 4514 edent
1863 4476 2004 4516 eam.

431 4535 583 4592 Nulla
616 4541 758 4595 enim
793 4542 1013 4605 femina,
1045 4557 1145 4598 nec
1181 4547 1398 4600 remissa
1441 4558 1496 4603 et
1537 4550 1799 4604 dissoluta
1830 4551 2008 4605 anima

431 4630 632 4696 pulerit
675 4633 835 4686 edere
882 4648 1076 4689 carnes
1126 4648 1340 4692 sanctas
1372 4637 1532 4692 Verbi
1589 4639 1700 4694 Dei.
1738 4639 2006 4696 Masculus

429 4721 691 4786 qureritur
735 4723 824 4790 qui
849 4765 854 4772 .
879 4737 970 4777 cas
1007 4725 1148 4778 edat.
1192 4726 1411 4780 Masculi
1465 4728 1698 4798 denique
1734 4740 1880 4795 sunt,
1917 4731 2005 4800 qui

428 4812 794 4878 perducuntur
827 4814 894 4867 ad
937 4830 1244 4879 numerum,
1298 4833 1558 4886 nusquam
1612 4819 1843 4880 femime,
1876 4838 2007 4874 nus-

425 4919 586 4970 quam
621 4906 826 4973 parvuli
856 4915 1232 4961 numerantur.
1266 4906 1417 4962 Unde
1449 4920 1500 4962 ct
1532 4911 1822 4980 Apostolus
1861 4913 2006 4966 dicc-

426 4995 514 5048 bat
545 4996 590 5027 "
621 5015 633 5050 :
674 5015 692 5047 ι
733 4998 866 5052 Cum
898 5008 1076 5054 autem
1128 5001 1302 5055 factus
1351 5018 1466 5056 sum
1500 5003 1602 5066 vir,
1635 5004 1851 5072 deposui
1885 5021 2003 5073 qua:

421 5098 582 5139 erant
610 5090 841 5156 parvuli.
890 5109 909 5142 ι
956 5089 1106 5147 Talis
1141 5108 1274 5165 ergo
1315 5095 1416 5150 iste
1461 5097 1754 5160 masculus,
1797 5105 1851 5150 et
1882 5098 2002 5152 talis

492 5231 538 5262 "'
567 5233 725 5285 Marc.
750 5249 802 5290 ν.
877 5237 926 5269 ⁷⁸
946 5237 1053 5294 Tit.
1078 5255 1160 5297 ιιι.
1183 5241 1236 5294 5.

423 5315 497 5367 Ix,
543 5306 574 5355 6

1312 5241 1358 5272 ⁷⁸
1388 5241 1543 5297 lCor.
1572 5259 1644 5304 vt,
1673 5243 1757 5296 ll.

492 5442 604 5512 (97)
635 5444 778 5520 Idem
831 5461 955 5520 ms..
985 5464 1002 5497 ι
1041 5449 1406 5506 sanetiflcatur
1450 5452 1494 5506 si
1545 5453 1848 5508 immundus
1887 5464 1992 5520 est,

422 5523 646 5586 sanatur
676 5517 725 5586 si
762 5516 812 5568 in
847 5517 1002 5586 plaga
1034 5527 1137 5573 est.
1179 5536 1198 5568 ι

426 5651 459 5703 ι.
494 5581 602 5650 (98)
635 5584 774 5639 Idem
809 5581 1002 5654 ms.,‘«
1053 5587 1299 5644 audistis.
1349 5607 1368 5642 ι
1405 5588 1558 5646 Libb.
1590 5591 1742 5657 editi,
1783 5611 1800 5645 ι
1839 5593 1991 5647 audi-

451 5667 510 5703 ts.
558 5672 574 5703 ν

470 5670 574 5703 5.)

1835 5244 1879 5275 ⁷⁸
1903 5245 2042 5280 ΙΙηΙιιν
2068 5261 2098 5280 ν

669 5250 725 5284 'c.
750 5249 802 5290 ν.
877 5245 1053 5294 "Tit.
1078 5255 1160 5297 ttt.
1183 5245 1236 5294 5.
1312 5245 1358 5272 ⁷⁵
1388 5245 1543 5297 lCor.
1572 5259 1644 5304 vt,
1673 5245 1757 5296 il.
1835 5245 1879 5275 "
1901 5245 2118 5309 flebr.v,
2152 5248 2238 5304 ti.
2313 5249 2356 5279 ⁷⁷
2385 5247 2546 5301 lCor.

669 5305 714 5334 ⁸⁰
746 5305 916 5362 chit.
960 5324 1028 5369 vt,
1084 5311 1170 5364 id.
1245 5310 1286 5342 ⁸¹
1342 5311 1498 5367 Deut.
1542 5329 1713 5379 xxxii,
1755 5313 1856 5368 7.“
1889 5315 2061 5369 Levit.
2099 5334 2169 5380 vt,
2205 5319 2268 5372 t9
2317 5330 2367 5372 ct
2399 5334 2550 5387 seqq.

2112 4460 2425 4510 memoriam
2479 4466 2644 4521 tuam,
2688 4473 2843 4513 serva
2902 4458 3080 4512 Aaron
3127 4471 3142 4510 :
3202 4459 3301 4511 hoc
3323 4467 3426 4522 est,
3473 4473 3690 4513 reserva

2110 4547 2405 4610 sacerdoti,
2442 4562 2655 4602 reserva
2693 4548 2923 4614 doctori,
2971 4559 3027 4602 ut
3072 4549 3185 4619 ipse
3225 4550 3327 4604 hoc
3374 4553 3688 4614 manducet,

2111 4640 2226 4708 ipse
2271 4641 2548 4704 discutiat,
2599 4642 2712 4711 ipse
2762 4651 3026 4711 exponat;
3079 4642 3220 4697 sicut
3273 4650 3327 4696 et
3371 4643 3498 4697 alibi
3545 4645 3688 4698 idetn

2112 4731 2324 4801 Moyses
2352 4732 2483 4786 dicit
2506 4733 2548 4763 "‘
2579 4750 2593 4787 :
2628 4751 2644 4782 ι
2685 4732 2956 4804 Interroga
3002 4743 3184 4802 patres
3221 4743 3361 4800 tuos,
3392 4743 3446 4790 et
3474 4750 3690 4789 annun-

2112 4823 2322 4877 tiabunt
2347 4825 2469 4888 tibi,
2505 4827 2850 4895 presbyteros
2880 4837 3019 4890 tuos,
3047 4836 3104 4880 et
3153 4827 3334 4882 dicent
3374 4825 3490 4885 tibi.
3527 4847 3545 4879 ι
3579 4826 3686 4897 Ipsi

2111 4916 2253 4969 enim
2284 4917 2461 4970 sciunt
2501 4919 2769 4986 quomodo
2803 4920 2916 4974 haec
2956 4933 3143 4989 azyma
3180 4919 3412 4973 debeant
3454 4921 3686 4974 mandu-

2110 5009 2242 5071 cari,
2270 5019 2322 5063 ct
2348 5012 2400 5061 in
2429 5011 2636 5078 azymis
2662 5011 2994 5066 sinceritatis
3023 5020 3078 5065 et
3110 5011 3358 5066 veritatis
3380 5010 3601 5080 exponi.

2181 5101 2266 5155 l0.
2301 5101 2527 5155 Additur
2573 5103 2622 5154 in
2669 5103 3022 5172 sequentibus
3056 5101 3139 5156 "z
3176 5120 3194 5153 σ
3232 5102 3296 5155 Ει
3339 5102 3553 5158 locutus
3597 5110 3686 5159 est

2313 5247 2802 5312 "lCor.x-tt,ll.
2877 5249 3235 5318 "Philip.tv,
3266 5249 3352 5305 18.
3430 5248 3682 5306 "llCor.

2173 5457 2283 5525 (99)
2313 5456 2456 5509 idem
2503 5475 2583 5511 ms
2619 5502 2627 5516 .
2667 5477 2684 5510 1
2718 5473 2780 5511 ex
2829 5458 2912 5512 his
2935 5501 2950 5524 ,
3007 5459 3429 5514 mandueabunt.
3472 5479 3490 5512 ι
3524 5459 3678 5515 Lihb.

2098 5527 2249 5589 editi,
2295 5548 2311 5576 ε
2343 5545 2403 5580 cx
2437 5529 2501 5580 iis
2527 5530 2884 5582 mandncahit.
2920 5551 2936 5581 i
2973 5530 3108 5582 Infra
3148 5531 3284 5582 ident
3323 5546 3449 5591 ms.,
3479 5548 3497 5580 σ
3541 5532 3680 5584 idem

2104 5595 2311 5668 Moyses
2364 5599 2510 5652 dicit.
2560 5619 2578 5650 ι
2614 5597 2768 5654 Libb.
2810 5600 2963 5663 editi,
3003 5618 3018 5648 σ
3063 5602 3174 5668 ipse
3205 5598 3410 5669 Moyses
3461 5601 3611 5654 dicit.
3655 5618 3675 5652 ι
