4106 6246
375 268 401 319 αἱ
417 269 476 320 ib

1576 265 1642 319 IN
1694 262 2068 320 LEVITICUM
2111 263 2391 318 llOMlLlA
2440 263 2500 317 V.

3541 265 3646 320 446

376 384 638 437 Dominus
678 382 744 434 ad
782 381 1025 451 Moysen,
1052 378 1248 434 dicens
1275 395 1289 430 :
1321 379 1433 436 lloc
1477 398 1673 437 mttnus
1706 383 1886 435 Aaron
1919 393 1972 437 et
2002 385 2044 441 Α
2077 382 2311 443 ciautur,
2347 381 2477 434 sicut
2519 393 2574 435 et
2609 381 2866 435 Dominus
2898 379 3092 436 fecisse
3123 379 3358 436 refertur
3387 379 3438 433 in
3465 379 3649 436 Evan-

373 477 606 529 ﬁliurum
633 473 769 542 ejus,
803 473 949 541 quod
996 471 1225 527 offerent
1261 472 1486 529 Domino
1522 476 1575 528 in
1605 476 1692 529 die
1723 492 1828 546 qua
1865 491 1960 528 un-

370 570 518 624 xeris
549 583 695 630 cum,
722 566 986 619 decimam
1013 574 1223 631 partem
1246 567 1374 636 ephi
1419 565 1743 636 similaginis
1780 567 1830 618 in
1873 581 1961 619 sa-

371 660 582 715 criﬁcio
625 673 858 725 semper,
892 657 1174 711 dimidium
1214 657 1330 725 ejus
1379 672 1558 721 mane,
1592 666 1643 712 et
1675 657 1957 712 dimidium

371 755 488 822 ejus
527 759 646 820 post
689 748 993 803 meridiem.
1045 747 1102 802 lu
1156 749 1432 818 sartagine
1481 764 1548 803 ex
1601 749 1721 802 oleo
1770 749 1860 803 ﬁet
1906 759 1962 805 et

374 856 722 912 conspersam
753 839 830 912 (l)
857 838 1049 894 offeret
1087 854 1206 894 eam
1233 851 1502 906 teneram,
1541 840 1870 895 sacriﬁcium
1897 841 1962 896 de

380 935 728 1008 fragmentis,
775 933 1104 990 sacriﬁcium
1150 934 1200 987 iu
1248 934 1470 989 odorem
1510 933 1801 988 suavitatis
1858 933 1958 988 Do—

378 1029 540 1081 mino.
576 1025 848 1081 Sacerdos
885 1027 974 1095 qtti
1017 1037 1214 1079 unctus
1256 1021 1424 1078 fuerit
1459 1039 1556 1093 pro
1602 1037 1666 1079 eo
1721 1037 1788 1077 ex
1839 1023 1961 1079 ﬁliis

373 1118 522 1187 ejus,
552 1117 714 1173 faciat
751 1133 811 1171 ca
840 1135 854 1171 :
881 1118 965 1172 lex
1006 1125 1208 1170 mterna
1239 1134 1252 1170 :
1278 1115 1460 1169 omnia
1503 1116 1963 1170 consummaban-

377 1221 484 1264 tur.
533 1210 600 1264 Et
640 1223 800 1263 omne
845 1209 1175 1265 sacriﬁcium
1225 1209 1530 1266 sacerdotis
1582 1206 1960 1262 holocaustum

373 1303 578 1365 erit,et
615 1317 717 1354 non
766 1301 978 1355 edetur.
1017 1321 1034 1352 ι
1066 1301 1119 1355 lu
1155 1302 1368 1357 caeteris
1399 1300 1614 1369 quidem
1651 1299 1960 1366 prmceptis,

379 1391 615 1460 pont'fex
652 1391 701 1443 iu
731 1389 1020 1445 efferendis
1055 1390 1343 1446 sacriﬁciis
1371 1388 1570 1460 pepnlo
1598 1389 1800 1456 prmbct
1843 1387 1954 1442 olli-

376 1487 556 1549 cium;
592 1484 642 1536 iu
685 1484 784 1537 hoc
820 1498 945 1538 vero
980 1483 1255 1547 mandato,
1281 1497 1404 1552 qua:
1451 1481 1668 1551 propria
1700 1487 1828 1534 sunt
1865 1495 1962 1534 cu-

379 1587 482 1641 rat,
510 1585 564 1628 et
595 1574 734 1643 quod
759 1573 826 1629 ad
850 1589 909 1628 se
940 1583 1172 1643 spectat,
1200 1574 1536 1644 exsequitur.
1563 1571 1797 1626 Jubetur
1820 1572 1962 1626 enim

376 1687 441 1725 ex
486 1669 597 1732 die,
629 1683 733 1736 qua
762 1675 958 1722 unctus
990 1666 1173 1731 fuerit,
1201 1681 1417 1736 semper
1457 1673 1510 1720 et
1552 1664 1605 1719 in
1644 1675 1960 1733 perpetumn

2067 473 2220 540 geliis
2251 472 2316 537 ⁸³,
2353 473 2436 524 ubi
2486 472 2758 526 benedixit
2803 487 2991 540 panes,
3046 482 3100 526 et
3149 471 3295 527 dedit
3342 471 3642 541 discipulis,

2066 573 2119 617 ct
2165 563 2411 632 discipuli
2461 563 2869 633 conlringentcs
2915 571 3284 632 apposuerunt
3334 562 3528 616 turbis.
3580 561 3648 614 Et

2067 671 2187 708 cum
2241 655 2421 709 satiati
2473 655 2944 717 fuissentomnes,
2997 655 3406 724 superfuerunt,
3449 654 3643 722 inquit,

2069 746 2494 816 fragmentorum
2548 746 2764 814 ecphini
2825 746 3129 801 duodecim.
3185 744 3331 800 Istud
3391 755 3474 800 est
3514 761 3646 816 ergo

2067 835 2392 892 sacriﬁcium
2443 851 2507 890 ex
2558 835 2910 904 fragmentis,
2966 850 3088 890 cum
3153 836 3459 892 minutatim
3526 851 3647 906 qua:

2069 937 2196 982 sunt
2237 928 2370 994 legis
2417 935 2603 980 sancta
2650 926 2989 991 discutimus,
3043 937 3100 980 ut
3142 928 3437 996 spiritalem
3465 944 3528 983 ex
3562 929 3646 983 his

2070 1021 2247 1075 cibum
2297 1033 2595 1089 purumque
2646 1018 2942 1086 capiamus.
3001 1017 3066 1073 Et
3112 1019 3250 1083 luce,
3307 1019 3518 1088 inquit,
3564 1030 3648 1085 est

2071 1109 2151 1163 lex
2199 1119 2424 1164 mterna.
2482 1105 2723 1163 Joannes
2785 1105 3004 1175 quidem
3061 1109 3338 1174 apostolus
3393 1110 3445 1164 in
3496 1110 3644 1178 Apo-

2071 1203 2273 1272 calypsi
2333 1201 2464 1256 dicit
2511 1215 2630 1255 esse
2689 1198 3040 1269 Evangelium
3096 1207 3356 1254 aeternum
3394 1201 3441 1233 ⁸⁸
3496 1220 3511 1256 :
3564 1203 3647 1256 in-

2073 1297 2318 1350 venimus
2375 1306 2428 1349 et
2487 1295 2575 1349 hic
2638 1297 2900 1365 scriptum
2948 1308 3070 1349 esse
3129 1293 3305 1361 legem
3359 1301 3642 1360 aeternam,

2072 1389 2232 1458 205
2262 1390 2356 1443 sed
2407 1390 2492 1442 isti
2535 1390 2626 1458 qui
2661 1389 2831 1460 legem
2863 1391 3162 1444 secundum
3198 1387 3440 1442 litteram
3487 1389 3644 1454 sequi

2073 1485 2283 1547 volunt,
2307 1484 2464 1538 vclitu
2493 1484 2621 1537 mihi
2645 1499 2786 1538 nunc
2810 1483 3052 1538 dicerent
3083 1484 3353 1552 quomodo
3377 1483 3460 1538 lex
3486 1481 3645 1550 hujus

2071 1575 2324 1629 sacriﬁcii
2355 1589 2472 1629 esse
2513 1575 2905 1643 possitacterna
2942 1589 2956 1626 :
2992 1588 3114 1627 cum
3152 1573 3342 1643 utique
3365 1573 3644 1628 destructo

2075 1664 2293 1733 templo,
2325 1664 2586 1718 subverso
2615 1664 2797 1728 altari,
2847 1673 2902 1717 et
2935 1663 3188 1719 omnibus
3215 1680 3337 1734 quae
3385 1665 3644 1719 diceban-

375 1760 579 1812 θῆρε-νε
625 1757 1150 1826 εἰιιιῑΙτιεῑιιεῑηιΟΙεο
1193 1771 1572 1826 conspersam,
1619 1764 1857 1810 teneram
1901 1770 1957 1811 ex

2076 1763 2168 1808 tur
2197 1762 2383 1807 sancta
2412 1753 2736 1823 profanatis,
2785 1753 2920 1807 ritus
2961 1753 3066 1808 iste
3099 1754 3494 1808 sacriﬁciorum
3533 1769 3641 1809 non

378 1851 682 1920 sartagine.
733 1846 899 1916 quue
948 1848 1295 1919 cognominat
1341 1846 1672 1902 sacriﬁcium
1737 1863 1804 1902 ex
1861 1848 1968 1900 fra-

385 1941 645 2011 gmentis,
678 1941 727 1993 in
765 1941 985 1996 odorem
1014 1938 1332 2004 suavitatis;
1361 1948 1415 1993 et
1456 1941 1558 1994 hoc
1603 1940 1720 2009 lege
1761 1952 1964 1994 aeterna

386 2046 728 2102 permanere,
758 2039 814 2086 et
864 2031 1150 2084 transmitti
1186 2030 1251 2083 ad
1283 2041 1533 2100 posteros
1581 2031 1756 2099 jubet.
1805 2030 1969 2086 Addit

385 2139 520 2177 sane
549 2123 960 2187 observandum,
987 2137 1054 2176 ne
1082 2122 1244 2175 ullum
1279 2123 1615 2177 sacriﬁcium
1647 2125 1966 2189 sacerdotis,

378 2214 486 2267 hoc
515 2224 616 2278 εει,
649 2213 792 2282 quod
828 2228 924 2281 pro
958 2215 1142 2285 seipso
1179 2213 1372 2268 olfcret
1405 2212 1506 2286 (ἓ),
1537 2215 1731 2269 edatur
1771 2232 1799 2268 a
1832 2231 1969 2285 quo—

375 2319 571 2368 quam;
605 2305 696 2358 sed
725 2305 1101 2358 holocaustum
1141 2307 1255 2370 ﬁat,
1291 2306 1434 2374 quod
1469 2315 1554 2360 est
1587 2307 1695 2376 igni
1731 2306 1965 2363 absumi.

377 2395 714 2465 Prmccptum
748 2397 966 2466 quidem
1003 2399 1300 2452 secundum
1334 2399 1569 2452 litteram
1612 2399 1817 2453 clarum
1860 2409 1964 2466 est,

377 2489 534 2542 velim
570 2499 745 2545 tamen
780 2490 963 2545 videre
989 2492 1082 2561 qui
1121 2491 1172 2544 in
1217 2493 1317 2547 hoc
1359 2501 1536 2562 typus,
1571 2501 1626 2546 et
1648 2508 1768 2562 qua:
1798 2494 1966 2562 ﬁgura

379 2579 666 2638 formetur.
709 2582 999 2636 Dimidittm
1035 2582 1292 2636 sacriﬁcii
1331 2583 1490 2650 hujus
1535 2598 1693 2638 mane
1730 2583 1840 2636 vult
1885 2583 1970 2637 of-

380 2667 532 2733 ferri,
565 2678 618 2724 et
649 2670 931 2724 dimidium
979 2685 1226 2740 vespere,
1274 2680 1418 2725 certa
1474 2687 1724 2727 mensura
1770 2673 1965 2729 similae

378 2760 498 2815 oleo
529 2775 833 2829 conspersae.
867 2770 1065 2816 tenerae
1095 2779 1122 2815 a
1153 2762 1447 2831 sartagine.
1492 2762 1623 2817 Vide
1654 2765 1700 2818 si
1734 2780 1863 2829 non,
1903 2776 1960 2818 ut

381 2867 480 2919 ego
501 2850 772 2917 suspicor,
797 2850 1127 2905 sacriﬁcimu
1151 2853 1449 2906 sacerdotis
1473 2852 1589 2908 haec
1617 2856 1729 2922 ipsa
1749 2857 1826 2910 sit
1853 2857 1967 2922 lex,

379 2957 498 3010 quae
525 2956 621 3008 per
647 2940 864 3012 Moysen
888 2942 1280 3010 promulgatur,
1304 2942 1458 3011 cujus
1494 2944 1772 2998 dimidium
1808 2962 1969 3003 mane

373 3030 595 3097 jubetur
626 3032 831 3098 offerri,
868 3033 1147 3086 dimidium
1184 3048 1314 3088 vero
1345 3035 1412 3086 ad
1452 3049 1756 3104 vesperam.
1787 3037 1958 3104 Quam

383 3123 549 3192 legem
582 3125 634 3177 in
679 3125 815 3178 duas
867 3134 1047 3193 partes
1096 3125 1258 3179 dividi
1313 3131 1587 3197 przecepit,
1621 3130 1672 3183 in
1723 3131 1954 3187 litteram

381 3213 636 3268 videlicet
659 3223 710 3268 et
740 3215 1012 3282 spiritum.
1051 3213 1118 3268 Et
1152 3215 1430 3269 dimidiam
1469 3217 1684 3284 quidem
1727 3229 1954 3285 partem,

385 3322 506 3376 qua:
540 3316 620 3360 est
648 3307 846 3370 littera,
880 3306 1061 3362 offerri
1104 3309 1258 3375 jubet
1302 3323 1480 3371 mane,
1527 3310 1700 3376 primo
1751 3311 1958 3366 scilicet

386 3399 519 3467 legis
565 3409 835 3469 tempore:
868 3401 1009 3470 quod
1072 3402 1176 3454 illis
1229 3401 1425 3469 quibus
1477 3411 1607 3456 tunc
1656 3406 1955 3458 secundum

385 3491 616 3545 litteram
649 3493 770 3545 data
808 3503 913 3556 est,
946 3507 1136 3546 novam
1169 3492 1342 3546 lucem
1385 3498 1440 3545 et
1492 3508 1694 3548 novum
1731 3497 1958 3564 protulit

379 3583 540 3646 diem,
583 3583 862 3637 dimidium
914 3599 1045 3638 vero
1085 3581 1200 3650 ejus
1230 3583 1411 3638 oﬁ‘erri
1460 3583 1626 3654 jussit
1666 3587 1716 3640 in
1765 3602 1955 3658 vespe-

381 3689 519 3728 ram.
564 3674 618 3727 ln
652 3689 873 3743 vespera
915 3675 1058 3728 enim
1105 3673 1261 3729 nobis
1314 3675 1472 3729 datus
1507 3687 1593 3731 est
1651 3678 1954 3734 Salvatoris

378 3766 658 3830 adventus,
695 3767 746 3818 in
781 3782 889 3836 quo
919 3781 1046 3834 pars
1096 3765 1182 3818 illa
1230 3766 1474 3832 dimidia,
1508 3768 1612 3824 hoc
1648 3779 1731 3825 est
1761 3785 1956 3827 sensus

380 3855 461 3907 vel
488 3856 708 3923 spiritus
741 3855 892 3923 legis,
926 3856 1222 3909 secundum
1256 3856 1399 3925 quod
1436 3857 1520 3912 lex
1559 3858 1820 3928 spiritalis
1849 3870 1953 3926 est,

379 3945 634 3998 offeratur
662 3949 780 4000 oleo
819 3962 1110 4015 conspersa
1155 3956 1358 4002 tenera.
1405 3950 1594 4004 Oleum
1635 3951 1701 4004 ad
1739 3952 1953 4006 miseri-

378 4038 618 4092 cordiam
661 4048 967 4101 revocatur,
1002 4053 1123 4108 qua:
1154 4038 1312 4094 debet
1353 4040 1405 4094 in
1444 4043 1825 4097 sacerdotibus
1859 4043 1955 4096 ab-

379 4132 600 4183 undare.
631 4132 836 4185 Tenera
863 4132 928 4184 ad
961 4132 1213 4186 subtilem
1241 4140 1294 4185 et
1322 4147 1508 4201 puram
1539 4134 1952 4204 intelligentiam

378 4222 626 4290 pertinet.
652 4221 804 4287 Quod
835 4232 1013 4275 autem
1038 4240 1066 4275 a
1096 4225 1372 4293 sartagine
1399 4226 1622 4290 dicitur,
1657 4234 1787 4296 puto
1811 4227 1954 4296 quod

375 4312 706 4372 districtmu,
739 4320 795 4364 et
828 4311 992 4364 multa
1039 4314 1371 4368 continentia
1409 4317 1644 4383 aridum,
1689 4327 1745 4372 et
1790 4319 1955 4371 torri-

2071 1845 2302 1912 potuerit
2355 1858 2698 1913 permanere.
2741 1841 3032 1909 Quomodo
3081 1858 3210 1915 ergo
3257 1853 3519 1898 mternum
3563 1845 3644 1900 di-

2069 1946 2216 2000 cent,
2249 1937 2390 2005 quod
2424 1938 2550 1990 olim
2605 1951 2852 1991 ct-ssasse
2901 1946 2956 1990 et
2986 1937 3195 1991 ﬁnitum
3223 1952 3346 1993 esse
3373 1936 3479 2006 jam
3509 1953 3642 1992 cou-

2069 2028 2218 2082 stat?
2260 2028 2446 2081 Restat
2495 2038 2552 2080 ut
2607 2027 2903 2081 secumlum
2957 2042 3076 2081 eam
3137 2039 3342 2097 partem
3392 2030 3476 2083 lex
3529 2030 3643 2083 haec

2069 2129 2272 2173 :etcrna
2304 2122 2539 2182 dicatur,
2570 2134 2676 2188 qtta
2719 2134 2817 2172 nos
2860 2119 3092 2172 dicimus
3125 2119 3293 2187 legem
3334 2134 3452 2173 esse
3481 2121 3645 2188 spiri-

2071 2210 2254 2276 talem,
2287 2221 2338 2265 ct
2363 2226 2458 2279 per
2495 2226 2610 2264 eam
2636 2210 2900 2278 spiritalia
2936 2225 3094 2278 posse
3121 2211 3303 2264 oll'crri
3333 2213 3599 2266 sacriﬁcia
3625 2251 3641 2275 ,

2069 2319 2187 2373 quae
2218 2317 2393 2369 neque
2416 2300 2740 2368 iuterrmupi
2772 2317 3005 2371 unquam
3059 2318 3238 2371 neque
3270 2319 3491 2358 cessare
3521 2319 3643 2372 pos-

2069 2405 2214 2448 sunt.
2253 2393 2368 2448 Non
2405 2396 2546 2449 enim
2587 2395 2638 2448 in
2681 2395 2796 2450 loco
2824 2405 2952 2450 sunt
3003 2397 3102 2470 (5),
3157 2397 3245 2465 qui
3283 2396 3638 2463 subvertitur,

2070 2493 2165 2539 aut
2195 2486 2245 2539 in
2273 2495 2514 2554 tempore
2545 2487 2688 2555 quod
2721 2496 2979 2556 mutatur,
3009 2489 3103 2544 sed
3132 2491 3182 2542 in
3211 2487 3314 2542 ﬁde
3342 2489 3639 2552 credentis,

2069 2589 2123 2631 ct
2155 2577 2206 2630 in
2234 2578 2398 2630 corde
2429 2577 2806 2632 sacriﬁcantis.
2839 2578 2983 2633 Sane
3013 2579 3154 2646 quod
3176 2579 3274 2642 ait,
3303 2579 3414 2633 Non
3452 2578 3643 2634 edetur

2069 2669 2135 2723 de
2161 2669 2430 2722 sacriﬁcio
2456 2670 2786 2733 sacerdotis,
2821 2672 2914 2723 sed
2942 2669 3316 2724 holocaustum
3353 2670 3482 2734 erit,
3516 2684 3642 2724 cer-

2071 2769 2180 2812 ttnn
2206 2769 2290 2813 est
2320 2760 2388 2813 ad
2435 2759 2645 2814 Domini
2694 2769 2748 2814 et
2783 2760 3084 2816 Salvatoris
3131 2762 3298 2816 nostri
3353 2777 3638 2832 personam

2070 2855 2284 2908 referri.
2328 2854 2402 2908 De
2439 2854 2584 2908 illius
2618 2855 2765 2908 enim
2823 2857 3093 2911 sacriﬁcio
3153 2871 3258 2909 non
3294 2858 3506 2919 edetur,
3549 2856 3641 2909 sed

2069 2944 2442 3000 holocaustum
2469 2948 2592 3002 erit.
2629 2946 2738 3002 lluc
2767 2947 2819 3002 in
2859 2949 2977 3004 loco
3020 2949 3380 3013 sacriﬁcium,
3413 2949 3640 3003 verbum

2075 3038 2247 3105 ipsum
2277 3038 2650 3107 accipiendum
2699 3025 2804 3104 est;
2839 3049 2894 3094 et
2921 3041 3193 3103 doctrina,
3223 3041 3289 3096 de
3319 3057 3424 3110 qua
3457 3041 3636 3095 nullus

2060 3129 2207 3194 edet,
2242 3131 2342 3183 hoc
2383 3140 2460 3182 est
2497 3129 2674 3184 nullus
2699 3130 2958 3199 disputat,
3011 3131 3188 3184 nullus
3225 3139 3502 3196 retractat,
3535 3131 3632 3186 sed

2061 3219 2440 3274 holocaustum
2493 3232 2594 3275 est.
2635 3221 2904 3290 Quidquid
2957 3210 3117 3275 enim
3151 3223 3320 3284 dixit,
3367 3222 3634 3291 quidquid

2060 3311 2278 3374 Statuit,
2309 3319 2514 3365 aeterna
2549 3314 2961 3366 consecratione
2996 3313 3280 3380 perdurat,
3318 3327 3416 3366 nec
3444 3311 3641 3379 aliquis

2061 3403 2135 3456 ita
2172 3402 2396 3456 insanus
2443 3403 2521 3474 (l)
2557 3404 2829 3457 invenitur
2857 3412 2951 3457 aut
3001 3403 3278 3473 profanus,
3311 3405 3402 3472 qui
3459 3415 3638 3456 retra-

2059 3504 2212 3548 ctare
2233 3493 2298 3546 de
2326 3493 2443 3562 ejus
2471 3495 2815 3548 sermonibus
2846 3495 3050 3563 possit;
3087 3510 3222 3563 quos
3258 3477 3515 3564 tanquam
3541 3495 3639 3549 h0-

2061 3584 2388 3648 locaustnm,
2417 3585 2746 3640 sacriﬁcium
2785 3587 2890 3640 Deo
2913 3587 3156 3641 oblatum
3178 3627 3192 3649 ,
3225 3587 3275 3641 in
3304 3585 3450 3642 omni
3487 3585 3638 3642 culttt

2059 3685 2115 3728 et
2143 3677 2492 3730 veneratione
2548 3678 2749 3731 habere
2799 3678 3056 3732 debemus
3089 3693 3104 3730 :
3142 3679 3265 3746 quia
3301 3697 3319 3729 ι
3359 3677 3555 3732 caelum
3584 3689 3639 3734 et

2061 3775 2204 3819 terra
2227 3768 2554 3828 transibunt,
2571 3769 2734 3822 verba
2750 3780 2926 3821 autem
2944 3768 3061 3837 ejus
3080 3783 3183 3822 non
3207 3769 3636 3833 transibunt",a

2059 3857 2152 3911 sed
2205 3872 2425 3927 semper
2470 3868 2713 3921 manent,
2748 3860 2887 3912 sicut
2924 3869 2976 3912 et
3014 3860 3129 3926 ipse
3183 3874 3397 3927 semper
3430 3871 3637 3918 manet.

2058 3948 2162 4002 l‘er
2203 3950 2377 4020 ipsmn
2428 3951 2534 4003 Deo
2575 3949 2720 4002 l’atri
2755 3965 2874 4002 cum
2918 3949 3122 4016 Spiritu
3162 3961 3353 4006 sancto
3379 3949 3551 4020 gloria
3581 3961 3639 4010 et

2059 4043 2349 4111 imperium
2379 4043 2430 4098 itt
2468 4043 2665 4098 Stecttla
2702 4043 3048 4098 saeculorum.
3083 4047 3276 4097 Amen.

2663 4153 2942 4208 llOMlLlA
2984 4155 3047 4210 ν.

2057 4245 2131 4300 De
2153 4262 2212 4300 co
2243 4247 2382 4316 quod
2416 4248 2667 4316 scriptum
2697 4253 2775 4316 est
2815 4261 2834 4298 .'
2868 4265 2887 4297 ο
2927 4246 3054 4301 flare
3081 4247 3166 4301 lea:
3195 4255 3397 4312 peccati
3406 4255 3482 4304 :iu
3519 4256 3634 4309 loco

2121 4334 2222 4386 quo
2254 4313 2650 4394 jugulubunmr
2690 4313 3021 4382 holocausta,
3057 4321 3294 4375 occident
3319 4334 3368 4376 et
3409 4325 3461 4375 id
3491 4327 3636 4394 quod

372 4406 502 4458 dmn
536 4401 661 4455 velit
692 4416 809 4455 esse
849 4403 1209 4468 sacerdotem,
1247 4405 1300 4460 in
1335 4421 1442 4476 quo
1477 4407 1611 4461 nihil
1661 4409 1946 4463 remissum
1981 4427 2025 4484 η
2119 4389 2320 4454 Ρίτεαίί
2347 4396 2444 4450 es"
2477 4407 2495 4438 ³
2527 4398 2633 4441 elc-

376 4497 563 4550 haberi
595 4494 660 4548 ad
689 4493 977 4561 luxuriam,
1008 4494 1140 4548 nihil
1163 4495 1384 4552 fluitans
1411 4499 1481 4553 ad
1511 4498 1790 4554 libidinem
1827 4517 1949 4570 pos-

374 4590 464 4641 sit.
507 4586 656 4654 Quod
697 4596 877 4640 autem
918 4587 1245 4642 sacriﬁcium
1290 4590 1465 4659 ipsum
1509 4607 1574 4648 ex
1628 4591 1946 4661 fragmentis

376 4678 664 4731 nominavit
717 4678 770 4731 iu
819 4679 1036 4732 odorem
1089 4682 1394 4747 suavitatis,
1451 4692 1584 4752 puto
1637 4686 1778 4754 quod
1837 4683 1949 4736 fra-

374 4778 588 4838 gmenta
633 4768 973 4823 sacerdotum
1021 4768 1147 4822 velit
1194 4770 1618 4843 iutelligi:cum
1675 4775 1808 4845 legis
1855 4789 1951 4843 per

372 4871 465 4911 eos
497 4859 669 4913 littera
699 4857 982 4929 frangitur,
1014 4869 1070 4914 et.
1111 4861 1265 4918 cibus
1291 4879 1359 4918 ex
1387 4879 1449 4918 ea
1480 4865 1654 4920 latens
1695 4867 1949 4920 intrinse-

371 4964 467 5003 cus
527 4949 784 5018 spiritalis
837 4950 1088 5018 elicitur;
1138 4962 1204 5007 ut
1253 4955 1541 5014 audientes
1600 4959 1770 5013 turba:
1824 4958 1948 5013 reﬁ-

439 5117 484 5148 ⁸³
514 5116 699 5171 Matth.
734 5132 845 5173 xw.
920 5116 967 5149 ⁸⁸
991 5119 1159 5187 Apoc.
1201 5135 1311 5185 xtv,
1353 5118 1408 5177 6.

440 5251 516 5321 (l)
545 5251 688 5328 idem
720 5265 908 5328 ms.,_c
944 5259 999 5305 et
1028 5267 1418 5328 conspersam;
1455 5277 1474 5309 ι
1503 5268 1558 5312 et
1613 5258 1771 5328 paulo
1804 5269 1943 5326 post,

369 5341 387 5369 ‹
421 5319 745 5374 sacriﬁcium
764 5321 830 5375 de
853 5319 1199 5388 fragmentis,
1224 5319 1551 5380 sacrilicium
1579 5319 1630 5381 in
1650 5319 1893 5382 odorem.
1920 5319 1938 5377 ἰ

366 5389 426 5442 1η
486 5399 645 5466 antea
709 5391 872 5446 editis
901 5390 1455 5466 legitimtconspersa,
1498 5415 1516 5446 ι
1549 5406 1741 5466 etpost
1782 5417 1798 5448 ι
1837 5400 1944 5449 fra-

368 5462 600 5529 gmentis
629 5479 648 5513 ι
681 5475 787 5514 non
819 5462 1080 5531 repetitur
1114 5481 1134 5514 ι
1170 5464 1519 5518 sacriﬁcium.
1557 5484 1576 5516 ι
1613 5462 1754 5520 ιἰιΐτε
1801 5469 1940 5522 idem

371 5531 654 5604 Ills._.>¢_l¢X
689 5530 912 5604 atterna.
937 5549 968 5604 ,ι
1008 5530 1324 5600 I.ibb.editi,
1361 5535 1533 5604 tilege
1582 5547 1805 5592 aeterna.
1845 5556 1864 5587 ι

443 5600 519 5672 (2)
560 5599 711 5672 Idem
730 5599 897 5672 codex
925 5601 1235 5672 Sangerm.,
1269 5621 1288 5654 ι
1325 5599 1532 5658 oll‘cret.
1561 5624 1579 5656 ι
1608 5607 1760 5661 Libb.
1787 5607 1940 5668 editi,

377 5686 397 5720 ι
435 5670 610 5726 otl‘crt.
653 5689 671 5722 ι
698 5670 837 5725 Infra
869 5671 1007 5727 idem
1041 5670 1168 5740 ms.,
1205 5670 1475 5743 rjubctnr
1499 5675 1696 5732 olferri.
1735 5696 1752 5728 ι
1783 5677 1937 5732 Libb.

1485 5123 1531 5154 ⁸⁸
1558 5120 1745 5176 Matth.
1788 5137 1932 5186 xxiv,
1961 5120 2049 5175 15.

2131 4493 2181 4548 1.
2221 4512 2240 4543 ‹
2272 4494 2336 4546 Ει
2384 4494 2594 4549 locutus
2637 4505 2719 4550 est
2752 4495 3010 4548 Dominus
3053 4495 3118 4548 ad
3145 4495 3360 4568 Moysen
3393 4497 3583 4551 dicens
3612 4511 3628 4552 :

2057 4584 2301 4652 Loquere
2343 4587 2409 4638 ad
2452 4590 2656 4650 Aaron,
2701 4596 2758 4642 et
2793 4589 2859 4643 ad
2903 4589 3042 4644 ﬁlios
3078 4589 3195 4660 ejus
3239 4591 3470 4644 dicens:
3510 4589 3632 4644 llzeu

2054 4689 2138 4733 est
2166 4680 2248 4733 lex
2277 4681 2486 4747 peccati
2511 4694 2522 4728 :
2545 4680 2599 4733 ltt
2629 4681 2749 4736 loco
2774 4697 2880 4750 quo
2902 4682 3223 4753 jugulantur
3257 4683 3334 4754 (5)
3376 4686 3627 4739 holocaua

2055 4781 2159 4836 sta,
2193 4773 2440 4826 occident
2487 4784 2536 4827 et
2584 4775 2636 4827 id
2673 4775 2816 4844 quod
2854 4777 3060 4844 peccati
3107 4787 3192 4831 est
3232 4787 3421 4829 contra
3457 4775 3630 4826 Domi-

2057 4882 2182 4919 nuut
2212 4883 2224 4919 :
2265 4865 2462 4919 Sancta
2488 4877 2802 4920 sanctorum
2833 4877 2978 4920 sunt.
3015 4869 3288 4923 Sacerdos
3312 4866 3401 4935 qui
3440 4864 3631 4918 oﬁ‘eret

2055 4957 2210 5022 illud,
2236 4958 2290 5013 in
2317 4959 2434 5014 loco
2461 4969 2650 5013 sancto
2675 4958 2818 5024 edet,
2856 4961 2909 5013 in
2930 4959 3077 5015 atrio
3111 4956 3442 5013 tabernaculi
3479 4955 3630 5009 tosti-

2040 5259 2190 5319 cditi,
2226 5277 2244 5306 ι
2284 5256 2503 5325 jubclur
2529 5254 2742 5310 offerre.
2779 5275 2798 5308 ι

2116 5329 2192 5398 (5)
2235 5323 2378 5398 Idem
2413 5340 2542 5388 ms.,
2579 5343 2607 5398 «ξ
2627 5335 2774 5398 sunt.
2818 5343 2835 5375 ι
2869 5323 3025 5398 Libb.
3055 5323 3212 5388 editi,
3243 5341 3262 5375 ι
3299 5333 3401 5398 est.
3445 5346 3462 5376 ι

2115 5394 2191 5463 (4)
2229 5397 2368 5450 Idem
2394 5411 2521 5459 ms.,
2546 5413 2566 5446 ί
2595 5396 2667 5449 ita
2697 5395 2939 5450 insanus.
2961 5414 2979 5446 ι
3002 5394 3060 5449 ln
3087 5404 3244 5449 antea
3263 5397 3616 5479 editis-decet,

2043 5487 2062 5520 ι
2101 5469 2194 5522 ita.
2220 5486 2242 5517 ο

2110 5537 2188 5605 (5)
2236 5535 2418 5606 Codex
2472 5535 2781 5606 Sangerrn.,
2819 5554 2837 5587 ι
2863 5534 3195 5606 jugulantur.
3230 5553 3249 5585 ι
3281 5535 3434 5588 Libb.
3461 5538 3612 5602 editi,

2046 5625 2064 5658 ι
2098 5605 2508 5677 jugulabuntur.
2557 5623 2575 5655 ι
2609 5605 2754 5658 Infra
2789 5605 2944 5660 idem
2987 5623 3115 5670 ms.,
3163 5623 3181 5655 ι
3227 5607 3486 5661 sacerdos
3522 5611 3613 5677 qui

2037 5675 2249 5733 otl'crct.
2294 5694 2313 5728 ι
2345 5675 2501 5731 Libb.
2533 5677 2659 5731 editi
2683 5718 2696 5744 ,
2734 5696 2752 5730 ι
2785 5677 3040 5733 sacerdos
3065 5677 3158 5746 qui
3190 5677 3368 5733 oll'crt.
3403 5693 3425 5730 ο
