4106 6246
488 275 513 329 ἦ
523 276 585 329 47

1932 273 2251 329 ORIGISNIS

3634 274 3754 329 438

486 394 678 449 monii.
721 391 912 448 Omnis
936 393 1027 463 qui
1067 394 1234 464 tangit
1271 395 1337 450 de
1370 396 1628 451 carnibus
1654 394 1793 465 ejus,
1824 397 2065 451 sanctiti-
2093 401 2141 457 Α
2169 395 2221 448 in
2257 394 2439 450 futuro
2478 394 2850 450 litereditatcm
2886 393 3008 447 vita:
3037 400 3259 447 aeterna:
3313 401 3761 463 consequentur,

489 483 735 549 cabitur;
779 493 835 539 ct
864 484 1169 555 cuicunque
1209 500 1491 554 aspersum
1528 486 1690 541 fuerit
1721 504 1785 541 ex
1814 489 2076 559 sanguine

485 575 639 643 ejus,
693 592 857 646 super
906 578 1290 631 vestimentum
1341 580 1705 650 quodcunque
1763 597 2074 651 respersum

488 668 685 732 fuerit,
727 676 782 723 et
834 668 1012 738 ipsum
1065 669 1334 724 Iavabitur
1374 672 1427 725 in
1466 672 1587 728 loco
1624 685 1834 730 sancto.
1877 677 1945 730 Et
1982 691 2076 730 vas

491 762 656 817 ﬁctile
696 762 750 814 in
788 776 1115 832 quocunque
1155 774 1370 818 coctum
1411 763 1595 831 fuerit,
1639 768 2017 839 conlringetur
2058 786 2070 823 :

418 852 431 913 β
485 852 531 910 si
562 862 745 907 autem
776 853 832 906 in
862 868 990 907 vase
1020 869 1163 908 aereo
1200 854 1273 925 (6)
1318 865 1532 910 coctum
1563 858 1754 923 fuerit,
1790 859 2076 916 defricabit

484 943 620 999 illud
657 953 713 999 et
751 944 923 999 diluet
962 961 1121 1014 aqua.
1164 944 1356 1001 Omnis
1396 949 1671 1004 masculus
1712 965 1777 1004 ex
1818 953 2071 1007 sacerdo-

488 1029 634 1084 tibus
665 1030 790 1083 edet
828 1046 889 1086 ea
925 1051 939 1086 ε
976 1033 1178 1088 Sancta
1213 1045 1527 1093 sanctorum
1566 1047 1690 1093 sunt
1720 1040 1964 1093 Domino.
2000 1042 2065 1094 Et

486 1118 665 1171 omnia
694 1134 813 1187 qua!
841 1136 939 1188 pro
976 1133 1195 1191 peccato
1226 1135 1377 1190 sunt,
1399 1141 1464 1181 ex
1489 1128 1689 1196 quibus
1717 1128 1920 1183 illatum
1952 1130 2066 1183 foe-

490 1210 558 1261 rit
587 1224 615 1261 a
650 1213 915 1280 sanguine
942 1229 1129 1268 eorttm
1174 1216 1226 1269 in
1258 1217 1610 1275 tabernaculo
1648 1222 1940 1276 testimonii
1968 1223 2064 1274 de-

490 1304 703 1368 precari
732 1304 785 1355 in
812 1302 930 1357 loco
955 1316 1167 1373 sancto,
1217 1324 1320 1362 non
1361 1311 1612 1377 edentur,
1646 1312 1738 1367 sed
1776 1313 1881 1381 igni
1911 1328 2065 1365 com-

487 1391 754 1446 burentur
775 1394 841 1449 ⁸⁸.
874 1414 892 1447 ι
928 1397 1050 1451 Ilzec
1074 1402 1251 1453 omnia
1278 1402 1377 1455 nisi
1399 1402 1503 1455 alio
1526 1420 1687 1458 sensu
1711 1405 2064 1474 accipiamus,

489 1499 649 1551 quam
689 1486 881 1541 littera:
910 1500 1092 1545 textus
1119 1495 1389 1559 ostendit,
1424 1496 1566 1548 sicut
1614 1512 1755 1564 saepe
1780 1496 1895 1565 jam
1928 1498 2066 1550 dixi-

491 1589 629 1634 ltlllS,
668 1593 790 1630 cum
827 1581 878 1632 in
921 1582 1150 1637 ecclesia
1178 1587 1494 1652 recitantur,
1530 1588 1868 1641 obstaculum
1897 1589 2068 1658 magis

487 1677 539 1719 et
566 1671 977 1727 subversionem
1005 1676 1328 1731 Christiana:
1359 1679 1628 1747 religioni,
1664 1696 1829 1749 quam
1882 1685 2062 1735 horta-

489 1761 691 1816 tionem
754 1763 831 1836 (7)
881 1768 1402 1842 mdiﬁcationemque
1453 1776 1801 1842 praistabuut.
1846 1776 1901 1829 Si
1940 1792 2066 1829 vero

492 1851 822 1908 discutiatur
850 1867 903 1910 et
952 1859 1258 1915 inveniatur
1286 1878 1391 1930 quo
1423 1879 1582 1917 sensu
1616 1866 1727 1918 Ιιωε
1748 1867 1886 1919 dicta
1921 1876 2065 1931 sunt,

490 1955 542 1997 et
574 1946 733 2013 digne
767 1949 875 2001 Deo
907 1952 997 2018 qui
1034 1952 1149 2007 [nec
1205 1955 1452 2009 scribere
1492 1958 1714 2020 dicitur,
1775 1959 2067 2013 advertan-

493 2045 602 2097 tur,
640 2038 729 2090 Iiet
764 2040 980 2107 quidem
1008 2041 1228 2099 Iudaeus
1256 2047 1345 2114 qui
1374 2046 1486 2101 lucc
1517 2049 1689 2111 audit,
1722 2051 1813 2104 sed
1848 2066 1950 2104 non
1978 2052 2068 2107 ille

489 2127 580 2192 qui
622 2128 671 2179 in
713 2129 1026 2197 manifesto,
1069 2136 1161 2188 sed
1211 2137 1301 2205 qui
1342 2138 1392 2191 in
1431 2140 1644 2193 occulto
1683 2139 1901 2196 Iudaeus
1939 2156 2064 2196 est:

489 2219 785 2273 secundum
813 2222 956 2275 illam
989 2223 1352 2281 diﬂerentiam
1376 2227 1570 2294 Ιιιιιωί,
1594 2247 1758 2299 quant
1785 2234 2069 2303 distinguit

493 2315 770 2378 apostolus
810 2314 1007 2370 Paulus
1030 2317 1106 2387 (8)
1148 2320 1335 2374 dicens
1367 2322 1412 2351 ⁸⁷
1451 2336 1466 2375 :
1510 2340 1528 2373 ί
1565 2322 1680 2375 Non
1720 2327 1862 2377 enim
1894 2328 2066 2395 quiin

490 2398 783 2452 manifesto
801 2399 1021 2455 Judzeus
1041 2412 1145 2468 est,
1172 2420 1351 2474 neque
1376 2424 1495 2476 quae
1525 2412 1810 2469 manifeste
1834 2416 1887 2469 in
1914 2430 2078 2471 (xime

493 2497 577 2541 est
622 2488 993 2549 circumcisio.
1028 2495 1121 2548 sed
1149 2497 1239 2564 qui
1272 2498 1325 2555 in
1366 2502 1580 2556 occulto
1608 2503 1828 2559 Judaeus
1858 2518 1941 2562 est
1969 2510 2079 2563 cir-

492 2579 825 2634 cumcisione
874 2584 1087 2648 cordis,
1139 2589 1228 2655 qui
1278 2590 1503 2659 spiritu.
1562 2609 1669 2646 non
1723 2596 1932 2661 littera,
1988 2602 2078 2656 cui

492 2669 608 2723 laus
638 2674 711 2742 (9)
747 2689 855 2727 non
887 2675 955 2729 ab
989 2677 1316 2747 hominibus,
1354 2685 1447 2738 sed
1477 2701 1539 2739 ex
1572 2687 1680 2743 Deo
1710 2703 1810 2745 est.
1852 2713 1868 2743 ι
1902 2693 2073 2759 Quam

488 2763 851 2821 differentiam
890 2769 1061 2825 Judaei
1097 2773 1320 2830 visibilis
1348 2787 1403 2831 et
1436 2778 1606 2835 Judmi
1647 2781 1933 2844 invisibilis
1964 2804 2072 2843 non

488 2856 855 2929 intelligentes
886 2862 1037 2934 impii
1069 2865 1328 2935 hzeretici,
1364 2886 1470 2925 non
1501 2875 1672 2929 solum
1713 2878 1781 2933 ab
1809 2880 1894 2933 liis
1923 2879 2067 2935 Scri-

490 2944 665 3010 pluris
703 2945 1037 3016 refugerunt,
1071 2954 1164 3006 sed
1194 2963 1243 3007 et
1294 2955 1361 3009 ab
1416 2957 1529 3026 ipso
1575 2959 1708 3026 Deo,
1750 2966 1842 3031 qui
1895 2966 2065 3037 legem

2100 1738 2139 1791 Β

2166 500 2263 556 per
2295 501 2456 555 quam
2490 484 2896 557 perveniantad
2931 499 3093 555 regna
3125 482 3365 538 coelestia
3396 501 3411 538 :
3444 499 3563 537 eam
3598 501 3760 537 nunc

2164 592 2323 646 quam
2364 578 2602 632 diximus
2628 577 2763 647 legis
2799 576 3034 631 animam
3078 576 3447 641 requiramus,
3475 587 3758 645 quantum

2174 672 2238 724 ad
2271 685 2509 740 prmseus
2548 670 2765 722 interim
2793 675 3021 736 spectat.
3070 664 3264 720 Nescio
3311 676 3495 720 autem
3531 667 3575 721 si
3617 681 3761 736 pos-

2164 774 2352 814 sumus
2388 758 2548 813 etiam
2602 759 2668 811 ad
2710 758 2964 827 spiritum
2999 756 3114 824 ejus
3160 758 3458 811 ascendere
3516 759 3567 812 in
3616 760 3707 812 bis
3739 800 3756 823 ,

2166 868 2289 923 qua:
2320 853 2476 908 nobis
2502 854 2568 907 de
2595 851 2883 906 sacriﬁciis
2915 850 3051 905 lecta
3092 861 3239 904 sunt.
3288 851 3565 907 Debemus
3595 853 3758 907 enim

2164 958 2313 1009 eum,
2347 960 2503 1013 quem
2534 945 2697 1016 206
2726 945 2960 999 diximus
2991 945 3042 997 in
3069 944 3281 997 occulto
3302 943 3569 1007 Juda’um,
3600 946 3758 999 sicut

2166 1040 2499 1095 ostendimus
2527 1040 2652 1109 quia
2686 1055 2789 1094 non
2825 1054 3011 1104 carne,
3047 1039 3140 1093 sed
3194 1040 3357 1093 corde
3394 1040 3752 1094 circumcidi-

2168 1142 2287 1198 tur;
2321 1133 2393 1185 ita
2423 1132 2712 1187 Ostendere
2754 1133 2880 1200 quia
2919 1141 2973 1186 et
3004 1131 3280 1186 sacriﬁcat
3321 1146 3428 1185 non
3462 1132 3515 1183 in
3538 1148 3746 1197 carne,

2169 1224 2262 1277 sed
2310 1223 2509 1291 corde,
2538 1232 2589 1277 et
2616 1224 2743 1289 quia
2777 1224 2898 1279 edet
2926 1225 2991 1279 de
3022 1222 3309 1278 sacriﬁciis
3345 1238 3449 1276 non
3498 1238 3739 1289 carnem,

2168 1315 2261 1367 sed
2286 1315 2539 1383 spiritum
2568 1315 2701 1382 (I0).

2237 1406 2290 1458 2.
2332 1405 2438 1460 Sed
2475 1405 2751 1460 videamus
2782 1406 2893 1473 jam
2923 1421 3043 1475 qua:
3070 1415 3198 1461 sunt
3226 1406 3316 1460 illa
3344 1423 3463 1475 qua:
3496 1407 3741 1462 referun-

2170 1505 2257 1549 tur
2289 1497 2338 1549 in
2373 1497 2509 1565 lege.
2545 1515 2563 1547 ι
2600 1497 2664 1551 Et
2715 1497 2925 1551 locutus
2981 1506 3082 1560 est,
3127 1498 3329 1567 inquit,
3378 1499 3634 1552 Dominus
3668 1501 3737 1553 ad

2168 1585 2388 1656 Moysen
2426 1586 2615 1640 dicens
2649 1604 2663 1641 :
2702 1587 2949 1653 Loquere
2986 1589 3054 1640 ad
3102 1590 3308 1653 Aaron,
3359 1598 3408 1640 et
3445 1588 3580 1642 ﬁlios
3610 1591 3731 1658 ejus

2169 1678 2354 1731 dicens
2387 1695 2401 1730 :
2437 1677 2561 1730 Ilzec
2614 1676 2698 1731 lex
2732 1679 2974 1746 peccati;
3008 1697 3025 1730 ι
3061 1688 3114 1732 ει
3144 1688 3337 1731 caetera
3374 1695 3485 1746 qua:
3512 1682 3562 1732 in
3588 1696 3730 1748 pra:-

2169 1768 2309 1820 senti
2337 1769 2561 1821 recitata
2591 1777 2736 1823 sunt.
2770 1769 2830 1822 Et
2855 1780 2981 1823 ante
3005 1769 3115 1837 jam
3136 1770 3338 1824 dixisse
3371 1787 3465 1825 nos
3491 1773 3725 1837 memini,

2168 1859 2291 1925 quia
2322 1859 2406 1912 lex
2440 1875 2542 1913 non
2574 1875 2789 1928 semper
2813 1862 3014 1914 eisdem
3042 1861 3199 1914 datur
3226 1881 3239 1916 :
3263 1863 3357 1917 sed
3387 1862 3491 1914 alia
3523 1863 3733 1931 quidem

2173 1950 2331 2002 datur
2352 1950 2479 2003 ﬁliis
2504 1950 2693 2017 Israel,
2719 1951 2821 2004 alia
2855 1962 3034 2005 autem
3060 1952 3185 2005 ﬁliis
3211 1955 3410 2016 Aaron,
3435 1953 3539 2007 alia
3556 1955 3741 2019 etiam,

2168 2041 2309 2095 sicut
2338 2043 2661 2111 jan‘ipridem
2683 2044 3114 2107 observavimus,
3135 2043 3302 2115 Moysi
3337 2056 3389 2098 et
3421 2047 3637 2099 Aaron:
3670 2058 3749 2100 est

2168 2145 2223 2189 et
2252 2135 2357 2187 alia
2388 2136 2471 2189 lex
2505 2152 2627 2205 qua:
2657 2136 2755 2189 soli
2796 2134 2966 2205 Moysi
3002 2136 3181 2200 datur,
3229 2138 3301 2189 ita
3335 2147 3391 2190 ut
3425 2154 3522 2191 nec
3554 2141 3740 2192 Aaron

2170 2227 2305 2296 legis
2342 2228 2509 2297 ipsius
2546 2227 2817 2297 particeps
2851 2228 2965 2281 ﬁat.
3010 2232 3247 2294 Quarum
3301 2244 3393 2297 per
3409 2228 3746 2298 singulatlis-

2168 2314 2462 2371 tinctiones
2530 2326 2586 2370 et
2628 2316 2977 2370 diversitates
3004 2356 3017 2379 ,
3054 2317 3177 2383 quis
3210 2320 3283 2370 ita
3319 2320 3559 2371 scientiae.
3597 2319 3745 2373 dono

2172 2405 2509 2459 illuminalus
2540 2422 2569 2459 a
2603 2407 2711 2461 Deo
2756 2416 2859 2469 est,
2910 2418 2965 2460 ut
3002 2409 3179 2476 possit
3214 2409 3425 2475 integre
3452 2420 3747 2479 aperteque

2170 2497 2483 2550 disserere?
2516 2497 2825 2552 Invenimus
2854 2500 2996 2553 enim
3031 2500 3081 2552 in
3118 2502 3573 2568 consequentibus
3601 2518 3745 2569 prae—

2172 2598 2387 2655 erptum
2428 2587 2641 2642 Domini
2670 2590 2735 2642 ad
2764 2590 2935 2643 solum
2965 2590 3183 2661 Moysen
3216 2593 3351 2653 dari,
3389 2603 3443 2645 et
3476 2593 3652 2660 juberi
3687 2603 3748 2648 ut

2171 2676 2545 2743 pectusculqu
2608 2677 2793 2730 arietis
2857 2678 3209 2745 perfectionis
3296 2677 3463 2748 Moysi
3532 2680 3745 2742 dwtur,

2172 2768 2313 2822 sicut
2338 2769 2622 2838 prmccpit,
2649 2769 2848 2837 inquit,
2886 2769 3145 2822 Dominus
3177 2767 3369 2839 Moysi.
3401 2771 3453 2823 In
3483 2785 3585 2837 qua
3616 2785 3744 2837 por-

2173 2861 2322 2915 tione
2348 2877 2524 2930 neque
2550 2864 2756 2924 Aaron,
2790 2876 2963 2930 neque
2995 2861 3089 2914 ﬁlii
3115 2862 3231 2931 ejus
3262 2864 3552 2931 participes
3583 2864 3741 2916 tinnt.

2172 2952 2239 3006 Et
2264 2954 2539 3007 invenitur
2580 2953 2663 3006 lex
2694 2967 2815 3019 quae
2846 2953 3074 3021 pertinet
3106 2954 3170 3005 ad
3206 2955 3431 3007 arietem
3456 2955 3747 3023 perfectio-

494 3035 635 3131 Itanc
663 3038 1039 3111 etScripturas
1088 3049 1298 3105 divinas
1347 3052 1657 3107 hominibus
1689 3056 1858 3121 dedit,
1905 3035 2067 3131 atque

2175 3042 2280 3105 nis,
2314 3059 2416 3096 non
2439 3058 2596 3111 posse
2626 3043 2911 3110 pervenire
2938 3058 3107 3111 usque
3131 3044 3196 3096 ad
3237 3046 3439 3109 Aaron,
3473 3059 3646 3113 neque
3677 3045 3745 3097 ad

491 3127 655 3181 alium
684 3133 784 3186 sibi
830 3133 1012 3201 deum,
1045 3154 1244 3207 prmter
1272 3143 1421 3197 illum
1448 3146 1538 3215 qui
1565 3149 1762 3202 coelum
1788 3162 1841 3204 et
1868 3127 2065 3207 terram

490 3223 770 3291 condidit,
825 3230 1233 3297 conﬁnxerunt,
1276 3250 1398 3289 cum
1455 3239 1644 3307 utique
1696 3239 1815 3295 ﬁdei
1862 3247 2069 3300 veritas

492 3327 658 3366 unum
684 3320 1045 3390 eumdemque
1077 3322 1239 3378 Deum
1274 3325 1407 3393 legis
1436 3338 1489 3381 et
1530 3328 1952 3401 Evangeliorum
1989 3346 2069 3386 te—

492 3414 639 3468 neat,
672 3409 964 3465 visibilium
992 3424 1045 3467 et
1088 3414 1441 3471 invisibilium
1477 3430 1777 3475 creatorem
1811 3439 1824 3474 :
1862 3426 1986 3492 quia
2014 3434 2070 3478 et

492 3500 875 3566 cognationem
916 3504 1207 3571 plurimam
1265 3509 1500 3563 visibilia
1535 3527 1657 3565 cum
1706 3514 2068 3569 iuvisibilibus

489 3599 734 3654 servant,
772 3592 843 3645 ita
874 3604 929 3646 ut
961 3598 1254 3664 Apostolus
1278 3600 1517 3663 dicat",
1555 3603 1679 3670 quia
1718 3622 1737 3654 ι
1774 3605 2065 3659 invisibilia

491 3677 585 3733 Dei
617 3698 644 3734 a
683 3694 932 3739 creatura
962 3688 1143 3741 mundi
1179 3705 1279 3758 per
1306 3706 1371 3744 ea
1410 3708 1532 3761 qua:
1561 3693 1699 3749 facta
1733 3708 1881 3761 sunt,
1910 3698 2068 3751 intel-

490 3770 627 3825 lecta
660 3778 1093 3845 conspiciuntur.
1108 3780 1286 3835 iSicut
1311 3798 1442 3848 ergo
1476 3786 1861 3854 cognationem
1887 3792 1968 3842 sui
2000 3790 2066 3844 ad

490 3863 722 3918 invicem
756 3878 951 3937 gerunt
979 3869 1206 3922 visibilia
1252 3882 1303 3925 et
1334 3874 1651 3938 invisibilia,
1687 3887 1829 3930 terra
1868 3889 1919 3932 et
1952 3894 2068 3933 co:-

490 3954 622 4019 lum,
653 3959 831 4011 anima
865 3969 919 4012 et
940 3975 1092 4023 caro,
1118 3976 1318 4030 corpus
1344 3976 1397 4015 et
1416 3966 1658 4033 spiritus,
1692 3978 1746 4022 et
1774 3983 1839 4020 ex
1875 3971 2066 4023 borum

492 4047 979 4115 conjunctiouibus
1035 4061 1250 4107 constat
1292 4055 1382 4109 hic
1441 4059 1715 4124 mundus;
1774 4060 1844 4113 ita
1904 4063 2066 4117 etiam

491 4151 738 4195 sanctam
773 4144 1111 4213 Srripturam
1145 4149 1477 4203 credendum
1522 4162 1603 4206 est
1649 4167 1713 4206 ex
1764 4156 2070 4211 visibilibus

490 4241 543 4287 et
574 4234 935 4291 invisibilibus
950 4250 1206 4294 constare
1230 4258 1243 4295 :
1263 4240 1427 4295 veluti
1464 4257 1527 4297 ex
1557 4260 1787 4313 corpore
1810 4250 2067 4315 quodam,

490 4322 690 4382 littera:
723 4329 932 4384 scilicet
955 4347 1074 4400 quae
1112 4333 1360 4399 videtur;
1419 4344 1471 4390 et
1511 4338 1713 4401 anima,
1746 4354 1941 4395 sensus
1972 4344 2065 4410 qui

2174 3133 2314 3185 lilios
2352 3132 2488 3199 ejus,
2532 3134 2701 3185 multo
2740 3134 2911 3199 magis
2943 3149 3040 3186 nec
3076 3134 3142 3186 ad
3177 3134 3411 3203 reliquos
3444 3134 3581 3188 ﬁlios
3631 3135 3746 3206 (II)

2171 3223 2362 3288 Israel,
2397 3225 2491 3277 sed
2523 3224 2588 3275 ad
2625 3225 2800 3277 solum
2842 3223 3086 3294 Moysen,
3117 3224 3207 3292 qui
3238 3236 3357 3277 erat
3389 3227 3597 3278 amicus
3627 3227 3742 3280 Dei.

2173 3317 2371 3370 Verum
2421 3317 2551 3384 quid
2606 3331 2741 3383 opus
2781 3326 2883 3380 est,
2941 3332 3061 3384 qum
3098 3317 3436 3383 postmodum
3472 3320 3745 3372 recitanda

2171 3418 2321 3472 Sttttl,
2360 3408 2874 3478 prtevenire?Nunc
2893 3411 3109 3463 interim
3137 3410 3217 3463 lex
3252 3413 3472 3464 recitata
3496 3423 3597 3473 est,
3626 3429 3747 3481 qua:

2172 3502 2239 3555 ad
2270 3501 2448 3554 Aaron
2475 3509 2527 3555 et
2557 3502 2694 3554 ﬁlios
2721 3500 2836 3565 ejus
2858 3502 3252 3570 promulgatur,
3284 3503 3363 3556 lex
3395 3507 3617 3572 peccati,
3644 3507 3747 3562 hoc

2170 3604 2253 3647 est
2287 3593 2474 3647 hostiae
2503 3608 2623 3661 qmc
2643 3592 2868 3647 ollertur
2900 3594 3010 3664 (I2;
3042 3610 3139 3663 pro
3170 3606 3392 3662 peccato
3422 3614 3434 3649 :
3466 3616 3484 3647 ι
3517 3598 3572 3651 In
3602 3599 3742 3663 loco,

2172 3685 2367 3753 inquit,
2403 3686 2455 3738 iu
2485 3700 2592 3753 quo
2634 3684 2950 3753 jugulantur
2995 3685 3342 3748 holocausta,
3379 3685 3448 3738 ibi
3494 3688 3749 3741 occident

2170 3786 2227 3830 et
2258 3778 2309 3828 id
2347 3776 2488 3845 quod
2524 3790 2619 3844 pro
2646 3786 2869 3844 peccato
2902 3784 3010 3838 est,
3059 3777 3110 3828 in
3144 3785 3438 3845 conspectu
3472 3777 3686 3832 Domini
3726 3794 3741 3831 :

2173 3867 2369 3922 Sancta
2406 3876 2714 3920 sanctorum
2750 3878 2896 3920 sunt.
2933 3886 2950 3919 ›
2993 3865 3153 3919 Multa
3193 3868 3407 3935 quidem
3456 3869 3591 3937 jam,
3637 3869 3748 3924 Deo

2163 3959 2407 4027 juvante,
2448 3958 2513 4011 de
2536 3957 2931 4011 Sacriﬁciorum
2966 3959 3070 4011 ritu
3114 3960 3407 4011 secundum
3438 3961 3744 4028 spiritalem

2174 4050 2588 4118 intelligentiam
2641 4051 2692 4102 in
2728 4050 3103 4117 superioribus
3142 4051 3283 4104 dicta
3335 4062 3491 4116 sunt,
3554 4054 3645 4106 sed
3692 4063 3747 4107 et

2180 4158 2321 4195 nunc
2351 4143 2394 4195 si
2428 4143 2598 4211 gratia
2637 4142 2846 4194 Domini
2884 4156 2981 4195 nos
3017 4142 3238 4196 visitare
3269 4143 3542 4213 dignetur,
3573 4157 3625 4198 et
3653 4161 3748 4200 vos

2171 4234 2515 4288 orationibus
2568 4233 2913 4298 adnitamiui,
2953 4234 3214 4287 addemus
3245 4249 3363 4302 qua:
3390 4236 3599 4288 dederit
3645 4235 3748 4290 Do-

2174 4328 2372 4379 minus.
2410 4327 2718 4379 Ilostiarum
2756 4328 3002 4393 qua‘dam
3039 4326 3253 4393 quidem
3280 4327 3517 4380 suntDei
3554 4328 3742 4392 solius,

492 4416 633 4472 intra
674 4420 845 4488 ipsam
876 4422 1331 4492 deprehenditur;
1361 4436 1414 4481 ει
1444 4428 1661 4497 spiritu,
1685 4405 2063 4488 secundum-id
2098 4405 2141 4458 Ῐ)
2178 4422 2249 4474 ita
2278 4429 2335 4472 ut
2372 4419 2551 4473 nullus
2582 4418 2860 4471 hominum
2893 4417 3179 4485 participet
3204 4432 3269 4471 ex
3308 4419 3460 4487 ipsis.
3490 4421 3745 4485 Omedam

492 4507 636 4573 quod
669 4511 831 4562 etiam
863 4510 1105 4579 quaedam
1143 4514 1193 4567 iu
1242 4531 1301 4569 se
1331 4516 1570 4572 caelestia
1599 4528 1805 4585 teneat,
1838 4533 1895 4575 ut
1924 4526 2065 4593 Apo-

490 4594 662 4652 stolus
695 4599 825 4652 dicit
854 4601 922 4665 ⁸⁸,
950 4604 1074 4670 quia
1114 4623 1132 4654 ι
1183 4609 1484 4677 exemplari
1539 4620 1593 4664 et
1626 4614 1831 4668 mnbra:
1874 4616 2059 4669 deser-

489 4688 647 4742 viuut
683 4690 1012 4746 caelestium.
1052 4713 1070 4746 ι
1108 4694 1241 4760 Quia
1283 4712 1411 4766 ergo
1460 4700 1572 4754 liam
1618 4700 1690 4754 ita
1730 4717 1788 4757 se
1838 4704 2059 4773 habent,

493 4782 813 4837 invocantes
855 4783 1048 4853 Deum,
1081 4787 1171 4854 qui
1201 4787 1330 4842 fecit
1366 4789 1661 4861 Scriptura:
1696 4796 1965 4861 animam,
2009 4806 2063 4850 et

489 4886 692 4941 corpus
718 4882 772 4928 et
792 4874 1044 4943 spiritum
1079 4893 1094 4930 :
1127 4892 1323 4948 corpus
1353 4880 1569 4950 quidem
1596 4883 1663 4935 iis
1688 4884 1777 4951 qui
1809 4894 1936 4939 ante
1963 4902 2064 4939 nos

490 4960 734 5029 fuerunt,
770 4964 1006 5019 animam
1033 4982 1163 5022 vero
1185 4970 1361 5036 nobis,
1400 4971 1649 5041 spiritum
1673 4983 1855 5028 autem
1888 4976 1953 5029 iis
1975 4978 2066 5044 qui

560 5082 607 5115 ⁸⁸
638 5080 818 5139 Levit.
857 5100 928 5151 vr,
957 5084 1028 5139 24
1054 5097 1109 5140 et
1138 5102 1291 5156 seqq.
1367 5087 1411 5120 ⁸⁷
1447 5088 1601 5145 Rom.
1641 5107 1701 5159 Il,
1727 5092 1816 5148 29.
1894 5093 1939 5124 ⁸⁸
1971 5095 2124 5149 Rom.
2153 5111 2194 5158 I,
2216 5092 2305 5146 20.

569 5175 639 5245 [3)
679 5176 824 5234 Idem
858 5196 984 5246 ms.,
1026 5201 1046 5236 ι
1092 5198 1218 5237 vase
1249 5200 1411 5240 aereo.
1450 5205 1468 5237 ι
1498 5187 1654 5242 Libb.
1701 5188 1871 5257 editi,
1910 5207 1929 5241 ‹
1964 5206 2062 5247 vas

488 5261 632 5299 wreu
642 5263 713 5299 111.
749 5267 768 5300 ι

566 5316 644 5387 (7)
684 5316 979 5393 Nemnis,
1015 5340 1035 5373 ι
1072 5323 1459 5378 hortationem.
1494 5344 1512 5377 ο
1538 5326 1695 5381 Libb.
1729 5329 1881 5393 editi,
1916 5349 1934 5381 ‹
1974 5345 2063 5383 ra-

496 5396 727 5470 tio-nemo.
750 5408 783 5470 ,ξ
812 5388 1011 5470 Ibidem
1043 5409 1169 5470 ms.,
1212 5412 1231 5443 ‹
1262 5394 1661 5470 discutiaturet
1695 5388 2058 5470 inveniatur.)

499 5454 654 5510 Libb.
692 5454 853 5524 Editi,
889 5479 908 5511 ς
946 5454 1309 5517 discutiantur
1345 5475 1399 5518 et
1431 5468 1799 5521 inveniantur.
1839 5488 1856 5519 ι
1902 5469 2068 5522 Paulo

498 5536 620 5594 post
651 5526 945 5603 id_e_t_n_ms.,
982 5549 1007 5603 «ν
1041 5534 1201 5602 digne
1233 5534 1341 5588 Deo
1368 5536 1458 5603 qui
1491 5537 1605 5590 bzcc
1655 5538 1895 5592 scribere
1930 5540 2068 5591 diei-

501 5605 666 5675 tur.)
690 5598 846 5675 μω).
882 5602 1035 5675 editi,
1075 5598 1281 5675 (digne
1300 5598 1407 5658 ι)εὸ
1432 5622 1551 5675 quae
1583 5608 1671 5661 hic
1702 5610 2065 5661 scribuntur.»

568 5666 645 5734 (8)
688 5668 891 5725 Nomen
923 5689 942 5723 ι
974 5666 1224 5728 I‘aulus'o
1258 5675 1406 5731 deest
1449 5666 1503 5730 in
1560 5688 1719 5731 antea
1751 5678 1929 5739 editis.
1981 5680 2074 5732 sed

2174 4523 2299 4567 sunt
2342 4512 2520 4563 Aaron
2567 4510 2904 4571 sacerdotis,
2947 4519 2998 4561 et
3044 4510 3272 4563 ﬁliorum
3306 4514 3422 4578 ejus
3457 4528 3468 4562 :
3499 4514 3746 4580 quaedam

2175 4604 2366 4671 ipsius,
2428 4610 2481 4653 et
2542 4600 2795 4663 Iiliorum,
2845 4608 2897 4653 et
2942 4600 3176 4653 liliarum
3213 4600 3349 4667 ejus,
3386 4603 3455 4654 ita
3500 4613 3556 4654 ut
3585 4605 3738 4659 etiam

2172 4712 2395 4749 uxorem
2433 4692 2741 4747 sacerdotis
2799 4692 2961 4744 edere
3000 4692 3161 4745 liceat
3216 4708 3281 4746 ex
3328 4694 3431 4747 bis.
3490 4694 3748 4759 Quaedam

2173 4798 2298 4842 sunt
2340 4786 2705 4845 sacerdotum,
2756 4793 2811 4837 et
2858 4783 3088 4837 Iiliorum
3143 4800 3208 4838 ac
3256 4785 3487 4838 ﬁliarum
3534 4801 3748 4851 coruin,

2174 4882 2267 4935 sed
2299 4881 2363 4935 de
2393 4880 2588 4948 quibus
2619 4877 2781 4930 edere
2820 4877 2980 4930 liceat
3013 4878 3175 4929 etiam
3215 4877 3353 4931 lilios
3382 4875 3566 4931 Israel.
3602 4878 3664 4931 Et
3697 4881 3748 4932 iu

2177 4976 2283 5029 illis
2333 4972 2555 5043 quidem
2615 4968 2807 5024 hostiis
2844 4968 2911 5023 de
2973 4968 3170 5038 quibus
3220 4968 3348 5023 licet
3391 4971 3553 5024 edere
3609 4970 3751 5023 ﬁlios

2399 5089 2443 5121 "
2476 5086 2640 5142 Hebr.
2678 5100 2794 5149 vui,
2829 5084 2883 5141 5.

2172 5186 2519 5262 reperiturin
2551 5184 2739 5262 codice
2772 5200 2872 5238 ms.
2914 5180 3201 5262 Saugerlly-
3397 5250 3418 5262 ,
3643 5250 3677 5262 -ρ
3710 5250 3721 5262 -

2246 5259 2321 5328 (9)
2361 5256 2543 5328 codex
2603 5254 2887 5324 Sangerm.
2946 5272 2965 5304 ι
3020 5250 3105 5306 cui
3162 5254 3299 5306 laus.
3345 5272 3364 5304 ι
3397 5250 3554 5306 Libb.
3590 5250 3744 5316 editi,

2180 5346 2198 5380 ι
2232 5325 2385 5393 cujus
2418 5325 2553 5376 laus.
2585 5342 2603 5375 ι

2246 5390 2357 5465 (ID)
2395 5393 2537 5446 Idem
2570 5407 2695 5452 ms.,
2720 5410 2750 5465 γε
2787 5406 3043 5465 carnem;
3073 5392 3488 5465 sedspiritum.
3530 5410 3547 5443 ι
3586 5390 3743 5445 Libb.

2174 5462 2377 5528 etliti,'c
2417 5480 2605 5526 carne,
2637 5464 2730 5517 sed
2760 5462 2973 5531 spiritu.
3019 5483 3036 5514 ι
3072 5462 3235 5516 Paulo
3289 5471 3409 5529 post
3440 5462 3581 5514 idem
3618 5476 3745 5519 ius.,

2181 5555 2199 5589 ι
2231 5551 2349 5603 qua:
2377 5535 2429 5587 in
2456 5534 2722 5600 prmseuti.
2751 5553 2767 5585 ι
2798 5532 2952 5587 Libb.
2975 5534 3125 5597 editi,
3156 5552 3175 5584 ι
3203 5548 3322 5602 quae
3347 5532 3504 5600 paulo
3532 5544 3677 5603 ante.
3718 5550 3738 5581 ο

2248 5602 2360 5674 (II)
2400 5604 2556 5657 Libb.
2584 5604 2735 5667 editi,
2770 5622 2788 5654 ι
2830 5603 3094 5674 ﬁliorum;
3135 5624 3155 5655 ι
3191 5604 3284 5657 scd
3317 5619 3443 5667 ms.,
3477 5621 3494 5653 ι
3529 5602 3687 5655 ﬁlios.
3722 5620 3740 5652 ι

2252 5672 2363 5744 (19.)
2405 5675 2546 5728 Idem
2575 5690 2705 5740 ms.,
2745 5693 2761 5726 ι
2794 5672 3114 5730 ulleruntur.
3149 5693 3171 5726 ι
