4106 6246
428 295 532 348 «HO

1613 296 1679 350 lN
1723 293 2095 349 LEVITICUM
2138 293 2417 347 ll(l.\!ll.l.\
2458 294 2516 347 Υ.

3585 306 3690 359 430

429 415 613 479 Israel,
640 415 757 468 sine
791 416 958 469 dubio
1000 415 1198 469 habent
1242 414 1587 484 participium
1616 418 1777 470 etiam
1820 432 2005 471 saecr—
2035 422 2078 476 Α
2114 414 2306 477 Deum,
2336 415 2477 467 sicut
2504 415 2617 484 ipse
2648 428 2744 483 per
2789 415 3106 485 prophetam
3150 418 3283 473 dicit
3310 420 3354 451 "
3385 432 3400 472 :
3440 438 3458 473 ι
3498 421 3690 479 Nonne

430 506 583 558 dotes
626 515 680 559 et
724 506 818 558 lilii
868 505 1243 571 sacerdotum;
1282 521 1387 559 non
1421 516 1601 560 tamen
1641 522 1707 561 ex
1732 508 1876 561 omni
1910 509 2007 563 ho-

428 597 556 661 stia,
600 611 761 664 quam
804 600 925 651 edet
954 598 1234 659 sacerdos,
1278 598 1444 651 etiam
1477 598 1618 652 ﬁlios
1658 597 1820 652 Israel
1846 600 2006 655 edere

428 687 635 742 licebit.
673 690 837 757 Igitur
871 704 993 741 cum
1030 690 1147 743 ista:
1181 691 1289 743 sint
1316 690 1615 743 hostiarum
1665 690 2003 753 diﬂ'crentizn,

429 776 578 830 illam
614 792 778 845 quam
819 777 1060 831 diximus
1100 778 1271 833 solius
1296 778 1385 833 Dei
1420 795 1563 845 esse,
1597 795 1661 834 ex
1691 796 1795 849 qua
1830 796 2006 850 neque

388 856 391 879 ὲ
429 867 671 937 Moysen,
711 884 884 938 neque
922 870 1127 935 Aaron,
1161 886 1336 941 neque
1372 871 1510 926 ﬁlios
1533 870 1651 939 ejus
1674 874 2004 941 participare

430 960 511 1012 t’as
559 970 663 1025 est,
706 961 997 1029 aliquando
1036 963 1262 1032 quidem
1308 963 1776 1017 holocaustomata
1829 966 2005 1019 nomi-

428 1051 543 1105 nari
598 1053 942 1118 invenimus;
995 1054 1289 1123 aliquando
1331 1072 1461 1111 vero
1506 1072 1609 1109 non
1662 1056 2005 1111 holocausta-

426 1152 595 1204 mata,
637 1143 729 1196 sed
771 1144 1242 1213 holocarpomata,
1291 1147 1455 1202 veluti
1489 1148 1532 1201 si
1569 1147 1816 1202 dicamus
1861 1152 2002 1217 quod

427 1242 573 1286 totus
604 1234 716 1304 (15)
749 1236 958 1290 fructus
998 1237 1088 1301 sit,
1122 1237 1212 1292 ille
1243 1238 1453 1293 scilicet
1489 1240 1580 1307 qui
1614 1239 1721 1294 Deo
1753 1240 1999 1297 oll‘ertur.

424 1324 518 1378 Est
573 1340 704 1396 ergo
753 1327 927 1394 prima
964 1328 1230 1397 legislatio
1274 1328 1343 1383 de
1390 1330 1700 1394 sacriﬁciis,
1735 1332 1780 1384 si
1821 1339 1998 1384 tamen

424 1418 505 1473 vel
554 1418 885 1474 observastis
949 1422 1031 1475 vel
1088 1423 1335 1477 retinetis
1376 1422 1665 1491 diligenter
1710 1438 1831 1491 qua:
1864 1423 1998 1476 lecta

419 1522 544 1565 sum
579 1527 643 1565 ac
677 1512 929 1575 disserta,
964 1522 1019 1566 et
1051 1529 1159 1566 non
1195 1522 1574 1567 transcurrunt
1604 1529 1764 1567 aures
1792 1526 1899 1568 veSt
1914 1533 2000 1569 ras

421 1602 473 1653 in
528 1617 748 1667 vanum,
786 1602 870 1655 vel
907 1617 1027 1669 qua:
1064 1616 1094 1655 a
1142 1603 1299 1655 nobis
1330 1604 1615 1665 dicuntur,
1659 1602 1741 1655 vel
1779 1620 1898 1665 quae
1930 1621 1993 1658 ex

424 1689 621 1743 divinis
651 1690 1016 1744 voluminibus
1058 1692 1382 1745 recitantur.
1416 1690 1595 1744 Prima
1628 1708 1756 1761 ergo
1780 1704 1861 1745 est
1901 1694 1997 1746 ho-

2109 505 2304 559 malum
2336 516 2388 559 et
2415 515 2615 560 terram
2643 522 2742 577 ego
2779 508 2959 576 repleo
2994 510 3133 580 (t6),
3164 511 3293 565 dicit
3346 513 3679 569 Dominus?»

2106 595 2243 647 Audi
2263 611 2413 662 ergo,
2430 597 2543 663 ipse
2560 603 2903 667 omnipotens
2925 600 3065 652 Dens
3083 601 3210 669 quid
3233 604 3394 656 etiam
3417 605 3482 657 de
3501 607 3687 669 te,hoc

2106 686 2349 754 est,quid
2381 687 2447 739 de
2473 688 2778 742 hominibus
2809 690 3006 743 dicam
3036 690 3326 755 llabitabo,
3355 694 3608 763 inquit”,
3630 698 3685 754 in

2105 779 2205 842 eis,
2240 788 2292 830 et
2319 778 2460 829 inter
2490 779 2637 845 ipsos
2658 779 2967 833 ambulabo.
2992 800 3008 830 ι
3033 780 3158 834 Plus
3179 783 3382 851 aliquid
3407 787 3549 839 addit
3570 785 3687 860 (l7)

2105 885 2231 937 erga
2255 884 2537 936 personam
2559 878 2758 923 tuath
2786 872 2974 934 l'ltero,
2997 872 3175 941 inquit
3193 872 3262 939 ³⁸,
3282 874 3432 927 eisin
3456 886 3686 944 patrem,

2104 961 2264 1029 207
2310 970 2362 1014 et
2401 960 2500 1029 ipsi
2557 971 2717 1016 erunt
2762 964 2890 1015 mihi
2942 964 2991 1016 in
3036 964 3174 1017 ﬁlios
3224 973 3279 1019 et
3330 966 3500 1033 ﬁlias,
3549 968 3683 1021 dicit

2107 1052 2433 1106 Dominus.)
2479 1051 2652 1107 Habet
2711 1054 2797 1107 hic
2847 1055 3079 1107 mundus
3119 1053 3317 1109 Filium
3372 1058 3487 1122 Dei,
3523 1058 3687 1115 habet

2105 1143 2368 1211 Spiritum
2438 1153 2721 1211 sanctum,
2784 1148 3081 1200 secundum
3148 1148 3293 1215 quod
3353 1148 3485 1204 dicit
3547 1134 3684 1204 Pro:

2105 1237 2264 1305 pheta
2286 1237 2332 1268 ”
2362 1253 2376 1291 :
2413 1254 2430 1287 ι
2460 1236 2638 1291 Verbo
2674 1238 2884 1291 Domini
2920 1239 3041 1293 creti
3077 1238 3273 1292 ﬁrmati
3309 1254 3455 1300 sunt.
3492 1250 3544 1293 et
3578 1242 3685 1309 spi-

2105 1326 2215 1380 ritu
2261 1328 2372 1382 oris
2423 1326 2542 1395 ejus
2594 1329 2772 1382 omnis
2829 1329 3002 1381 virtus
3056 1344 3267 1382 eorum.
3306 1347 3323 1379 ι
3372 1330 3430 1382 Et
3484 1330 3680 1383 iterum

2104 1418 2232 1472 alibi
2263 1419 2308 1450 "
2347 1436 2420 1473 τι
2453 1419 2691 1487 Spiritus
2740 1419 2883 1472 enim
2936 1420 3150 1473 Domini
3210 1420 3440 1489 replevit
3494 1421 3679 1475 orbem

2105 1519 2440 1567 terrarum.»
2491 1512 2628 1566 Audi
2687 1522 2739 1567 et
2780 1513 2871 1566 tibi
2931 1514 3058 1581 quid
3116 1514 3247 1566 dicit
3301 1512 3550 1567 Christus
3577 1512 3680 1568 ’δτι

2109 1618 2126 1651 ι
2158 1601 2295 1655 Ecce
2329 1616 2427 1671 ego
2477 1604 2753 1656 vobiscum
2802 1617 2918 1655 sum
2967 1601 3231 1655 omnilms
3278 1601 3466 1654 diebus
3511 1616 3683 1669 usque

2103 1691 2169 1745 ad
2202 1693 2722 1746 consummationem
2774 1692 2979 1747 smculi.
3006 1712 3024 1744 ι
3062 1692 3126 1746 Et
3156 1694 3223 1746 de
3259 1692 3461 1761 Spiritu
3490 1701 3682 1747 sancto

420 1782 547 1843 stia,
577 1782 1075 1836 holocaustomata.
1108 1781 1293 1850 Neque
1338 1782 1480 1835 enim
1511 1784 1796 1850 oportebat
1831 1783 1992 1836 aliam
2028 1775 2069 1833 Β
2098 1782 2295 1835 dicitur
2319 1784 2363 1814 ’8
2398 1802 2410 1837 :
2449 1802 2466 1833 ι
2499 1782 2784 1837 Effundam
2837 1784 2903 1837 de
2950 1784 3140 1853 spiritu
3192 1801 3311 1839 meo
3354 1800 3514 1854 super
3558 1802 3679 1839 ont-

427 1876 599 1943 primo
624 1875 854 1929 hostiam
886 1876 1177 1938 nominari,
1210 1876 1309 1929 nisi
1342 1891 1459 1929 eam
1495 1892 1613 1943 quae
1641 1876 1993 1944 omnipotenti

429 1966 535 2020 Deo
568 1964 915 2021 ollerebalur.
958 1967 1200 2022 Secunda
1230 1969 1405 2023 hostia
1448 1979 1553 2033 est,
1586 1986 1704 2036 qua:
1731 1971 1798 2021 ad
1830 1971 1995 2023 eden-

422 2062 546 2109 dum
586 2058 957 2113 sacerdotibus
989 2059 1347 2128 mancipatur.
1376 2059 1585 2123 Tertia,
1612 2060 1677 2114 de
1698 2076 1803 2129 qua
1830 2062 1992 2114 etiam

419 2150 556 2204 ﬁlios
596 2151 762 2205 Israel
798 2156 1135 2221 contingere,
1163 2152 1244 2206 vel
1276 2153 1463 2215 edere,
1492 2155 1636 2221 ipsos
1663 2156 1873 2210 scilicet
1902 2158 1993 2225 qui

414 2242 672 2305 otl‘ernnt,
724 2243 805 2297 l‘as
842 2254 943 2298 est.
991 2246 1095 2298 Sed
1128 2244 1267 2299 ﬁlios
1298 2245 1459 2299 lsracl
1498 2262 1602 2299 non
1635 2262 1858 2313 Omnes,
1890 2249 1990 2301 nisi

415 2333 534 2385 illos
570 2343 775 2388 tantum
804 2335 894 2404 qui
933 2337 1117 2389 mundi
1156 2347 1305 2390 sunt.
1344 2336 1455 2390 Soli
1491 2338 1636 2391 enim
1679 2338 1771 2406 qui
1807 2340 1991 2393 mundi

414 2434 541 2477 sunt
577 2426 641 2477 de
675 2427 960 2481 sacriﬁciis
989 2429 1151 2483 edere
1174 2429 1455 2495 jubentur.
1489 2429 1686 2483 Verum
1713 2432 1843 2484 istas
1874 2446 1992 2485 om-

416 2533 509 2570 nes
530 2517 735 2571 hostias
766 2527 821 2571 tu
847 2519 937 2588 qui
975 2519 1026 2572 in
1059 2520 1275 2573 occulto
1291 2518 1510 2574 Judteus
1527 2535 1605 2585 es,
1643 2535 1750 2573 non
1783 2519 1835 2573 in
1867 2527 1989 2575 ant-

415 2608 647 2663 malibus
676 2611 926 2679 requiras
958 2610 1262 2666 visibilibus
1295 2629 1309 2666 :
1341 2626 1440 2665 nec
1488 2612 1537 2665 in
1577 2613 1742 2666 mutis
1778 2613 1987 2683 pecori~

414 2701 516 2754 bus
572 2701 802 2755 inveniri
857 2713 1038 2771 putes,
1072 2704 1213 2772 quod
1255 2702 1437 2758 otl‘erri
1485 2706 1672 2759 deceat
1702 2692 1816 2774 (ll)
1856 2705 1985 2758 Deo.

411 2790 548 2846 Istas
600 2792 807 2846 hostias
860 2796 1001 2847 intra
1071 2796 1299 2862 tcipsum
1352 2797 1589 2865 require,
1640 2806 1693 2850 et
1748 2797 1989 2852 invenies

411 2898 505 2937 cas
560 2883 700 2937 intra
754 2885 994 2937 animam
1048 2894 1218 2938 luant.
1274 2886 1517 2957 lntellige
1573 2898 1624 2941 te
1665 2889 1865 2943 habere
1907 2890 1988 2943 in—

415 2986 497 3030 tra
540 2980 877 3047 temetipsum
932 2993 1120 3048 greges
1153 2980 1336 3044 boum,
1381 2980 1498 3036 illos
1532 2981 1622 3050 qui
1666 2984 1988 3037 benedicun-

412 3080 501 3121 tur
524 3070 574 3122 in
598 3070 894 3124 Abraham.
923 3070 1169 3140 lutellige
1197 3070 1398 3125 habere
1438 3081 1487 3126 te
1509 3082 1562 3125 et
1589 3068 1776 3143 greges
1801 3075 1981 3128 ovium

409 3170 466 3213 et
502 3176 691 3230 greges
721 3176 1028 3229 caprarmn,
1064 3162 1116 3216 in
1147 3163 1341 3231 quibus
1379 3165 1645 3218 benedicti
1697 3176 1751 3219 et
1799 3165 1983 3218 multi-

415 3252 596 3320 plicati
619 3263 742 3306 sunt
775 3255 1118 3321 patriarcha}.
1146 3254 1391 3326 lntellige
1426 3272 1548 3311 esse
1573 3257 1710 3310 intra
1742 3268 1793 3309 te
1821 3257 1986 3310 etiam

415 3360 543 3399 aves
582 3346 725 3400 creti.
754 3345 865 3400 Nec
904 3346 1122 3402 mireris
1148 3349 1293 3417 quod
1330 3348 1443 3403 lucc
1480 3350 1617 3403 intra
1658 3360 1707 3403 te
1748 3365 1869 3402 esse
1908 3350 1989 3400 di-

412 3441 603 3503 cimus,
663 3440 901 3509 intellige
958 3450 1009 3494 te
1054 3449 1108 3493 et
1160 3440 1324 3493 alium
1377 3442 1634 3494 mundmn
1686 3456 1807 3495 esse
1860 3458 1985 3509 par-

412 3548 533 3585 vum
562 3534 691 3600 (15),
724 3543 779 3588 et
806 3548 924 3587 esse
954 3532 1096 3585 intra
1130 3541 1180 3585 te
1211 3534 1403 3593 solem,
1436 3548 1557 3587 esse
1588 3534 1796 3594 lunam,
1816 3534 1982 3587 etiam

409 3627 615 3679 stellas.
647 3626 759 3679 lloc
785 3626 929 3679 enim
965 3626 1007 3678 si
1028 3625 1100 3677 ita
1133 3640 1237 3677 non
1258 3634 1423 3688 esset,
1456 3640 1729 3693 nunquam
1759 3626 1987 3678 dixisset

412 3718 669 3770 Dominus
714 3720 779 3771 ad
822 3719 1097 3772 Abraham
1138 3718 1229 3768 ’°:
1272 3734 1291 3767 ι
1339 3718 1535 3780 Aspice
1569 3717 1621 3769 in
1677 3718 1896 3779 caelum,
1929 3725 1983 3769 et

409 3812 532 3863 vide
567 3810 776 3873 stellas,
810 3810 855 3863 si
903 3808 1233 3863 dinumerari
1290 3816 1516 3876 possunt
1548 3822 1575 3859 a
1614 3806 1980 3870 multitudine,

404 3902 484 3955 sic
511 3904 615 3955 erit
648 3918 829 3956 semen
870 3911 1041 3955 tttum.
1077 3921 1095 3953 ι
1135 3900 1243 3955 Nec
1272 3901 1508 3963 mireris,
1559 3900 1798 3968 inquam,
1826 3898 1869 3952 si
1900 3899 1981 3951 di-

401 3996 546 4048 citur
572 3999 639 4049 ad
673 3997 970 4060 Abraham,
1000 3995 1125 4064 quia
1154 3996 1232 4048 sic
1264 3994 1368 4048 erit
1399 4003 1583 4046 semen
1642 4001 1792 4044 tuum
1835 3990 1981 4044 sicut

404 4087 575 4141 stellae
609 4097 735 4141 sunt
774 4088 939 4153 cmli;
985 4088 1050 4140 de
1086 4085 1193 4139 illis
1238 4085 1446 4139 scilicet
1482 4085 1574 4152 qui
1611 4099 1675 4138 ex
1725 4084 1827 4137 ﬁde
1865 4081 1982 4150 ejus

405 4181 572 4251 geniti
601 4179 999 4234 rationabiliter
1020 4179 1226 4242 vivant,
1251 4194 1312 4232 ac
1343 4178 1555 4230 divinas
1588 4176 1733 4245 leges
1767 4185 1818 4228 et
1842 4190 1979 4243 pra!-

405 4283 561 4340 cepta
589 4271 920 4326 custodiant.
969 4270 1106 4324 Audi
1136 4269 1367 4340 amplius
1400 4268 1603 4336 aliquid
1639 4267 1974 4321 Salvatorem

407 4365 473 4418 ad
508 4361 802 4432 discipulos
832 4362 1099 4416 dicentem
1131 4362 1175 4393 ⁹¹
1204 4377 1218 4414 :
1249 4376 1268 4410 ι
1304 4358 1409 4414 Vos
1439 4359 1571 4412 estis
1602 4358 1688 4410 lux
1721 4356 1924 4411 mundi.
1951 4374 1971 4408 ι

2099 1889 2218 1927 nem
2251 1889 2494 1937 carnem,
2523 1883 2579 1927 et
2614 1874 3037 1943 prophetahtmt.
3062 1894 3080 1927 ι
3123 1876 3259 1930 Cum
3309 1890 3440 1943 ergo
3489 1876 3676 1930 videas

2097 1964 2298 2018 habere
2329 1974 2379 2018 te
2408 1966 2591 2018 omnia
2624 1981 2742 2033 quae
2775 1966 3008 2020 mundus
3045 1968 3231 2031 habet,
3269 1968 3523 2023 dubitare
3564 1984 3671 2022 non

2094 2055 2259 2109 debes
2288 2058 2427 2124 quod
2466 2058 2631 2110 etiam
2675 2056 2930 2109 animalia
2964 2074 3085 2127 quze
3131 2058 3435 2112 offeruntur
3479 2060 3531 2113 in
3579 2060 3678 2113 ho-

2095 2148 2233 2211 stiis,
2283 2148 2486 2201 habeas
2537 2148 2681 2201 intra
2717 2158 2800 2211 te,
2831 2157 2884 2201 et
2917 2162 2983 2201 ex
3030 2148 3161 2217 ipsis
3200 2149 3511 2215 spirituales
3550 2150 3666 2221 (l8)

2094 2239 2292 2293 oﬂ'erre
2349 2240 2547 2293 debeas
2602 2239 2833 2293 hostias.
2888 2240 2994 2293 Sed
3032 2241 3098 2294 de
3136 2241 3263 2307 illis,
3300 2250 3457 2309 prout
3498 2244 3677 2311 potui-

2096 2346 2238 2393 mus,
2266 2332 2317 2383 in
2350 2333 2724 2399 superioribus
2759 2332 3194 2399 explanavimus.

2167 2445 2219 2497 3.
2266 2444 2417 2498 Nunc
2452 2460 2582 2499 vero
2618 2444 2746 2499 illud
2783 2446 3033 2500 addimus
3073 2447 3215 2515 quod
3254 2446 3409 2511 dicit,
3461 2448 3585 2515 quia
3619 2448 3670 2502 in

2099 2533 2217 2588 loco
2251 2536 2301 2588 in
2335 2551 2442 2604 quo
2466 2534 2787 2603 jugulantur
2815 2536 3154 2599 holocausta,
3181 2537 3251 2589 ibi
3286 2537 3448 2590 etiam
3483 2538 3674 2591 hostiae

2094 2641 2191 2695 pro
2230 2636 2474 2693 peccato.
2502 2626 2637 2681 Vide
2667 2644 2829 2698 quam
2872 2628 3039 2681 multa
3081 2629 3451 2683 misericordia
3490 2640 3543 2683 et
3580 2629 3671 2682 be-

2093 2718 2326 2783 nignitas
2355 2718 2443 2771 Dei
2469 2728 2575 2784 est,
2606 2728 2664 2771 ut
2696 2720 2786 2772 ubi
2826 2720 3199 2773 holocaustum
3230 2718 3507 2791 iugulatur
3536 2720 3667 2775 illud

2091 2811 2234 2877 quod
2270 2811 2369 2865 soli
2412 2811 2522 2866 Deo
2565 2811 2814 2875 oﬂ'ertur,
2866 2813 2937 2866 ibi
2989 2812 3153 2865 etiam
3193 2812 3370 2866 hostia
3404 2829 3522 2880 qua:
3572 2829 3669 2883 pro

2092 2912 2316 2970 peccato
2358 2909 2461 2967 est,
2496 2901 2761 2956 immolari
2791 2901 3074 2971 jubeatur;
3109 2917 3216 2970 quo
3261 2902 3469 2957 scilicet
3509 2902 3668 2958 intel-

2090 2992 2221 3061 ligat
2260 3007 2319 3047 se
2361 2993 2454 3060 qui
2498 2997 2767 3063 peccavit,
2812 3003 2866 3046 et
2901 2992 3149 3062 paenitet,
3183 3001 3236 3046 et
3272 3007 3567 3049 conversus
3596 2996 3666 3047 ad

2094 3082 2380 3137 Dominum
2420 3083 2768 3137 contribulati
2803 3084 3027 3152 spiritus
3070 3084 3303 3137 hostiam
3339 3083 3573 3155 jugulat,
3613 3086 3665 3139 itt

2094 3175 2214 3229 loco
2240 3175 2352 3242 jam
2386 3182 2578 3229 sancto
2616 3186 2784 3237 stare,
2812 3186 2859 3228 et
2894 3173 3094 3228 sociari
3124 3173 3209 3227 his
3242 3190 3359 3243 qua:
3397 3177 3670 3245 pertinent

2092 3265 2160 3319 ad
2200 3266 2388 3317 Deum.
2439 3264 2514 3318 lbi
2547 3280 2680 3335 ergo
2712 3264 3027 3319 immolatur
3058 3265 3230 3318 hostia
3275 3281 3371 3335 pro
3416 3279 3663 3335 peccato,

2090 3354 2178 3409 ubi
2226 3364 2278 3407 et
2319 3353 2714 3419 holocaustum,
2748 3355 2799 3409 in
2838 3364 3158 3423 conspectu,
3196 3356 3391 3424 inquit,
3425 3356 3662 3411 Domini.

2090 3444 2184 3498 Est
2220 3443 2470 3498 fortassis
2514 3444 2565 3496 in
2599 3452 2890 3512 conspectu
2942 3442 3152 3495 Domini
3201 3440 3397 3495 oll‘erre
3446 3443 3661 3496 sacriﬁ-

2087 3537 2255 3598 cium,
2304 3544 2359 3589 et
2413 3551 2520 3589 non
2557 3533 2753 3589 oll‘erre
2788 3534 2840 3588 in
2892 3542 3185 3603 conspectu
3239 3532 3478 3589 Domini.
3529 3534 3665 3600 Quis

2085 3646 2216 3699 ergo
2249 3639 2331 3684 est
2367 3630 2458 3696 qui
2490 3627 2648 3682 ollert
2681 3628 2791 3699 (l9)
2836 3627 2886 3680 in
2935 3635 3228 3695 conspectu
3269 3626 3515 3680 Domini?
3547 3627 3659 3692 Ille,

2087 3730 2143 3772 ιιι
2167 3721 2380 3788 opinor,
2409 3720 2499 3789 qui
2539 3735 2641 3772 non
2674 3719 2806 3772 exiit
2839 3732 2867 3770 a
2901 3726 3194 3786 conspectu
3246 3717 3477 3781 Domini,
3518 3719 3663 3770 sicut

2083 3812 2215 3864 Cain
2247 3812 2314 3875 ”,
2348 3821 2400 3865 et
2445 3810 2671 3863 ell‘eclus
2699 3820 2785 3863 est
2832 3810 3029 3863 timens
3058 3818 3112 3862 et
3154 3817 3413 3862 tremens.
3450 3808 3506 3861 Si
3539 3810 3661 3876 quis

2082 3919 2212 3972 ergo
2259 3912 2342 3957 est
2386 3904 2476 3972 qui
2528 3902 2690 3956 habet
2728 3899 2981 3955 ﬁduciam
3032 3910 3209 3954 astare
3260 3901 3311 3953 in
3362 3910 3657 3970 conspectu

2084 3992 2333 4055 Domini,
2384 4002 2437 4045 et
2491 4007 2594 4044 non
2641 3989 2775 4060 fugit
2808 4006 2836 4043 a
2873 3988 3013 4042 facie
3056 3990 3195 4058 ejus,
3236 4002 3333 4042 nec
3378 3998 3655 4058 aspectum

2079 4081 2197 4148 ejus
2240 4082 2443 4151 peccati
2482 4078 2815 4136 conscientia
2847 4078 3107 4140 declinat,
3142 4078 3242 4132 iste
3274 4079 3326 4132 in
3363 4089 3657 4149 conspectu

2084 4174 2294 4227 Domini
2328 4171 2484 4226 oll‘ert
2515 4172 2865 4227 sacriﬁcium.
2910 4167 3061 4223 Hanc
3102 4183 3231 4239 ergo
3263 4169 3493 4223 hostiam
3538 4186 3659 4239 qme

2080 4260 2308 4315 ollertur
2338 4277 2437 4329 pro
2468 4262 2735 4331 peccatis,
2768 4259 2897 4312 dicit
2924 4273 3045 4313 esse
3073 4258 3271 4312 Sancta
3318 4270 3654 4313 sanctorum.

2083 4353 2260 4423 Majus
2311 4353 2515 4422 aliquid
2549 4355 2751 4406 audere
2799 4351 2910 4405 vult
2953 4365 3154 4416 sermo,
3186 4350 3231 4405 si
3265 4360 3444 4404 tamen
3489 4361 3541 4403 et
3568 4367 3659 4404 ve-

405 4455 699 4510 Dnbitasne
737 4470 858 4509 esse
902 4457 1044 4508 intra
1080 4464 1131 4507 te
1165 4454 1332 4509 solem
1379 4461 1433 4505 et
1468 4452 1681 4512 lunam,
1722 4449 1787 4502 ad
1815 4462 1973 4517 quem
2008 4477 2051 4531 ι)
2083 4455 2196 4501 ster
2246 4455 2509 4513 sequatur
2565 4444 2804 4497 auditus.
2851 4442 2983 4509 Qua;
3032 4451 3116 4495 est
3166 4442 3341 4495 hostia
3391 4454 3509 4510 qua:
3560 4455 3657 4508 pro

402 4548 620 4610 dicitur,
654 4547 779 4616 quia
816 4547 904 4600 lux
963 4548 1040 4601 sis
1090 4544 1315 4601 mundi?
1364 4541 1460 4597 Vis
1508 4540 1684 4594 adhuc
1739 4537 1969 4603 amplius

402 4638 603 4708 aliquid
638 4640 703 4694 de
737 4648 789 4693 te
834 4639 952 4707 ipso
985 4637 1193 4701 audire,
1251 4650 1318 4690 ne
1368 4632 1507 4687 forte
1534 4645 1698 4702 parva
1730 4630 1795 4683 de
1828 4639 1880 4682 te
1918 4640 1973 4681 et

403 4730 622 4783 humilia
680 4732 955 4801 cogitans,
1010 4741 1264 4799 tanquam
1319 4724 1481 4779 vilem
1524 4722 1763 4793 negligas
1806 4721 1971 4774 vitam

404 4824 591 4875 tuam?
628 4822 799 4877 Habet
831 4823 921 4877 hic
954 4823 1188 4877 mundus
1213 4818 1633 4888 gubernatorem
1673 4827 1854 4875 suum,
1879 4811 1975 4864 ha-

402 4914 492 4966 bet
520 4916 609 4982 qui
642 4929 764 4969 eum
792 4923 944 4982 regat
992 4922 1048 4967 et
1079 4911 1287 4967 habitet
1322 4909 1377 4962 in
1406 4908 1520 4978 ipso
1548 4906 1973 4973 omnipotentem

469 5039 515 5072 '°
537 5039 730 5094 Genes.
764 5052 850 5096 sv,
876 5038 933 5091 5.
994 5038 1037 5069 "
1064 5036 1253 5090 Matth.
1284 5049 1337 5096 ν,
1370 5032 1457 5087 14.
1519 5032 1565 5063 ⁹²
1595 5029 1797 5085 Jerem.
1824 5043 1986 5093 χχιιι,

471 5110 597 5153 Sun-
628 5126 664 5153 r
694 5110 747 5153 7-
822 5108 865 5139 ’⁷
895 5106 1087 5153 Matth-
1114 5104 1403 5153 nmiae.
1477 5101 1523 5133 ’⁸
1561 5099 1697 5153 Joel.
1728 5115 1763 5153 ιι
1785 5138 1800 5153 .
1836 5099 1928 5153 28.

2093 5067 2102 5081 .
2181 5026 2226 5058 ⁸³
2262 5026 2398 5080 llCo

2093 5097 2286 5153 Gencs.
2332 5111 2402 5149 tv.

398 5111 443 5141 "
471 5110 599 5179 Sap.
628 5126 667 5173 ι,
694 5110 748 5162 7.
822 5108 865 5139 ’⁷
894 5106 1087 5160 Matth.
1114 5104 1403 5170 xxvtuﬂo.
1477 5101 1523 5133 ’⁸
1561 5099 1697 5155 Joel.
1728 5115 1763 5154 ιι
1785 5138 1800 5164 ,
1836 5099 1928 5153 ΞΒ.

472 5230 582 5299 (15)
618 5229 759 5283 Idem
796 5241 924 5290 ms.,
960 5245 979 5276 α
1006 5235 1199 5280 ιοιιιιιι.
1237 5243 1255 5275 ι

471 5320 583 5392 (14)
620 5318 919 5392 ldem_tns.,
941 5336 960 5369 ι
993 5317 1202 5392 deceat.
1229 5335 1247 5369 ι
1275 5315 1430 5392 [.ibb.
1457 5314 1610 5392 editi,
1646 5333 1662 5364 ι
1698 5313 1924 5392 debeata
1944 5330 1963 5364 ι

402 5382 711 5459 Ριιίιιόροει
739 5390 878 5443 idem
920 5403 1046 5450 ms.,
1084 5405 1101 5437 ι
1142 5387 1382 5441 invenies
1432 5398 1524 5439 eas
1555 5385 1714 5438 intra.
1750 5402 1768 5436 ι
1812 5382 1967 5436 Libb.

402 5464 555 5523 editi,
590 5458 608 5511 ι
640 5459 883 5514 invenias
910 5458 1069 5512 intra.
1109 5476 1127 5508 ι

472 5552 582 5621 (15)
624 5551 764 5605 Idem
793 5565 920 5616 ms.,
950 5567 969 5600 ι
1008 5548 1059 5603 in
1091 5562 1277 5617 parvo.
1318 5563 1337 5597 ι

471 5642 582 5711 (Nil
613 5640 755 5696 Idem
792 5656 920 5705 ms.,
954 5658 973 5690 σ
998 5641 1252 5711 ι’θιιιιεο.)
1281 5638 1437 5692 Libb.
1457 5638 1656 5711 editi,_r
1686 5635 1917 5711 impleo._
1942 5653 1959 5683 ι

402 5704 569 5768 Paulo
622 5711 761 5767 infra
797 5704 924 5778 ms.,
956 5728 975 5762 ι
1008 5704 1149 5767 inter
1206 5709 1349 5780 ipsos
1402 5708 1709 5761 ambulatio.
1747 5723 1761 5754 ι
1806 5704 1960 5757 Libb.

2083 4538 2326 4608 peccatis
2376 4535 2628 4600 oll’ertur,
2670 4543 2724 4588 et
2776 4543 2860 4589 est
2897 4532 3098 4589 Sancta
3154 4544 3498 4597 sanctorum,
3552 4534 3655 4587 nisi

2084 4628 2398 4698 unigenitus
2432 4624 2605 4681 Filius
2642 4627 2775 4690 Dei,
2820 4625 3080 4681 Dominus
3132 4640 3281 4680 meus
3311 4624 3468 4679 Jesus
3500 4624 3657 4678 Chri-

2082 4720 2237 4775 stus?
2266 4719 2383 4789 lpse
2416 4719 2562 4774 solus
2591 4728 2671 4774 est
2711 4718 2886 4773 hostia
2930 4732 3028 4786 pro
3055 4716 3311 4786 peccatis.
3344 4726 3399 4769 et
3430 4716 3541 4784 ipse
3573 4723 3657 4767 est

2087 4812 2260 4866 hostia
2296 4810 2497 4863 Sancta
2533 4818 2873 4863 sanctorum.
2930 4807 3037 4861 Sed
3070 4807 3213 4875 quod
3263 4806 3453 4858 addit:
3495 4822 3514 4854 ι
3547 4804 3655 4857 Sa-

2085 4903 2298 4969 cerdos,
2331 4901 2523 4970 inquit,
2554 4901 2644 4969 qui
2679 4897 2837 4954 oﬂ'ert
2868 4898 3023 4960 illud,
3048 4899 3173 4950 edet
3209 4894 3357 4959 illud,
3388 4913 3409 4947 ι
3444 4894 3655 4949 videtur

2181 5026 2226 5058 ⁸³
2262 5025 2299 5079 ll
2323 5026 2448 5080 Cor.
2480 5040 2559 5089 vt,
2591 5023 2677 5077 16.
2755 5022 2803 5054 ’⁵
2827 5020 2958 5075 ibid.
2987 5019 3073 5075 l8.
3149 5019 3193 5051 ⁹⁵
3221 5015 3362 5071 Psal.
3395 5033 3567 5081 um,
3598 5016 3652 5072 6.

2076 5217 2242 5281 editi,
2286 5236 2304 5268 ι
2338 5217 2390 5270 in
2429 5215 2561 5285 ipsis
2587 5211 2897 5267 ambulaho.
2930 5228 2949 5262 ι
3022 5194 3029 5197 ’

2152 5309 2264 5388 (l7)
2304 5306 2447 5361 ldetn
2504 5321 2630 5371 ms.,
2672 5323 2692 5356 ι
2730 5304 2903 5359 addit.
2952 5320 2969 5353 ι
3024 5300 3179 5355 Libb.
3220 5299 3372 5364 editi,
3417 5319 3435 5351 ι
3476 5301 3655 5353 adhuc

2079 5380 2227 5432 audi.
2261 5397 2279 5429 ι

2078 5537 2111 5591 ι.
2153 5468 2264 5537 (l8)
2306 5466 2429 5530 Ms.,
2477 5484 2497 5519 ι
2527 5463 2907 5533 ερίιίιιιιιΙοε.»
2959 5462 3116 5518 Libb.
3162 5459 3323 5527 editi,
3373 5476 3392 5510 ι
3430 5461 3652 5527 spirita-

2102 5549 2221 5591 iter.
2250 5557 2267 5589 ι

2102 5549 2267 5696 “iis;
2303 5625 2426 5687 Ms,
2462 5642 2480 5678 ι
2506 5624 2719 5693 offeret,
2747 5644 2765 5676 ι
2794 5634 2849 5680 et
2888 5621 3049 5693 paulo
3081 5628 3226 5690 post,
3252 5636 3270 5669 ι
3297 5616 3406 5681 ille,
3435 5616 3648 5685 Opinor,

2076 5701 2169 5766 qui
2204 5714 2309 5751 non
2349 5700 2476 5751 exit.
2502 5715 2521 5747 ι
