4106 6246
453 343 550 396 ἇῗιὶ

1916 333 2234 390 ORlGENIS

3607 339 3715 395 4ὺὲ

455 459 668 515 difﬁcile
705 475 826 514 esse
873 460 940 511 ad
977 455 1312 510 intellectum
1359 455 1494 526 (20).
1543 455 1675 508 Illud
1711 455 1854 508 enim
1889 429 2034 522 quod
2066 460 2107 513 Α
2138 455 2306 506 eunt’
2345 471 2357 508 :
2400 473 2418 506 ι
2449 454 2623 510 Locus
2677 456 2819 510 enim
2873 457 2924 510 in
2975 472 3085 526 quo
3140 465 3284 520 stas,
3326 466 3469 510 terra
3521 467 3714 513 sancta

455 556 726 608 edendum
761 552 913 610 dicit.
946 551 1010 602 ad
1045 558 1327 618 peceatum
1367 546 1559 601 referri
1609 547 1818 601 videtur
1849 569 1859 600 :
1893 547 2036 598 sicut

455 658 511 699 ct
569 645 696 699 alibi
754 643 884 696 dicit
949 640 1014 694 de
1086 639 1472 694 sacerdotibus
1530 638 1862 707 propheta‘,
1909 637 2034 706 quia

462 756 482 788 ι
513 746 729 806 peccata
773 732 952 802 pepuli
1001 733 1106 785 mei
1160 731 1588 784 manducabnnt.
1619 749 1636 780 ο
1672 729 1823 784 Unde
1860 739 1913 784 et
1949 729 2035 784 hic

457 828 695 884 ostendit
757 825 1103 878 sacerdotem
1180 832 1465 892 peccatum
1520 821 1798 876 olli-remis
1855 838 2036 877 come-

457 919 584 971 dere
622 917 844 968 debere.
877 913 1031 982 Swpe
1067 913 1408 967 ostendimus
1438 928 1504 966 ex
1550 914 1750 966 divinis
1785 913 2035 982 Scriptu—

459 1010 555 1070 ris,
585 1008 864 1062 Christum
923 1021 1044 1060 esse
1087 1016 1141 1061 et
1197 1005 1429 1060 hostiam
1482 1021 1604 1074 qua:
1655 1021 1754 1074 pro
1811 1017 2036 1076 peccato

458 1102 643 1156 mundi
689 1100 935 1164 ollertur,
969 1109 1022 1153 et
1050 1100 1395 1153 sacerdotem
1427 1099 1516 1167 qui
1553 1099 1743 1152 oﬂ'erat
1778 1099 2030 1153 hostiam.

458 1192 609 1259 Quod
656 1207 762 1246 uno
817 1192 983 1246 verbo
1034 1191 1328 1259 Apostolus
1373 1191 1669 1260 eXplicavit
1716 1190 1864 1260 (ει),
1911 1205 2032 1244 cum

459 1285 586 1340 dicit
612 1289 671 1340 ’τ
707 1305 724 1336 ‹
762 1285 862 1352 Qui
911 1286 1150 1353 seipsum
1189 1286 1388 1339 obtulit
1427 1288 1550 1339 Deo.
1578 1305 1596 1337 ι
1636 1285 1732 1340 Hie
1776 1301 1905 1354 ergo
1951 1297 2036 1340 cst

459 1377 736 1440 sacerdos,
763 1377 852 1445 qui
893 1386 1112 1446 peccata
1169 1377 1348 1445 populi
1381 1379 1614 1431 comedit
1659 1387 1711 1431 et
1743 1378 2032 1446 consumit,

459 1468 526 1521 de
549 1483 656 1533 quo
688 1468 886 1519 dictum
922 1477 1000 1520 est
1029 1465 1090 1519 ⁸;
1128 1485 1146 1516 ‹
1182 1466 1257 1519 Tn
1294 1483 1352 1521 es
1387 1471 1640 1522 sacerdos
1688 1470 1741 1522 in
1773 1480 2033 1523 a:teruum

460 1559 754 1613 secundum
799 1559 1044 1613 ordinem
1097 1557 1566 1626 Melchisedech.»
1604 1561 1858 1614 Salvator
1905 1576 2034 1628 ergo

461 1660 516 1704 et
564 1649 824 1704 Dominus
871 1665 1022 1704 mens
1067 1660 1289 1717 peccata
1349 1651 1525 1717 populi
1573 1652 1704 1705 edit.
1751 1652 2033 1719 Quomodo

459 1743 572 1794 edit
628 1750 851 1810 peccata
914 1739 1138 1808 populi?
1188 1741 1312 1792 andi
1371 1740 1500 1808 quid
1561 1741 1826 1808 scriptum
1887 1753 1969 1796 est
2016 1759 2030 1796 :

465 1852 484 1884 ι
530 1832 698 1894 Deus,
746 1830 993 1900 inquit",
1042 1842 1246 1893 noster,
1289 1831 1426 1900 ignis
1489 1848 1817 1888 consumens
1867 1845 1973 1888 est.
2008 1854 2026 1886 ι

462 1924 600 1990 Quid
625 1923 892 1977 consumit
927 1921 1068 1976 Deus
1097 1923 1271 1988 ignis?
1304 1921 1548 1991 Nunquid
1583 1935 1690 1977 tam
1725 1926 1890 1994 inepti
1919 1926 2033 1996 (2'2)

462 2016 687 2075 erimus,
719 2023 775 2066 ut
821 2021 1071 2081 putemus
1097 2012 1238 2081 quod
1279 2013 1419 2065 Deus
1467 2015 1606 2079 ignis
1657 2016 1798 2085 ligna
1841 2032 2037 2070 consu-

461 2116 598 2170 mat,
628 2115 720 2158 aut
750 2104 1028 2174 stipulam,
1076 2113 1170 2157 aut
1213 2103 1430 2158 fenum?
1459 2105 1563 2160 Sed
1592 2109 1863 2161 consumit
1896 2108 2036 2162 Deus

465 2198 606 2269 ignis
642 2198 875 2251 humana
927 2206 1169 2266 peccata,
1221 2197 1310 2250 illa
1361 2199 1618 2262 ah~umit,
1664 2201 1752 2254 illa
1791 2203 2033 2266 devorat,

463 2290 552 2344 illa
601 2297 829 2360 purgat,
863 2289 1162 2343 secundum
1209 2290 1350 2358 quod
1394 2301 1446 2344 et
1493 2292 1618 2345 alibi
1653 2294 1782 2347 dicit
1814 2295 1876 2348 ’τ
1921 2313 1939 2346 ι
1973 2295 2037 2348 Et

460 2384 702 2453 purgabo
730 2392 783 2436 te
818 2380 926 2450 igni
984 2383 1049 2433 ad
1091 2397 1306 2449 purum.
1337 2400 1355 2433 ι
1407 2382 1520 2436 lloc
1575 2393 1657 2438 est
1707 2387 2035 2440 manducare

467 2485 748 2544 peccatum
783 2473 900 2541 ejus
940 2473 1031 2542 qui
1069 2472 1228 2527 oﬂ‘ert
1265 2473 1594 2527 sacrificium
1641 2489 1738 2540 pro
1784 2483 2031 2543 peccato.

463 2564 579 2634 ipse
613 2566 756 2620 enim
796 2577 1014 2635 peccata
1049 2576 1232 2620 nostra
1269 2567 1528 2634 suscepit,
1557 2576 1612 2620 et
1651 2567 1704 2620 in
1736 2569 2034 2636 semetipso

459 2679 523 2717 ea
559 2671 814 2730 tanquam
857 2660 994 2730 ignis
1031 2660 1268 2715 comedit
1306 2672 1359 2715 et
1388 2661 1648 2715 absumit.
1679 2661 1772 2715 Sic
1802 2661 2036 2730 denique

460 2752 777 2807 econtrario
815 2767 908 2804 eos
955 2752 1046 2820 qui
1099 2761 1420 2820 permanent
1469 2751 1519 2804 in
1572 2754 1840 2820 peccatis,
1891 2768 2036 2807 mors

457 2843 664 2900 dicitur
705 2843 1035 2914 deglutisse,
1081 2845 1224 2898 sicut
1275 2845 1543 2913 scriptum
1599 2852 1682 2898 est
1729 2857 1742 2896 :
1782 2859 1800 2892 ι
1839 2842 2034 2911 Deglu-

463 2936 560 2988 tiet
595 2935 707 3004 (9.5)
744 2949 890 2987 mors
921 2933 1237 3002 praevalens.
1271 2953 1288 2984 ι
1325 2934 1436 2988 lloe
1467 2943 1598 3004 puto
1643 2949 1765 2989 esse
1803 2936 1947 3003 quod
1982 2935 2034 2988 in

462 3026 752 3095 Evangelia
780 3026 1032 3080 Salvator
1061 3026 1359 3080 dicebat‘:
1395 3045 1413 3077 ι
1444 3025 1624 3096 Ignem
1660 3026 1780 3080 veni
1818 3026 2036 3080 mittere

2139 555 2242 600 est.
2286 566 2306 599 ι
2346 545 2609 601 Similiter
2635 562 2763 616 ergo
2805 558 2858 602 et
2899 550 2950 602 in
2987 548 3228 604 Ecclesia
3265 549 3354 602 Dei
3393 549 3544 604 locus
3590 566 3718 605 san-

2139 646 2259 692 ctus
2291 647 2405 701 est,
2457 637 2590 690 ﬁdes
2627 636 2904 706 perfecta,
2948 638 3193 692 charitas
3237 639 3302 691 de
3350 638 3520 692 corde
3556 655 3713 708 puro,

2138 737 2192 784 et
2222 728 2556 782 conscientia
2586 729 2748 782 bona.
2787 727 2888 793 Qui
2925 730 2975 782 in
3013 730 3095 784 his
3131 737 3238 782 stat
3274 730 3325 782 in
3363 730 3624 794 Ecclesia,
3660 735 3714 786 in

2140 826 2257 876 loco
2292 829 2480 875 sancto
2505 833 2651 875 stare
2678 836 2735 876 se
2773 833 3052 892 agnoscat.
3083 822 3266 892 Neque
3298 825 3441 876 enim
3481 825 3534 877 in
3567 834 3716 879 terra

2141 913 2467 982 quaerendus
2505 925 2583 967 est
2620 914 2770 970 locus
2800 926 3045 978 sanctus,
3081 916 3133 968 in
3179 931 3343 984 quam
3388 916 3554 970 semel
3586 919 3716 971 data

2138 1007 2407 1060 Sententia
2459 1015 2541 1058 est
2589 1021 2617 1058 a
2667 1007 2773 1060 Deo
2821 1007 3140 1060 dicente":
3184 1026 3200 1057 ι
3234 1006 3518 1061 Maledicta
3568 1017 3715 1062 terra

2139 1097 2192 1150 iu
2227 1095 2482 1164 operibus
2517 1097 2622 1150 tuis
2654 1095 2787 1169 (25).
2818 1117 2836 1149 ι
2883 1097 3042 1152 Fides
3070 1114 3202 1167 ergo
3253 1099 3466 1169 integra
3497 1109 3552 1154 et
3593 1116 3720 1154 san-

2139 1201 2224 1244 cta
2259 1191 2623 1254 conversatio,
2669 1190 2818 1244 locus
2858 1201 2942 1244 est
2981 1202 3221 1246 sanctus.
3276 1191 3329 1244 In
3386 1193 3489 1245 hoc
3533 1194 3718 1262 itaque

2141 1283 2259 1336 loco
2330 1283 2541 1351 positus
2595 1283 2853 1336 sacerdos
2911 1282 3199 1344 Ecclesiaz,
3251 1284 3435 1352 populi
3496 1297 3712 1352 peccata

2139 1381 2460 1436 consumat,
2505 1381 2564 1425 ut
2602 1372 2831 1424 hostiam
2875 1371 3132 1442 jugulans
3181 1374 3328 1426 verbi
3372 1373 3488 1438 Dei,
3527 1386 3581 1428 et
3614 1379 3712 1431 do-

2139 1466 2331 1520 ctrina:
2362 1479 2507 1519 sana:
2535 1464 2788 1518 victimas
2829 1462 3083 1529 oll'erens,
3109 1465 3273 1536 208
3314 1480 3508 1536 purget
3535 1485 3562 1522 a
3594 1486 3714 1540 pec.

2139 1557 2278 1611 catis
2321 1557 2686 1612 conscientias
2720 1555 3052 1610 auditorum.
3112 1557 3244 1612 Edet
3290 1559 3402 1627 (26)
3437 1577 3564 1630 ergo
3611 1577 3706 1615 sa-

2139 1649 2332 1704 cerdos
2363 1663 2558 1702 carnes
2589 1647 2843 1702 sacriﬁcii
2887 1648 2939 1702 in
2986 1650 3125 1703 atrio
3180 1649 3501 1705 tabernaculi
3548 1653 3702 1707 testi-

2142 1741 2344 1803 monii,
2391 1755 2513 1794 cum
2567 1737 2866 1806 intelligere
2913 1742 3152 1807 potuerit
3198 1757 3318 1810 quze
3368 1743 3438 1795 sit
3471 1745 3600 1796 ratio
3646 1746 3698 1797 in

2139 1832 2242 1895 his,
2283 1847 2468 1900 qum-ve
2517 1833 2810 1900 mysteria,
2854 1846 2974 1899 qum
3021 1834 3407 1887 describuntur
3448 1837 3512 1887 de
3557 1837 3708 1890 atriis

2140 1926 2472 1980 tabernaculi
2507 1926 2823 1980 testimonii.
2860 1926 2940 1978 Ad
2981 1925 3095 1980 lure
3133 1929 3280 1978 enim
3314 1927 3451 1979 atria
3499 1939 3710 1981 secreta

2137 2026 2192 2071 et
2240 2017 2515 2072 recondita
2557 2018 2736 2072 nullus
2765 2018 3005 2078 accedit,
3055 2017 3182 2070 nulli
3230 2020 3343 2071 haec
3386 2019 3488 2071 nisi
3526 2035 3712 2073 sacer-

2140 2109 2355 2164 dotibus
2389 2119 2642 2178 pateant:
2673 2110 2716 2163 si
2757 2117 2938 2162 tamen
2976 2117 3228 2176 pateant,
3271 2111 3313 2164 si
3345 2111 3572 2165 scientia
3619 2128 3716 2166 sua

2140 2210 2194 2254 ct
2237 2201 2511 2256 intellectu
2550 2201 2778 2272 mystico
2813 2200 3090 2266 potuerint
3130 2215 3316 2255 eorum
3363 2212 3580 2255 secreta
3615 2219 3712 2272 pe-

2141 2303 2374 2346 netrare.
2401 2293 2527 2346 Scio
2552 2303 2729 2347 autem
2753 2307 2875 2346 esse
2901 2302 2953 2344 et
2983 2293 3084 2345 alia
3110 2293 3356 2362 quaedam
3384 2295 3434 2346 in
3463 2295 3714 2349 Ecclesia

2139 2387 2395 2456 dogmata
2441 2388 2761 2454 secretiora,
2790 2404 2909 2457 qua:
2949 2389 3099 2441 adire
3141 2403 3238 2442 nec
3286 2388 3416 2457 ipsis
3451 2389 3708 2444 sacerdo-

2143 2476 2283 2532 tibus
2312 2478 2489 2532 liccat.
2514 2475 2608 2531 llla
2633 2479 2775 2542 dico,
2805 2479 2891 2533 ubi
2922 2495 3046 2532 arca
3078 2481 3405 2541 reconditur,
3433 2481 3520 2533 ubi
3549 2497 3709 2544 urna,

2142 2569 2230 2623 ubi
2288 2585 2482 2623 manna
2535 2581 2589 2624 et
2638 2572 2834 2625 tabula:
2890 2574 3216 2627 testamenti.
3282 2572 3408 2627 Illuc
3473 2588 3540 2627 ne
3579 2574 3712 2642 ipsis

2142 2662 2360 2730 quidem
2399 2664 2773 2717 sacerdotibus
2817 2665 2980 2717 datur
3012 2679 3292 2726 accessus,
3330 2665 3421 2719 sed
3456 2667 3546 2718 nni
3590 2676 3712 2719 tan-

2142 2758 2252 2802 tum
2303 2751 2581 2818 pontilici,
2625 2763 2680 2804 et
2728 2752 2850 2805 huic
2893 2754 3057 2806 semel
3109 2755 3160 2808 in
3205 2770 3347 2807 anno
3388 2756 3552 2808 certis
3587 2755 3711 2824 qui-

2141 2838 2352 2908 busque
2377 2850 2430 2894 et
2460 2842 2705 2911 mysticis
2731 2845 3196 2911 puritirationilms
3219 2846 3540 2899 conceditur
3564 2846 3709 2900 istud

2143 2931 2349 2984 intrare
2381 2941 2674 2988 secretum.
2714 2931 2851 2988 Sunt
2891 2946 2947 2988 et
2989 2936 3088 2989 alia
3124 2935 3380 2990 Ecclesia:
3425 2937 3704 3004 dogmata,

2141 3021 2207 3074 ad
2261 3038 2382 3087 qua:
2427 3034 2655 3091 possunt
2701 3027 2983 3093 pervenire
3023 3027 3186 3080 etiam
3227 3025 3451 3089 Levitaz,
3492 3027 3582 3080 sed
3626 3025 3711 3080 in-

465 3119 519 3174 in
561 3128 784 3181 terram,
829 3127 883 3171 et
929 3132 1090 3186 quam
1140 3120 1260 3172 volo
1307 3127 1365 3172 ut
1411 3119 1764 3172 accendatur.
1792 3136 1809 3168 ι
1860 3118 2036 3185 Atque
2063 3130 2111 3193 ο
2144 3114 2339 3168 feriora
2373 3125 2501 3168 sunt
2532 3117 2600 3168 ab
2651 3117 2736 3170 his
2784 3131 2906 3184 qua:
2951 3117 3330 3170 sacerdotibus
3375 3117 3526 3170 adire
3572 3131 3709 3170 con-

464 3213 673 3264 utinam
722 3220 777 3264 et
830 3227 948 3264 mea
997 3222 1138 3266 terra
1194 3212 1528 3265 accendatur
1571 3209 1680 3278 igni
1733 3209 1940 3273 divino,
1977 3217 2038 3262 ut

465 3301 604 3356 ultra
641 3317 744 3355 non
794 3299 985 3353 aﬂ‘erat
1023 3301 1205 3369 spinas
1233 3307 1285 3352 et
1319 3300 1567 3352 triliuios.
1617 3297 1709 3352 Sic
1739 3297 2038 3367 intelligere

465 3392 630 3446 debes
668 3401 720 3444 ct
755 3391 910 3454 illud,
953 3391 1099 3458 quod
1144 3389 1410 3458 scriptum
1465 3389 1591 3442 est"
1637 3407 1651 3442 :
1695 3405 1715 3439 ί
1759 3388 1900 3457 Ignis
1942 3403 2036 3442 ac-

464 3497 664 3536 census
708 3490 792 3536 est
840 3483 907 3535 ab
954 3482 1031 3535 ira
1075 3497 1216 3544 mea,
1257 3483 1502 3535 comedet
1543 3492 1742 3533 terram
1782 3489 1837 3533 ct
1875 3495 2038 3548 gene-

464 3595 704 3650 rationes
735 3597 873 3664 ejus.
898 3613 916 3646 ›
977 3592 1116 3647 Dicit
1166 3608 1296 3661 ergo
1340 3592 1426 3646 lex
1461 3592 1482 3623 ⁸
1513 3606 1527 3644 :
1565 3609 1582 3642 ι
1617 3591 1888 3645 Sacerdos
1943 3591 2035 3661 qui

461 3686 748 3750 obtulerit,
773 3690 898 3741 edet
941 3674 1069 3739 illud
1101 3684 1153 3736 in
1186 3684 1305 3739 loco
1339 3693 1551 3749 sancto,
1598 3684 1652 3737 iu
1682 3683 1824 3738 atrio
1863 3681 2040 3736 taber-

463 3779 640 3833 naculi
679 3777 992 3832 testimonii.
1024 3797 1042 3828 ι
1097 3777 1448 3846 Conisequcns
1495 3775 1638 3828 enim
1686 3784 1807 3840 est,
1854 3781 1910 3827 ut
1948 3788 2033 3826 se-

459 3873 698 3926 cundum
740 3871 1032 3940 imaginem
1067 3869 1186 3938 ejus
1227 3869 1319 3938 qui
1361 3867 1728 3922 sacerdOtium
1782 3865 2038 3920 Ecclesia:

459 3965 631 4028 dedit,
671 3964 834 4019 etiam
873 3961 1108 4017 ministri
1155 3972 1208 4013 et
1256 3959 1572 4013 sacerdotes
1619 3957 1730 4028 (24)
1783 3956 2038 4012 Ecclesia:

461 4065 685 4129 peccata
731 4055 914 4126 populi
954 4053 1252 4120 accipiant,
1301 4058 1354 4104 et
1406 4049 1509 4116 ipsi
1560 4048 1835 4102 imitantes
1869 4046 2039 4114 magi—

460 4160 667 4210 strum,
712 4146 1088 4202 remissionem
1138 4151 1487 4214 peccatorum
1533 4139 1729 4209 popqu
1777 4140 2037 4192 tribuant.

461 4237 672 4294 Debent
709 4253 837 4307 ergo
881 4246 936 4291 et
985 4237 1086 4305 ipsi
1147 4233 1405 4288 Ecclesia:
1452 4234 1762 4284 sacerdotes
1797 4232 1871 4284 ita
1917 4246 2039 4300 per-

460 4329 585 4384 fecti
628 4345 769 4392 esse,
806 4341 859 4384 et
905 4329 959 4384 in
989 4327 1180 4382 olliciis
1211 4339 1426 4393 semper
1457 4323 1888 4378 sacerdotalibus
1920 4340 2040 4377 eru-

458 4421 580 4486 diti,
618 4432 675 4474 nt
706 4431 926 4489 peccata
959 4419 1142 4488 p0puli
1184 4419 1238 4472 in
1281 4417 1395 4470 loco
1425 4425 1640 4480 sancto,
1689 4415 1741 4468 in
1775 4415 1929 4468 atriis
1961 4424 2034 4467 ta-

460 4514 738 4567 bernaculi
786 4512 1134 4576 testimonii,
1183 4511 1284 4580 ipsi
1351 4526 1455 4564 non
1509 4509 1783 4578 peccando
1833 4521 2031 4561 consu-

461 4613 632 4656 ntant.
676 4602 815 4668 Quid
847 4613 1028 4655 autem
1057 4612 1142 4656 est
1187 4602 1238 4654 in
1292 4600 1410 4654 loco
1456 4611 1649 4652 sancto
1697 4599 2034 4652 manducare

458 4697 782 4768 peccatum?
832 4696 1009 4751 Locus
1055 4704 1175 4750 erat
1215 4704 1469 4756 sanctus,
1518 4693 1571 4744 in
1623 4708 1783 4760 quem
1835 4705 2030 4760 perve-

459 4799 616 4844 nerat
688 4789 935 4859 Moyses,
991 4790 1287 4842 secundum
1351 4783 1494 4852 quod
1554 4783 1757 4836 dictum
1817 4790 1904 4837 est
1964 4785 2029 4837 ad

530 4929 548 4958 '
587 4927 714 4982 Ose.
745 4943 818 4992 ις’,
847 4927 902 4982 8.
979 4928 1000 4956 '
1041 4924 1202 4977 Ilcbr.
1234 4939 1308 4987 is,
1337 4922 1460 4992 “.7
1501 4922 1520 4953 ³
1563 4920 1701 4974 Psal.
1731 4937 1844 4983 eis,
1883 4922 1935 4976 4.

460 5013 634 5061 xxxu,
667 4999 756 5051 ‘22.
807 4991 854 5028 7°
894 4998 1066 5051 Levii.
1097 5011 1169 5059 vI,
1196 4994 1285 5047 26.
1364 4994 1384 5024 ’
1425 4991 1596 5045 Exod.
1627 5008 1682 5044 ιιι
1705 5031 1719 5054 ,
1751 4991 1806 5048 5.

461 5206 494 5260 d
530 5137 644 5206 (ἓο)
686 5135 805 5199 Ms.,
839 5155 856 5185 ι
885 5135 1268 5188 intellectum.)
1301 5129 1456 5185 Libb.
1492 5129 1644 5192 editi,
1683 5147 1700 5179 ι
1727 5128 2030 5200 intelligen-

501 5223 608 5258 IIIII.
637 5224 654 5254 1
2024 5243 2030 5247 .

691 5273 813 5339 Ms.,
850 5296 867 5326 ι
895 5275 1149 5343 expliCal.
1177 5295 1194 5326 ι

532 5337 664 5415 (‘22),
688 5337 812 5405 31s.,
838 5363 856 5395 ι
889 5337 1113 5412 inepti.»
1138 5343 1292 5397 Libb.
1313 5341 1462 5415 editi.
1492 5359 1510 5391 ι
1541 5340 1831 5415 imperiti.»
1863 5337 2033 5415 Paulo

461 5409 583 5481 post
620 5414 756 5468 idem
794 5430 919 5476 ms.,
955 5409 1245 5483 (stipulam
1275 5423 1367 5466 aut
1393 5412 1593 5466 fenum.
1635 5430 1652 5462 ι
1693 5409 1847 5462 Libl).
1867 5410 2024 5473 editi,

466 5501 489 5534 ο
514 5486 768 5552 stipulam
800 5494 890 5537 aut
911 5483 1180 5552 ferrum.»

535 5549 648 5622 (‘23)
689 5554 811 5617 Ms.,
845 5573 863 5604 ι
893 5549 1172 5611 tleqlutiet.
1203 5572 1221 5605 ι
1254 5553 1410 5608 Lihh.
1439 5552 1591 5613 editi,
1621 5571 1639 5602 ι
1667 5549 1969 5619 deglutivit.
2005 5567 2023 5600 ι

534 5622 646 5689 (24)
691 5624 846 5679 Libh.
886 5622 1047 5684 editi,
1086 5642 1102 5668 ο
1131 5624 1362 5675 ministri
1409 5626 1526 5689 ejus
1570 5625 1674 5674 sint
1699 5659 1712 5682 ,
1754 5631 1809 5673 et
1847 5637 2030 5672 sacer-

461 5691 644 5757 dotes,
676 5713 695 5745 ι
755 5695 845 5749 sed
881 5695 934 5748 iu
968 5692 1339 5759 manuscripto
1386 5694 1576 5747 codice
1625 5693 1813 5753 deest,
1863 5709 1880 5741 ι
1912 5691 2030 5759 ejus

462 5777 594 5820 Stttt.
621 5783 638 5814 ι

2014 4923 2036 4955 ⁸
2078 4929 2234 4981 Deut.
2276 4940 2350 4984 tv,
2376 4923 2466 4974 ει.

1904 4994 1947 5024 ¹⁰
1988 4994 2189 5054 Cenes.
2225 5011 2306 5058 ιιι,
2343 4993 2428 5048 Π.

2141 3219 2354 3258 cessum
2381 3216 2485 3260 est.
2517 3207 2644 3260 Scio
2669 3216 2725 3261 et
2753 3208 2860 3262 alia
2894 3224 3012 3262 esse
3039 3209 3108 3262 ad
3137 3224 3256 3278 qua:
3288 3217 3512 3278 possunt
3549 3223 3710 3262 acce-

2139 3295 2267 3349 dere
2305 3297 2470 3348 etiam
2515 3297 2606 3350 ﬁlii
2650 3297 2837 3366 Israel,
2885 3301 2987 3352 hoc
3024 3310 3138 3362 est,
3183 3299 3340 3364 laici;
3377 3315 3481 3352 non
3529 3308 3709 3352 tamen

2139 3384 2490 3456 alienigenae,
2544 3389 2644 3442 nisi
2697 3389 2920 3453 ascripti
2965 3389 3076 3458 jam
3129 3390 3327 3444 fuerint
3375 3391 3426 3444 in
3460 3390 3708 3445 Ecclesia

2142 3476 2385 3544 Domini,
2434 3497 2452 3528 ι
2482 3478 2774 3550 Egyptius
2821 3482 2966 3535 enim
3019 3485 3177 3536 tertia
3231 3481 3576 3552 generatione
3625 3482 3706 3535 iu-

2141 3593 2302 3648 trabit
2355 3594 2478 3666 (27)
2524 3595 2575 3648 in
2620 3595 2914 3649 Ecclesiam
2965 3595 3152 3651 Dei”.
3182 3614 3200 3646 ι
3253 3595 3431 3649 Credo
3485 3603 3708 3665 propter

2143 3687 2299 3740 Iidem
2348 3687 2546 3752 Patris,
2578 3698 2631 3742 et
2661 3686 2804 3751 Filii,
2839 3699 2890 3739 et
2935 3687 3173 3755 Spiritus
3214 3687 3408 3748 sancti,
3441 3687 3492 3740 in
3540 3701 3703 3756 quam

2139 3782 2315 3834 credit
2364 3781 2542 3835 clunis
2577 3782 2668 3848 qui
2719 3782 2959 3835 sociatur
2997 3777 3251 3833 Ecclesia:
3307 3779 3434 3840 Dei,
3486 3779 3705 3831 tertiam

2140 3874 2543 3943 generationem
2592 3873 2815 3942 mystice
2846 3873 3068 3925 dictam.
3117 3869 3500 3923 Verumtamen
3533 3869 3713 3923 scicn-

2139 3966 2265 4020 dnm
2312 3976 2429 4032 est,
2480 3966 2620 4034 quod
2672 3981 2736 4019 ea
2788 3965 2981 4019 hostiis
3035 3978 3154 4032 qua:
3211 3960 3536 4025 atteruntur,
3578 3961 3708 4014 licet

2139 4058 2503 4113 concedantur
2544 4057 2912 4110 sacerdotibus
2944 4055 3008 4108 ad
3055 4056 3346 4119 edendum,
3382 4069 3484 4107 non
3527 4061 3708 4106 tamen

2139 4148 2318 4201 omnia
2354 4147 2753 4210 conceduntur;
2803 4146 2894 4199 sed
2931 4161 3055 4215 pars
3101 4161 3168 4200 ex
3205 4145 3334 4214 ipsis
3373 4145 3550 4214 aliqua
3601 4145 3709 4200 Deo

2139 4240 2386 4306 oll'ertur,
2429 4248 2481 4292 et
2534 4239 2722 4292 altaris
2777 4238 2990 4308 ignilms
3037 4238 3313 4292 traditur:
3358 4247 3418 4292 ut
3471 4237 3710 4293 sciamus

2140 4333 2302 4386 etiam
2339 4347 2434 4386 nos
2482 4333 2624 4400 quod
2655 4340 2708 4385 et
2755 4331 2800 4386 si
2841 4330 3157 4385 conceditur
3205 4331 3358 4384 uobis
3411 4331 3589 4400 aliqua
3636 4345 3702 4384 ex

2143 4423 2338 4477 divinis
2373 4421 2672 4491 Scripturis
2698 4420 3105 4490 apprehendere
3148 4429 3203 4474 et
3233 4435 3550 4489 agnoscere,
3580 4430 3706 4474 sunt

2145 4526 2320 4569 tamen
2353 4513 2531 4581 aliqua
2573 4528 2693 4582 qua:
2725 4514 2833 4566 Deo
2866 4513 3195 4566 reservanda
3229 4520 3393 4564 sunt:
3429 4527 3550 4581 qua:
3585 4527 3708 4566 cum

2142 4606 2548 4676 intelligentiam
2597 4615 2838 4659 nostram
2907 4613 3165 4673 superent
3215 4603 3360 4673 (28),
3411 4618 3714 4673 sensusque

2139 4715 2328 4756 eorum
2361 4713 2524 4766 supra
2564 4711 2660 4750 nos
2690 4697 2778 4758 sit,
2814 4710 2879 4748 ne
2918 4695 3057 4748 forte
3093 4695 3252 4748 aliter
3286 4711 3314 4746 a
3345 4697 3501 4749 nobis
3544 4711 3708 4764 quam

2139 4806 2196 4845 se
2229 4791 2389 4844 habet
2423 4789 2650 4850 veritas,
2692 4785 3060 4855 proferantur,
3093 4787 3288 4841 melius
3321 4788 3428 4856 igni
3467 4789 3566 4842 ista
3597 4802 3712 4842 ser-

2542 4923 2562 4954 ⁵
2605 4922 2708 4974 Isa.
2735 4936 2772 4983 I,
2803 4921 2894 4973 ‘25.
2975 4922 2996 4952 ⁸
3038 4921 3168 4977 an.
3201 4937 3296 4988 xtt,
3326 4922 3416 4978 49.
3492 4924 3511 4954 ⁷
3551 4924 3709 4978 Deut.

2503 4993 2541 5022 ¹¹
2586 4992 2802 5046 Deuter.
2833 5007 2989 5055 χχιιι,
3018 4993 3070 5046 8.

2211 5129 2494 5202 (25)]18...
2529 5147 2550 5179 ί
2581 5128 2839 5202 operi-bus
2875 5127 3005 5182 tuis.
3033 5146 3050 5178 ι
3108 5126 3262 5180 L'bb.
3308 5125 3462 5190 editi,
3499 5145 3518 5178 ι
3549 5141 3713 5196 opere

2143 5199 2253 5255 tuo.
2281 5219 2300 5252 ι
2336 5199 2497 5252 Paulo
2529 5210 2649 5266 post
2693 5200 2834 5251 idem
2882 5214 3006 5258 IIIS.,
3044 5215 3061 5246 ι
3088 5208 3306 5264 peccata
3357 5209 3664 5251 consumat.
3689 5215 3708 5248 ι

2139 5271 2296 5326 Libb.
2322 5270 2475 5332 editi,
2507 5288 2525 5319 ι
2551 5279 2772 5338 peccata
2809 5268 3097 5321 consumit.
3126 5284 3144 5316 ο

2210 5362 2324 5435 (⁸26)
2365 5360 2490 5428 Ms.,
2532 5379 2548 5412 ι
2572 5362 2714 5415 edet.
2739 5379 2759 5411 ι
2799 5358 2956 5413 Libh.
2982 5359 3138 5421 editi,
3177 5377 3195 5408 ι
3217 5359 3352 5414 edit.
3373 5377 3394 5410 ι

2207 5451 2319 5521 (27)
2365 5451 2496 5516 Ms.,
2557 5468 2576 5501 ι
2609 5451 2866 5521 intravit.
2893 5468 2930 5521 ι-
2972 5447 3090 5521 Mox
3138 5448 3286 5521 libb.
3319 5461 3479 5502 antea
3538 5447 3712 5521 editi,

2145 5542 2162 5576 ι
2199 5517 2363 5578 credo
2405 5522 2562 5574 ﬁdem
2604 5520 2780 5574 Patris
2809 5530 2862 5573 et
2893 5517 3034 5581 Filii,
3066 5527 3119 5570 ct
3147 5518 3383 5584 Spiritus
3412 5520 3612 5579 sancti,
3657 5519 3713 5572 in

2139 5609 2300 5664 quani
2333 5591 2558 5645 credunt
2585 5606 2772 5642 onuies
2795 5591 2886 5658 qui
2919 5592 3218 5651 sociantur,
3247 5606 3267 5638 ι
3303 5589 3400 5642 sed
3434 5603 3536 5643 ms.
3564 5597 3621 5642 ut
3649 5588 3700 5641 in

2143 5674 2330 5719 ιιοειιιὉ
2360 5671 2530 5714 textu.

2215 5754 2326 5824 (28)
2370 5752 2492 5817 Ms,
2529 5769 2548 5800 σ
2573 5759 2845 5818 superent.
2879 5769 2896 5800 ι
2946 5749 3098 5802 Libb.
3143 5748 3292 5813 editi,
3332 5766 3350 5798 ι
3379 5755 3658 5813 superant.
3686 5762 3708 5797 ι
