4106 6246
399 331 506 384 Ιιῖἒὸ

1529 337 1594 390 IN
1633 309 2006 392 LEVITICU.“
2063 334 2347 390 IIOMILIA
2406 336 2466 390 v.

3542 345 3646 400 εἰῧᾶ

387 451 582 520 vanius
610 460 743 531 (29).
773 460 836 514 Ει
864 459 981 513 ideo
1012 457 1172 513 etiam
1210 458 1262 510 in
1294 457 1396 511 hoc
1431 455 1572 522 loco,
1600 472 1719 526 qua:
1750 457 1969 524 quidetu
2003 461 2049 515 Λ
2086 455 2324 517 renibus,
2363 465 2416 509 et
2465 454 2719 510 omnilms
2772 455 3121 511 interioribus
3172 457 3435 512 viscerum
3461 499 3476 519 ,
3525 469 3649 514 tunc

387 570 649 610 concessa
684 563 810 606 sunt
862 550 1174 605 hominibus
1211 549 1274 601 ad
1320 550 1612 612 edendum,
1663 557 1819 616 prout
1868 564 1964 616 po-

392 648 594 701 tuimus
623 646 763 699 intra
802 641 1210 698 tabernaculmn
1245 641 1460 694 Domini
1503 639 1962 708 consumpsimus;

390 741 436 795 si
465 754 569 808 qua
599 754 724 792 vero
753 747 1068 806 supersunt,
1103 743 1158 789 et
1192 735 1276 786 vel
1309 748 1406 788 vos
1441 732 1493 786 in
1541 732 1834 794 audiendo,
1884 733 1965 785 vel

393 847 493 885 nos
543 837 801 897 superant
850 827 900 880 in
958 825 1213 886 dicendo,
1261 835 1542 878 servemus
1593 821 1701 891 igni
1755 821 1963 885 altaris,

405 933 660 992 tanquam
692 935 809 973 eam
841 929 1067 987 partem,
1088 932 1205 986 qua:
1239 931 1336 986 pro
1366 922 1590 986 peccato
1616 929 1778 984 super
1797 915 1967 969 altare

392 1012 606 1068 Domini
641 1009 859 1078 iubetur
886 1007 1096 1061 offerri.

461 1101 513 1155 4.
560 1118 578 1151 ‹
613 1099 676 1152 Ει
718 1100 831 1152 haec
877 1109 989 1163 est,
1041 1097 1214 1166 inquit
1246 1097 1308 1160 η,
1359 1095 1442 1149 lex
1485 1095 1676 1148 arietis
1725 1095 1814 1162 qui
1867 1111 1967 1162 pro

393 1193 589 1247 delicto
619 1200 740 1243 est:
773 1187 971 1242 Sancta
1024 1197 1363 1242 sanctormn.
1411 1185 1463 1238 lu
1503 1185 1621 1240 luco
1655 1186 1706 1239 in
1746 1201 1852 1253 quo
1881 1185 1967 1253 ju-

392 1282 575 1352 gulatit
609 1277 717 1348 (30)
763 1276 1249 1338 Itolocaustomata,
1280 1273 1604 1343 jugulabunt
1645 1283 1699 1327 et
1742 1275 1963 1327 arietem

393 1371 482 1440 qui
521 1383 615 1438 pro
647 1366 844 1421 delicto
868 1374 951 1419 est
981 1374 1168 1418 contra
1207 1365 1520 1424 Dominum,
1549 1379 1568 1412 ι
1605 1373 1711 1416 etc.
1745 1361 1968 1414 Videtur

395 1457 611 1524 quidem
649 1455 699 1508 in
749 1453 1048 1521 Scripturis
1093 1452 1292 1507 divinis
1324 1451 1638 1519 frequenter
1686 1463 1963 1520 peccatum

391 1564 490 1617 pro
537 1546 756 1609 delicto,
808 1552 865 1599 et
901 1544 1153 1598 delictum
1188 1558 1285 1613 pro
1330 1550 1553 1611 pecca:o
1598 1541 1968 1595 indifferenter

389 1649 444 1692 et
473 1639 677 1706 absque
718 1635 899 1703 aliqua
941 1635 1290 1688 distinctione
1320 1633 1629 1687 nominari:
1667 1633 1718 1686 in
1754 1634 1854 1686 huc
1889 1643 1968 1685 ta-

393 1747 517 1784 men
553 1729 670 1783 loco
711 1726 992 1780 invenitur
1036 1720 1164 1794 (5H
1183 1739 1302 1779 esse
1331 1725 1636 1778 discretum.
1679 1723 1810 1776 Nam
1840 1738 1962 1776 euut

2071 563 2196 601 vero
2227 560 2484 618 purgatus
2512 549 2655 601 otnui
2689 549 2820 604 vitio
2856 551 3096 604 libidinis
3121 551 3379 619 jugulasti
3416 553 3646 606 hostiam

2068 649 2166 699 pro
2195 634 2412 700 delicto,
2452 646 2504 688 et
2535 635 2778 690 obtulisti
2821 640 3150 693 sacrificium
3199 642 3304 694 lleo
3334 642 3385 693 iu
3422 643 3645 696 odorem

2067 724 2372 777 suavitatis.
2415 744 2431 774 ι
2460 725 2804 794 Sacerdotis,
2838 729 3012 797 inquit
3043 731 3108 796 '°,
3141 731 3228 799 qui
3265 731 3451 786 offeret
3481 745 3528 786 et
3567 750 3652 785 re-

2066 814 2382 881 propitiabit
2432 814 2560 867 illud
2609 814 2741 886 (59.),
2779 817 2947 884 ipsius
2983 822 3107 873 erit.
3141 839 3157 870 ι
3214 821 3431 874 Discant
3467 839 3648 876 sacer-

2066 902 2223 957 dotes
2267 903 2501 967 Domini,
2530 904 2619 971 qui
2652 904 2913 960 Ecclesiis
2947 919 3207 977 praesunt,
3237 912 3362 979 quia
3407 928 3529 980 pars
3569 913 3648 964 eis

2068 994 2189 1048 data
2227 1003 2310 1049 est
2345 1009 2470 1047 cum
2502 993 2607 1058 liis,
2647 1010 2876 1062 quorum
2909 999 3105 1052 delicta
3140 1002 3644 1068 repropitiaveriut.

2067 1084 2204 1150 Quid
2254 1094 2438 1140 autem
2472 1096 2556 1140 est
2591 1087 2955 1157 repropitiare
3000 1089 3296 1144 delictum?
3334 1089 3388 1144 Si
3442 1109 3646 1146 assum-

2068 1178 2241 1246 pseris
2287 1186 2661 1246 peccatorem,
2725 1187 2780 1233 et
2831 1181 3137 1244 monetido,
3190 1180 3491 1245 hortando,
3554 1185 3644 1235 do-

2067 1270 2259 1331 cendo,
2294 1269 2632 1334 instruendo,
2658 1269 2951 1324 adduxeris
2981 1286 3101 1324 eum
3139 1271 3204 1324 ad
3239 1273 3642 1339 pmniteutiam,

2067 1356 2134 1409 ab
2167 1369 2356 1410 errore
2399 1359 2724 1419 correxeris.
2758 1374 2786 1411 a
2826 1360 2974 1413 vitiis
3005 1361 3404 1421 eutcndaveris,
3434 1372 3487 1414 et
3523 1361 3650 1414 cec-

2066 1449 2210 1503 ceris
2240 1464 2362 1502 eum
2402 1450 2586 1513 talem,
2618 1461 2674 1503 ut
2703 1451 2750 1504 ei
2794 1466 3059 1506 converso
3092 1453 3355 1522 prOpititts
3385 1453 3473 1506 fiat
3509 1455 3648 1507 Deus

2065 1553 2163 1608 pro
2209 1539 2442 1604 delicto,
2502 1541 2890 1609 repropitiasse
2962 1543 3181 1595 diceris.
3233 1542 3288 1596 Si
3338 1558 3468 1614 ergo
3519 1544 3642 1595 talis

2069 1628 2236 1682 fueris
2296 1629 2579 1692 sacerdos,
2646 1638 2698 1682 et
2753 1629 2878 1683 talis
2937 1630 3102 1684 fuerit
3162 1633 3408 1685 doctrina
3459 1644 3548 1686 tua
3595 1643 3644 1687 ‹-1

2067 1732 2247 1773 sermo
2295 1727 2438 1784 tuus,
2476 1735 2602 1787 pars
2637 1720 2732 1774 tibi
2780 1721 2940 1774 datur
2973 1722 3082 1791 (53)
3121 1737 3306 1777 eorum
3351 1740 3488 1792 quos
3521 1741 3644 1778 cor-

394 1819 650 1888 S'lperills
704 1818 757 1871 in
819 1817 1003 1870 hostia
1057 1829 1155 1884 pro
1208 1827 1432 1884 peccato
1493 1817 1654 1869 ritum
1707 1817 1960 1872 Sacrificii
1997 1801 2037 1855 Β
2070 1810 2305 1874 rexeris;
2352 1820 2409 1864 ut
2457 1811 2668 1865 illorum
2726 1814 2980 1867 meritum
3031 1824 3117 1866 tua
3181 1832 3387 1870 merces
3434 1818 3538 1881 sit,
3586 1826 3644 1870 et

401 1921 567 1978 atque
593 1907 838 1962 ordinem
872 1906 1199 1970 tradidisset,
1233 1920 1375 1960 nunc
1406 1904 1698 1972 separatim
1744 1907 1962 1959 mandat

401 1999 723 2055 sacrificium
754 2013 850 2068 pro
895 1997 1121 2060 delicm;
1181 2005 1233 2050 et
1272 1998 1519 2067 quamvis
1555 1996 1740 2051 eodem
1773 1998 1963 2052 ordine

397 2102 561 2160 atque
609 2091 792 2145 eadem
862 2090 1207 2143 observantia
1268 2098 1462 2143 cuncta
1521 2089 1860 2155 mandentur,
1909 2096 1962 2142 et

391 2181 553 2232 addat
587 2179 636 2231 in
673 2179 976 2233 novissimis
1003 2180 1084 2233 ¹³ε
1122 2197 1139 2230 t
1170 2179 1320 2233 Sicut
1351 2181 1403 2233 id
1437 2179 1577 2248 quod
1613 2193 1710 2248 pro
1740 2188 1962 2248 peccato

385 2282 488 2331 est,
521 2271 592 2324 ita
635 2281 687 2324 et
725 2271 774 2324 id
805 2271 948 2338 quod
979 2286 1077 2340 pro
1115 2271 1317 2324 delicto
1347 2280 1448 2333 est,
1484 2271 1567 2325 lex
1599 2286 1703 2323 una
1735 2270 1840 2323 erit
1876 2285 1962 2324 eo-

389 2375 533 2423 rum;
562 2379 578 2410 ι
622 2371 800 2412 tamen
845 2359 1016 2413 voluit
1059 2361 1352 2413 ostendere
1403 2373 1521 2413 esse
1567 2359 1767 2428 aliquid
1813 2360 1961 2415 tlifl'e-

389 2453 573 2503 ti-ntize
607 2451 656 2502 in
687 2450 790 2516 bis,
821 2451 1022 2518 quibus
1058 2451 1327 2505 sacrificia
1364 2451 1535 2505 divisa
1568 2453 1862 2508 mandavit.
1903 2452 1957 2505 In

385 2559 492 2607 quo
537 2556 635 2610 ego
684 2552 814 2610 puto
868 2541 1121 2594 delictum
1167 2541 1382 2608 quidem
1434 2542 1786 2596 commissum
1838 2555 1960 2595 esse

387 2635 554 2689 levius
609 2637 905 2703 aliquanto,
940 2650 1099 2704 quam
1141 2645 1444 2703 peccatum.
1489 2634 1620 2689 Nam
1657 2637 1959 2691 invenimus

385 2731 453 2779 de
501 2738 721 2796 peccato
758 2727 885 2790 dici,
928 2723 1070 2795 quod
1103 2727 1174 2780 sit
1220 2737 1500 2793 peccatum
1536 2727 1600 2779 ad
1636 2738 1863 2781 mortem
1891 2727 1957 2781 ¹⁸.

391 2820 462 2871 De
495 2819 691 2872 delicto
727 2835 830 2871 non
866 2818 1096 2888 legimus
1131 2818 1273 2886 quod
1307 2833 1427 2872 esse
1457 2820 1672 2873 dicatur
1702 2820 1767 2872 ad
1815 2835 1959 2873 mor-

387 2917 514 2962 tem.
544 2907 670 2960 Scio
709 2918 886 2960 tamen
928 2916 983 2960 et
1033 2905 1180 2958 illatn
1223 2905 1608 2975 differentiam,
1651 2924 1774 2977 qua:
1818 2923 1956 2962 uon-

387 2998 546 3052 nullis
576 2998 904 3066 sapientium
952 3000 1064 3052 visa
1096 3009 1203 3063 est,
1243 2999 1386 3066 quod
1439 2999 1692 3054 delictum
1743 3001 1955 3070 quidem

384 3094 481 3154 sit,
524 3107 644 3145 cum
701 3105 806 3143 non
852 3088 1082 3144 facimus
1127 3102 1188 3143 ea
1257 3101 1378 3156 quae
1430 3087 1608 3143 facere
1659 3089 1954 3153 debemus;

387 3199 667 3256 peccatum
700 3197 829 3238 vero
868 3186 957 3247 sit,
987 3197 1108 3236 cum
1146 3182 1535 3236 eommittimus
1565 3198 1626 3237 ea
1661 3197 1777 3252 qum
1813 3198 1955 3237 com-

394 3280 607 3332 mittere
635 3293 735 3330 uon
770 3277 1048 3331 debemus.
1077 3273 1183 3327 Sed
1222 3274 1336 3328 hinc
1369 3275 1622 3343 quoniam
1672 3291 1780 3328 non
1812 3289 1954 3330 sem-

389 3386 488 3438 per
519 3371 567 3422 in
605 3368 900 3437 Scripturis
941 3365 1136 3420 divinis
1179 3365 1279 3418 sub
1328 3365 1428 3418 ista
1479 3365 1832 3420 distinctione
1867 3366 1953 3418 ir.-

385 3462 645 3524 veuimus,
692 3460 898 3514 idcirco
934 3455 1263 3528 generaliter
1293 3455 1564 3510 affirmare
1611 3471 1715 3510 non
1759 3471 1953 3525 possu-

381 3571 518 3607 mus.
562 3551 730 3622 lgitur
767 3551 962 3606 eodem
1009 3548 1166 3602 modo
1213 3559 1374 3615 atque
1419 3548 1607 3602 eadem
1662 3547 1953 3602 traditione

377 3649 442 3699 de
479 3643 746 3697 sacrificio
799 3642 941 3711 quod
997 3654 1095 3711 pro
1143 3639 1341 3694 delicto
1392 3638 1642 3704 offertur,
1677 3640 1950 3708 accipien-

376 3737 502 3788 dum
535 3746 635 3798 est,
663 3749 769 3803 quo
797 3743 850 3788 et
879 3748 1039 3802 supra
1075 3733 1428 3803 exposuimus
1478 3733 1542 3785 de
1575 3745 1640 3784 eo
1674 3731 1816 3798 quod
1852 3744 1950 3799 pro

376 3835 598 3895 peccato
630 3835 730 3880 est.
769 3823 1035 3878 Similiter
1079 3824 1223 3879 enim
1267 3822 1530 3892 jubentur
1571 3819 1758 3888 adipes
1805 3819 1948 3874 arie-

378 3919 466 3980 lis,
501 3917 536 3970 ii
567 3916 659 3986 qui
694 3916 842 3970 circa
886 3927 1044 3970 renes
1073 3923 1220 3979 sunt,
1251 3923 1304 3968 et
1351 3913 1382 3966 ii
1415 3911 1504 3981 qui
1543 3912 1796 3965 interiora
1822 3923 1950 3978 ope-

377 4010 545 4070 riunt,
580 4008 778 4076 imponi
812 4021 974 4076 super
1018 4007 1229 4061 altare:
1267 4012 1326 4059 ut
1366 4015 1422 4060 et
1468 4017 1521 4058 tu
1566 4005 1655 4073 qui
1707 4005 1821 4057 haec
1851 4017 1948 4055 au-

374 4102 474 4165 dis,
505 4101 644 4153 scias
674 4114 834 4153 omne
864 4101 1006 4168 quod
1037 4108 1116 4154 est
1147 4099 1286 4152 intra
1318 4108 1370 4153 te
1395 4097 1637 4152 crassius
1687 4105 1742 4150 et
1774 4095 1948 4164 operit

373 4192 631 4246 interiora
665 4200 779 4256 tua,
803 4190 1002 4244 debere
1032 4199 1080 4244 te
1109 4189 1307 4244 ofl'erre
1340 4189 1451 4260 igni
1489 4187 1702 4254 altaris,
1733 4199 1790 4241 ut
1823 4202 1944 4257 pur-

371 4293 564 4351 gentur
589 4283 771 4335 omnia
810 4281 1068 4334 interiora
1104 4289 1218 4343 tua,
1245 4289 1300 4333 et
1330 4280 1478 4333 dicas
1515 4288 1572 4332 et
1602 4287 1678 4342 tu,
1719 4278 1860 4332 sicut
1887 4285 1943 4331 et

374 4375 538 4426 David
572 4375 786 4427 dicebat
813 4373 891 4426 ¹⁸;
923 4390 940 4423 ι
972 4371 1222 4438 Benedic,
1250 4371 1430 4425 anima
1459 4385 1601 4435 mea,
1634 4369 1938 4432 Dominum,

2066 1901 2230 1971 209
2274 1902 2488 1956 illorum
2552 1904 2698 1957 salus
2735 1915 2820 1956 tua
2872 1906 3062 1974 gloria.
3113 1906 3220 1961 Aut
3273 1924 3375 1960 non
3417 1921 3471 1961 et
3507 1913 3648 1978 Apo-

2074 1995 2247 2050 stolus
2269 1997 2382 2051 haec
2412 1997 2667 2059 ostendit,
2696 1997 2782 2050 ubi
2817 1998 2946 2051 dicit
2978 1998 3041 2061 ’7,
3067 2000 3189 2067 quia
3225 2019 3242 2050 ι
3284 2001 3426 2070 quod
3463 2017 3646 2070 super-

2063 2087 2410 2141 atdificaverit
2484 2088 2604 2154 quis
2664 2089 2968 2140 mercedem
3036 2090 3307 2156 accipiet?
3361 2109 3378 2142 ι
3439 2090 3645 2146 Intelli-

2062 2177 2377 2247 gantigitnr
2409 2178 2725 2233 sacerdotes
2771 2180 3005 2240 Domini,
3051 2179 3138 2231 ubi
3172 2181 3249 2232 eis
3278 2182 3400 2232 data
3462 2185 3642 2250 portio

2063 2276 2168 2333 est,
2199 2269 2334 2322 etin
2374 2269 2478 2323 hoc
2504 2279 2698 2323 vacent
2724 2279 2886 2336 atque
2943 2269 3024 2323 liis
3074 2284 3288 2338 Operam
3338 2275 3485 2328 dent.
3526 2273 3640 2327 Non

2062 2376 2120 2416 se
2176 2362 2424 2418 inanibus
2471 2371 2526 2417 et
2573 2361 2861 2430 superfluis
2927 2362 3134 2415 actibus
3193 2363 3491 2432 implicent,
3545 2367 3638 2419 sed

2063 2451 2237 2505 sciant
2265 2467 2322 2507 se
2355 2455 2408 2507 in
2441 2453 2587 2507 nullo
2609 2452 2712 2506 alio
2741 2463 2947 2522 partem
2979 2452 3260 2506 habituros
3278 2455 3416 2522 apud
3441 2455 3636 2522 Deum,

2062 2542 2164 2596 nisi
2187 2543 2238 2595 itt
2265 2557 2330 2595 eo
2359 2543 2500 2611 quod
2537 2541 2772 2596 offerunt
2829 2541 2941 2612 (54)
2999 2557 3099 2611 pro
3146 2547 3419 2612 peccatis,
3455 2546 3502 2599 id
3536 2557 3639 2616 est,

2061 2635 2201 2702 quod
2238 2648 2268 2688 a
2296 2635 2376 2688 via
2401 2635 2604 2703 peccati
2643 2636 3010 2689 converterint
3041 2648 3372 2702 peccatores.
3425 2637 3635 2693 Notan-

2059 2725 2185 2779 dum
2217 2726 2380 2779 etiam
2409 2725 2536 2781 illud
2565 2737 2672 2792 est,
2705 2727 2846 2795 quod
2877 2741 2996 2796 quze
3043 2727 3346 2782 offeruntur
3387 2730 3437 2782 in
3487 2730 3638 2785 bolo-

2060 2829 2326 2882 cauStum,
2382 2817 2641 2872 interiora
2693 2829 2855 2883 sunt;
2891 2819 3034 2887 quod
3066 2833 3196 2871 vero
3233 2821 3478 2874 exterius
3530 2829 3637 2890 est,

2059 2905 2287 2962 Domino
2343 2921 2450 2960 non
2483 2906 2723 2962 offertur.
2761 2907 2922 2963 Pellis
2977 2907 3202 2961 Domino
3254 2926 3358 2962 non
3392 2908 3637 2978 offertur,

2059 3013 2157 3053 nec
2179 2999 2321 3053 cedit
2350 2999 2403 3052 in
2437 2999 2914 3055 ltolocaustomata.
2950 2999 3097 3052 Talis
3147 2999 3257 3069 (55)
3307 3000 3407 3054 fuit
3441 3013 3495 3056 et
3545 3002 3637 3057 ille

1985 3129 2027 3188 Ο
2065 3093 2206 3146 filius
2229 3091 2387 3159 Joda,
2417 3093 2506 3161 qui
2541 3093 2823 3148 dicebatur
2847 3092 2953 3146 Her
2985 3093 3046 3159 ιθ,
3072 3095 3214 3160 quod
3245 3094 3635 3163 interpretatur

2062 3184 2240 3251 pellis.
2285 3183 2575 3253 Propterea
2611 3193 2664 3238 et
2690 3183 2928 3252 Her(‘56)
2952 3185 3218 3252 pessimus
3240 3193 3376 3248 erat,
3403 3193 3456 3238 et
3491 3184 3637 3239 occi-

2056 3275 2134 3330 dit
2165 3289 2286 3328 eum
2319 3276 2476 3340 Deus,
2498 3277 2619 3344 quia
2653 3275 2736 3328 isti
2763 3275 2893 3328 tales
2929 3275 3155 3330 Domino
3179 3292 3282 3329 non
3310 3275 3632 3332 offeruntur.

2126 3365 2180 3421 5.
2212 3381 2230 3417 ε
2264 3365 2328 3419 Et
2353 3380 2512 3420 omne
2552 3367 2877 3421 sacrificium
2926 3367 3066 3432 quod
3097 3368 3189 3420 fiet
3229 3366 3280 3419 in
3309 3366 3548 3432 clibano,
3578 3376 3633 3421 et

2054 3471 2213 3510 omne
2234 3456 2375 3525 quod
2405 3459 2496 3509 fiet
2532 3456 2584 3508 in
2627 3455 2908 3520 craticula,
2955 3456 3033 3508 vel
3089 3458 3142 3509 in
3201 3456 3502 3524 sartagine,
3544 3470 3632 3511 sa-

2055 3547 2405 3615 oerdotisqui
2431 3544 2624 3600 offeret
2664 3546 2789 3599 illud
2816 3548 2982 3616 ipsius
3021 3550 3124 3602 erit
3152 3550 3214 3600 ¹⁹.
3251 3567 3270 3600 ι
3310 3548 3448 3615 Quid
3488 3548 3626 3603 dici-

2053 3637 2558 3692 mus?Putamusne
2596 3638 2738 3705 quod
2791 3639 3138 3707 omnipotens
3190 3639 3330 3694 Deus
3390 3641 3480 3709 qui
3543 3655 3630 3696 re-

2054 3747 2254 3803 sponsa
2281 3731 2450 3803 Moysi
2481 3733 2697 3788 caelitus
2714 3732 2896 3799 dabat,
2923 3734 2988 3788 de
3004 3734 3237 3800 clibano,
3261 3743 3315 3788 et
3340 3735 3621 3798 craticula,

2050 3833 2105 3878 et
2135 3824 2410 3894 sartagine
2445 3823 2759 3893 praeceperit
2801 3824 2944 3893 (37);
2995 3835 3053 3878 ut
3109 3826 3346 3878 disceret
3391 3822 3624 3893 populus

2050 3931 2144 3984 per
2169 3914 2409 3986 Moysen,
2439 3916 2566 3985 quia
2595 3929 2692 3983 per
2721 3917 2836 3970 haec
2868 3918 3008 3972 Deus
3033 3918 3111 3970 eis
3147 3918 3409 3986 propitius
3435 3917 3549 3978 fiet,
3574 3917 3620 3969 si

2050 4008 2294 4075 quaedam
2328 4007 2380 4061 in
2413 4005 2687 4077 sartagine
2740 4007 3009 4072 frixeriut,
3037 4011 3281 4077 quaedam
3312 4009 3364 4060 in
3407 4008 3624 4063 clibano

2048 4100 2313 4164 coxerint,
2344 4099 2588 4168 quaedam
2618 4101 2670 4153 in
2706 4099 2968 4153 craticula
3007 4099 3348 4153 assaverint?
3381 4099 3487 4155 Sed
3514 4115 3620 4155 non

2047 4190 2120 4244 ita
2146 4189 2405 4244 Ecclesiae
2435 4189 2584 4258 pueri
2621 4190 2896 4244 Christum
2951 4188 3279 4254 didicerunt,
3322 4206 3422 4245 nec
3461 4193 3536 4245 ita
3565 4193 3620 4246 in

2045 4296 2168 4336 eum
2199 4295 2296 4349 per
2325 4279 2597 4348 apostolos
2620 4280 2816 4334 eruditi
2845 4287 2995 4341 sunt,
3025 4288 3084 4331 ut
3115 4280 3182 4332 de
3226 4281 3456 4334 Domino
3504 4296 3620 4335 ma-

2038 4373 2250 4441 iestatis
2282 4371 2484 4440 aliquid
2516 4381 2623 4424 tam
2673 4371 2879 4424 humile
2915 4379 2970 4424 et
3010 4381 3118 4424 tam
3150 4371 3254 4425 vile
3297 4372 3617 4440 suscipiant.

369 4478 422 4518 et
464 4466 645 4518 omnia
697 4465 953 4518 interiora
1007 4479 1122 4517 mea
1187 4477 1381 4517 nomen
1446 4472 1690 4516 sanctum
1743 4461 1881 4530 ejus.
1913 4481 1930 4514 ι
1969 4465 2012 4520 Ι)
2042 4464 2180 4529 Quin
2227 4461 2403 4531 p0tius
2448 4461 2744 4516 secundum
2803 4459 3101 4529 spiritalem
3146 4475 3401 4525 sensum,
3453 4479 3618 4534 quem

367 4555 478 4607 Nisi
526 4555 670 4607 enim
714 4553 890 4607 ablata
938 4553 1100 4608 fuerit
1154 4553 1459 4606 crassitudo
1491 4553 1579 4607 illa
1626 4567 1747 4621 quae
1801 4553 1934 4622 tegit

367 4647 624 4699 interiora
669 4655 756 4698 tua
781 4687 794 4708 ,
833 4663 937 4699 non
985 4653 1208 4714 possunt
1253 4643 1504 4698 subtilem
1544 4654 1599 4698 et
1635 4644 1935 4714 spiritalem

363 4752 556 4806 capere
585 4753 823 4800 sensum,
855 4751 952 4791 nec
983 4746 1206 4806 possunt
1241 4734 1572 4789 intellectum
1614 4751 1809 4805 capere
1850 4751 1936 4788 sa-

365 4828 600 4897 pientiae,
638 4840 692 4882 et
739 4828 860 4882 ideo
914 4827 1201 4880 Dominum
1255 4829 1476 4881 laudare
1523 4843 1626 4881 non
1686 4837 1935 4898 possunt.

361 4920 514 4985 Quod
555 4921 599 4973 si
644 4920 884 4973 ablatum
915 4920 1082 4974 fuerit
1114 4933 1276 4972 omne
1314 4919 1456 4987 quod
1507 4920 1709 4988 pingue
1737 4928 1821 4973 est
1867 4922 1934 4974 de

435 5033 474 5062 ¹²
514 5030 686 5084 Levit.
715 5044 811 5096 vn,
842 5030 892 5083 Ι.
1010 5029 1053 5060 ³³
1094 5031 1222 5084 ibid.
1267 5031 1315 5082 7.
1429 5027 1667 5083 “lJoan.
1716 5044 1767 5082 ν.

362 5101 404 5132 ¹⁸
435 5101 630 5155 Genes.
663 5115 888 5160 xxxviii,
915 5101 966 5153 6.
1046 5100 1088 5136 ‘9
1115 5099 1392 5164 Levit.vtt,
1425 5101 1479 5153 9.

429 5192 542 5262 (29)
587 5192 723 5257 Ms.,
761 5212 779 5244 ι
819 5194 918 5248 ista
969 5209 1270 5250 servamus.
1303 5213 1322 5246 ο
1370 5193 1524 5249 Libb.
1568 5194 1728 5262 editi,
1773 5214 1791 5245 σ
1832 5196 1930 5250 ista

357 5278 658 5318 SCI'vetmts.
687 5282 706 5313 ι

431 5333 544 5405 (50)
566 5332 686 5405 Ms,"
721 5352 738 5384 t
763 5333 1034 5405 iugulant.
1071 5352 1090 5388 ι
1131 5334 1288 5390 Libb.
1319 5333 1471 5405 editi,
1502 5332 1876 5405 tjugttlantur.
1907 5353 1924 5386 ι

424 5401 554 5470 (51)
609 5401 1134 5469 Ms.,‘t'iuvenitur
1176 5420 1296 5459 esse
1345 5401 1662 5458 discretum.
1697 5423 1715 5455 ι
1767 5404 1927 5459 Libb.

354 5474 508 5528 editi.
548 5490 568 5523 ς
594 5473 898 5528 invenietur
925 5477 1242 5528 discretum.
1273 5492 1292 5524 ι

429 5541 543 5614 (52)
585 5542 704 5614 Ms...
741 5562 758 5594 ι
786 5543 979 5614 ofleret
1019 5553 1074 5599 et
1109 5541 1484 5614 repropitiabit
1514 5541 1668 5614 illud.
1696 5562 1722 5614 r
1759 5541 1919 5597 Libb.

355 5612 567 5682 editi.'t
594 5612 752 5667 offert
794 5613 922 5667 illud
967 5622 1023 5667 et
1075 5612 1454 5682 repropitiabit
1499 5627 1597 5682 pro
1627 5612 1865 5682 delicto.
1901 5633 1920 5665 ι

358 5680 500 5734 Infra
541 5699 673 5747 ms,
715 5699 733 5732 t
775 5680 1454 5753 reprOpitiare—deljctum.
1489 5680 1510 5733 ὁ
1558 5680 1712 5735 Libb.
1756 5683 1923 5746 editi,

364 5770 381 5802 ι
417 5753 767 5820 reprapitiare
810 5768 909 5822 pro
940 5751 1201 5807 delicto.»
1256 5751 1418 5808 Paulo
1460 5760 1577 5821 post
1621 5766 1751 5814 ms.,
1795 5771 1811 5803 ι
1839 5769 1920 5807 re-

2043 4555 2268 4623 spiritus
2306 4553 2473 4607 donat
2525 4551 2801 4615 Ecclesiae,
2831 4552 3115 4606 videamus
3155 4553 3298 4622 quod
3346 4554 3416 4609 sit
3469 4555 3617 4609 istud

2042 4643 2388 4706 sacrificium,
2413 4643 2556 4712 quod
2591 4650 2857 4710 coquatur
2888 4641 2942 4695 in
2979 4643 3219 4706 clibano,
3252 4643 3332 4697 vel
3352 4645 3473 4712 quis
3506 4645 3611 4700 iste

2041 4738 2283 4793 clibanus
2319 4735 2546 4804 intelligi
2591 4735 2804 4791 debeat.
2851 4734 2959 4789 Sed
3000 4735 3088 4788 ubi
3138 4737 3406 4790 inveniam
3448 4738 3612 4792 modo

2042 4829 2108 4881 ad
2145 4827 2379 4882 subitum
2404 4825 2740 4895 Scripturam
2794 4826 3058 4891 divinam,
3109 4840 3233 4895 qua:
3285 4841 3370 4880 me
3425 4827 3615 4882 doceat

2040 4919 2168 4987 quid
2205 4917 2314 4986 (58)
2343 4917 2414 4972 sit
2434 4916 2718 4971 clibanus?
2753 4917 3036 4970 Dominum
3083 4933 3257 4970 meum
3297 4916 3478 4972 Jcsum
3527 4920 3612 4974 itt-

1882 5029 1924 5060 ¹⁸
1967 5027 2102 5083 Psal.
2145 5044 2259 5096 cm,
2317 5032 2368 5084 l.

2475 5029 2521 5060 ¹⁶
2561 5027 2734 5082 Levit.
2775 5041 2878 5094 vu,
2918 5029 2972 5084 9.
3083 5031 3126 5060 ⁸⁷
3169 5027 3188 5083 Ι
3224 5013 3350 5083 Cor.
3391 5045 3476 5096 tu,
3520 5030 3611 5088 14.

2042 5193 2365 5262 propitiasse
2403 5192 2651 5247 diceris.»
2683 5192 2842 5249 Libb.
2880 5194 3030 5258 editi,
3065 5209 3083 5244 α
3117 5194 3476 5264 τειπομὶιῑιηε
3525 5195 3608 5250 δίο

2039 5265 2199 5318 ceris.
2229 5281 2246 5312 ι

2099 5331 2212 5400 (55)
2255 5329 2378 5393 Μιεη
2415 5348 2434 5381 t
2465 5331 2644 5385 datur.
2667 5351 2683 5380 ι
2721 5330 2875 5386 Libb.
2906 5334 3057 5395 editi,
3095 5353 3112 5384 ι
3138 5335 3370 5388 dabitur.
3396 5353 3415 5386 ι

2099 5402 2209 5472 (54)
2243 5401 2364 5472 ills,
2411 5419 2428 5450 ι
2458 5401 2725 5472 afferunt.
2774 5420 2791 5451 ι
2839 5400 2992 5472 Libb.
3027 5404 3179 5467 editi,
3233 5421 3250 5453 ς
3299 5405 3598 5466 oflertnr._a

2101 5470 2211 5543 (55)
2246 5470 2420 5543 illst“
2453 5471 2514 5543 in
2539 5470 2871 5543 liolocausto.
2903 5471 3031 5525 Nam
3056 5475 3202 5530 talis.
3246 5493 3266 5526 ι

2099 5538 2211 5610 (56)
2244 5540 2305 5610 ΕΙ
2332 5538 2462 5592 Her.
2498 5540 2658 5592 Deest
2683 5541 2861 5610 inuis.

2099 5608 2210 5682 (57)
2241 5608 2364 5673 Με..
2405 5627 2421 5658 t
2470 5609 2806 5678 prwceperit.
2848 5632 2866 5663 ι
2917 5611 3073 5668 Libb.
3115 5611 3267 5673 editi,
3326 5629 3344 5661 ι
3407 5609 3598 5677 pracci-

2025 5691 2194 5750 pcrct.
2237 5698 2256 5750 ξ

2097 5750 2206 5819 (58)
2239 5748 2362 5810 Ms..
2396 5767 2414 5799 ς
2449 5749 2598 5816 quid.
2638 5765 2656 5799 ι
2698 5748 2848 5804 Libb.
2883 5750 3034 5806 editi.
3073 5767 3092 5798 ε
3129 5747 3268 5813 (Wis-
3313 5764 3331 5794 ³
