4106 6246
479 257 581 310 4ἲὲτῖ

479 467 621 529 nire,
649 473 703 518 et
737 465 969 533 pulsanti
994 465 1225 532 aperiat,
1263 473 1321 517 ut
1349 465 1620 520 inveniam
1665 467 1715 520 in
1758 468 2053 535 Scripturis

475 560 769 618 clibannm,
810 558 897 611 ubi
952 559 1162 627 possim
1209 574 1442 627 coquere
1495 561 1817 615 sacriﬁcium
1854 578 2052 623 meum.

477 661 533 701 ut
559 650 817 717 suscipiat
850 650 975 702 illud
1022 651 1183 704 Deus.
1244 652 1303 704 Et
1354 654 1575 720 quidem
1633 656 1908 711 inveniSse
1968 672 2053 710 me

477 750 603 807 puto
648 742 696 793 iu
729 740 864 792 Osee
916 743 1175 809 propheta
1214 744 1300 795 ubi
1343 745 1477 798 dicit
1503 748 1548 776 ¹⁰
1578 763 1591 800 :
1626 764 1644 797 ι
1692 748 1893 802 Omnes
1923 765 2027 803 nite

477 836 724 894 clnuttes,
774 831 913 884 sicut
960 832 1208 886 clibanus
1254 848 1555 888 succensus
1599 838 1663 889 ad
1726 840 2050 891 comburen-

474 922 620 975 dnm.
670 940 688 971 ι
728 922 790 973 Et
836 922 1032 976 iterum
1065 925 1107 953 ¹¹
1138 942 1152 977 z
1188 943 1205 974 ι
1241 926 1609 991 lncaluerunt,
1661 929 1861 997 inquit,
1912 932 2054 984 sicut

473 1012 715 1066 clibanus
740 1015 902 1067 corda
935 1029 1141 1068 eorum.
1181 1037 1199 1066 ι
1234 1017 1341 1072 Cor
1373 1033 1505 1087 ergo
1547 1028 1632 1072 est
1669 1020 1904 1074 hominis
1953 1023 2052 1075 cli-

473 1106 662 1159 banus.
700 1108 842 1160 lsltlti
874 1117 1051 1160 autem
1113 1124 1209 1161 cor
1251 1111 1295 1162 si
1332 1111 1460 1163 vitia
1514 1113 1911 1177 succenderint,
1969 1115 2050 1166 vel

472 1200 716 1251 diabolus
746 1198 856 1269 (59)
884 1199 1320 1267 inllauuuaveril,
1361 1217 1466 1255 non
1503 1212 1721 1271 coquet,
1783 1206 1874 1257 sed
1916 1222 2050 1258 exu-

472 1300 574 1341 ret.
596 1287 650 1342 Si
684 1305 811 1341 vero
840 1290 929 1343 ille
954 1291 1004 1343 id
1037 1293 1400 1354 succenderit,
1431 1294 1521 1361 qui
1554 1294 1689 1347 dixit
1712 1297 1791 1347 ":
1822 1316 1837 1345 ι
1869 1297 2048 1364 Ignem

470 1380 592 1432 veni
636 1380 929 1433 tuitterein
976 1390 1197 1447 terram,
1239 1402 1255 1432 ι
1301 1399 1467 1452 panes
1522 1382 1929 1454 Scripturarum
1978 1389 2053 1440 di-

472 1473 720 1523 vinarum
761 1482 813 1525 et
840 1487 1149 1525 sermonum
1190 1475 1304 1539 Dei,
1340 1492 1480 1543 quos
1506 1476 1557 1529 in
1586 1479 1752 1531 corde
1794 1480 2047 1549 suscipio,

473 1576 577 1613 non
631 1576 801 1615 exuro
852 1563 918 1614 ad
957 1562 1336 1631 perditionem,
1377 1567 1469 1619 sed
1520 1582 1692 1635 coquo
1736 1569 1800 1620 ad
1844 1570 2052 1622 sacrifi-

473 1653 638 1705 cium.
674 1652 735 1704 Et
762 1652 1007 1707 fortassis
1054 1653 1141 1706 illa
1191 1656 1349 1723 coqui
1394 1658 1652 1711 dicuntur
1701 1658 1751 1710 in
1814 1659 2046 1722 clibano,

470 1759 591 1811 quae
620 1744 877 1798 interiora
900 1754 1028 1798 sunt
1061 1756 1114 1799 et
1148 1747 1449 1813 recondita,
1478 1762 1577 1801 nec
1610 1748 1837 1816 proferri
1888 1749 2048 1804 facile
2081 1725 2123 1779 Β

469 1833 535 1885 ad
563 1833 753 1902 vulgus
783 1844 1007 1902 possunt
1044 1851 1058 1899 ;
1100 1845 1224 1889 sunt
1252 1837 1394 1889 enim
1435 1836 1603 1889 multa
1649 1838 1701 1890 in
1748 1836 2049 1908 Seripturis

471 1923 670 1977 divinis
714 1924 1045 1989 hujusmodi,
1086 1926 1228 1980 sicut
1264 1928 1402 1994 apud
1436 1925 1773 1981 Ezec‘hielem
1815 1929 1880 1993 ",
1925 1945 2046 1983 cum

469 2014 552 2065 vel
579 2016 644 2068 de
666 2016 966 2081 cherubim,
1019 2017 1103 2070 vel
1158 2019 1223 2070 de
1268 2018 1376 2071 Deo
1430 2028 1482 2072 et
1518 2021 1582 2071 de
1636 2020 1722 2072 illa
1762 2021 2046 2090 magniﬁca

468 2105 677 2158 visione
707 2105 1049 2159 describitur.
1081 2107 1208 2161 Haec
1237 2110 1280 2160 si
1317 2108 1367 2160 in
1412 2110 1627 2163 clibano
1664 2126 1768 2164 non
1814 2126 2049 2181 coquan-

471 2204 580 2259 tur,
615 2198 821 2250 comedi
868 2198 939 2250 ita
973 2208 1029 2252 ut
1066 2211 1189 2251 situt
1222 2204 1386 2254 cruda
1430 2217 1533 2255 non
1578 2214 1824 2271 possunt.
1859 2203 2048 2276 Neque

469 2291 615 2341 enim
641 2291 981 2342 credendum
1016 2301 1119 2351 est,
1150 2294 1292 2360 quod
1334 2295 1406 2348 sit
1446 2296 1646 2348 animal
1689 2298 1958 2365 quoddam
1992 2298 2046 2352 in

469 2378 641 2432 forma
668 2381 843 2435 leonis
883 2385 1273 2455 positum,quo
1304 2388 1534 2441 vehatur
1574 2388 1734 2451 Deus,
1781 2393 1861 2443 vel
1904 2391 2046 2445 aliud

470 2471 523 2524 iu
554 2470 724 2525 forma
752 2474 902 2526 vituli
933 2473 1069 2545 (40),
1096 2488 1187 2528 aut
1220 2478 1435 2546 aquilae.
1466 2477 1591 2533 Harc
1624 2494 1754 2548 ergo
1780 2491 1833 2533 et
1868 2482 1910 2534 si
1943 2498 2047 2551 qua

470 2560 774 2629 hujusmodi
799 2574 943 2629 sunt,
974 2582 1077 2618 nou
1110 2578 1236 2619 sunt
1269 2570 1434 2622 cruda
1468 2570 1815 2639 proferenda,
1854 2574 1948 2627 sed
1985 2576 2042 2629 iu

470 2652 650 2707 cordis
698 2654 913 2707 clibano
958 2668 1083 2710 sunt
1136 2661 1439 2727 coquenda.
1490 2662 1615 2714 Tria
1683 2664 1863 2732 itaque
1923 2678 2047 2720 sunt

469 2744 604 2808 haec,
636 2745 687 2798 in
718 2747 913 2814 quibus
940 2748 1072 2801 dicit
1103 2751 1369 2804 sacriﬁcia
1396 2750 1592 2805 debere
1629 2758 1947 2821 praeparari,
1994 2758 2044 2810 in

467 2835 705 2901 clibano,
750 2837 802 2889 in
836 2839 1138 2905 sartagine,
1179 2842 1231 2893 in
1280 2842 1540 2894 craticula
1576 2860 1588 2895 :
1626 2850 1679 2894 et
1719 2854 1851 2911 puto
1900 2848 2044 2913 quod

465 2928 714 2983 clibanus
743 2932 1038 2984 secundum
1083 2932 1165 2987 sui
1194 2933 1425 2988 formam
1456 2937 1834 3007 profundiora,
1881 2948 1935 2993 et
1980 2955 2045 2994 ea

466 3036 586 3089 quae
609 3032 734 3075 sunt
762 3023 1147 3078 iuenarrabilia
1181 3026 1455 3093 signiﬁcet
1482 3030 1533 3081 in
1567 3029 1867 3099 Scripturis
1893 3033 2035 3086 divi-
2068 3057 2111 3114 ο

465 3113 570 3166 nis.
601 3114 831 3184 Sartago
884 3131 1011 3170 vero
1062 3132 1124 3170 ea
1175 3134 1297 3186 qua:
1342 3120 1385 3173 si
1437 3120 1749 3189 frequenter
1785 3138 1848 3178 ac
1902 3140 2043 3193 sa’pe

465 3216 779 3271 versentur,
822 3208 1045 3279 intelligi
1086 3219 1141 3263 et
1184 3211 1444 3278 explicari
1483 3223 1728 3280 possunt.
1777 3216 2045 3271 Craticula

465 3305 645 3349 autem
676 3312 736 3350 ea
769 3314 893 3367 quae
926 3300 1104 3368 palam
1152 3313 1297 3368 sunt,
1326 3313 1379 3356 et
1419 3304 1623 3372 absque
1664 3305 1839 3375 aliqua
1895 3308 2048 3362 obte-

468 3389 645 3443 etione
674 3402 989 3449 cernumur.
1048 3391 1340 3462 Triplicem
1390 3409 1622 3463 namque
1653 3397 1705 3450 iu
1752 3398 2048 3466 Scripturis

473 3481 669 3534 divinis
710 3483 1074 3552 intelligentia
1103 3485 1333 3539 inveniri
1364 3503 1509 3556 sa'pe
1532 3488 1769 3542 diximus
1808 3492 2046 3556 modum,

476 3572 815 3639 historicum,
854 3576 1111 3629 moralem
1141 3586 1196 3630 et
1250 3578 1561 3647 mysticum.
1597 3579 1751 3633 Unde
1777 3588 1831 3633 et
1854 3596 2049 3651 corpus

474 3662 654 3718 inesse
700 3665 771 3728 ei,
822 3677 876 3721 et
918 3669 1178 3731 animam,
1232 3684 1296 3724 ac
1354 3671 1604 3739 spiritum
1655 3672 2045 3729 intelleximus.

464 3756 627 3824 Cujus
661 3760 1029 3826 intelligentia:
1061 3759 1326 3828 triplicem
1381 3761 1609 3815 formam
1654 3764 2043 3819 sacriliciorum

467 3850 656 3917 triplex
684 3850 767 3902 hic
804 3863 1094 3918 apparatus
1129 3854 1390 3906 ostendit.
1430 3854 1538 3908 Sed
1563 3863 1617 3907 et
1652 3856 1777 3908 alibi
1832 3856 2044 3910 inveni-

470 3956 607 4001 mus,
638 3942 794 3994 idest
831 3943 881 3993 in
926 3942 1008 3995 his
1057 3944 1209 4010 ipsis,
1253 3958 1373 4010 qua:
1414 3944 1480 3996 de
1513 3946 1796 3998 sacriﬁciis
1842 3963 2047 4000 memo-

468 4043 678 4096 rantur,
730 4034 833 4085 dici
897 4034 1201 4086 canistrum
1250 4045 1502 4088 sanctum
1564 4036 1940 4103 perfectionis,
1990 4039 2041 4091 in

466 4139 571 4191 quo
606 4134 713 4176 tres
747 4140 912 4192 panes
946 4125 1129 4178 haberi
1167 4126 1518 4179 mandantur.
1554 4127 1715 4181 Vides
1745 4144 2047 4183 consonare

468 4215 571 4270 sibi
626 4228 1091 4270 sacramentorum
1144 4217 1389 4271 oninium
1448 4217 1689 4273 formas?
1730 4220 2041 4275 Canistrum

466 4306 836 4376 perfectionis,
875 4310 927 4363 in
959 4326 1065 4379 quo
1098 4321 1206 4365 tres
1232 4328 1399 4382 panes
1429 4312 1555 4381 poni
1604 4312 1887 4381 jubeutur,
1913 4315 2041 4382 quid

1906 255 2217 311 OiilliliNlS

474 390 671 429 vocare
698 387 780 427 me
810 383 1049 443 oportet,
1098 384 1154 428 ut
1199 384 1529 442 qumrcnlem
1564 392 1650 431 me
1687 375 1851 431 faciat
1900 377 2053 431 inve-
2086 386 2129 438 Α
2160 380 2357 432 ostium
2404 378 2542 446 ejus,
2594 388 2649 433 et
2702 380 2775 434 ait
2812 381 2857 412 ”
2902 398 2914 432 :

3614 234 3725 285 4ῗῖΓί

2964 396 2982 430 ι
3018 380 3229 442 Amice,
3263 382 3545 432 commoda
3594 381 3736 434 mihi

2159 478 2267 523 tres
2296 484 2482 538 panes,
2514 470 2769 538 quoniam
2799 471 3003 525 amicus
3026 470 3155 523 mihi
3180 470 3491 539 supervenit
3520 472 3588 523 de
3612 473 3729 537 via,

2154 572 2209 615 et
2268 577 2371 614 non
2417 562 2589 615 habeo
2649 564 2791 631 quod
2842 578 3102 632 apponam
3145 561 3215 615 ci.
3257 580 3275 613 ι
3309 561 3364 614 1η
3417 561 3635 631 quibus,
3668 574 3739 619 ιιι

2156 654 2392 706 breviter
2416 654 2867 722 perstringamus,
2907 669 3011 706 nox
3057 664 3139 707 est
3174 663 3385 722 tempus
3436 656 3538 708 hoc
3584 657 3737 722 vitae,

2157 752 2208 797 et
2258 753 2365 796 tres
2406 760 2573 812 panes
2613 752 2759 804 sunt,
2798 760 2936 797 unus
2973 743 3140 812 quiin
3167 743 3396 805 clibano,
3454 744 3593 798 alius
3632 748 3735 816 qui

2156 835 2207 888 in
2238 836 2529 904 sartagine,
2568 836 2756 888 tertius
2787 836 2876 903 qui
2920 837 2970 887 in
2998 834 3258 889 craticula
3294 836 3571 905 coquitur.

2224 926 2279 979 6.
2325 926 2453 979 Post
2507 927 2620 979 luce
2669 928 2842 995 inquit
2874 928 2962 978 ’δε
3003 945 3021 976 ι
3069 926 3135 978 Et
3184 942 3345 981 omne
3392 929 3732 984 sacrificium

2157 1014 2355 1067 lactttm
2404 1017 2453 1067 in
2500 1016 2641 1074 oleo,
2688 1017 2803 1069 sive
2851 1033 2956 1069 non
3011 1016 3237 1084 factum,
3287 1019 3541 1071 omnibus
3604 1019 3733 1077 ﬁliis

2153 1108 2329 1161 Aaron
2361 1109 2466 1161 erit
2498 1110 2724 1179 singulis
2764 1110 3074 1178 tequaliler.
3124 1129 3142 1162 ι
3186 1110 3337 1177 Quod
3395 1112 3729 1167 sacriﬁcium

2158 1198 2358 1252 factum
2386 1206 2468 1253 cst
2497 1201 2545 1252 in
2579 1200 2720 1265 oleo,
2750 1200 2832 1253 vel
2861 1205 3003 1267 quod
3031 1212 3106 1254 est
3128 1216 3231 1253 non
3261 1199 3461 1254 factum
3493 1204 3543 1256 in
3575 1203 3735 1258 oleo?

2154 1290 2491 1344 Sacriﬁcium
2528 1292 2764 1345 salutare
2795 1292 2904 1361 (42)
2950 1290 3000 1343 in
3024 1290 3141 1344 oleo
3178 1290 3289 1345 ﬁeri
3311 1294 3556 1359 jubetnr,
3589 1295 3731 1349 sicut

2153 1398 2311 1449 supra
2342 1385 2450 1452 jam
2505 1384 2760 1437 diximus.
2802 1382 3138 1437 Sacriﬁcium
3182 1398 3308 1437 vero
3357 1400 3457 1451 pro
3504 1396 3730 1454 peccato

2153 1489 2257 1526 non
2294 1473 2349 1525 ﬁt
2374 1476 2424 1525 in
2469 1474 2611 1528 oleo.
2649 1474 2784 1528 Dicit
2819 1475 2962 1527 enim
2995 1473 3039 1503 "
3070 1490 3083 1526 :
3118 1491 3136 1524 ι
3175 1472 3290 1527 Non
3315 1488 3650 1545 superponet
3673 1479 3724 1534 ei

2153 1565 2351 1629 oleum,
2387 1567 2637 1633 quoniam
2675 1582 2773 1634 pro
2797 1574 3019 1633 peccato
3055 1574 3163 1619 est.
3194 1585 3211 1615 ι
3254 1566 3407 1631 Quod
3453 1582 3582 1638 ergo
3624 1585 3725 1638 pro

2152 1669 2375 1726 peccato
2404 1648 2506 1717 est,
2536 1672 2634 1711 nec
2673 1658 2849 1711 oleum
2883 1658 3082 1711 laetitia:
3132 1657 3202 1719 ei,
3238 1671 3336 1710 nec
3382 1658 3500 1711 thus
3528 1661 3717 1713 suavi-

2158 1750 2285 1804 tatis
2308 1750 2627 1819 imponitur.
2671 1748 2746 1803 De
2780 1750 3136 1818 peccantibus
3162 1751 3307 1804 enim
3332 1750 3454 1802 dicit
3481 1751 3713 1820 Aposto-

2152 1839 2236 1894 lus
2265 1839 2309 1871 "
2342 1855 2356 1891 :
2398 1856 2416 1887 σ
2456 1838 2522 1892 Et
2552 1838 2763 1907 lugeam
2802 1853 2916 1902 eos,
2957 1840 3045 1907 qui
3091 1848 3217 1893 ante
3266 1853 3615 1907 peccaverunt
3656 1850 3713 1894 et

2151 1944 2259 1982 non
2289 1938 2516 1999 egerunt
2542 1929 2937 1996 pteniteotiam.
2975 1949 2993 1981 ι
3040 1929 3149 1983 Nec
3174 1930 3313 1983 odor
3345 1930 3395 1982 in
3437 1945 3502 1983 eo
3540 1929 3721 1984 suavi-

2155 2022 2279 2075 tatis
2318 2032 2419 2084 est,
2456 2021 2618 2090 210
2660 2022 2787 2090 quia
2832 2035 2896 2074 ex
2947 2036 3174 2090 persona
3244 2022 3549 2091 peccatoris
3591 2022 3726 2075 dici-

2155 2123 2239 2167 tur
2264 2113 2309 2144 ²⁸
2341 2132 2352 2166 :
2387 2132 2404 2164 ι
2442 2114 2909 2181 Coutpntruerunt
2938 2124 2993 2167 et
3034 2125 3302 2180 corrupta:
3336 2124 3463 2167 sunt
3504 2113 3726 2167 cicatri-

2151 2222 2242 2260 ces
2270 2220 2422 2260 mem.
2463 2224 2481 2255 ι
2528 2205 2650 2259 [lare
2674 2206 2889 2260 interim
2919 2222 2944 2258 a
2978 2207 3132 2259 nobis
3162 2209 3451 2259 observata
3490 2217 3617 2261 sunt
3660 2208 3724 2260 de

2151 2296 2417 2364 Superiori
2452 2296 2711 2363 capitulo,
2756 2297 2844 2349 ubi
2899 2295 2981 2348 lex
3021 2296 3275 2350 sacrilicii
3316 2297 3579 2349 scribitur
3626 2312 3723 2365 pro

2152 2386 2369 2439 delicto.
2416 2386 2532 2439 Non
2578 2396 2757 2441 autent
2799 2388 2986 2442 dubito
3042 2389 3209 2440 multa
3261 2403 3404 2452 esse,
3460 2404 3579 2456 quae
3625 2404 3723 2444 nos

2153 2478 2380 2542 lateant,
2427 2487 2480 2532 et
2523 2494 2739 2533 sensum
2810 2489 3053 2532 nostrqu
3110 2491 3367 2549 superent
3412 2479 3549 2551 (ὶῦ).
3605 2480 3720 2534 Non

2151 2572 2293 2624 enim
2322 2586 2508 2625 sumus
2540 2572 2683 2625 illius
2730 2573 2931 2635 meriti,
2964 2582 3021 2625 ut
3070 2582 3125 2626 et
3161 2588 3258 2626 nos
3308 2572 3488 2626 dicere
3542 2574 3718 2640 possi-

2152 2678 2270 2716 mus
2298 2663 2341 2692 "
2378 2682 2391 2716 :
2429 2679 2447 2714 ι
2488 2661 2593 2716 Nos
2628 2676 2804 2717 autem
2858 2678 3078 2717 sensum
3128 2663 3332 2717 Christi
3372 2663 3656 2717 habemus.
3692 2680 3715 2716 ι

2153 2754 2269 2823 Ipse
2313 2755 2458 2807 enim
2493 2755 2637 2808 solus
2682 2763 2767 2809 est
2814 2770 3025 2820 sensus,
3050 2757 3136 2809 cui
3186 2765 3402 2825 pateant
3444 2756 3720 2819 universa,

2148 2860 2267 2914 qua:
2297 2847 2347 2898 in
2384 2844 2589 2915 legibus
2620 2845 3013 2900 sacriﬁciorum
3046 2846 3185 2900 intra
3217 2846 3406 2901 litterze
3436 2848 3724 2901 continen-

2153 2947 2237 2989 tur
2266 2952 2547 2991 arcanum.
2599 2936 2653 2990 Si
2705 2936 2847 2991 enim
2906 2951 3146 2991 mererer
3196 2952 3253 2990 ut
3306 2938 3529 2992 daretur
3589 2938 3723 2993 mihi

2150 3042 2341 3081 sensus
2367 3026 2595 3091 Christi,
2628 3027 2791 3081 etiam
2828 3043 2927 3098 ego
2960 3028 3010 3081 in
3061 3029 3143 3082 his
3185 3028 3422 3083 dicerem
3459 3028 3505 3060 ⁸⁸
3538 3046 3553 3085 :
3594 3047 3611 3080 ι
3653 3028 3722 3083 Ut

2154 3119 2389 3193 sciamus
2411 3134 2529 3188 qum
2561 3133 2590 3171 a
2617 3120 2723 3175 Deo
2755 3121 2949 3175 donata
2981 3128 3107 3175 sunt
3152 3120 3326 3185 nobis,
3385 3137 3505 3191 qua:
3544 3130 3598 3177 et
3641 3121 3724 3176 lo-

2152 3212 2393 3278 quimur.
2463 3229 2482 3263 ›
2552 3212 2659 3266 Sed
2717 3228 2858 3266 nunc
2916 3213 3158 3267 contenti
3206 3214 3468 3284 parvitate
3526 3227 3725 3269 sensus

2151 3302 2349 3363 mstri,
2391 3303 2609 3356 secundi
2637 3304 2854 3371 capituli
2890 3304 3165 3359 videamus
3196 3306 3499 3361 exordium.

2224 3393 2274 3448 7.
2309 3413 2327 3447 ι
2366 3394 2488 3450 llaec
2526 3405 2631 3461 est,
2688 3397 2858 3464 inquit
2904 3396 2975 3459 ³¹,
3021 3397 3101 3451 lex
3136 3399 3391 3451 sacriﬁcii
3442 3398 3719 3465 salutaris,

2153 3488 2297 3554 quod
2356 3486 2581 3541 (ﬁerent
2631 3487 2876 3542 Domino.
2944 3488 3218 3557 Siquidem
3264 3505 3361 3558 pro
3412 3490 3723 3546 laudatione

2149 3578 2340 3632 offeret
2390 3580 2540 3643 illud,
2580 3590 2634 3634 et
2684 3578 2873 3633 aﬁeret
2919 3580 3032 3651 (M)
3075 3582 3140 3633 ad
3194 3581 3519 3635 sacriﬁcium
3553 3597 3720 3651 panes

2152 3671 2477 3725 laudationis
2536 3687 2601 3725 ex
2654 3672 2832 3725 simila
2890 3673 3064 3725 factos
3113 3674 3165 3725 in
3223 3672 3365 3736 oleo,
3424 3685 3478 3727 et
3528 3673 3719 3742 lagana

2151 3775 2342 3829 azyma
2383 3772 2542 3813 uncta
2573 3762 2713 3824 oleo,
2773 3771 2826 3814 et
2867 3762 3220 3832 similaginem
3270 3778 3610 3829 conspersam
3667 3768 3721 3817 in

2149 3851 2288 3903 oleo.
2320 3852 2493 3920 Super
2517 3869 2677 3919 panes
2722 3854 3072 3908 fermentatus
3112 3852 3300 3907 offeret
3341 3870 3560 3907 munera
3596 3870 3719 3917 sua,

2150 3944 2275 4009 quia
2315 3942 2639 3995 sacriﬁcium
2679 3944 3003 3999 laudationis
3045 3945 3299 3999 salutaris
3348 3947 3465 4015 ejus
3515 3953 3630 4008 est;
3666 3960 3720 4000 et

2150 4030 2341 4086 offeret
2386 4034 2549 4086 abeo
2584 4050 2750 4087 unum
2812 4039 2876 4088 de
2924 4036 3177 4089 omnibus
3223 4036 3531 4090 muneribus
3584 4039 3719 4102 suis,

2149 4124 2541 4192 scparationem
2582 4125 2840 4191 Domino;
2885 4127 3156 4181 sacerdoti
3192 4128 3281 4196 qui
3315 4125 3551 4181 eﬁ'undet
3601 4144 3724 4181 saa-

2148 4218 2363 4284 guinem
2420 4214 2708 4280 salutaris,
2754 4227 2807 4269 et
2858 4231 3051 4270 carnes
3094 4217 3346 4271 sacriﬁcii
3394 4218 3717 4272 laudationis

2150 4306 2438 4364 Salutaris,
2474 4305 2570 4372 ipsi
2603 4316 2784 4372 erunt,
2808 4317 2860 4360 ct
2892 4308 2944 4360 in
2973 4322 3077 4377 qua
3108 4308 3193 4362 die
3234 4309 3428 4362 donmn
3468 4308 3712 4369 oll'ertur,

466 4400 610 4453 aliud
641 4400 901 4455 debemus
948 4404 1219 4472 accipere,
1272 4405 1373 4458 nisi
1424 4404 1738 4473 Scripturas
1796 4405 2041 4469 divinas,

2154 4397 2575 4458 manducabunt,
2596 4406 2649 4448 et
2678 4412 2781 4450 non
2808 4397 3183 4461 derelinquent
3206 4414 3272 4452 ex
3302 4415 3368 4453 eo
3403 4400 3454 4452 in
3489 4414 3663 4451 mane.
3693 4417 3711 4447 ι

464 4490 616 4543 cibos
648 4493 984 4545 ειιιιιίιοι·ἱι›ιις
1010 4495 1297 4561 tripliciter
1323 4496 1700 4565 apponentes?
1736 4496 1826 4549 Vis
1857 4497 1948 4549 tibi
1986 4511 2043 4550 et

466 4581 533 4633 de
566 4580 871 4649 Evangeliis
897 4584 1091 4638 similis
1117 4588 1365 4655 mysterii
1388 4588 1727 4652 proferamus
1760 4588 2043 4655 exempla?

466 4670 784 4726 Recolamus
820 4674 1033 4729 Domini
1085 4691 1300 4743 vocem,
1360 4678 1446 4730 ubi
1504 4678 1658 4741 dicit,
1705 4679 1831 4747 quia
1865 4680 2039 4731 media

466 4779 621 4819 noete
651 4764 762 4835 (il)
800 4767 947 4820 venit
974 4768 1195 4837 quidam
1229 4770 1293 4823 ad
1329 4769 1565 4823 amicum
1611 4784 1772 4825 suum
1815 4771 2038 4839 pulsans

536 4903 583 4936 ὀ
608 4901 762 4957 Osee.
795 4918 889 4965 vn,
919 4901 973 4957 4.
1047 4903 1092 4934 ⁸³
1122 4902 1251 4957 ibid.
1283 4903 1336 4957 6.
1412 4904 1456 4933 ”
1479 4902 1608 4957 Luc.
1639 4919 1737 4967 xu,
1765 4903 1853 4960 49.

466 4988 521 5040 v,
547 4973 630 5027 l2.
710 4974 753 5004 ⁸⁷
781 4974 822 5027 ιι
848 4974 974 5027 Cor.
1011 4987 1111 5039 xu,
1150 4972 1241 5027 2|.
1318 4973 1363 5004 ³⁸
1403 4972 1542 5029 Psal.
1581 4989 1815 5041 xxxvm,
1850 4975 1903 5032 5.

538 5109 647 5180 (39)
680 5108 800 5177 Ms.,
852 5128 872 5163 ι
920 5109 1190 5166 diabolus.
1235 5131 1254 5165 ι
1314 5110 1473 5167 Libb.
1514 5109 1667 5175 editi,
1705 5128 1726 5163 ι
1783 5111 1972 5167 libido.
2012 5131 2031 5165 ι

467 5179 634 5252 Paulo
661 5189 780 5248 post
809 5180 948 5235 idem
980 5196 1107 5247 ms.,
1142 5198 1162 5231 ι
1197 5196 1361 5252 panes
1382 5181 1799 5251 scripturarum.
1836 5201 1855 5233 ι
1880 5181 2037 5237 Libb.

469 5249 620 5310 editi,
659 5267 677 5298 ι
717 5262 930 5315 panem,
970 5269 989 5303 ι
1029 5263 1139 5306 etc.

542 5319 653 5385 (Ml)
683 5317 812 5388 Allis,
850 5337 867 5369 ι
901 5322 984 5372 vel
1014 5322 1212 5388 aliquid
1248 5322 1299 5375 in
1330 5320 1501 5375 forma
1535 5319 1707 5375 vituli.
1745 5340 1764 5374 ι

540 5389 652 5457 (ιι)
681 5386 803 5450 Mss,
828 5406 857 5457 γι
897 5390 1073 5443 media
1106 5386 1294 5445 nocte.
1348 5410 1366 5443 ι
1411 5389 1567 5444 Libb.
1609 5391 1763 5454 editi,
1803 5410 1819 5439 ι
1867 5390 2044 5445 medio

472 5456 667 5529 not-tis.
698 5456 901 5529 rlnfra
945 5459 1086 5512 idem
1136 5476 1259 5524 ms.,
1310 5480 1328 5513 ι
1384 5460 1527 5529 quod
1573 5475 1840 5529 apponam
1891 5462 1962 5516 ei.
2020 5478 2036 5511 ι

474 5524 627 5597 Libb.
658 5527 809 5597 editi,
844 5547 861 5579 ι
897 5529 1039 5596 quod
1066 5544 1258 5597 ponam
1284 5532 1353 5584 ei.
1383 5548 1400 5580 ι

501 5665 513 5676 .
544 5595 655 5665 (42)
692 5596 826 5663 Ms.,
878 5595 1207 5653 (salutare.
1262 5618 1280 5649 ι
1336 5599 1491 5652 Libb.
1551 5600 1719 5666 editi,
1773 5619 1790 5652 ι
1840 5599 2042 5655 saluta-

474 5681 566 5720 I'IS.
613 5686 629 5718 ι

1933 4905 1977 4936 ’³
2007 4903 2200 4957 Ezech.
2230 4917 2286 4954 ς.

1979 4976 2024 5007 ”
2054 4976 2073 5028 ι
2102 4975 2230 5029 Cor.
2272 4986 2331 5037 ll,
2366 4968 2449 5023 16.

2153 4487 2491 4540 Sacriﬁcium
2526 4488 2659 4549 hoe,
2693 4487 2834 4555 quod
2862 4488 3100 4542 salutare
3133 4488 3450 4557 appellatur,
3493 4488 3543 4541 in
3585 4487 3720 4541 duas

2152 4579 2338 4631 dividit
2372 4588 2574 4646 partes,
2613 4587 2668 4633 ct
2710 4594 2870 4631 unam
2906 4579 3123 4647 quidem
3168 4580 3490 4633 laudationis
3546 4579 3720 4633 nomi-

2151 4678 2264 4733 nat,
2292 4671 2513 4721 alteram
2548 4673 2677 4732 voti,
2711 4680 3002 4738 utrumque
3039 4680 3216 4724 tamen
3244 4671 3596 4733 sacrificium,
3629 4686 3720 4722 sa-

2152 4761 2323 4814 lutare
2371 4764 2698 4814 nominatur.
2742 4760 2940 4814 Verum
2995 4762 3247 4833 quoniam
3290 4778 3394 4815 non
3449 4774 3530 4816 est
3563 4761 3722 4815 nobis

2362 4898 2407 4929 “
2435 4898 2561 4952 Luc.
2590 4914 2663 4960 ιι,
2683 4900 2738 4962 5,
2778 4898 2831 4953 6.
2908 4898 2955 4929 “
2982 4898 3151 4955 Levit.
3179 4916 3275 4965 vtt,
3304 4901 3391 4953 10.
3467 4902 3512 4933 ²⁶
3544 4900 3716 4957 Levit.

2526 4970 2570 5001 ’°
2599 4970 2727 5023 ibid.
2760 4970 2846 5023 12.
2922 4970 2963 5000 ³¹
2996 4969 3169 5025 Levit.
3201 4986 3295 5036 vn,
3330 4972 3385 5025 ll
3415 4980 3470 5026 et
3494 4987 3648 5041 seqq.

2222 5105 2514 5179 (43)Libb.
2565 5115 2721 5160 antea
2751 5106 2989 5179 “editi”
3040 5106 3209 5161 latent
3261 5116 3316 5179 et
3357 5122 3577 5179 sensum
3624 5122 3721 5179 no-

2156 5176 2328 5231 strum
2378 5186 2656 5247 superant.
2694 5196 2712 5228 ι
2749 5176 2813 5229 Et
2845 5178 3001 5244 paulo
3041 5187 3182 5246 post,
3226 5197 3245 5228 ι
3281 5178 3375 5244 ipsi
3423 5179 3567 5231 enim
3601 5178 3721 5247 plus

2148 5260 2233 5301 est
2295 5262 2485 5301 sensus
2540 5246 2741 5301 Christi
2805 5249 2889 5299 cui
2938 5257 3141 5315 patent,
3200 5266 3220 5298 ι
3267 5248 3359 5301 sed
3412 5264 3513 5304 ms.
3555 5246 3613 5301 ut
3664 5249 3719 5301 iu

2151 5327 2336 5372 nostro
2364 5325 2530 5369 textu.

2222 5385 2475 5455 (44)Ms.,
2510 5404 2528 5435 ι
2558 5384 2746 5439 offeret
2771 5386 2920 5448 illud,
2958 5394 3009 5440 et
3046 5385 3251 5440 afferet.
3303 5404 3321 5437 ι
3357 5385 3512 5439 Lihb.
3561 5386 3718 5449 editi,

2159 5474 2178 5506 ¢
2218 5456 2445 5508 offerent
2471 5456 2617 5521 illud,
2654 5455 2976 5511 etolferent.
3022 5475 3043 5513 ι,
3079 5455 3217 5508 Infra
3250 5458 3387 5511 idem
3425 5471 3548 5521 ms.,
3579 5474 3594 5505 ι
3623 5457 3714 5525 qui

2152 5525 2391 5581 eiiundet
2447 5529 2781 5597 sanguinem.
2843 5546 2859 5576 ι
2916 5526 3068 5579 Libb.
3122 5527 3278 5588 editi,
3336 5544 3354 5576 ι
3412 5528 3502 5597 qui
3539 5525 3716 5579 eﬁnn-

2154 5600 2253 5657 dit,
2281 5616 2297 5647 ι
2327 5608 2431 5647 etc.
2466 5594 2629 5647 Paulo
2652 5606 2769 5664 post
2802 5598 2937 5649 idem
2968 5612 3095 5657 ms.,
3134 5614 3151 5644 ι
3186 5612 3250 5649 ex
3282 5612 3346 5650 eo
3379 5594 3446 5649 iu'
3474 5611 3651 5649 mane.
3693 5613 3715 5648 ι

2153 5668 2305 5721 Ι.ιΙιΙι.
2337 5665 2491 5727 editi,
2530 5682 2548 5713 ι
2586 5680 2647 5719 ex
2686 5681 2749 5719 eo
2779 5682 2945 5735 usque
2971 5668 3024 5720 iu
3067 5681 3246 5720 mane.
3284 5685 3303 5718 ι
