4106 6246
353 303 456 357 437

1512 305 1573 357 ιΝ
1616 306 1983 357 l.li\‘|'ltt.u.\t
2028 302 2307 383 domm
2344 301 2405 355 v.

3481 306 3583 364 638

348 431 489 468 ηιιιιε
523 416 813 469 secundum
859 416 1090 472 litteram
1142 419 1446 475 instaurare
1502 421 1789 487 sacriﬁcia,
1831 438 1914 476 reo
1950 430 1993 483 Α
2024 436 2184 488 super
2236 435 2397 487 panes
2440 420 2793 475 fermentatos
2838 420 3163 475 sacriﬁcium
3218 426 3437 479 mandat
3483 426 3584 480 im-

351 508 631 575 quiramus
656 509 705 560 in
736 507 889 563 nobis
919 512 1162 578 quisnam
1204 523 1286 567 est
1320 522 1503 568 tantus
1544 530 1606 566 ac
1638 514 1778 578 talis,
1823 516 1914 581 qui

348 598 679 652 sacriﬁcium
735 600 969 654 salutare
1017 610 1072 654 et
1116 604 1448 659 sacriﬁcium
1505 608 1678 663 laudis
1726 607 1917 661 offerat

350 690 482 743 Deo.
513 690 620 759 Ego
651 690 796 745 illum
827 707 947 747 esse
981 694 1239 761 arbitror,
1266 697 1357 764 qui
1402 697 1453 749 in
1484 699 1735 752 omnibus
1785 700 1918 752 acti-

346 782 450 834 bus
480 782 593 835 suis
623 780 751 836 facit
777 782 981 838 laudari
1027 782 1217 852 Deum,
1268 796 1322 840 et
1372 788 1623 858 impletur
1669 805 1764 858 per
1794 804 1914 843 eum

347 872 477 925 illud
510 874 652 941 quod
700 872 958 928 Dominus
1013 884 1067 928 et
1113 876 1367 931 Salvator
1424 889 1607 933 noster
1658 879 1790 933 dicit
1818 880 1911 932 ³²ε

351 982 370 1015 ι
406 963 473 1018 Ut
502 964 720 1018 videant
744 966 989 1021 homines
1019 981 1182 1035 opera
1212 980 1393 1023 vestra
1423 970 1584 1036 bona,
1616 980 1671 1025 et
1703 972 1913 1041 magni-

348 1052 509 1107 licent
534 1051 751 1107 Patrem
777 1063 1040 1119 vestrum,
1070 1056 1160 1124 qui
1202 1057 1255 1110 in
1288 1057 1441 1113 caelis
1467 1068 1567 1114 est:
1607 1078 1626 1112 ι
1660 1060 1752 1115 ille
1787 1077 1915 1130 ergo

345 1143 539 1197 obtulit
588 1144 913 1199 sacriﬁcium
964 1145 1158 1212 laudis,
1204 1162 1303 1217 pro
1353 1147 1507 1219 cujus
1539 1151 1773 1217 actibus,
1819 1168 1915 1221 pro

346 1236 500 1305 cujus
528 1235 802 1301 doctrina,
849 1239 1155 1307 praeceptis.
1220 1240 1410 1304 verbo,
1467 1250 1522 1295 et
1571 1244 1830 1309 moribus,
1862 1255 1917 1299 et

347 1330 651 1399 disciplina,
686 1330 937 1384 laudatur
952 1339 1006 1385 et
1032 1331 1367 1407 benedicitur
1394 1333 1560 1401 Deus,
1588 1336 1726 1390 sicut
1755 1354 1915 1393 econ-

351 1423 517 1474 trario
547 1432 672 1477 sunt
700 1422 796 1486 illi,
827 1424 890 1477 de
918 1424 1115 1492 quibus
1155 1425 1354 1480 dicitur
1380 1424 1449 1490 ³³,
1487 1426 1611 1494 quia
1644 1445 1662 1479 ι
1703 1444 1798 1496 per
1825 1445 1916 1485 vos

349 1528 541 1566 nomen
570 1530 744 1567 meum
771 1513 1179 1583 blasphematur
1209 1517 1350 1569 inter
1378 1524 1587 1585 gentes.
1624 1536 1643 1568 ι
1676 1517 1914 1574 Observa

351 1614 525 1659 tamen
574 1614 626 1658 et
669 1605 777 1669 hic,
810 1605 1079 1673 quomodo
1130 1620 1301 1674 panes
1352 1621 1418 1659 ex
1474 1606 1647 1661 simila
1699 1610 1822 1664 facti
1861 1612 1912 1664 in

347 1697 488 1758 oleo,
522 1705 575 1748 et
625 1695 813 1763 lagana
863 1712 1047 1767 azyma
1093 1706 1258 1751 uncta
1307 1696 1451 1763 oleo,
1484 1709 1537 1752 ct
1578 1700 1752 1753 simila
1782 1718 1913 1757 con—

2020 513 2182 580 pmti?
2212 513 2406 566 Verum
2432 513 2746 583 diligentius
2770 514 3000 578 intuere,
3030 515 3152 583 quia
3180 531 3285 571 non
3314 519 3379 573 ad
3411 522 3586 575 sacri-

2018 602 2221 671 ﬁcium,
2257 606 2351 659 scd
2401 606 2467 659 ad
2522 606 2878 660 ministerium
2919 608 3168 663 sacriﬁcii
3230 610 3586 667 fermentatus

2017 695 2173 762 panis
2210 698 2527 751 assumitur.
2566 697 2701 763 Quid
2737 714 2866 768 ergo
2901 702 3001 755 hoc
3028 702 3117 764 sit,
3143 702 3419 758 videamus
3449 704 3582 774 (47).

2018 785 2276 841 Dominus
2320 788 2371 841 in
2416 788 2722 858 Evangeliis
2768 792 3059 846 humanam
3096 793 3402 850 doctrinam
3439 797 3582 851 Pha-

2016 876 2316 942 riszcorum,
2343 879 2433 947 qui
2489 880 2775 935 tradebant
2831 884 3147 939 traditiones
3184 898 3450 956 prreccpta
3492 890 3589 942 bo-

2017 969 2243 1034 minum,
2291 970 2617 1026 fermentum
2679 972 2932 1043 appellat,
2997 992 3117 1029 cum
3180 979 3309 1031 dicit
3354 980 3590 1049 discipu-

2015 1062 2084 1114 lis
2124 1060 2171 1092 ⁴⁰
2215 1078 2228 1113 :
2281 1079 2299 1111 ε
2355 1060 2650 1118 Observate
2704 1079 2733 1117 a
2785 1064 3054 1121 fermento
3102 1068 3527 1125 Pharisaeorum.
3564 1089 3586 1125 ι

2017 1149 2284 1204 Similiter
2321 1166 2451 1219 ergo
2506 1152 2740 1206 humana
2793 1155 3036 1209 doctrina
3087 1167 3187 1220 est,
3223 1159 3369 1212 verbi
3401 1175 3586 1224 causa,

2017 1241 2369 1310 grammatica
2401 1258 2509 1306 ars,
2536 1243 2620 1297 vel
2656 1244 2951 1308 rhetorica,
2982 1247 3062 1299 vel
3094 1248 3256 1302 etiam
3278 1248 3586 1305 dialectica.

2018 1329 2095 1383 Ex
2122 1345 2224 1397 qua
2251 1330 2497 1384 doctrina
2532 1332 2598 1384 ad
2627 1332 3229 1401 sacriﬁciumquidem,
3268 1334 3372 1389 hoc
3412 1346 3494 1390 est
3535 1337 3587 1389 in

2018 1422 2101 1476 his
2129 1437 2249 1490 qua:
2275 1423 2341 1475 de
2370 1423 2477 1476 Deo
2507 1423 2787 1477 sentienda
2822 1434 2970 1487 sunt,
3008 1424 3137 1477 nihil
3187 1426 3587 1494 suscipiendum

2016 1521 2120 1576 est,
2150 1526 2330 1566 sermo
2372 1526 2499 1565 vero
2532 1512 2766 1576 lucidus,
2820 1525 2875 1567 et
2925 1514 3251 1583 eloquentia:
3308 1516 3588 1585 Splendor,

2018 1604 2407 1672 acdisputandi
2454 1605 2616 1669 ratio,
2660 1606 2725 1659 ad
2760 1606 3115 1661 ministerium
3163 1606 3309 1662 verbi
3359 1607 3453 1661 Dei
3498 1609 3591 1662 tle-

2018 1708 2201 1749 ceutcr
2227 1696 2451 1764 jubetur
2474 1696 2703 1751 admitti.
2741 1699 2820 1750 An
2868 1715 2971 1753 non
3013 1714 3174 1769 super
3208 1700 3311 1754 hoc
3354 1698 3589 1753 fermen-

349 1802 532 1856 spersa
563 1788 613 1840 in
638 1787 755 1840 oleo
786 1788 1025 1854 ponitur,
1049 1798 1101 1843 et
1138 1789 1329 1857 triplici
1356 1791 1549 1844 iterum
1572 1806 1913 1849 sacramento
1945 1798 1987 1853 Β
2020 1796 2127 1839 lunt
2159 1788 2392 1841 babebal
2416 1788 2563 1841 Verbi
2600 1789 2691 1842 Dei
2738 1790 3070 1844 sacriﬁcium
3108 1792 3342 1859 positum
3378 1793 3464 1846 ille
3493 1795 3587 1862 qui

351 1880 525 1933 b05tia
556 1879 811 1933 salutaris
832 1879 1075 1944 offertur,
1107 1892 1161 1935 et
1182 1882 1247 1935 ad
1273 1881 1540 1946 ultimum,
1571 1900 1590 1934 ι
1623 1888 1913 1953 sacerdoti,

353 1970 523 2036 inquit
548 1968 612 2033 3*,
641 1969 729 2037 qui
761 1968 1313 2038 emmditsanguinem
1346 1971 1595 2026 sacriﬁcii
1641 1975 1913 2042 salutaris,

353 2060 451 2126 ipsi
477 2060 598 2115 erit.
640 2078 656 2111 ι
708 2060 963 2128 Superius
1010 2061 1141 2114 dixit
1173 2061 1216 2091 ³⁵
1250 2077 1263 2114 :
1304 2078 1323 2112 ι
1367 2061 1649 2119 Sacerdoti
1706 2069 1796 2135 qui
1834 2086 1921 2122 re-

351 2150 684 2217 propitiabit,
721 2151 817 2219 ipsi
844 2150 969 2204 erit.
1009 2168 1026 2201 ι
1060 2149 1177 2215 llic,
1215 2168 1234 2202 σ
1270 2153 1537 2208 sacerdoti
1573 2159 1663 2225 qui
1697 2156 1920 2214 effundit

348 2241 662 2311 sanguinem
690 2242 937 2295 sacriﬁcii
968 2240 1246 2308 salutaris,
1275 2243 1374 2311 ipsi
1398 2245 1521 2297 erit.
1568 2265 1586 2297 i
1630 2248 1801 2318 Digno
1830 2265 1918 2304 or-

349 2329 474 2386 dine
507 2333 695 2395 utitur,
735 2334 883 2401 prius
917 2333 1059 2387 enim
1088 2336 1456 2403 repropitiatio
1499 2344 1784 2406 quaerenda
1815 2352 1916 2408 est,

348 2434 403 2478 et
439 2432 554 2493 post
587 2424 700 2477 haec
725 2422 1053 2478 oﬁercndum
1081 2425 1406 2480 sacriﬁcium
1437 2428 1705 2485 salutaris.
1738 2431 1921 2504 Neque

342 2516 486 2579 enim
507 2515 652 2569 salus
667 2529 785 2569 esse
809 2514 1056 2584 cuiquam
1082 2524 1278 2585 potest,
1306 2518 1405 2573 nisi
1435 2520 1585 2589 prius
1610 2522 1712 2577 sibi
1739 2526 1922 2593 propi-

349 2608 479 2660 tiutn
508 2607 672 2661 faciat
690 2606 879 2661 Deum.
918 2624 937 2658 ι
981 2607 1087 2662 Sed
1124 2619 1176 2663 et
1202 2624 1415 2676 carnes,
1453 2613 1724 2682 inquit“,
1751 2618 1922 2672 sacri-

350 2698 453 2752 ﬁcii
498 2699 819 2753 laudationis
869 2699 1122 2755 salutaris
1156 2701 1258 2770 ipsi
1303 2714 1461 2758 erunt
1507 2704 1643 2776 (45).
1699 2725 1721 2758 ι
1767 2706 1921 2778 Saepe

339 2789 451 2859 jam
485 2791 715 2845 diximus
742 2791 881 2860 quod
905 2807 1095 2847 carnes
1124 2794 1178 2847 in
1210 2793 1503 2863 Scripturis
1523 2798 1750 2853 solidum
1780 2798 1922 2856 indi-

347 2892 475 2937 cant
524 2883 725 2947 cibum,
781 2882 1187 2952 perfectamque
1244 2885 1562 2940 doctrinam.
1612 2888 1920 2946 Secundum

352 2972 668 3043 Scripturas
698 2976 811 3030 scio
859 2989 981 3030 esse
1019 2977 1214 3030 aninne
1258 2978 1438 3032 cibum
1479 2983 1762 3049 quemdam
1806 2983 1921 3041 lac-

348 3068 452 3132 tis,
509 3077 560 3121 et
611 3069 775 3121 alium
837 3069 1019 3123 cibum
1087 3071 1283 3125 anima:
1340 3072 1546 3127 olerum
1623 3084 1676 3129 et
1757 3077 1919 3132 alium

2019 1875 2295 1929 dicebat“
2336 1894 2348 1929 :
2394 1894 2412 1926 ‹
2449 1877 2818 1946 Corrumpunt
2870 1895 3047 1934 mures
3104 1882 3271 1936 bonos
3321 1882 3587 1951 colloquia

2021 1965 2198 2019 mala?
2257 1985 2273 2016 ι
2324 1965 2387 2019 Ει
2425 1964 2468 1997 ⁸³
2520 1985 2533 2019 :
2582 1985 2599 2015 ‹
2658 1966 2948 2022 Cretenses
3000 1986 3215 2038 semper
3271 1975 3585 2037 mendaces,

2022 2056 2173 2108 multo
2203 2057 2406 2117 bcstim,
2445 2067 2661 2109 ventres
2689 2057 2848 2127 pigri,
2890 2078 2906 2109 ι
2948 2068 2998 2112 et
3028 2060 3131 2112 alia
3170 2062 3254 2114 his
3297 2064 3490 2116 similia
3521 2080 3586 2119 ex

2020 2146 2289 2201 fermento
2320 2160 2529 2218 sumpta
2562 2148 2892 2203 Grzncorum.

2089 2240 2246 2309 211
2284 2240 2336 2294 8.
2368 2241 2518 2306 Quod
2550 2249 2731 2295 autem
2758 2243 2893 2297 dicit
2928 2243 2992 2311 ⁸³,
3033 2264 3050 2294 ‹
3081 2246 3182 2300 sub
3213 2246 3300 2301 die
3339 2252 3588 2304 comede-

2025 2341 2132 2395 tur,
2162 2348 2259 2386 nec
2284 2334 2692 2403 derclinquetur
2722 2337 2794 2390 ab
2823 2350 2888 2391 eo
2917 2352 3084 2406 usque
3110 2339 3160 2391 in
3206 2355 3383 2407 mane,
3419 2361 3438 2394 ι
3463 2358 3592 2398 cou-

2024 2420 2259 2476 feramus
2296 2438 2416 2477 cum
2453 2426 2666 2479 caeteris
2718 2426 3025 2492 sacriﬁciis,
3058 2436 3111 2480 et
3139 2430 3416 2486 videamus
3470 2448 3589 2501 qua:
3654 2428 3659 2433 ⁷

2022 2515 2095 2569 sit
2132 2515 2269 2570 ratio
2310 2514 2449 2583 quod
2495 2516 2549 2568 in
2604 2515 2707 2570 hoc
2758 2516 2975 2584 quidem
3013 2518 3285 2573 sacriﬁcio
3341 2521 3588 2589 salutari,

2023 2607 2207 2661 eadem
2239 2607 2344 2673 die,
2374 2623 2492 2677 quae
2520 2606 2820 2662 offeruntur
2843 2610 3100 2679 praecepit
3128 2612 3455 2667 comedenda
3486 2631 3498 2667 :
3538 2615 3588 2669 in

2024 2697 2131 2752 alio
2158 2712 2283 2753 vero
2311 2698 2602 2763 sacriﬁcio,
2628 2701 2789 2753 etiam
2819 2701 2871 2753 in
2899 2701 3189 2753 secundam
3216 2702 3354 2756 diem
3384 2705 3588 2757 servari

2025 2789 2282 2859 indulget,
2311 2799 2363 2845 et
2393 2806 2564 2855 usque
2601 2792 2653 2845 in
2705 2792 2918 2846 tertiam
2952 2832 2967 2857 ,
3000 2794 3158 2847 tertia
3213 2794 3472 2863 verojam
3507 2797 3591 2850 die

2024 2879 2134 2950 igni
2168 2881 2303 2935 tradi
2352 2897 2471 2951 quae
2506 2883 2876 2952 superfuerint
2903 2923 2917 2948 ,
2962 2898 3029 2937 ne
3073 2883 3313 2952 polluant
3354 2885 3589 2941 oil'eren-

2028 2983 2153 3029 tem.
2206 2974 2343 3040 Quid
2373 2990 2502 3045 ergo
2553 2975 2747 3029 habeat
2781 2976 2881 3029 ista
2920 2974 3242 3041 differentia,
3291 2978 3587 3035 videamus.

2025 3062 2130 3120 Sed
2171 3079 2293 3120 vere
2323 3066 2627 3134 indigemus
2673 3066 2877 3119 auxilio
2908 3065 3023 3129 Dei,
3059 3068 3149 3137 qui
3179 3083 3368 3122 omnes
3405 3072 3590 3140 adipes

345 3162 545 3222 carnis,
584 3162 727 3215 sicut
756 3162 867 3229 ipse
890 3161 1177 3230 Apostolus
1211 3164 1275 3217 de
1313 3164 1638 3231 quibusdam
1673 3167 1806 3222 dicit
1833 3168 1914 3225 "';
1949 3137 1993 3197 (ἶ
2026 3165 2379 3227 contegentes
2431 3158 2689 3212 interiora
2726 3168 2907 3212 nostra
2958 3159 3212 3228 dignetur
3252 3161 3589 3231 abscindere,

354 3270 374 3301 ι
408 3250 547 3315 Quia
582 3251 721 3305 lacte
774 3267 870 3306 vos
905 3254 1107 3320 potavi,
1145 3269 1249 3307 non
1295 3269 1440 3309 esca.
1488 3256 1735 3311 Nondum
1770 3261 1914 3314 enim

352 3340 635 3408 poteratis,
666 3343 763 3394 sed
791 3357 887 3395 nec
918 3342 1091 3396 adhuc
1117 3344 1362 3409 potestis.
1394 3346 1585 3401 Adhuc
1610 3348 1754 3402 enim
1786 3351 1918 3405 estis

346 3430 612 3483 carnales.
650 3449 667 3481 ι
701 3431 765 3484 Ει
791 3434 981 3485 iterum
1009 3432 1137 3486 alibi
1170 3432 1305 3488 dicit
1328 3436 1373 3467 ³⁸
1408 3453 1421 3488 :
1457 3457 1474 3488 ι
1507 3438 1659 3493 Alius
1697 3440 1917 3507 quidem

345 3520 522 3573 credit
546 3534 603 3573 se
634 3521 960 3576 manducare
992 3525 1194 3590 omnia,
1222 3528 1313 3596 qui
1341 3538 1521 3581 autem
1561 3529 1811 3584 inﬁrmus
1838 3541 1920 3585 est

344 3611 491 3663 olera
530 3615 841 3667 manducet.
877 3633 894 3666 ι
927 3616 997 3671 Ει
1027 3632 1240 3672 rursum
1281 3619 1409 3673 alibi
1439 3620 1482 3653 ³⁸
1525 3638 1538 3672 :
1583 3634 1601 3672 ἀ
1642 3620 1920 3676 Perfecto-

348 3720 465 3756 rmn
491 3714 668 3757 autem
701 3714 783 3759 est
811 3707 963 3761 cibus
1000 3707 1225 3771 solidus,
1272 3727 1290 3760 ι
1322 3717 1428 3764 etc.
1482 3710 1582 3767 llic
1624 3727 1753 3782 ergo
1799 3726 1920 3765 car-

345 3810 442 3849 nes
491 3795 744 3849 sacrificii
781 3797 1058 3865 salutaris,
1111 3801 1253 3867 quod
1308 3799 1536 3855 oﬁ'ertur
1587 3817 1685 3869 pro
1730 3802 1917 3855 lauda-

348 3884 512 3949 tione,
563 3884 731 3954 ipsius
775 3885 1040 3953 jubentur
1094 3903 1214 3944 esse
1267 3893 1591 3945 sacerdotis.
1638 3891 1715 3945 Ex
1740 3891 1916 3947 simila

348 3990 478 4030 vero
540 3978 821 4046 tripliciter
870 3978 1069 4041 oblata,
1125 3988 1185 4033 ut
1242 3996 1403 4051 supra
1447 3983 1703 4050 diximus,
1752 3998 1915 4037 unum

351 4077 555 4122 tantum
584 4071 722 4139 quod
750 4070 1013 4140 placuerit
1037 4072 1313 4126 sacerdoti
1348 4073 1637 4143 deputatur
1666 4092 1681 4129 :
1716 4086 1912 4129 caetera

344 4162 618 4217 offerentis
644 4164 757 4237 (46)
787 4176 913 4221 sunt
938 4167 1083 4232 laici,
1124 4168 1195 4222 ita
1230 4177 1408 4223 tamen
1448 4176 1507 4221 ut
1550 4168 1649 4222 sub
1695 4167 1783 4221 die
1820 4182 1915 4222 co-

346 4255 651 4319 medantur,
691 4273 792 4313 nec
832 4270 1117 4314 remaneat
1153 4275 1218 4314 ex
1262 4261 1345 4314 his
1391 4260 1591 4327 aliquid
1631 4260 1681 4312 in
1734 4274 1911 4312 mane.

344 4346 547 4400 Carncs
572 4363 701 4417 ergo
729 4350 780 4402 in
817 4352 1014 4419 quibus
1044 4351 1247 4405 solidus
1271 4352 1423 4405 cibus
1452 4361 1554 4416 est,
1590 4359 1642 4403 et
1673 4352 1912 4419 perfecta

344 4437 594 4500 scientia,
639 4439 1012 4499 sacerdotibus
1052 4440 1403 4508 deputantur,
1448 4439 1572 4507 quia
1610 4438 1809 4492 debent
1861 4440 1911 4492 in
1947 4458 1992 4513 ι)

343 4530 595 4586 omnibus
638 4547 757 4586 esse
785 4533 1033 4600 perfecti,
1074 4532 1126 4585 in
1169 4532 1439 4596 doctrina,
1489 4531 1541 4584 in
1586 4531 1805 4593 virtute,
1856 4530 1907 4583 in

346 4624 606 4676 moribus.
640 4624 696 4675 Si
719 4622 860 4676 enim
910 4619 1011 4673 hoc
1044 4620 1182 4672 inse
1227 4634 1331 4672 non
1368 4617 1680 4680 habuerint,
1717 4620 1783 4669 de
1821 4632 1911 4669 sa.

346 4714 674 4770 criﬁciorum
718 4713 976 4767 carnibus
1017 4725 1122 4764 non
1164 4712 1344 4765 edent.
1386 4710 1562 4766 Unum
1617 4723 1745 4763 vero
1782 4709 1910 4761 illud

346 4809 488 4877 quod
553 4814 856 4874 separatur,
924 4814 1181 4872 tanquam
1241 4802 1567 4870 prmcipuutn
1621 4816 1687 4853 ex
1740 4800 1912 4853 tribus

345 4916 463 4968 quae
488 4914 550 4952 ex
586 4898 758 4952 simila
788 4905 1051 4965 praecepta
1103 4904 1250 4961 sunt,
1287 4896 1335 4947 in
1369 4894 1473 4948 hoc
1504 4892 1647 4945 illam
1700 4901 1912 4960 partem

346 4991 591 5046 scientia:
621 4990 857 5043 arbitror
907 4987 1200 5055 designari,
1253 4986 1320 5041 de
1350 5000 1452 5054 qua
1482 4984 1734 5053 superius
1782 4981 1922 5035 dixi-

346 5098 489 5148 mus,
514 5097 631 5151 qua:
663 5079 954 5149 perfectam
994 5077 1195 5132 indicat
1237 5075 1669 5146 profundamque
1718 5072 1919 5127 doctri-

349 5163 634 5227 nam.'Scd
668 5171 911 5239 requires
937 5170 1195 5231 fortasse,
1229 5181 1351 5222 cum
1385 5165 1642 5235 superius
1678 5163 1920 5218 fermen-

348 5278 457 5321 tum
487 5266 699 5336 penitus
730 5262 987 5330 abjecerit
1012 5266 1076 5316 de
1108 5259 1421 5321 sacriﬁciis,
1448 5256 1721 5325 quomodo
1770 5269 1917 5309 nunc

418 5361 460 5392 ³³
494 5359 679 5414 Matth.
705 5376 760 5425 v,
786 5357 871 5412 l6.
948 5356 990 5387 ³³
1019 5356 1175 5425 Rom.
1200 5369 1257 5425 tr,
1289 5352 1377 5425 δᾴ.

1454 5352 1500 5382 ³³
1534 5348 1705 5404 Levit.
1737 5364 1830 5409 vlt,
1863 5347 1947 5401 14.

2019 3257 2074 3303 et
2116 3262 2279 3302 omne
2312 3248 2598 3303 crassioris
2630 3263 2825 3303 sensus
2856 3249 3099 3304 velamen
3125 3251 3360 3316 auferre,
3390 3262 3447 3306 ut
3477 3255 3591 3308 haec

2021 3345 2317 3397 secundum
2348 3343 2399 3395 id
2430 3344 2570 3410 quod
2600 3357 2627 3394 a
2654 3340 2763 3396 Deo
2798 3341 3041 3395 mandari
3073 3343 3291 3409 dicitur,
3320 3344 3591 3413 possimus

2021 3432 2330 3485 advertere.
2364 3429 2724 3483 Conferamus
2756 3428 2922 3497 igitur
2970 3428 3141 3495 ipsam
3194 3429 3297 3483 sibi
3343 3429 3591 3499 Scriptu-

2023 3536 2139 3575 ram
2167 3521 2433 3585 divinam,
2465 3529 2519 3576 et
2549 3534 2708 3589 quam
2737 3519 3010 3589 aperuerit
3036 3518 3191 3575 nobis
3237 3520 3590 3578 absolutionis

2022 3611 2275 3665 semitam
2307 3611 2720 3679 subsequamur.
2755 3610 3064 3664 Invenimus
3090 3609 3234 3663 enim
3266 3612 3331 3665 de
3379 3612 3592 3665 sacriﬁ-

2021 3702 2106 3756 cio
2132 3700 2379 3766 Pascbm,
2409 3702 2549 3771 quod
2578 3702 2627 3756 in
2660 3716 2881 3769 vespera
2909 3700 3172 3754 immolari
3198 3700 3443 3770 jubetur,
3472 3703 3589 3757 dari

2022 3793 2341 3846 mandatum
2375 3792 2627 3847 similiter
2653 3800 2711 3845 ut
2737 3791 2871 3845 nihil
2897 3802 3175 3846 remaneat
3222 3808 3286 3847 ex
3337 3794 3591 3846 carnibus

2022 3897 2192 3952 usque
2221 3883 2272 3936 in
2299 3897 2474 3940 mane.
2502 3881 2617 3937 Non
2641 3892 2726 3937 est
2752 3896 2881 3952 ergo
2920 3881 3154 3936 otiosum
3218 3883 3358 3952 quod
3391 3883 3594 3937 hester-

2022 3989 2121 4028 nas
2151 3988 2345 4028 carnes
2373 3974 2516 4028 vesci
2564 3988 2669 4028 non
2704 3974 2818 4037 vult
2850 3987 2948 4028 nos
2992 3987 3176 4027 sermo
3205 3973 3416 4028 divinus
3449 4014 3463 4039 ,
3495 3975 3589 4028 sed

2021 4075 2264 4119 recentes
2294 4079 2508 4134 semper
2540 4074 2605 4135 et,
2639 4078 2829 4128 novas,
2868 4078 2962 4118 eos
3006 4063 3239 4118 maxime
3269 4064 3360 4132 qui
3416 4066 3593 4119 sacri-

2021 4155 2203 4209 ﬁcium
2257 4155 2502 4219 Paschae,
2555 4154 2643 4209 vel
2695 4153 3022 4209 sacriﬁcium
3074 4153 3247 4208 laudis
3304 4154 3593 4210 immolant

2020 4246 2158 4312 Deo,
2195 4261 2369 4300 novas
2425 4260 2555 4300 vero
2584 4259 2780 4299 carnes
2811 4283 2826 4309 ,
2875 4253 2927 4297 et
2972 4253 3215 4299 recentes
3258 4246 3426 4314 ipsius
3484 4247 3589 4301 diei

2020 4338 2182 4391 edere
2230 4336 2407 4405 jubet,
2447 4336 2734 4389 hesternas
2762 4334 3033 4401 prohibet.
3090 4332 3427 4387 Recordatus
3471 4349 3589 4391 sum

2021 4427 2197 4482 simile
2260 4426 2462 4495 aliquid
2514 4436 2570 4479 et
2621 4424 2937 4493 prophetam
2980 4424 3319 4479 Ezechielem
3360 4425 3543 4481 dicere
3568 4465 3588 4499 δ,

2020 4534 2140 4571 cum
2171 4518 2219 4572 ci
2244 4517 2500 4572 Dominus
2525 4516 2888 4585 praecepisset,
2925 4526 2982 4569 ut
3012 4526 3265 4586 coqueret
3298 4519 3396 4574 sibi
3422 4534 3590 4589 panes
3618 4592 3625 4599 ι

2022 4608 2074 4660 in
2112 4616 2356 4662 stercore
2410 4609 2670 4661 humano.
2715 4607 3011 4677 ltcspondit
3057 4609 3200 4664 enim
3260 4610 3485 4666 Domino
3534 4623 3589 4665 et

2020 4700 2156 4753 dixit
2199 4699 2244 4730 “
2320 4719 2335 4755 :
2377 4716 2395 4749 ί
2430 4698 2473 4753 Ο
2508 4698 2757 4763 Domine,
2801 4714 3075 4767 nunquam
3106 4703 3469 4755 contaminata
3505 4711 3591 4753 est

2022 4793 2202 4846 anima
2235 4806 2376 4855 mea,
2403 4800 2457 4843 ct
2489 4790 2838 4844 morticinum
2867 4801 2961 4844 aut
2990 4792 3321 4845 immundum
3375 4774 3480 4844 non
3513 4790 3590 4845 in-

2023 4884 2214 4939 troivit
2248 4872 2395 4939 in’os
2440 4898 2639 4939 meum.
2694 4883 2799 4937 Sed
2851 4898 3023 4947 neque
3057 4899 3183 4939 caro
3218 4884 3467 4938 hesterna
3506 4884 3587 4938 in-
3640 4930 3655 4945 ι

2020 4979 2201 5033 troivit
2230 4982 2281 5031 in
2317 4994 2380 5033 os
2412 4992 2611 5031 meum.
2660 4995 2677 5028 ι
2716 4979 2791 5031 De
2818 4990 2924 5044 quo
2969 4989 3112 5044 saepe
3163 4975 3302 5043 apud
3362 4984 3589 5029 memet-

2018 5071 2193 5140 ipsum
2251 5071 2594 5138 requirebam
2637 5082 2884 5137 quaenam
2958 5076 3101 5120 esset
3151 5067 3254 5121 ista
3312 5069 3588 5137 propheta:

2018 5162 2331 5227 exsultatio,
2373 5176 2477 5228 qua
2510 5159 2661 5213 velut
2706 5173 2958 5225 magnum
2997 5157 3197 5227 aliquid
3254 5169 3378 5213 ante
3422 5158 3583 5215 Deum

2018 5253 2304 5323 proferret,
2335 5261 2387 5304 et
2415 5251 2641 5313 diceret,
2669 5249 2794 5319 quia
2828 5263 3100 5317 nunquam
3126 5263 3343 5303 carnem
3378 5250 3588 5305 hester-

2027 5347 2071 5379 ³⁸
2104 5346 2258 5409 ibid.,
2293 5346 2343 5398 7.
2426 5343 2471 5373 ³⁸
2506 5343 2633 5396 ibid.
2664 5340 2747 5396 I5.
2825 5340 2865 5370 ³⁷
2900 5338 2915 5393 Ι
2945 5339 3068 5394 Cor.
3099 5354 3180 5403 Ill,
3219 5342 3273 5393 ‘2.
3351 5342 3394 5373 ³⁸
3428 5342 3581 5399 Boni,

346 5409 678 5495 nui—"'5?
704 5409 939 5492 nam,
974 5425 1061 5479 14.
1136 5409 1617 5487 ‘°Matth.xvt,6.
1693 5416 1915 5472 “LCo

2020 5418 2203 5484 tv,55.
2284 5415 2327 5444 ³³
2357 5412 2461 5466 Tit.
2496 5430 2531 5474 ι,
2566 5413 2652 5464 12.
2730 5411 2775 5440 "
2811 5409 2985 5464 Levit.
3016 5426 3110 5473 vn,
3140 5413 3225 5465 15.
3303 5412 3348 5443 ⁸⁸
3383 5414 3582 5465 Ezech.

344 5515 419 5563 tv,
459 5502 541 5555 t4.

416 5596 527 5664 (43)
567 5596 687 5661 Ms.,
725 5614 743 5646 ε
782 5602 964 5664 erunt.
1008 5609 1026 5642 ι
1063 5589 1217 5643 Libb.
1253 5585 1407 5652 editi,
1442 5603 1460 5637 ι
1495 5583 1682 5639 edunt.
1711 5602 1729 5635 ι

412 5662 523 5733 (in)
552 5666 675 5727 Ms.,
710 5685 727 5715 ‹
756 5662 1063 5735 οίῖρνθιιιςὲβἶ
1106 5680 1124 5710 ι
1252 5729 1262 5735 _
1290 5728 1301 5735 _
1498 5725 1507 5735 _
1535 5726 1546 5735 .
1660 5722 1670 5735 .

416 5725 526 5807 (47)
568 5725 715 5788 Libb.
756 5744 909 5786 antea
938 5732 1090 5794 editi,
1122 5748 1137 5779 ι
1173 5728 1302 5796 q‘uid
1337 5742 1464 5796 ergo
1498 5725 1581 5777 lzic
1628 5725 1695 5775 sit
1746 5736 1910 5791 agen-

748 5835 1015 5895 Pn‘aou
1066 5830 1181 5888 Ca.
1222 5827 1356 5887 ΧΗ.

2026 5580 2174 5640 dum,
2200 5575 2496 5635 videamus,
2534 5590 2552 5622 ι
2594 5571 2686 5624 sed
2716 5584 2813 5623 ms.
2846 5576 2903 5622 ut
2938 5568 2989 5621 in
3023 5577 3204 5622 nostro
3226 5575 3392 5622 textu.
3420 5568 3587 5627 Paulo

2025 5658 2149 5720 post
2194 5647 2329 5700 idem
2359 5659 2508 5720 _n_:s.,
2544 5659 2561 5692 ι
2613 5640 2894 5720 tradebant
2966 5640 3304 5693 traditiones.
3356 5660 3375 5692 ι
3426 5641 3581 5700 Libb.

2024 5711 2174 5781 "cum,
2209 5735 2225 5764 ι
2256 5713 2532 5767 tradebant
2563 5711 2928 5767 traditionem.
2961 5728 2980 5761 ο

3266 5812 3292 5825 ν

3228 5812 3297 5869 15
