4106 6246
592 349 696 401 439

2050 344 2371 401 dilictile

3744 356 3873 412 ιω

599 483 720 522 nam
758 464 1098 519 manducavi.
1136 462 1266 527 Sed,
1292 472 1349 515 ut
1384 463 1560 528 video,
1596 463 1724 517 hinc
1756 464 2000 530 edoctus,
2024 475 2075 518 et
2102 481 2151 517 et

2342 465 2393 517 9.
2430 465 2635 519 Dicitur
2667 480 2794 533 ergo
2842 464 2894 516 in
2930 464 3283 532 sequentibus
3310 466 3375 529 δ’,
3420 485 3436 516 t
3473 466 3615 535 quod
3666 469 3711 521 si
3748 486 3868 523 vo-

599 561 717 615 istis
747 558 983 612 imbutus
1028 556 1323 624 mysteriis,
1363 556 1476 609 haec
1520 558 1783 625 propheta
1845 557 2164 626 loquebatur

598 654 663 707 ad
697 650 1001 713 Dominam,
1030 650 1153 716 quia
1188 661 1291 701 non
1325 648 1394 701 ita
1428 647 1671 716 abjeetus
1697 660 1749 704 et
1778 651 2016 720 degener
2041 666 2158 704 sum

597 742 871 805 sacerdos,
908 750 969 794 ut
1017 740 1311 803 hesternis,
1348 739 1398 792 id
1442 749 1524 793 est
1575 742 1853 795 veteribus
1909 742 2165 797 carnibus

597 846 803 886 vescar.
840 832 1038 884 Audite
1070 831 1204 895 haec,
1247 846 1439 885 omnes
1477 830 1686 884 Domini
1745 834 2076 896 sacerdotes,
2112 844 2166 888 et

594 923 849 975 attentius
876 922 1162 989 intelligite
1187 937 1305 989 qum
1354 923 1631 976 dicuntur.
1657 922 1797 976 Caro
1832 939 1950 990 quae
1984 940 2045 978 ex
2080 941 2165 979 sa-

591 1015 813 1068 crificiis
835 1013 1209 1068 sacerdotibus
1235 1013 1543 1083 deputatur,
1564 1015 1785 1068 verbum
1807 1015 1897 1068 Dei
1926 1026 2006 1069 est
2022 1017 2162 1084 quod

593 1102 645 1154 in
680 1101 919 1156 Ecclesia
957 1103 1177 1156 docent.
1208 1100 1311 1155 Pro
1362 1103 1463 1157 hoc
1499 1120 1628 1174 ergo
1682 1104 1866 1174 figuris
1921 1106 2165 1174 mysticis

590 1202 1022 1257 commonentur,
1060 1202 1118 1246 ut
1146 1208 1268 1248 cum
1303 1194 1546 1261 proferre
1582 1195 1647 1249 ad
1676 1196 1930 1265 populum
1960 1212 2167 1250 sermo-

591 1300 713 1339 nem
762 1286 1048 1355 coeperint,
1079 1299 1184 1339 non
1230 1285 1478 1340 hesterna
1510 1288 1807 1357 proferant,
1841 1304 1946 1342 non
1980 1297 2163 1341 vetera

593 1391 711 1445 qua:
744 1386 871 1430 sunt
906 1380 1201 1433 secundum
1233 1378 1469 1432 litteram
1504 1378 1917 1446 proloquantur,
1944 1379 2036 1433 sed
2069 1393 2165 1447 per

592 1470 818 1534 gratiam
858 1469 949 1522 Dei
986 1484 1124 1523 nova
1164 1485 1380 1539 semper
1431 1470 1754 1539 proferant,
1811 1480 1864 1524 et
1900 1469 2162 1538 spiritalia

587 1573 802 1628 semper
849 1560 1147 1614 inveniant.
1186 1560 1242 1614 Si
1280 1561 1423 1615 enim
1467 1576 1531 1615 ea
1565 1575 1684 1629 quae
1714 1560 1975 1615 didiceris
2010 1576 2037 1614 a
2065 1560 2152 1615 Ju-

588 1651 721 1705 dzeis
753 1650 1032 1715 hesterno,
1064 1651 1180 1705 haec
1214 1652 1370 1707 hodie
1407 1652 1459 1704 in
1492 1651 1731 1706 Ecclesia
1766 1654 2033 1719 proferas,
2062 1651 2161 1705 hoc

588 1750 674 1792 cst
687 1741 994 1795 hesternam
1016 1756 1231 1795 carnem
1251 1741 1505 1794 sacrificii
1526 1741 1710 1794 edere.
1741 1740 1797 1792 Si
1820 1742 2159 1803 meministis,

592 1831 833 1885 etiamin
863 1832 1138 1887 oblatione
1163 1832 1273 1904 (48)
1305 1833 1669 1911 primitiarutn
1700 1834 1886 1887 eodem
1916 1850 2163 1889 sermone

595 1939 720 1978 usus
741 1934 823 1978 est
844 1924 1141 1992 legislator,
1174 1935 1230 1977 ut
1261 1925 1390 1986 sint,
1423 1924 1622 1993 inquit,
1653 1941 1787 1977 nova
1818 1934 1871 1979 et
1902 1928 2160 1983 recentia.

596 2013 758 2067 Vides
790 2014 987 2082 ubique
1017 2030 1104 2078 ea,
1144 2030 1263 2085 qua:
1290 2015 1355 2069 ad
1386 2015 1570 2068 laudes
1603 2014 1694 2069 Dei
1724 2017 2001 2085 pertinent
2036 2020 2162 2086 (hoc

592 2107 732 2157 cutim
766 2113 850 2158 est
876 2106 1206 2159 sacrificium
1242 2105 1438 2175 laudis)
1476 2122 1637 2174 nova,
1669 2118 1724 2161 et
1763 2109 2000 2163 recentia
2041 2125 2162 2165 esse

590 2194 821 2261 debere,
874 2210 939 2248 ne
974 2194 1112 2249 forte
1163 2211 1283 2250 cum
1334 2206 1517 2252 vetera
1566 2199 1777 2268 profers
1814 2200 1864 2253 in
1900 2201 2159 2266 Ecclesia,

592 2285 730 2340 labia
771 2295 859 2339 tua
900 2286 1212 2354 loquantur,
1248 2297 1301 2339 et
1326 2304 1478 2343 mens
1526 2298 1615 2343 tua
1674 2291 1792 2346 sine
1850 2293 2027 2346 fructu
2064 2294 2157 2347 sit.

590 2374 695 2431 Sed
732 2376 854 2428 audi
887 2377 1014 2444 quid
1050 2377 1181 2431 dicit
1221 2378 1551 2447 Apostolus:
1590 2400 1607 2431 ι
1648 2383 1729 2445 Si,
1768 2384 1941 2452 inquit
1972 2387 2037 2450 ",
2072 2385 2156 2439 Io-

588 2484 727 2537 quar
781 2469 999 2536 linguis,
1037 2470 1263 2538 spiritus
1310 2486 1460 2527 meus
1512 2484 1652 2538 orat,
1691 2476 1786 2529 sed
1833 2492 1983 2530 mens
2041 2492 2157 2531 mea

588 2559 705 2615 sine
733 2557 905 2616 fructu
932 2569 1033 2617 est.
1066 2560 1203 2627 Quid
1234 2564 1397 2632 igitur
1427 2564 1546 2618 est?
1571 2564 1772 2629 Orabo,
1814 2567 2010 2635 inquit,
2048 2570 2160 2636 spi-

591 2656 715 2718 ritu,
748 2652 916 2708 orabo
950 2662 1003 2706 et
1061 2664 1282 2708 mente:
1318 2654 1538 2721 psallam
1573 2657 1794 2725 spiritu,
1846 2659 2069 2729 psallam
2105 2673 2159 2713 et

589 2754 789 2798 mente.
830 2761 849 2795 ι
882 2741 958 2797 Ita
994 2757 1122 2813 ergo
1160 2752 1213 2797 et
1247 2750 1298 2795 tu
1329 2743 1372 2795 si
1399 2758 1502 2795 non
1540 2758 1605 2797 ex
1654 2746 1956 2800 eruditione
1992 2745 2156 2815 spiri-

582 2836 680 2889 tali
710 2835 845 2908 (49),
874 2850 940 2889 ex
975 2834 1222 2889 doctrina
1258 2835 1444 2903 gratia:
1479 2835 1570 2889 Dei
1616 2848 1932 2904 praesentem
1965 2846 2020 2892 et
2072 2851 2159 2890 re-

584 2938 800 2982 centem
839 2925 1130 2996 protuleris
1165 2941 1470 2981 sermonem
1509 2928 1561 2980 in
1600 2925 1851 2982 laudibus
1897 2927 1988 2983 Dei
2026 2968 2043 2993 ,
2094 2943 2157 2984 os

584 3017 801 3087 quidem
835 3026 982 3070 tuum
1032 3017 1192 3072 offert
1246 3017 1580 3072 sacrificium
1634 3017 1833 3083 laudis,
1868 3020 1961 3073 sed
2002 3034 2155 3075 mens

586 3119 674 3160 tua
704 3123 800 3178 pro
829 3108 1117 3162 sterilitate
1173 3107 1443 3162 hesterna:
1473 3108 1654 3162 carnis
1699 3110 1968 3178 arguitur.
2019 3109 2151 3165 Nam

582 3209 636 3252 ct
665 3198 921 3254 Dominus
960 3213 1178 3266 panem,
1212 3213 1372 3267 quem
1424 3198 1702 3268 discipulis
1749 3200 1932 3266 dabat,
1980 3212 2036 3257 et
2066 3204 2153 3258 di-

557 3288 739 3342 :cebat
764 3286 845 3341 eis
873 3285 919 3317 “
947 3304 961 3341 :
1004 3304 1023 3337 ι
1052 3286 1298 3355 Accipite
1331 3294 1385 3340 et
1416 3288 1762 3355 manducate,
1797 3306 1815 3339 ι
1844 3304 1951 3342 non
1984 3290 2155 3345 distu-

558 3378 661 3443 'lit,
698 3390 797 3434 nec
834 3378 1042 3433 servari
1076 3377 1244 3447 jussit
1294 3378 1348 3432 in
1381 3378 1712 3433 crastinum.
1774 3378 1888 3435 Hoc
1921 3379 2151 3438 fortasse

581 3469 827 3540 mysterii
854 3470 1165 3526 continetur
1189 3470 1354 3525 etiam
1387 3470 1439 3524 in
1466 3484 1531 3524 eo
1560 3470 1703 3539 quod
1728 3485 1922 3539 panem
1945 3474 2149 3542 portari

578 3558 854 3628 noujubet
886 3560 940 3613 in
974 3559 1061 3613 via
1099 3569 1156 3612 ut
1182 3573 1400 3630 semper
1434 3568 1703 3624 recentes,
1757 3574 1892 3629 quos
1925 3563 2066 3615 intra
2102 3572 2151 3619 te

576 3650 740 3721 geris,
768 3651 922 3708 verbi
950 3650 1049 3705 Dei
1080 3665 1246 3719 panes
1271 3652 1539 3720 proferas.
1563 3650 1805 3722 Denique
1835 3650 2150 3711 Gabaonitre

573 3741 655 3797 illi
688 3750 978 3813 propterea
1004 3741 1457 3810 condenmantur,
1489 3752 1545 3798 et
1571 3742 1698 3813 ligni
1746 3757 1976 3798 caesores
2006 3785 2020 3810 ,
2065 3745 2147 3798 vel

577 3847 735 3899 aquae
763 3840 1065 3901 gestatores
1094 3832 1231 3885 fiunt
1272 3833 1360 3900 qui
1397 3848 1564 3902 panes
1612 3845 1822 3889 veteres
1871 3836 1937 3888 ad
1974 3834 2148 3890 Israe-

574 3921 705 3976 litas
730 3920 1077 3983 detulerunt,
1112 3920 1311 3987 quibus
1356 3919 1439 3973 lex
1472 3922 1737 3989 spiritalis
1759 3922 1983 3988 jubebat
2005 3940 2145 3977 sem-

574 4027 675 4081 per
710 4013 783 4066 uti
821 4013 1128 4065 recentibus
1153 4020 1208 4063 et
1244 4014 1396 4065 novis
1426 4013 1489 4066 ".
1524 4013 1641 4066 Alia
1668 4027 1799 4068 sane
1832 4028 2145 4068 sacramen-

579 4113 754 4157 torum
798 4101 965 4171 figura
993 4110 1073 4155 est
1102 4142 1116 4168 ,
1151 4116 1271 4170 quae
1322 4100 1476 4171 jubet
1523 4102 1687 4156 etiam
1718 4103 1770 4157 in
1830 4103 1995 4158 altera
2031 4107 2140 4171 die,

572 4190 717 4259 quod
764 4190 1091 4259 superfuerit
1145 4192 1231 4246 edi
1263 4230 1278 4257 ,
1312 4190 1449 4244 nihil
1484 4204 1613 4246 vero
1645 4191 1699 4245 in
1751 4192 1963 4247 tertiam
2000 4195 2139 4249 diem

556 4281 864 4347 :reservari,
894 4280 960 4335 de
989 4296 1095 4351 qua
1121 4281 1233 4337 suis
1262 4280 1396 4336 locis
1422 4281 1740 4338 videbimus.
1772 4283 1878 4337 Sed
1916 4300 1985 4339 ne
2009 4285 2137 4338 illud

545 4406 552 4418 .
570 4371 786 4439 quidem
811 4386 910 4427 nos
926 4371 1104 4439 lateat,
1116 4385 1233 4427 esse
1247 4370 1511 4442 quoddam
1526 4381 1757 4445 tempus,
1771 4373 1823 4427 in
1840 4389 1948 4444 quo
1976 4375 2138 4429 bene-

2262 555 2600 622 ‘tum‘fuerit,
2635 566 2725 608 aut
2756 557 2798 608 si
2834 558 3195 609 voluntarium
3222 558 3615 611 sacrificaverit
3646 576 3869 617 munus

2267 663 2424 702 suum
2453 689 2466 713 ,
2508 663 2831 717 quacunque
2858 648 2943 701 die
2981 648 3238 701 obtulerit
3274 650 3606 702 sacrificium
3658 665 3866 716 suum,

2264 741 2459 795 edetur
2484 751 2539 793 et
2566 739 2732 792 altera
2766 739 2871 793 die.
2904 738 2969 792 Et
3001 739 3143 806 quod
3179 754 3328 807 super
3346 738 3508 793 fuerit
3551 740 3617 796 de
3659 745 3867 797 carni-

2267 832 2368 885 bus
2398 830 2653 885 sacrificii
2690 844 2861 898 usque
2903 830 2954 882 in
3010 830 3151 883 diem
3187 832 3426 893 tertium,
3477 832 3598 901 igne
3626 848 3867 888 crema-

2266 920 2432 976 bitur.
2466 920 2521 974 Si
2549 929 2728 974 autem
2764 921 3098 975 manducaus
3124 922 3535 975 manducaverit
3569 940 3632 978 ex
3661 927 3867 979 carni-

2266 1013 2367 1067 bus
2389 1014 2475 1067 die
2507 1013 2689 1074 tertia,
2727 1028 2830 1066 non
2863 1012 2967 1065 erit
2997 1024 3278 1081 acceptum
3314 1014 3386 1076 ei,
3436 1015 3527 1083 qui
3584 1016 3744 1070 offert
3785 1017 3859 1071 il-

2269 1106 2378 1170 lud,
2417 1120 2520 1158 non
2558 1104 2895 1173 reputabitur
2943 1104 3014 1167 ei,
3065 1105 3441 1174 coinquinatio
3478 1116 3590 1163 est.
3638 1109 3850 1164 Anima

2267 1206 2446 1249 autem
2476 1196 2520 1250 si
2558 1211 2662 1264 qua
2696 1196 3106 1251 manducaverit
3139 1212 3204 1250 ex
3240 1212 3324 1263 co,
3361 1210 3646 1266 peccatum
3697 1204 3854 1257 acci-

2268 1288 2396 1355 piet.
2438 1304 2455 1336 ο
2510 1283 2623 1339 lloc
2671 1295 2755 1339 est
2789 1285 3044 1339 nimirum
3081 1286 3225 1354 quod
3267 1295 3320 1339 et
3375 1286 3542 1341 David
3596 1291 3727 1345 dicit
3786 1296 3847 1346 in

2265 1377 2500 1433 Psalmis
2523 1378 2605 1430 "z
2633 1395 2651 1426 ‹
2683 1376 2802 1430 Fiat
2824 1379 3000 1431 oratio
3024 1379 3139 1445 ejus
3163 1376 3217 1429 in
3246 1387 3554 1446 peceatum,
3582 1399 3602 1432 ι
3628 1384 3847 1450 quando

2268 1485 2373 1523 non
2402 1469 2576 1524 solum
2608 1469 2741 1522 nihil
2773 1469 2980 1532 meriti,
3004 1468 3099 1522 sed
3127 1468 3292 1522 etiam
3318 1469 3490 1536 culpre
3514 1473 3744 1528 multum
3773 1491 3837 1531 ex

2265 1561 2549 1617 sacrificiis
2586 1562 2867 1631 quteritur.
2933 1560 3103 1616 Audis
3157 1562 3301 1616 enim
3345 1563 3707 1633 Iegislatorem
3743 1571 3836 1625 de-

2265 1664 2513 1716 cernere,
2550 1651 2677 1720 quia
2706 1650 2749 1705 si
2788 1652 2911 1721 quis
2944 1653 3353 1707 manducaverit
3390 1670 3455 1708 ex
3488 1672 3551 1710 eo
3578 1660 3721 1727 quod
3742 1676 3833 1713 su-

2263 1740 2527 1810 perfuerit
2550 1743 2602 1795 in
2638 1742 2853 1795 tertiam
2884 1742 3048 1806 diem,
3084 1753 3369 1812 peccatum
3400 1748 3636 1815 accipiet.
3673 1748 3826 1804 Unde

2196 1811 2237 1869 Β
2266 1837 2695 1905 cognoscendum
2735 1844 2818 1890 est
2844 1845 3046 1903 quanta
3087 1811 3351 1891 humana:
3383 1811 3662 1895 conditioni
3694 1856 3817 1910 pec-

2263 1936 2506 1981 catorum
2535 1925 2681 1980 Iabes
2718 1925 3001 1981 immineat
3032 1966 3046 1991 ,
3086 1941 3209 1981 cum
3238 1928 3448 1985 oriatur
3492 1930 3654 1984 etiam
3700 1932 3818 1985 inde

2264 2026 2570 2086 peccatum,
2607 2017 2747 2069 unde
2777 2015 2951 2069 hostia
2988 2016 3398 2085 propitiationis
3426 2018 3669 2073 offertur.
3708 2018 3826 2076 llaec

2262 2106 2424 2160 credo
2455 2105 2616 2173 212
2670 2103 3019 2158 considerans
3051 2103 3238 2158 beatus
3273 2104 3483 2169 David,
3517 2106 3729 2161 dicebat
3781 2108 3828 2159 in

2263 2197 2490 2252 Psalmis
2520 2198 2563 2228 ⁸¹
2594 2212 2608 2251 :
2650 2215 2667 2246 ι
2704 2196 2931 2250 l’eccata
2979 2196 3102 2267 quis
3128 2196 3421 2266 intelligit?
3457 2216 3473 2248 ι
3516 2198 3633 2251 Voti
3672 2197 3832 2265 igitur

2262 2300 2315 2345 et
2344 2288 2637 2343 voluntatis
2659 2288 2989 2341 sacrificium
3010 2296 3114 2351 est,
3141 2302 3248 2355 quo
3270 2296 3325 2339 et
3357 2288 3591 2341 secunda
3617 2288 3829 2355 quidem

2260 2380 2348 2435 die
2377 2380 2520 2433 vesci
2555 2378 2637 2431 fas
2664 2387 2765 2441 est,
2809 2378 3025 2446 penitus
3053 2391 3181 2431 vero
3211 2377 3490 2446 abjuratur
3515 2378 3567 2431 in
3596 2379 3826 2431 tertiam.

2263 2471 2368 2525 Sed
2404 2470 2498 2523 dat
2539 2470 2836 2526 remedium
2876 2466 3289 2537 negligentibus.
3325 2468 3407 2533 Si,
3445 2469 3646 2538 inquit,
3682 2469 3832 2522 inva-

2261 2560 2402 2613 lidus
2426 2560 2615 2621 fueris,
2652 2570 2705 2614 et
2729 2574 2835 2612 non
2869 2558 3115 2628 p0tueris
3139 2573 3329 2613 omnes
3357 2573 3549 2613 carnes
3576 2560 3827 2613 sacrificii

2260 2652 2495 2706 secunda
2534 2650 2690 2704 finire
2720 2650 2829 2713 die,
2861 2649 2996 2703 nihil
3022 2650 3090 2703 de
3138 2649 3223 2704 his
3258 2651 3311 2704 in
3343 2651 3432 2705 die
3472 2652 3627 2704 tertia
3654 2666 3832 2706 come-

2260 2743 2377 2806 das,
2414 2741 2506 2796 sed
2547 2740 2654 2810 igni
2694 2742 2845 2795 trade
2879 2740 3022 2809 quod
3058 2750 3330 2810 superest.
3367 2742 3422 2797 Si
3456 2744 3601 2796 enim
3647 2744 3830 2798 volue-

2258 2832 2335 2887 ris
2361 2842 2480 2903 post
2512 2832 2646 2886 duos
2671 2831 2787 2885 dies
2822 2832 3156 2887 manducare
3182 2830 3249 2886 de
3304 2832 3599 2897 sacrificio,
3628 2847 3825 2899 pet-ca-

2260 2936 2371 2980 tum
2409 2925 2667 2994 accipies.
2700 2923 2834 2993 Ego,
2871 2933 3033 2992 prout
3063 2937 3259 2979 sensus
3290 2922 3397 2977 mei
3428 2924 3700 2993 capacitas
3727 2926 3825 2978 ha-

2257 3017 2370 3081 bet,
2425 3016 2477 3070 in
2516 3016 2620 3070 hoc
2650 3015 2814 3069 biduo
2842 3022 2970 3082 puto
3001 3014 3106 3069 duo
3136 3023 3459 3070 testamenta
3497 3016 3740 3085 intelligi,
3773 3016 3824 3069 in

2257 3109 2456 3180 quibus
2486 3108 2649 3163 liceat
2677 3120 2841 3161 omne
2868 3107 3091 3161 verbum
3118 3109 3256 3176 quod
3292 3107 3357 3161 ad
3390 3107 3556 3160 Deum
3593 3110 3827 3177 pertinet

2262 3202 2411 3273 (hoc
2448 3200 2590 3255 enim
2626 3208 2704 3253 est
2751 3196 3112 3270 sacrificium)
3164 3200 3365 3268 requiri
3399 3239 3416 3265 ,
3475 3209 3527 3252 et
3584 3200 3777 3253 discuti
3805 3242 3819 3260 .

2260 3300 2422 3359 atque
2459 3304 2526 3343 ex
2569 3288 2699 3358 ipsis
2735 3303 2952 3343 omnem
3005 3300 3186 3340 rerum
3238 3285 3523 3340 scientiam
3557 3286 3700 3353 capi.
3763 3283 3818 3337 Si

2259 3380 2387 3449 quid
2433 3388 2615 3433 autem
2662 3378 3029 3448 superfuerit,
3080 3376 3226 3445 quod
3277 3391 3383 3430 non
3441 3375 3625 3430 divina
3673 3376 3824 3430 Scri-

2264 3482 2421 3541 ptura
2454 3471 2747 3537 decernat,
2778 3469 2979 3523 nullam
3024 3467 3187 3522 aliam
3230 3468 3441 3522 tertiam
3499 3467 3824 3536 scripturam

2258 3562 2454 3615 debere
2486 3561 2549 3613 ad
2591 3560 2972 3614 auctoritatem
2993 3557 3234 3612 scientiae
3273 3556 3499 3626 suscipi,
3535 3558 3663 3627 quia
3706 3559 3822 3612 haec

2256 3651 2373 3706 dies
2426 3652 2581 3707 tertia
2630 3650 2987 3714 netninatur,
3035 3646 3131 3703 sed
3186 3647 3295 3716 igni
3339 3648 3618 3702 tradamus
3677 3649 3819 3717 quod

2256 3753 2524 3812 superest,
2557 3744 2607 3796 id
2640 3751 2727 3796 est
2778 3741 2888 3795 Deo
2938 3752 3300 3793 reservemus.
3347 3736 3533 3805 Neque
3569 3746 3714 3793 enim
3769 3742 3819 3793 in

2254 3833 2509 3904 praesenti
2540 3831 2647 3884 vita
2685 3830 2825 3884 Deus
2851 3828 2992 3883 scire
3020 3841 3117 3882 nos
3147 3828 3328 3882 omnia
3370 3827 3555 3891 voluit,
3591 3829 3821 3884 maxime

2254 3939 2375 3978 cum
2394 3932 2446 3976 et
2463 3922 2511 3975 id
2528 3920 2815 3992 Apostolus
2837 3920 2984 3973 dicat
3006 3916 3051 3951 “
3078 3933 3096 3973 :
3127 3936 3145 3971 ε
3178 3917 3313 3985 Quia
3336 3934 3401 3972 ex
3430 3928 3585 3986 parte
3601 3921 3817 3982 senatus,

2252 4025 2306 4069 et
2335 4028 2398 4068 ex
2429 4020 2586 4081 parte
2620 4012 3029 4082 prophetatnus.
3066 4009 3199 4066 Cum
3231 4012 3439 4063 venerit
3467 4019 3652 4064 autem
3680 4013 3817 4079 quod

2251 4102 2546 4173 perfectum
2577 4112 2680 4167 est,
2709 4101 3057 4156 destruentur
3087 4099 3173 4153 illa
3196 4114 3317 4168 quae
3344 4115 3407 4153 ex
3436 4111 3592 4168 parte
3615 4109 3758 4153 sunt.
3794 4118 3811 4151 ι

2250 4193 2357 4250 Iste
2384 4208 2465 4248 est
2497 4208 2626 4262 ergo
2655 4192 2817 4263 ignis,
2846 4192 2934 4244 cui
2959 4204 3079 4257 quae
3112 4190 3163 4243 in
3200 4190 3419 4244 tertium
3454 4190 3595 4244 diem
3626 4206 3818 4259 super-

2249 4283 2491 4349 fuerint,
2529 4297 2747 4339 servare
2783 4281 3061 4343 debemus,
3091 4289 3145 4334 et
3192 4295 3297 4334 non
3337 4282 3642 4336 temeritate
3673 4269 3833 4351 prae-1

2245 4388 2454 4443 sumpta
2469 4388 2805 4431 assumamus
2822 4370 2975 4425 nobis
2993 4380 3307 4424 cunctorum
3327 4371 3624 4439 scientiam,
3644 4382 3700 4427 ut
3721 4389 3830 4429 me-

545 4463 739 4519 -tlictio
794 4463 864 4518 sit
912 4463 1185 4518 veteribus
1220 4463 1385 4518 vesci.
1432 4462 1566 4517 Nam
1600 4464 1664 4518 de
1691 4478 1833 4518 anno
1882 4466 2135 4533 septimo,
2170 4485 2212 4540 υ
2247 4459 3392 4530 ritonobisdicaturabeodemApostoln":t
3413 4462 3713 4517 nescientes
3730 4480 3821 4517 ne-

550 4552 660 4620 Aqui
688 4553 1023 4608 remissionis
1050 4566 1224 4605 annus
1252 4551 1336 4606 vel
1359 4551 1669 4606 sabbatieus
1702 4554 2033 4615 nominatur,
2064 4557 2133 4610 ita

554 4640 770 4695 dicitur
798 4640 843 4675 ⁸⁸
873 4660 887 4697 :
926 4660 944 4693 ι
988 4639 1358 4708 Manducabis,
1404 4641 1602 4711 inquit,
1630 4650 1831 4708 vetera,
1867 4654 1918 4699 et
1953 4656 2132 4700 vetera

567 4741 833 4789 veterum.
879 4750 898 4785 ι
932 4730 1083 4787 Tunc
1111 4732 1211 4785 sub
1239 4730 1453 4799 septimi
1493 4732 1617 4785 anni
1659 4735 1936 4804 mysterio,
1967 4746 2023 4789 ut
2051 4737 2135 4790 di-

566 4823 763 4887 ximus,
796 4821 1105 4877 benedictio
1135 4829 1218 4874 est
1248 4828 1430 4875 vetera
1458 4820 1804 4889 manducare,
1837 4838 1979 4878 nunc
2004 4838 2133 4878 vero

566 4913 910 4983 prohibetur.
951 4912 1059 4966 Sed
1092 4911 1290 4966 multus
1338 4921 1423 4965 est
1459 4923 1717 4966 excessus
1770 4912 1979 4967 haerere
2036 4928 2131 4982 per

567 5005 681 5060 haec
712 5006 922 5075 singula
976 5002 1086 5076 (50)
1118 5044 1132 5067 ,
1186 5012 1241 5058 et
1271 5018 1334 5057 ex
1366 5003 1651 5057 occasione
1700 5004 2128 5060 testimoniorqu

566 5098 776 5167 longius
803 5098 1019 5166 evagari
1044 5137 1058 5162 ,
1092 5109 1212 5149 cum
1238 5095 1551 5163 explanatio
1576 5109 1719 5149 nunc
1742 5098 2128 5153 sacrificiorum

560 5189 825 5243 habeatur
866 5189 919 5243 in
961 5188 1230 5243 manibus.

665 5326 710 5359 ⁸³
743 5325 911 5383 ICor.
941 5343 1032 5380 xw
1057 5327 1191 5390 ,14.

554 5394 605 5429 ⁸⁸
633 5395 780 5465 Psal.
821 5411 933 5463 cu,
964 5397 1021 5452 7.
1135 5397 1177 5428 "
1208 5397 1354 5453 Psal.
1404 5414 1556 5464 xvnt,
1589 5400 1674 5453 {3.

625 5533 736 5605 (48)
770 5534 889 5597 ML,
915 5554 934 5588 ι
966 5535 1287 5590 ohlationea
1312 5536 1467 5591 Libh.
1489 5538 1644 5602 editi,
1672 5555 1691 5589 ι
1712 5537 2068 5592 oblationem.
2099 5554 2115 5586 ι

630 5606 741 5675 (l9)
779 5606 932 5659 Libb.
964 5613 1119 5657 antea
1146 5607 1298 5669 etltti,
1340 5624 1357 5656 σ
1389 5605 1665 5660 Psalmum
1695 5609 1870 5661 dicam
1902 5608 2120 5672 spiritu,

543 5674 820 5740 psalmum
853 5677 1027 5745 dicam
1072 5683 1127 5726 et
1180 5686 1378 5729 mente.
1429 5676 1500 5728 Ita
1544 5692 1674 5745 ergo
1718 5688 1772 5728 et
1826 5687 1876 5728 tu
1909 5678 2022 5728 sive
2052 5690 2119 5728 ex

559 5744 858 5799 eruditione
898 5744 1148 5811 spiritali,
1179 5753 1228 5797 et
1260 5762 1326 5797 cx
1364 5747 1504 5799 dono
1538 5744 1724 5814 gratim
1767 5747 1879 5811 Dei,
1917 5764 1934 5795 ι
1971 5754 2120 5813 etc.;

1304 5328 1349 5359 “
1382 5327 1568 5383 Matth.
1624 5344 1787 5391 XXVI,
1828 5328 1919 5382 26.

2031 5328 2073 5358 "
2103 5324 2218 5380 Jus.
2256 5342 2330 5379 Ix.

1790 5400 1834 5431 ⁸¹
1878 5399 1896 5451 l
1942 5396 2065 5453 Cur.
2104 5396 2281 5460 xnt,9.

2242 4576 2346 4630 que
2363 4574 2480 4628 quae
2498 4559 2989 4629 loquuntur,neque
3002 4559 3065 4611 de
3083 4558 3277 4627 quibus
3290 4556 3578 4611 afﬁrmant.
3594 4574 3611 4606 ι
3624 4553 3693 4609 Ne
3716 4554 3821 4609 for-

2244 4661 2295 4705 te
2322 4666 2451 4718 ergo
2469 4665 2572 4704 non
2600 4648 2990 4717 fiatacceptnm
3008 4649 3332 4703 sacrificium
3358 4657 3693 4714 nostrutn,et
3714 4647 3819 4702 hoc

2241 4744 2411 4811 ipsum
2429 4740 2571 4808 quod
2584 4756 2645 4794 ex
2663 4740 2858 4793 divinis
2873 4738 3167 4807 Scripturis
3180 4739 3718 4807 cupimusseientiam
3735 4754 3820 4791 ca-

2240 4846 2389 4900 pere,
2408 4838 2646 4884 vertatur
2664 4829 2882 4881 nobisin
2901 4836 3486 4896 peccatum,servemus
3501 4842 3591 4881 eas
3605 4842 3817 4881 mensu-

2241 4934 2489 4987 ras,quas
2509 4920 2661 4972 nobis
2674 4933 2766 4986 per
2783 4918 3144 4987 legislatorem
3165 4917 3246 4970 lex
3266 4917 3526 4985 spiritalis
3543 4916 3811 4970 enuntiat.

2314 5009 2400 5060 10.
2459 5025 2477 5058 ι
2531 5008 2596 5059 Et
2647 5022 2839 5060 carnes
2890 5021 3227 5075 quacunque
3288 5015 3444 5059 tacta:
3482 5004 3683 5057 fuerint
3744 5005 3811 5056 ab

2240 5097 2387 5149 omni
2428 5094 2724 5157 immundo,
2758 5111 2861 5148 non
2897 5095 3385 5159 manducabuntur,
3440 5094 3547 5165 igni
3596 5108 3808 5147 crema-

2242 5186 2464 5240 buutur.
2496 5184 2686 5239 Omnis
2716 5186 2946 5239 mundus
2976 5184 3322 5238 manducabit
3356 5198 3570 5251 carnes,
3603 5194 3657 5236 et
3690 5182 3810 5235 ani-

2444 5323 2487 5355 ⁸⁸
2519 5323 2690 5377 Levit.
2727 5338 2855 5389 xxv,
2883 5323 2972 5378 22.
3082 5323 3125 5355 ”
3157 5321 3330 5378 Levit.
3358 5335 3452 5376 vu.
3484 5321 3573 5385 l6,
3606 5317 3808 5385 17,18.

2392 5394 2437 5425 ³³
2472 5394 2485 5446 I
2546 5393 2684 5447 Tim.
2733 5409 2769 5461 ι,
2804 5395 2855 5446 7.

2228 5534 2322 5588 sed
2361 5550 2460 5585 ms.
2500 5541 2556 5584 ut
2590 5533 2639 5585 in
2678 5540 2866 5587 nostro
2901 5539 3074 5585 textu.

2304 5604 2414 5673 (50)
2446 5602 2564 5664 llls.,
2612 5622 2629 5653 ε
2664 5604 2886 5655 multum
2925 5613 3007 5656 est
3030 5616 3287 5656 estessns
3318 5601 3519 5654 habere
3555 5615 3649 5673 per
3687 5598 3804 5653 haec

2230 5672 2459 5742 singula.
2497 5692 2515 5725 ο
2556 5672 2717 5725 l‘attlu
2742 5682 2859 5741 post
2894 5673 3023 5727 libb.
3051 5674 3202 5734 editi,
3241 5690 3257 5720 ε
3292 5687 3413 5724 cmu
3460 5672 3802 5738 explanatio-

2232 5741 2353 5797 nem
2389 5744 2779 5797 sacrificiorum
2811 5744 3103 5795 habeamus
3136 5743 3187 5795 in
3222 5741 3489 5794 utatnbus.
3531 5762 3547 5791 ι
