4106 6246
456 267 553 325 Mil

1633 273 1698 327 IN
1738 268 2113 326 LEVITICUM
2156 267 2440 323 ilOillLlA
2486 270 2545 323 Υ.

3614 276 3720 331 462

455 401 544 443 ma
572 400 909 455 quaecunque
939 388 1345 443 manuueaverit
1380 403 1571 443 carnes
1602 389 1858 443 sacriﬁcii
1896 389 2039 440 salu-
2072 385 2117 438 Α
2147 384 2472 437 sanctilicati
2508 393 2690 436 essent
2716 385 2864 450 prius
2896 395 2948 439 et
2979 386 3158 440 mutuli
3190 386 3389 452 effecti,
3419 403 3613 445 carnes
3638 393 3720 448 eis

454 479 591 534 taris
620 480 766 547 quod
783 489 865 533 est
906 479 1133 533 Domino
1158 520 1174 542 ,
1246 489 1299 535 et
1355 480 1695 535 immunditia
1730 480 1847 547 ejus
1887 480 1938 533 iu
1974 493 2039 531 eo

457 566 649 633 fuerit,
683 570 879 639 peribit
908 569 1086 624 anima
1142 570 1232 624 illa
1266 572 1333 625 de
1370 570 1569 640 p0pulo
1600 585 1719 624 suo.
1754 570 1821 624 Et
1857 570 2039 623 anima

457 675 801 732 quzecuuque
838 663 1078 733 tetigerit
1108 679 1326 718 omnem
1384 679 1496 717 rem
1529 664 1904 729 immundam,
1956 662 2038 717 vel

459 758 528 810 ab
564 756 902 810 immunditia
936 756 1191 820 hominis,
1224 754 1307 811 vel
1348 756 1763 825 quadrupedum
1798 755 2037 809 immun-

457 845 678 910 dorum,
715 846 798 900 vel
834 847 901 900 ab
936 847 1083 901 omni
1114 847 1557 901 abominamento
1587 845 1702 917 (5|)
1734 845 2034 914 immundo,

458 945 515 989 et
566 936 978 990 manducaverit
1035 951 1101 991 ex
1152 936 1411 991 carnibus
1461 935 1717 990 sacriﬁcii
1777 934 2037 989 salutaris

457 1028 600 1096 quod
661 1040 746 1083 est
780 1027 1016 1094 Domini,
1069 1028 1262 1096 peribit
1318 1029 1502 1082 anima
1577 1027 1667 1082 illa
1720 1028 1787 1081 de
1839 1027 2037 1097 populo

457 1134 558 1176 suo
582 1120 652 1175 “.
685 1139 702 1172 ι
739 1118 1004 1190 Triplices
1028 1120 1392 1175 immunditiae
1414 1135 1609 1175 causas
1634 1121 1719 1174 hic
1758 1120 2038 1190 legislalor

458 1212 730 1281 exposuit.
764 1211 961 1277 Unam,
996 1227 1063 1267 ne
1091 1228 1286 1285 carnes
1313 1211 1705 1267 sacrificiorum
1732 1212 1909 1282 aliqua
1942 1214 2040 1266 im-

457 1305 722 1359 munditia
746 1305 1151 1375 contingantur.
1186 1305 1387 1369 Aliam,
1409 1322 1476 1361 ne
1496 1306 1541 1360 is
1572 1306 1661 1374 qui
1692 1307 1802 1360 edit
1836 1321 2035 1360 carnes

457 1395 713 1450 sacriﬁcii
748 1396 1062 1452 immundus
1094 1397 1187 1462 sit,
1227 1407 1283 1452 et
1315 1396 1656 1452 immunditia
1683 1395 1803 1465 ejus
1827 1398 1879 1449 in
1916 1398 2033 1466 ipso

460 1490 552 1544 sit.
595 1488 859 1554 Tertiam,
913 1492 1056 1558 quod
1114 1490 1213 1545 etsi
1275 1504 1468 1545 carnes
1521 1488 1733 1544 mundae
1778 1490 1927 1553 sint,
1983 1500 2038 1545 et

461 1579 578 1649 ipse
603 1580 694 1649 qui
749 1579 859 1635 edit
888 1582 1131 1635 mundus
1163 1580 1254 1646 sit,
1293 1589 1469 1634 tamen
1502 1595 1570 1634 ne
1603 1582 1890 1650 contigerit
1942 1584 2037 1636 ali-

455 1670 584 1740 quid
615 1670 971 1733 immundum,
998 1672 1082 1725 vel
1110 1688 1136 1724 a
1165 1671 1454 1740 pecoribus
1480 1671 1565 1724 vel
1586 1674 1653 1725 ab
1680 1674 1872 1729 avibus
1898 1673 2033 1746 (δὲ),

2144 489 2251 529 non
2278 476 2435 530 daret
2476 475 2638 530 Deus.
2696 474 2842 531 Bene
2874 486 3057 532 autem
3110 478 3449 537 clementiam
3501 484 3719 539 Domini

2144 564 2425 635 legislator
2456 568 2720 633 ostendit,
2760 577 2816 622 ut
2851 583 2956 623 non
2982 570 3191 627 diceret
3223 576 3347 644 quia
3396 592 3500 631 uou
3559 594 3717 633 man-

2142 657 2305 714 ducet
2352 674 2545 715 carnes
2601 661 2653 716 in
2707 676 2814 731 quo
2874 663 2975 716 fuit
3028 662 3411 735 immunditia,
3456 673 3549 726 sed
3603 674 3719 738 ait,

2144 749 2195 802 in
2225 765 2332 819 quo
2380 752 2719 807 immunditia
2746 754 2864 821 ejus
2898 754 2947 808 in
2997 756 3113 825 ipso
3145 768 3248 813 est.
3300 758 3470 815 Nemo
3511 766 3716 819 etenim

2143 843 2256 900 fere
2313 846 2597 900 invenitur
2619 886 2634 910 ,
2682 846 2733 898 in
2759 861 2867 914 quo
2902 861 3006 899 non
3038 847 3139 901 fuit
3169 849 3527 907 immunditia.
3568 854 3720 910 luve—

2141 935 2243 989 niri
2279 945 2456 991 autem
2484 945 2683 1006 potest,
2722 936 2773 990 in
2806 952 2914 1006 quo
2939 938 3106 993 fuerit
3137 941 3372 1009 quidem,
3407 944 3500 998 sed
3530 947 3715 1001 audita

2142 1026 2261 1097 lege
2288 1026 2501 1083 Domini
2531 1032 2672 1081 ultra
2708 1026 2822 1095 jam
2880 1044 2985 1083 non
3013 1030 3105 1084 sit.
3143 1032 3297 1098 Quod
3342 1034 3388 1089 si
3435 1049 3720 1105 permanet

2142 1118 2192 1170 in
2221 1132 2286 1171 eo
2321 1118 2666 1173 immunditia
2702 1134 2820 1185 sua,
2875 1128 2932 1174 et
2980 1121 3065 1177 bis
3096 1122 3298 1178 auditis
3326 1128 3572 1183 converti
3612 1144 3719 1185 non

2140 1206 2256 1259 vult
2297 1216 2351 1261 et
2381 1209 2658 1262 emendari
2687 1250 2701 1272 ,
2731 1210 2964 1279 peribit,
3020 1212 3239 1281 inquit,
3301 1216 3479 1271 anima
3533 1218 3622 1273 illa
3653 1221 3721 1277 de

2140 1298 2338 1368 populo
2366 1314 2485 1353 suo.
2521 1300 2705 1354 Tertia
2739 1311 2823 1355 est
2870 1304 3225 1360 iumiuuditite
3273 1307 3504 1377 species,
3536 1324 3641 1381 qua
3674 1313 3721 1371 is

2138 1389 2229 1458 qui
2256 1389 2493 1444 mundus
2519 1400 2622 1456 est,
2651 1391 2697 1445 si
2727 1392 2932 1462 aliquid
2963 1396 3191 1466 contigit
3224 1397 3585 1468 immundum,
3608 1418 3715 1459 non

2142 1489 2251 1534 tam
2278 1494 2378 1535 suo
2409 1492 2654 1551 peccato,
2681 1498 2841 1551 quam
2870 1484 3043 1539 aliena
3075 1489 3402 1558 contagione
3423 1491 3715 1560 polluitur;

2140 1579 2197 1623 ut
2224 1582 2352 1640 puta
2384 1571 2429 1625 si
2462 1572 2587 1640 quis
2624 1575 2867 1628 societur
2900 1576 3162 1632 amicitiis
3206 1589 3260 1633 et
3289 1583 3564 1639 consortio
3613 1584 3715 1640 ho-

2140 1662 2301 1717 minis
2331 1662 2505 1727 lividi,
2544 1664 2627 1719 vel
2659 1665 2934 1734 iracundi,
2964 1670 3047 1725 vel
3095 1671 3348 1739 adulteri,
3378 1684 3432 1729 et
3457 1676 3571 1747 ipse
3598 1679 3716 1748 qui-

457 1736 542 1812 vel
572 1775 638 1813 ex
671 1760 929 1815 omnibus
979 1775 1098 1829 qua:
1138 1762 1416 1815 immunda
1472 1764 1817 1829 pronuntiata
1881 1776 2027 1821 sunt.
2067 1736 2257 1807 Βάθιη
2320 1755 2557 1825 Propriis
2618 1757 2830 1814 θοῑίυυε
2880 1776 2989 1815 Ιιου
3070 1763 3346 1821 inseram?
3417 1769 3715 1827 sceleribus

460 1847 525 1903 Et
562 1850 673 1903 haec
713 1850 931 1919 quidem
969 1851 1221 1905 voluntas
1248 1862 1329 1906 est
1358 1851 1686 1921 legislatoris
1716 1855 1780 1908 de
1808 1856 1913 1909 ritu
1943 1872 2029 1911 sa.

458 1939 787 1995 criﬁciorum
829 1943 1194 2011 corporalium
1238 1942 1550 1997 saneieutis.
1587 1944 1893 2000 Secundum
1931 1964 2030 2001 uo-

458 2044 586 2085 strae
619 2046 746 2086 vero
774 2033 1135 2101 expositionis
1161 2034 1434 2101 ordinem,
1478 2036 1566 2090 ubi
1601 2052 1798 2092 carnes
1828 2050 2033 2095 sanctae

460 2126 622 2178 verba
658 2124 1035 2195 intelliguntur
1063 2125 1172 2196 (55)
1201 2141 1321 2181 esse
1351 2126 1559 2194 divina,
1594 2130 1899 2198 bujusmodi
1939 2132 2033 2184 ha-

459 2213 634 2269 benda
677 2224 759 2270 est
791 2218 1106 2271 observatio
1134 2257 1149 2282 ,
1186 2218 1310 2286 quia
1348 2234 1491 2289 saepe
1550 2221 1748 2275 accidit
1804 2224 2034 2277 mundas

455 2320 650 2361 carnes
681 2309 919 2376 contingi
948 2311 1017 2363 ab
1045 2308 1227 2378 aliquo
1252 2309 1547 2375 immundo,
1580 2320 1657 2376 ut,
1691 2314 1839 2367 verbi
1868 2329 2030 2368 causa

456 2399 710 2468 dixerim,
754 2401 797 2456 si
831 2402 952 2471 quis
1007 2403 1073 2457 de
1134 2402 1241 2458 Deo
1276 2404 1434 2459 Patre
1461 2445 1475 2469 ,
1514 2420 1578 2459 ac
1618 2404 1686 2458 de
1744 2406 2033 2476 liuigenito

456 2491 607 2559 ejus,
645 2502 700 2549 et
752 2494 957 2565 Spiritu
993 2506 1216 2565 sancto,
1273 2498 1435 2568 digno
1487 2498 1707 2553 deitatis
1771 2502 2033 2570 mysterio

456 2599 654 2653 purum
694 2586 856 2641 faciat
885 2589 1271 2660 sincerumque
1310 2605 1616 2645 sermonem
1640 2632 1655 2659 ,
1694 2592 1949 2645 similiter
1979 2600 2033 2646 et

456 2675 523 2729 de
553 2677 805 2733 onmibus
856 2681 1122 2735 creaturis
1154 2681 1512 2737 rationalibus
1546 2692 1802 2752 tanquam
1835 2699 1863 2735 a
1925 2684 2032 2737 Deo

400 2780 407 2785 '
456 2765 615 2823 factis
640 2767 705 2821 ad
738 2767 841 2825 hoc
876 2781 933 2823 ut
960 2782 1228 2841 caperent
1254 2782 1307 2827 et
1344 2773 1714 2841 intelligerent
1740 2790 1886 2839 eum,
1922 2791 2029 2829 non

454 2868 638 2914 autem
677 2863 1028 2930 consequenti
1084 2863 1347 2933 mysterio
1382 2862 1576 2918 afferat
1614 2864 1781 2918 etiam
1845 2864 2032 2919 carnis

454 2952 936 3007 resurrectionem.
981 2954 1193 3009 Primus
1242 2954 1463 3023 quidem
1518 2953 1634 3023 ejus
1686 2970 1867 3010 seruio
1894 2969 2035 3024 quo-

452 3044 603 3097 niam
638 3042 752 3113 (54)
787 3042 1026 3112 perfecte
1068 3054 1119 3100 et
1153 3053 1347 3098 sancte
1402 3045 1681 3111 disseruit,
1715 3047 1925 3103 solidus
1952 3047 2031 3102 ci-
2057 3068 2103 3129 ο

450 3136 552 3189 bus
578 3145 683 3200 est,
709 3152 901 3192 carnes
939 3147 1143 3193 sancta:
1173 3147 1320 3199 sunt,
1356 3137 1457 3192 hoc
1487 3154 1617 3193 vero
1639 3140 1782 3208 quod
1818 3140 1902 3194 his
1935 3142 2031 3195 ad-

452 3225 625 3289 ditur,
659 3229 1120 3284 resurrectionem
1165 3231 1351 3285 carnis
1404 3231 1670 3301 negando,
1709 3231 1836 3299 quia
1893 3230 2029 3285 alie-

452 3331 581 3370 num
618 3335 646 3370 a
680 3319 783 3372 lide
810 3330 917 3386 est,
952 3323 1332 3391 superioribus
1373 3323 1624 3390 junctum
1665 3323 1923 3394 perfectis
1976 3333 2030 3378 et

452 3406 707 3464 ﬁdelibus
768 3411 949 3467 verbis
978 3452 993 3478 ,
1038 3425 1259 3469 sanctas
1317 3430 1509 3470 carnes
1540 3416 1936 3470 contaminavit
1975 3425 2030 3471 et

452 3500 663 3571 polluit.
697 3502 821 3556 Ideo
846 3518 975 3574 ergo
1007 3508 1268 3576 praecepit
1296 3507 1572 3577 legislator
1602 3526 1665 3562 nc
1698 3510 2031 3565 manducen-

456 3602 545 3646 tur
578 3593 886 3661 bujusmodi
923 3612 1137 3661 carnes,
1168 3600 1366 3667 quibus
1402 3600 1743 3655 immunditia
1797 3602 2030 3657 inﬁdeli-

452 3686 581 3739 tatis
630 3686 860 3754 alicujus
908 3687 1242 3757 adjungitur.
1292 3688 1581 3758 Propterea
1630 3700 1683 3745 et
1738 3692 2028 3762 Apostolus

450 3776 583 3829 dicit
614 3778 698 3830 "z
741 3796 761 3829 ι
791 3778 1005 3833 Etenim
1040 3780 1183 3833 diem
1234 3779 1436 3834 festum
1476 3781 1815 3837 celebremus
1839 3800 1942 3837 non
1974 3786 2026 3839 in

450 3867 721 3925 fermento
755 3872 948 3936 veteri;
988 3887 1163 3941 neque
1194 3872 1245 3926 in
1281 3872 1548 3927 fermento
1582 3876 1805 3930 malitiae
1842 3887 1898 3930 et
1930 3894 2027 3931 ue-

449 3961 657 4028 quitiw,
681 3963 773 4015 sed
803 3964 855 4015 in
888 3964 1096 4033 azymis
1127 3963 1464 4019 sinceritatis
1488 3975 1543 4019 et
1572 3966 1844 4023 veritaiis.
1875 3987 1894 4021 ι
1931 3968 2029 4023 Sc-

448 4051 683 4103 cundum
710 4050 1070 4105 immunditizc
1100 4067 1267 4122 genus
1300 4065 1404 4118 est,
1444 4070 1510 4109 ne
1543 4056 1657 4125 ipse
1710 4057 1800 4126 qui
1833 4072 2028 4112 carnes

447 4142 583 4205 edit,
617 4142 927 4198 immundus
960 4144 1051 4207 sit,
1082 4154 1136 4198 et
1170 4144 1514 4200 immunditia
1548 4147 1666 4215 ejus
1696 4148 1747 4202 in
1783 4149 1903 4220 ipso
1930 4151 2024 4214 sit,

446 4235 591 4302 quod
622 4236 723 4289 hoc
754 4236 915 4291 modo
945 4233 1168 4304 intelligi
1209 4245 1408 4303 potest,
1442 4239 1594 4292 verbi
1634 4241 1834 4308 gratia,
1876 4240 1920 4295 si
1955 4240 2027 4295 sit

341 4342 352 4357 ν
448 4327 649 4395 aliquis
674 4340 882 4383 natum:
912 4327 1158 4384 ﬂorentis
1180 4371 1196 4393 ,
1235 4340 1291 4385 et
1322 4330 1566 4385 ardentis
1618 4331 1816 4403 ingenii
1846 4372 1861 4398 ,
1914 4348 2021 4388 non

2135 1846 2273 1916 ejus,
2322 1847 2504 1903 videat
2556 1856 2734 1905 tamen
2767 1866 2914 1919 eum,
2956 1863 3011 1908 et
3059 1856 3324 1931 intelligat
3362 1859 3524 1932 213
3577 1878 3713 1933 quo-

2136 1940 2295 1993 modo
2372 1937 2596 1994 fratrem
2676 1957 2834 1996 suum
2907 1947 3021 1999 odit
3104 1958 3159 2004 et
3243 1951 3519 2007 homicida
3589 1964 3714 2019 est.

2136 2031 2218 2082 vel
2253 2033 2524 2100 quomodo
2565 2032 2857 2088 insidiatur
2911 2036 3105 2093 alienae
3150 2042 3365 2096 mulieri
3398 2053 3451 2097 et
3497 2045 3713 2100 adulter

2136 2133 2243 2189 est,
2282 2123 2365 2177 vel
2410 2126 2683 2193 quomodo
2720 2125 2771 2179 iu
2798 2130 3018 2183 caeteris
3063 2132 3372 2202 quibusque
3412 2137 3713 2207 sacrilegus

2135 2226 2237 2275 est.
2278 2229 2376 2269 nec
2403 2216 2760 2283 deprehensis
2791 2219 2875 2273 his
2910 2220 3240 2277 discedatab
3267 2222 3383 2291 ejus
3411 2229 3711 2294 consortio,

2138 2307 2239 2362 iste
2267 2317 2351 2362 est
2404 2308 2494 2377 qui
2531 2311 2760 2379 contigit
2803 2312 3163 2381 immundum,
3208 2317 3293 2372 vel
3344 2318 3570 2388 animal,
3626 2322 3712 2377 vel

2134 2414 2313 2462 avem,
2366 2397 2449 2453 vel
2497 2400 2867 2469 morticinum,
2902 2412 2955 2457 et
2991 2403 3167 2459 aliena
3223 2407 3565 2468 immunditia
3598 2413 3713 2484 ipse

2134 2490 2369 2559 pollutus
2391 2499 2496 2545 est.
2531 2492 2605 2546 De
2632 2492 3044 2552 diversitatibus
3077 2508 3256 2555 autem
3284 2500 3713 2574 immundorum,

2135 2587 2294 2649 prout
2345 2595 2637 2637 occurrere
2688 2585 2884 2652 potuit,
2939 2586 2991 2640 in
3039 2589 3412 2657 superioribus
3443 2594 3711 2654 diximus.

2132 2676 2241 2726 Aut
2268 2688 2372 2726 non
2402 2682 2456 2728 ct
2480 2674 2767 2743 Apostolus
2793 2679 3088 2733 secundum
3127 2682 3266 2738 hanc
3296 2685 3544 2743 eamdem
3575 2705 3713 2759 pra:-

2134 2764 2279 2834 cepit
2301 2765 2556 2833 formam,
2574 2782 2696 2821 cum
2720 2768 2906 2824 dicit"
2933 2786 2947 2825 ι
2974 2789 2991 2822 ι
3012 2769 3171 2829 Nunc
3198 2783 3378 2831 autem
3399 2779 3578 2834 scribo
3596 2780 3713 2853 (55)

2133 2856 2291 2931 vobis
2319 2857 2371 2913 in
2412 2858 2663 2928 epistola,
2698 2869 2757 2914 ut
2805 2877 2909 2917 non
2943 2867 3418 2925 commisceamini
3471 2873 3713 2930 fornica-

2135 2947 2252 3014 riis,
2284 2948 2327 3003 si
2356 2949 2479 3017 quis
2513 2948 2683 3004 frater
2731 2952 3047 3010 nominatur
3098 2955 3421 3028 fornicator,
3460 2970 3555 3016 aut
3582 2977 3715 3018 ava-

2134 3052 2251 3104 rus,
2289 3050 2382 3094 aut
2427 3040 2587 3097 idolis
2632 3044 2900 3112 serviens,
2954 3055 3050 3101 aut
3083 3048 3354 3115 ebriosus,
3388 3059 3485 3104 aut
3522 3066 3713 3122 rapax,

2134 3145 2256 3186 cum
2314 3131 2617 3201 bujusmodi
2671 3153 2771 3192 nec
2818 3140 2998 3192 cibum
3045 3139 3300 3195 sumere?
3349 3160 3368 3194 ι
3405 3139 3461 3196 lu
3514 3142 3711 3211 quibus

2131 3221 2379 3277 omnibus
2401 3225 2528 3292 quid
2566 3233 2649 3280 est
2675 3226 2824 3280 aliud
2851 3227 2998 3296 quod
3028 3229 3307 3298 praecepit,
3345 3230 3449 3285 nisi
3481 3244 3549 3284 ne
3576 3229 3712 3286 alle-

2132 3314 2217 3369 nis
2242 3316 2480 3382 peccatis
2506 3325 2560 3370 et
2586 3318 2947 3374 immunditiis
2975 3318 3319 3387 polluantur?

2204 3408 2291 3461 ll.
2329 3423 2348 3457 ι
2386 3406 2451 3460 Ει
2477 3409 2687 3464 locutus
2716 3419 2819 3476 est,
2857 3410 3033 3479 inquit
3061 3410 3132 3474 ",
3174 3411 3432 3467 Dominus
3462 3413 3529 3468 ad
3558 3413 3709 3488 Moy-

2131 3514 2224 3553 sen
2264 3498 2494 3554 dicens:
2526 3498 2772 3570 Loquere
2818 3498 2946 3553 ﬁliis
2998 3498 3163 3554 lsrael
3216 3501 3406 3559 dicens
3439 3525 3452 3559 ι
3480 3502 3706 3562 Omnem

2130 3591 2341 3660 adipem
2372 3593 2553 3653 boum.
2579 3601 2635 3645 et
2661 3592 2863 3656 ovium,
2899 3602 2954 3647 et
3006 3610 3321 3662 caprarum,
3374 3611 3481 3653 non
3508 3598 3705 3663 edetis.

2128 3691 2184 3737 et
2211 3685 2378 3751 adeps
2411 3683 2849 3749 morticinorom,
2879 3693 2935 3737 et
2960 3700 2987 3737 a
3016 3685 3129 3738 fera
3164 3697 3445 3755 captorum
3473 3704 3577 3745 non
3601 3692 3708 3745 erit

2130 3775 2197 3829 ad
2225 3790 2387 3830 omne
2416 3790 2576 3844 Opus,
2622 3784 2676 3830 et
2707 3776 2759 3829 in
2810 3790 2934 3830 esca
2988 3792 3094 3831 non
3144 3777 3357 3833 edetur.
3403 3779 3592 3835 Omnis
3616 3782 3706 3850 qui

2130 3867 2345 3936 adipem
2377 3869 2506 3921 edet
2541 3882 2607 3921 ex
2648 3868 2939 3936 pecoribus
2973 3882 3037 3922 ex
3073 3869 3270 3938 quibus
3295 3869 3504 3926 offertis
3530 3873 3598 3927 ab
3628 3873 3709 3928 eis

2130 3960 2361 4015 hostiam
2395 3960 2646 4024 Domino,
2682 3961 2884 4029 peribit
2911 3961 3091 4014 anima
3120 3961 3211 4015 illa
3254 3962 3322 4017 de
3355 3965 3554 4035 popqu
3584 3980 3703 4022 suo.

2131 4052 2196 4106 Et
2224 4067 2439 4107 omnem
2485 4052 2806 4123 sanguinem
2841 4065 2944 4106 nou
2989 4052 3162 4106 edetis
3204 4054 3255 4107 in
3307 4056 3453 4109 omni
3494 4055 3707 4110 habita-

2131 4146 2275 4199 tione
2330 4153 2507 4198 vestra
2549 4159 2578 4197 a
2634 4143 2944 4213 pecoribus,
2997 4151 3107 4197 eta
3150 4144 3482 4201 volatilibus.
3516 4146 3708 4202 Omnis

2129 4235 2306 4289 anima
2338 4250 2674 4305 quaecunque
2707 4234 3116 4290 manducaverit
3144 4237 3487 4304 sanguinem,
3508 4238 3707 4309 peribit

2132 4327 2311 4381 anima
2356 4327 2447 4381 illa
2474 4328 2539 4381 de
2588 4327 2785 4397 populo
2828 4342 2947 4383 suo.
2986 4346 3005 4381 ι
3044 4328 3244 4398 Adipes
3272 4327 3489 4398 quidem
3510 4342 3702 4384 eorum

447 4421 709 4475 continuo
739 4431 899 4490 aptus
930 4421 1203 4475 videbitur
1247 4422 1316 4477 ad
1367 4421 1713 4493 suscipienda
1743 4425 1893 4479 verbi
1927 4426 2019 4481 Dei
2054 4403 2098 4456 D
2130 4420 2471 4485 animalium,
2508 4436 2631 4491 quae
2670 4421 2724 4475 in
2774 4421 3063 4478 sacriﬁCiis
3110 4420 3429 4485 Oﬂerunlut‘.
3461 4431 3521 4477 Θι
3566 4422 3703 4478 allo-

446 4513 733 4584 mysteria,
781 4514 876 4568 sed
904 4515 1173 4584 quaritur
1202 4515 1367 4569 etiam
1402 4515 1525 4579 hoc,
1560 4525 1621 4569 ut
1644 4516 1797 4584 prius
1823 4532 1852 4570 a
1896 4532 2024 4587 pro-

446 4602 595 4660 fanis
630 4607 862 4669 actibus,
897 4614 949 4657 et
992 4604 1287 4658 immundis
1324 4603 1581 4673 operibus
1609 4613 1919 4675 separetur,
1971 4615 2026 4662 et

448 4696 523 4751 ita
576 4697 791 4751 demum
838 4695 1160 4751 eruditionis
1192 4710 1365 4765 capax
1418 4697 1530 4759 ﬂat,
1570 4696 1615 4751 si
1669 4696 1823 4766 prius
1850 4712 2025 4767 capax

448 4789 613 4845 fuerit
660 4790 984 4843 sanctitatis.
1043 4789 1233 4842 Simile
1282 4789 1368 4843 his
1403 4789 1456 4842 in
1511 4786 1765 4844 Numeris
1796 4789 2025 4859 legimus

449 4882 732 4949 scriptmu,
766 4880 854 4933 ubi
904 4878 1171 4934 Dominus
1218 4894 1411 4934 earues
1451 4880 1670 4934 coalitus
1703 4879 1853 4935 dedit
1901 4880 2027 4934 ﬁliis

446 4972 613 5028 Israel
648 4982 703 5027 et
749 4972 882 5026 dicit
921 4972 1007 5027 ’δε
1047 4991 1066 5024 ι
1120 4973 1549 5027 Sauctilicamiui
1590 4973 1643 5025 in
1677 4972 2013 5039 crastinum,

446 5076 507 5120 ut
537 5064 878 5119 manducetis
908 5079 1123 5128 carnes,
1161 5082 1180 5116 ι
1220 5064 1323 5119 hoc
1351 5062 1666 5128 ostendens,
1725 5062 1867 5132 quod
1907 5064 2013 5117 nisi

515 5184 563 5216 “
594 5181 770 5238 Levit.
806 5198 900 5248 vn,
930 5183 996 5237 l9
1025 5191 1079 5235 et
1103 5196 1260 5253 seqq.
1338 5181 1383 5213 ”
1415 5180 1436 5235 ι
1481 5179 1608 5235 Cor.
1648 5196 1701 5247 v,
1731 5181 1784 5234 5.

506 5323 631 5404 ’(51)
662 5322 785 5386 Ης..
826 5340 846 5373 ι
878 5321 1334 5376 abominamento.
1368 5340 1387 5373 ι
1438 5319 1593 5375 Libb.
1628 5320 1782 5385 editi,
1822 5337 1841 5371 ε
1876 5320 2014 5375 abo-

448 5408 783 5531 “lignis”
816 5480 835 5512 ι
871 5478 899 5515 a
943 5464 1134 5517 bobus.
1175 5481 1194 5513 ι
1259 5462 1323 5515 Et
1355 5460 1515 5532 paulo
1570 5468 1715 5529 post,
1759 5479 1778 5512 ι
1817 5461 1953 5531 legis
1993 5480 2011 5512 ι

446 5547 544 5603 pro
572 5553 590 5584 ι
630 5535 970 5601 lcgisiatut’is.
1004 5552 1023 5583 ι

518 5604 630 5669 (53)
667 5599 818 5656 Libb.
877 5614 1033 5655 antea
1057 5599 1205 5662 editi,
1237 5600 1669 5668 «intelligantur.
1712 5620 1731 5652 ι

515 5664 625 5742 (3'1)
664 5675 817 5729 l.ibb.
850 5675 1001 5738 editi,
1037 5691 1053 5723 ι
1084 5688 1269 5743 quem.
1298 5690 1317 5725 ι
1354 5672 1418 5726 Et
1445 5664 1609 5740 paulo
1638 5682 1786 5741 post,
1825 5691 1841 5725 ι
1875 5671 2017 5742 quod

1862 5181 1909 5212 “
1938 5181 2099 5236 Num.
2142 5198 2217 5249 si,
2256 5181 2340 5234 13.

2130 4529 2253 4567 rum
2295 4511 2675 4568 nonnullorum
2724 4514 2809 4568 edi
2862 4513 2945 4570 vel
2996 4512 3049 4568 iu
3101 4528 3198 4569 usu
3246 4514 3435 4570 haberi
3471 4515 3708 4587 abnegat

2130 4602 2431 4672 legislator,
2482 4602 2800 4673 sanguinem
2860 4616 2991 4657 vero
3036 4602 3218 4658 omnis
3259 4602 3443 4657 carnis
3495 4602 3705 4659 comedi

2131 4705 2293 4751 vetat.
2330 4694 2386 4749 ln
2420 4695 2795 4763 superioribus
2820 4694 2997 4749 locum
3028 4698 3317 4767 mysticum
3363 4705 3705 4765 pertractan-

2129 4795 2230 4851 tes,
2256 4786 2345 4841 ubi
2374 4785 2572 4840 vitulus
2606 4787 2657 4839 in
2709 4785 3082 4841 holocaustum
3111 4788 3345 4841 dabatur
3380 4803 3478 4856 pro
3512 4801 3705 4857 pecca-

2131 4890 2206 4947 to,
2235 4889 2289 4935 et
2323 4880 2509 4949 adipes
2545 4878 2966 4947 imponebantur
2995 4878 3179 4945 altari,
3210 4879 3535 4949 sanguinem
3582 4880 3705 4949 qui-

2126 4972 2248 5024 dem
2278 4984 2386 5037 quo
2415 4982 2479 5023 ex
2516 4978 2667 5037 parte
2696 4967 2877 5037 aliqua
2918 4984 3124 5023 cornua
3182 4968 3529 5031 ﬁniebantur.
3573 4968 3703 5026 rell-

2124 5077 2261 5132 quus
2292 5077 2423 5116 vero
2448 5061 2514 5115 ad
2546 5060 2717 5115 basim
2764 5059 3140 5115 effundebatur
3184 5060 3400 5128 altaris,
3425 5063 3478 5117 in
3509 5076 3699 5122 eorum

2418 5177 2463 5209 ιτ
2526 5177 2540 5231 |
2576 5177 2701 5232 Cor.
2728 5191 2781 5244 ν,
2808 5175 2863 5231 9.
2939 5177 2985 5208 ⁸⁸
3006 5176 3180 5233 Levii.
3223 5191 3321 5246 vn,
3354 5176 3429 5232 22
3458 5188 3512 5233 et
3541 5192 3698 5251 seqq.

2118 5322 2202 5377 liis
2232 5320 2406 5383 addit,
2445 5318 2865 5392 resurrectionis
2888 5319 3079 5392 carnis
3134 5318 3385 5389 negando
3440 5316 3697 5392 gloriam,

2117 5392 2268 5460 quia,
2302 5410 2321 5440 ι
2356 5402 2499 5451 etc.;
2532 5389 2629 5443 sed
2664 5403 2763 5443 ms.
2799 5398 2856 5460 ut
2886 5389 2936 5460 iu
2975 5399 3164 5445 nostro
3204 5400 3378 5445 textu.

2192 5461 2302 5530 (55)
2337 5459 2461 5520 διε..
2501 5461 2755 5531 ascribo.
2782 5478 2805 5531 γι
2837 5458 2992 5514 Libb.
3038 5462 3205 5524 editi,
3244 5478 3262 5511 σ
3294 5458 3511 5531 scripsi.
3548 5478 3566 5513 ρ
3596 5458 3701 5517 Illi-

2120 5532 2242 5586 detn
2272 5534 2325 5583 in
2371 5530 2685 5601 tns._dcesl,
2716 5549 2733 5583 ι
2772 5530 3102 5601 fortiicarlis.
3144 5550 3162 5582 ι
3204 5530 3369 5587 Paulo
3402 5530 3523 5597 past
3568 5546 3703 5601 mm,

2128 5620 2147 5653 ο
2185 5602 2285 5655 nisi
2332 5616 2398 5673 ne
2443 5599 2659 5664 alienis,
2698 5619 2714 5654 ι
2754 5610 2862 5658 etc.
2916 5600 3071 5659 Libb.
3124 5602 3323 5673 edttl,¢
3366 5602 3469 5660 uisi
3502 5616 3572 5661 Μ
3598 5599 3697 5663 ησύ

2122 5674 2189 5727 ab
2217 5672 2436 5738 alienis,
2472 5689 2488 5719 ι
2523 5679 2628 5728 etc.
