4106 6246
421 327 523 382 ι(ἱὸ

1867 307 2188 365 ORIGENIS

3566 302 3671 356 «lC-5

425 447 732 518 accepimus
760 442 873 516 (56)
901 443 1151 512 ﬁguram,
1184 441 1273 511 qui
1300 440 1553 496 residuus
1582 439 1781 495 dicitur
1804 438 1988 502 Israel,
2024 443 2067 496 Α
2096 438 2231 507 ejus,
2280 438 2329 490 i.l
2381 444 2460 489 est
2493 449 2654 504 Opera
2692 433 2839 503 ejus?
2884 431 3055 500 Opera
3092 446 3338 499 namque
3367 440 3514 495 sunt,
3547 448 3669 501 quae

426 551 481 596 et
505 549 789 610 postquam
815 533 1091 606 plenitudo
1134 533 1376 602 gentium
1421 532 1816 595 subintroicrit,
1844 531 1990 586 salu-

428 644 533 686 tem
566 634 617 684 in
648 628 954 684 novissimis
985 635 1189 693 sperat.
1215 624 1416 693 Adipes
1441 637 1571 676 vero
1598 623 1831 675 animam
1856 622 1997 675 dixi-

428 739 549 779 mus
587 720 965 788 Christi;qu
996 729 1081 773 est
1123 715 1359 770 Ecclesia
1390 714 1695 768 amicorum
1732 713 1868 782 ejus,
1898 727 1994 781 pro

425 818 621 887 quibus
654 815 889 867 animam
922 825 1075 865 suam
1104 808 1299 874 posuit.
1334 806 1517 861 Potest
1548 820 1677 873 ergo
1705 804 1819 859 ﬁeri
1857 816 1911 859 et
1943 805 1993 858 in

429 910 532 963 hoc
556 906 691 969 loco,
723 913 782 957 ut
806 902 947 971 quod
972 900 1255 953 mandatur
1287 913 1353 951 ue
1383 896 1506 965 quis
1552 896 1736 963 adipes
1768 894 1892 949 edat
1928 909 1993 948 ex

432 1001 516 1055 his
542 1012 660 1069 qua:
689 994 912 1050 Domino
951 989 1267 1052 oﬂ‘eruntur,
1321 988 1423 1041 hoc
1450 988 1521 1040 sit
1549 986 1691 1054 quod
1729 994 1782 1038 et
1813 984 1998 1039 Domi.

432 1105 531 1145 nus
564 1087 695 1142 dicit
722 1086 768 1117 ‘9
801 1102 814 1137 :
846 1084 921 1136 Ne
952 1082 1073 1151 quis
1108 1078 1451 1134 scandalizet
1504 1092 1669 1129 unum
1700 1090 1761 1130 ex
1791 1075 1874 1130 his
1907 1076 1999 1128 mi-

431 1179 614 1243 nimis,
651 1176 742 1245 qui
771 1173 1000 1228 credunt
1027 1167 1390 1233 in.mc..Quod
1422 1174 1606 1221 autem
1640 1167 1861 1235 sanguis
1880 1164 2000 1217 nul-

432 1270 536 1324 lius
568 1264 817 1321 animalis
842 1263 927 1317 cdi
953 1262 1190 1331 jubetur,
1224 1259 1354 1312 illud
1384 1257 1615 1312 fortasse
1648 1257 1737 1322 sit,
1774 1258 1914 1324 quod
1934 1256 2000 1309 de

431 1359 698 1417 Israelitis
730 1356 858 1410 dicit
883 1352 1177 1422 Apostolus
1206 1350 1249 1379 ⁶⁰
1280 1365 1293 1401 :
1335 1366 1353 1399 ι
1392 1348 1539 1403 Dicis
1571 1363 1720 1418 ergo,
1758 1349 1804 1401 si
1838 1347 1997 1401 tracti

433 1461 560 1508 sunt
582 1448 796 1513 rami,ut
822 1459 920 1513 ego
954 1444 1180 1496 inserar.
1207 1440 1598 1509 Bene,propter
1649 1438 2001 1493 incredulita-

434 1556 541 1599 tem
576 1540 731 1598 fracti
760 1546 905 1592 sunt.
945 1533 1023 1587 Tu
1051 1544 1229 1587 autem
1265 1532 1366 1585 ﬁde
1405 1540 1517 1585 stas
1543 1530 1675 1600 (57),
1704 1530 1810 1585 noli
1834 1529 2000 1583 altum

435 1646 648 1704 sapere,
679 1630 771 1685 sed
823 1630 970 1682 time.
1017 1643 1040 1678 ›
1076 1624 1141 1677 Ει
1183 1624 1382 1677 iterum
1429 1622 1473 1652 ⁶¹
1510 1638 1523 1674 :
1566 1638 1586 1673 ι
1633 1618 1750 1675 Noli
1784 1619 2001 1689 gloriari

436 1728 695 1782 adversus
725 1736 923 1785 ramos,
962 1737 979 1771 υ
1013 1732 1119 1787 quo
1147 1715 1356 1770 scilicet
1393 1713 1545 1768 casui
1586 1725 1771 1767 eorum
1822 1710 2002 1765 nullus

2102 530 2487 585 contmemlant
2511 528 2740 580 hostiam
2768 528 2893 579 Deo.
2925 525 2980 578 Si
3023 526 3165 578 enim
3197 533 3426 577 attracta
3460 524 3523 576 sit
3559 539 3669 576 nia-

2104 638 2206 674 nus
2257 630 2343 674 tua
2373 621 2435 673 ad
2484 622 2738 681 dandum,
2791 628 2846 671 et
2878 632 3113 685 expansa
3158 618 3224 670 ad
3267 616 3671 684 accipiendum,

2103 714 2240 767 intra
2295 724 2345 766 te
2391 720 2466 764 est
2501 713 2674 764 adhuc
2720 711 2864 779 lepra
2915 721 3023 772 tua,
3072 718 3126 765 et
3159 709 3352 763 olTerrc
3380 726 3481 763 non
3515 719 3676 777 potes

2104 802 2332 855 hostium
2364 801 2635 854 Salutat'is.
2670 800 2857 855 Manus
2888 816 3015 869 ergo
3045 801 3160 869 ejus
3205 799 3431 853 oll‘ercnt
3460 801 3671 853 sacriﬁ-

2104 895 2244 946 cium
2270 894 2546 955 Salutaris,
2583 900 2633 946 et
2667 908 2855 946 manus
2894 893 3009 961 ejus
3035 892 3263 946 oﬁ'erent
3293 908 3379 955 ea,
3408 908 3531 961 quae
3565 894 3674 948 Do-

2106 986 2253 1037 mino
2286 983 2563 1037 offerenda
2610 994 2756 1047 Sttnl,
2815 985 2864 1037 id
2909 995 2991 1038 est
3018 983 3226 1052 adipem
3268 984 3357 1050 qui
3386 1000 3550 1052 super
3576 1000 3672 1054 pe-

2106 1076 2404 1130 ctusculum
2432 1086 2537 1142 est,
2577 1087 2630 1129 et
2669 1076 2886 1143 pinnam
2926 1074 3153 1143 jecoris.
3204 1072 3262 1127 lu
3299 1074 3400 1128 hoc
3428 1074 3547 1129 loco
3576 1076 3667 1129 ubi

2107 1184 2205 1223 nos
2235 1170 2513 1232 habemus,
2556 1186 2575 1219 ι
2629 1182 2819 1221 manus
2869 1167 2989 1235 ejus
3035 1166 3266 1220 oﬁ‘erent
3302 1166 3537 1219 hostiam
3572 1168 3676 1221 Do—

2106 1260 2278 1323 mino,
2312 1279 2327 1310 I
2359 1260 2409 1313 in
2434 1258 2633 1314 Grtccis
2660 1260 2887 1315 habetur
2904 1275 3000 1327 pro
3022 1259 3195 1313 hostia
3213 1258 3675 1330 ὀλοκαρπώματα,

2107 1353 2246 1419 quod
2273 1352 2586 1422 intelligitur
2615 1366 2833 1406 omnem
2876 1352 3112 1405 fructum
3144 1371 3155 1405 :
3193 1365 3290 1419 per
3319 1351 3461 1419 quod
3498 1362 3677 1407 osten-

2107 1447 2183 1501 dit
2212 1463 2314 1501 non
2346 1461 2505 1515 posse
2536 1446 2759 1499 Domino
2800 1442 2997 1498 offerre
3040 1457 3255 1498 omnem
3291 1441 3531 1497 fructum
3555 1461 3675 1499 eum

2108 1542 2197 1610 qui
2228 1541 2592 1595 infructuosus
2630 1548 2735 1603 est,
2782 1538 2873 1607 qui
2916 1553 3022 1592 non
3055 1536 3208 1591 all'ert
3237 1536 3477 1590 fructum
3521 1539 3675 1608 justi-

2112 1634 2215 1695 tize,
2248 1632 2481 1685 fructum
2526 1629 2935 1692 misericordiae,
2967 1629 3048 1683 vel
3077 1629 3238 1682 etiam
3270 1628 3480 1683 fructus
3509 1631 3666 1699 spiri-

2111 1733 2217 1785 tus,
2252 1738 2387 1791 quos
2414 1728 2705 1774 enumerat
2732 1718 3019 1787 Apostolus
3041 1719 3106 1784 3",
3133 1718 3474 1779 charitatcm,
3531 1733 3661 1787 gau-

437 1820 679 1875 insultet.
711 1814 789 1871 Ne
826 1813 965 1867 forte
992 1811 1135 1865 SlCUl
1175 1809 1312 1862 idem
1357 1804 1647 1875 ApOSlOIUS
1677 1803 1831 1870 dicit,
1869 1813 1922 1854 et
1949 1812 2003 1855 ιιι
2038 1793 2079 1847 Β
2110 1816 2276 1878 dium,
2310 1828 2519 1882 pacem,
2552 1812 2899 1881 patientiam,
2935 1811 3375 1874 unaninﬁlalcln’
3398 1818 3450 1863 el
3470 1821 3659 1863 extera

436 1910 727 1974 cxcidaris,
769 1905 922 1960 etilli
970 1903 1013 1956 si
1047 1916 1151 1954 non
1206 1897 1607 1965 permanserint
1634 1896 1685 1948 in
1720 1893 2007 1948 increduli-

441 2014 547 2058 tate
577 2002 903 2056 inserantur.
947 1992 1183 2062 Sanguis
1220 1997 1401 2043 autem
1448 1996 1576 2056 puto
1604 1986 1745 2054 quod
1780 1984 2007 2054 populus

426 2095 526 2150 ille
550 2098 920 2159 competenter
948 2084 1302 2153 intelligatur.
1340 2078 1454 2134 Non
1486 2079 1629 2134 enim
1654 2093 1719 2133 ex
1755 2076 1879 2142 ﬁde,
1912 2094 2006 2132 ne-

412 2201 541 2256 gque
569 2200 633 2240 ex
681 2182 872 2253 Spiritu
910 2177 1202 2241 Abraham,
1242 2177 1336 2230 sed
1387 2182 1593 2227 tantum
1626 2186 1689 2225 ex
1743 2169 2008 2238 sanguine

410 2279 555 2347 --ejus
584 2278 939 2331 descendunt.

490 2394 758 2448 1?..Post
808 2389 990 2445 hanc“
1023 2404 1035 2440 :
1070 2405 1087 2437 ι
1131 2386 1199 2440 Et
1249 2385 1461 2439 locutus
1516 2390 1599 2437 est
1653 2379 1913 2435 Dominus
1942 2380 2008 2433 ad

442 2488 661 2555 Moysen
710 2484 895 2538 dicens
927 2479 1111 2535 :Filiis
1161 2478 1323 2533 Israel
1368 2477 1589 2545 loquere
1628 2474 1817 2528 dicens
1852 2488 1865 2524 :
1906 2471 2007 2537 Qui

440 2580 601 2634 oﬁert
628 2574 955 2632 sacriﬁcium
987 2571 1243 2628 salutaris
1273 2570 1353 2624 sui
1392 2568 1643 2631 Domino,
1682 2564 1872 2620 oﬁeret
1896 2578 2011 2616 mu-

444 2687 543 2726 nus
570 2684 725 2725 suum
764 2666 993 2721 Domino
1018 2665 1070 2718 in
1094 2660 1363 2718 sacriﬁcio
1393 2658 1647 2715 salutaris
1670 2657 1775 2711 sui.
1819 2655 2008 2709 Manus

439 2764 559 2834 ejus
587 2758 820 2816 offerent
869 2755 1102 2812 hostiam
1146 2752 1397 2816 Domino,
1438 2750 1649 2818 adipem
1708 2747 1801 2819 qui
1849 2760 2012 2817 super

430 2852 817 2926 pectusculum
842 2863 925 2905 est
945 2891 958 2915 ,
992 2858 1047 2903 et
1068 2848 1286 2917 pinnam
1316 2844 1518 2912 jecoris
1552 2861 1565 2897 :
1597 2841 1789 2896 oﬁ‘eret
1819 2840 2010 2912 ezgita,

442 2958 501 3002 ut
546 2954 781 3016 ponatur
828 2942 1025 2995 donum
1079 2946 1269 2992 contra
1315 2933 1622 2989 Dominum.
1675 2932 1739 2985 Et
1771 2932 2012 3000 imponet

443 3040 697 3098 sacerdos
726 3036 957 3104 adipem,
988 3032 1078 3102 qui
1105 3038 1188 3085 est
1216 3039 1385 3097 super
1406 3024 1800 3097 pectusculum,
1849 3037 2014 3092 super

2110 1907 2445 1962 hissimilia.
2483 1906 2635 1961 Unde
2685 1916 2741 1959 et
2784 1906 2834 1958 in
2873 1903 2983 1958 alio
3028 1902 3192 1973 214
3239 1903 3358 1957 loco
3409 1901 3668 1969 Propheta

2110 1998 2240 2050 dicit
2272 1997 2315 2028 ⁸⁸
2350 2015 2361 2048 :
2395 2015 2412 2046 ι
2440 1996 2512 2050 .Et
2540 1996 2915 2051 holocaustum
2966 2003 3113 2047 tuum
3148 1994 3346 2063 pingue
3382 1992 3495 2046 ﬁat.
3541 2011 3559 2043 ι
3589 1991 3675 2046 01'-

2114 2088 2217 2141 fert
2250 2085 2362 2158 (58)
2388 2101 2515 2155 ergo
2546 2085 2755 2155 adipes,
2790 2085 2882 2152 qui
2918 2098 3081 2152 super
3116 2081 3488 2152 peetusculum
3524 2092 3677 2145 Sunt,

2111 2190 2165 2232 et
2204 2179 2422 2247 pinnam
2467 2177 2691 2245 jecoris,
2739 2192 2858 2245 quae
2907 2183 3348 2244 superponantur
3384 2173 3566 2227 altari.
3609 2175 3682 2230 De

2110 2271 2356 2340 adipibus
2385 2285 2526 2339 saepe
2547 2268 2658 2337 jam
2684 2269 2940 2323 diximus.
2981 2266 3131 2334 Quod
3162 2276 3341 2320 autem
3377 2267 3529 2329 dicit,
3561 2269 3683 2320 adi-

2110 2378 2204 2432 pes
2229 2364 2319 2431 qui
2366 2378 2529 2432 super
2573 2360 2941 2431 pectuseulum
2966 2368 3112 2421 sunt,
3138 2360 3506 2428 pcctusculum
3532 2369 3679 2427 tuum

2113 2455 2353 2524 intelligc
2390 2470 2509 2509 esse
2542 2469 2636 2508 cor
2668 2464 2838 2515 tuum,
2867 2452 2932 2506 de
2962 2467 3067 2520 quo
3103 2452 3195 2505 tibi
3221 2452 3525 2507 auferenda:
3556 2461 3684 2507 sunt

2113 2563 2302 2604 omnes
2334 2546 2488 2601 make
2519 2546 2913 2616 cogitationes;
2948 2544 3071 2597 inde
3100 2544 3243 2598 enim
3272 2544 3595 2613 procedunt,
3628 2553 3684 2598 et

2112 2640 2300 2698 altaris
2357 2639 2462 2708 igni
2514 2638 2790 2692 tradendae
2841 2646 2988 2700 sunt,
3047 2644 3106 2689 ut
3160 2635 3330 2704 possit
3381 2649 3476 2689 cor
3530 2645 3681 2691 tuum

2114 2732 2373 2787 mundum
2404 2726 2651 2783 cliectum
2686 2726 2854 2781 Deum
2887 2727 3090 2781 videre.
3140 2727 3248 2782 Sed
3274 2735 3327 2783 et
3356 2729 3575 2799 pinnam
3596 2728 3687 2797 je-

2108 2823 2257 2887 coris
2281 2820 2538 2893 prcecepit
2565 2818 2923 2874 olfcrcudam.
2952 2817 3197 2875 Diximus
3227 2828 3279 2874 ct
3310 2830 3457 2883 ante,
3480 2819 3685 2886 jecoris

2116 2915 2359 2984 pinnam,
2402 2914 2518 2969 loca
2550 2912 2850 2967 iracundiae
2880 2909 3015 2982 (59),
3048 2910 3130 2963 vel
3162 2910 3475 2978 cupiditatis
3512 2926 3684 2979 expo-

2118 3009 2207 3075 ni;
2242 3008 2565 3063 oﬁ‘ertenim
2592 3007 2808 3075 pinnam
2838 3003 3055 3071 jecoris,
3089 3003 3180 3072 qui
3213 3018 3282 3057 ex
3311 3018 3370 3057 se
3403 3019 3566 3059 omne
3596 3006 3683 3056 vi-

444 3134 640 3195 altare,
666 3138 721 3183 et
753 3128 859 3181 erit
887 3121 1256 3194 pectusculum
1296 3120 1481 3172 Aaron
1525 3125 1579 3171 et
1627 3115 1756 3169 ﬁliis
1787 3115 1925 3184 ejus,
1957 3123 2008 3167 et

2119 3102 2248 3156 tium
2278 3101 2371 3155 ira:
2410 3110 2462 3155 et
2507 3099 2703 3153 furoris
2748 3097 2966 3150 excidit.
3012 3096 3212 3171 Adipes
3264 3109 3392 3164 ergo
3420 3097 3510 3166 qui
3557 3104 3688 3149 sunt

442 3226 721 3283 brachium
757 3222 1008 3274 dextrum
1056 3216 1253 3270 dabitis
1294 3211 1693 3291 separationem
1736 3208 2010 3263 sacerdoti

443 3335 471 3371 a
514 3313 794 3371 sacriﬁciis
833 3305 1425 3365 salutaribusvestris.
1472 3302 1574 3365 Qui
1600 3299 1761 3355 oﬂ‘ert
1792 3300 2011 3369 sangui-

441 3424 567 3463 nem
602 3403 879 3466 salutaris,
930 3410 982 3455 et
1012 3399 1223 3467 adipem
1250 3409 1315 3450 ex
1369 3393 1495 3448 ﬁliis
1518 3392 1722 3457 Aaron,
1766 3392 1868 3460 ipsi
1904 3392 2013 3445 erit

441 3497 720 3553 brachium
755 3494 1005 3548 dextrum
1035 3490 1090 3542 in
1115 3496 1307 3558 parte;
1341 3483 1711 3554 pectusculum
1740 3483 1883 3537 enim
1911 3481 2013 3534 im-

440 3586 743 3660 positionis,
791 3594 846 3638 et
877 3580 1161 3637 brachium
1218 3577 1544 3645 demptionis
1588 3576 1773 3644 accepi
1804 3590 1833 3627 a
1888 3574 2013 3628 ﬁliis

442 3681 607 3737 Israel
658 3695 687 3734 a
731 3677 1013 3733 sacriﬁciis
1062 3673 1393 3729 salutaribus
1445 3674 1662 3735 vestris,
1716 3677 1769 3724 et
1800 3670 1917 3723 dedi
1948 3683 2009 3723 ea

442 3777 620 3828 Aaron
646 3768 936 3833 sacerdoti,
966 3776 1021 3820 ct
1058 3764 1180 3819 ﬁliis
1213 3764 1349 3835 ejus,
1394 3762 1691 3833 legitimum
1749 3772 2012 3815 aeternum

404 3882 472 3921 ra
506 3865 627 3921 ﬁliis
656 3861 842 3919 Israel.
877 3878 896 3911 ι
935 3858 1047 3913 lloc
1074 3866 1156 3911 est
1180 3855 1506 3911 sacriﬁcimn
1534 3853 1680 3922 quod
1704 3852 1901 3907 dicitur
1928 3865 2012 3905 sa-

399 3959 635 4012 .lutare.
668 3953 821 4021 Quod
862 3946 1192 4004 sacriﬁcium
1241 3958 1401 3997 nemo
1430 3940 1589 3995 oﬁert
1636 3941 1879 4005 Domino,
1912 3939 2012 3993 nisi

416 4050 732 4119 pqui~sauus
758 4052 861 4106 est,
891 4050 948 4094 et
975 4037 1172 4092 salutis
1211 4050 1321 4089 suae
1363 4034 1639 4099 conscius,
1670 4033 1875 4103 gratias
1912 4032 2015 4087 Do-

420 4141 600 4195 mino
618 4135 805 4190 refert.
839 4132 1006 4185 Nemo
1033 4142 1163 4196 ergo
1190 4126 1282 4195 qui
1306 4140 1448 4194 aeger
1476 4132 1559 4179 est
1587 4123 1788 4188 animo,
1814 4132 1869 4178 ct
1899 4122 2018 4177 lan-

444 4230 651 4301 guidusv
678 4227 731 4281 in
778 4222 1055 4294 operibus,
1086 4219 1286 4276 oﬁ'erre
1320 4224 1502 4288 potest
1548 4214 1883 4271 sacriﬁcium
1923 4230 2015 4268 sa-

444 4325 646 4378 lutare.
667 4317 977 4374 Visvidere
1020 4314 1144 4385 quia
1176 4326 1332 4367 nemo
1354 4324 1496 4379 :eger
1527 4320 1581 4363 et
1610 4307 1897 4376 languidus
1923 4321 2019 4376 po-

448 4425 552 4471 test
584 4413 709 4467 illud
746 4409 944 4465 oﬁ‘orre
993 4402 1356 4461 sacriﬁcium?
1403 4400 1675 4469 Leprosus
1703 4397 1814 4462 ille,
1849 4411 2012 4465 quem

2120 3192 2883 3265 pectusculum,imponuntur
2904 3189 3084 3252 altari,
3104 3189 3273 3256 ipsum
3304 3202 3432 3242 vero
3465 3199 3686 3257 pectus-

2120 3287 2321 3352 culum,
2367 3286 2544 3339 Aaron
2594 3293 2648 3338 et
2684 3282 2808 3336 ﬁliis
2847 3281 2983 3351 ejus.
3029 3280 3133 3334 Sed
3164 3291 3219 3333 ct
3259 3280 3540 3335 brachium
3592 3282 3687 3336 de-

2122 3391 2301 3434 xtrum
2325 3377 2563 3448 separari
2591 3374 2868 3445 prmcepit,
2891 3383 2941 3427 et
2962 3387 3082 3428 esse
3104 3372 3182 3426 eis
3206 3372 3444 3427 muneris
3474 3372 3593 3429 loco
3616 3387 3682 3427 ex

2122 3470 2393 3527 sacriﬁcio
2422 3466 2674 3522 salutari.
2713 3465 2844 3519 Vide
2875 3464 3071 3532 quibus
3105 3464 3420 3519 muneribus
3442 3464 3684 3519 honora-

2124 3569 2209 3613 tur
2229 3559 2504 3613 sacerdos.
2528 3553 2907 3609 Pectusculum
2939 3553 3160 3622 accipit,
3186 3561 3234 3608 et
3261 3553 3565 3619 brachium,
3589 3556 3686 3610 scd

2119 3654 2408 3709 brachium
2440 3652 2711 3705 dextrum.
2747 3648 3009 3703 Putamus
3045 3662 3150 3701 non
3191 3663 3311 3705 esse
3355 3648 3557 3717 aliquid
3601 3666 3688 3703 ra-

2124 3746 2303 3809 tionis,
2340 3743 2479 3814 quod
2510 3756 2575 3797 ex
2598 3741 2851 3796 omnibus
2882 3738 3139 3793 membris
3172 3739 3512 3806 animalium,
3567 3757 3688 3811 qua)

2115 3836 2430 3906 jugulantur
2462 3834 2514 3887 in
2554 3831 2855 3895 sacriﬁciis,
2901 3831 3016 3885 hzec
3062 3830 3406 3898 potissimum
3440 3833 3685 3885 membra

2121 3931 2325 3985 delecta
2356 3927 2501 3981 sint?
2531 3925 2641 3994 Ego
2669 3932 2796 3994 puto
2818 3924 2961 3992 quod
2992 3921 3036 3976 si
3064 3923 3186 3991 quis
3213 3922 3344 3978 dicit
3375 3937 3434 3978 se
3458 3938 3578 3978 esse
3605 3940 3690 3980 sa-

2077 4011 2395 4079 cerdotem
2465 4018 2582 4082 Dei,
2638 4017 2743 4071 nisi
2798 4016 2995 4070 habeat
3047 4024 3240 4083 pectus
3305 4030 3372 4070 ex
3433 4018 3692 4073 omnibus

2124 4112 2378 4171 membris
2414 4110 2667 4171 electum,
2703 4123 2808 4163 non
2844 4115 2927 4162 cst
2954 4108 3243 4172 sacerdos;
3279 4117 3332 4161 et
3365 4108 3466 4162 nisi
3491 4108 3690 4165 habeat

2124 4205 2405 4260 brachium
2435 4201 2709 4263 dextrum,
2737 4213 2842 4252 non
2871 4206 3048 4266 potest
3073 4196 3370 4252 ascendere
3404 4200 3470 4254 ad
3519 4201 3687 4257 altare
3770 4216 3783 4227 '

2123 4296 2357 4359 Domini,
2386 4308 2485 4348 nec
2515 4292 2767 4347 sacerdos
2794 4289 3087 4344 nominari.
3148 4290 3301 4356 Quod
3327 4306 3459 4361 ergo
3487 4302 3566 4348 est
3600 4309 3688 4347 sa-

2124 4388 2362 4445 cerdotis
2395 4395 2603 4454 pectus,
2655 4393 2749 4437 aut
2804 4382 3003 4452 quale?
3054 4381 3185 4436 Tale
3242 4398 3343 4453 ego
3371 4394 3500 4451 puto
3546 4398 3690 4451 esse,

416 4511 499 4562 -i“
531 4500 818 4571 Evangelia
867 4497 1128 4551 Dominus
1181 4505 1405 4547 curasse
1448 4485 1776 4543 describitur
1808 4484 1874 4552 ⁸³,
1905 4498 2011 4539 non
2048 4488 2090 4542 D
2120 4479 2259 4551 quod
2282 4479 2500 4549 plenum
2530 4476 2599 4530 sit
2629 4473 2912 4542 sapientia,
2946 4471 3163 4538 plenum
3197 4472 3443 4537 scientia,
3470 4474 3690 4542 plenum

422 4599 655 4665 vpoteral
701 4586 897 4642 offerre
944 4584 1179 4638 hostiam
1205 4622 1219 4644 ,
1272 4580 1445 4633 donec
1485 4578 1648 4646 lepra:
1692 4573 2016 4646 aegritudine

446 4684 755 4741 tenebatur.
787 4679 923 4733 Cum
957 4684 1135 4729 autem
1163 4670 1395 4727 accessit
1423 4671 1487 4723 ad
1522 4667 1735 4731 Jesum,
1784 4675 1833 4720 et
1864 4682 2017 4720 mun-

444 4777 602 4827 datus
636 4779 743 4836 est,
774 4764 1141 4833 tuncjubctur
1166 4762 1213 4817 ei
1238 4777 1270 4815 a
1304 4760 1531 4815 Domino
1554 4756 1754 4813 oﬂ'erre
1793 4769 2015 4809 munera

442 4865 511 4918 ad
540 4862 732 4923 altare,
760 4878 780 4907 ι
814 4857 955 4927 quod
991 4853 1273 4927 praecepit,
1300 4850 1478 4921 inquit
1507 4850 1572 4914 “,
1609 4849 1819 4919 Moyses
1852 4848 1904 4903 in
1934 4857 2015 4901 te-

427 4954 760 5009 stimonium
788 4950 913 5004 illis.
947 4967 966 5001 ι
994 4945 1206 5003 Audisti
1241 4943 1364 5014 quis
1395 4944 1487 5006 sit,
1518 4940 1607 5009 qui
1632 4939 1828 4995 oll'erre
1854 4937 2019 4993 debet

424 5046 678 5100 "hostiam
715 5042 991 5105 salutaris,
1051 5038 1175 5092 audi
1217 5050 1359 5089 nunc
1390 5033 1665 5103 quomodo
1708 5030 2008 5085 debeatof-

435 5138 612 5189 Icrre.
646 5151 665 5186 ι
704 5131 913 5194 Manus,
966 5128 1160 5198 inquit,
1208 5126 1325 5191 ejus
1369 5124 1600 5180 oil‘erent
1645 5122 1879 5177 hostiam
1911 5122 2017 5176 Do-

446 5228 612 5281 mino.
650 5244 669 5278 ι
701 5222 957 5292 Nunquid
1005 5236 1110 5275 non
1157 5219 1437 5273 evidenter
1482 5217 1684 5269 clamat
1712 5214 2018 5283 legislator,

449 5321 572 5388 quia
613 5335 715 5373 non
750 5318 913 5371 homo
960 5313 1161 5383 estqui
1212 5311 1371 5366 otl'ert
1405 5309 1663 5372 hostiam,
1704 5307 1797 5361 sed
1826 5322 2019 5362 manus

506 5414 567 5447 λ’
593 5412 777 5467 Matth.
806 5410 1040 5477 xvttt.6.
1118 5410 1161 5441 °°
1190 5408 1349 5462 Rom.
1384 5421 1458 5473 XI,
1502 5405 1587 5461 l9.

452 5485 494 5517 ιε
522 5483 643 5538 Gal.
679 5500 730 5544 v,
760 5484 849 5537 “2'2.
917 5482 972 5512 ’⁸⁸
1002 5479 1144 5534 Psal.
1173 5494 1285 5541 XIX,
1322 5478 1377 5530 4.

525 5573 635 5642 (56)
688 5572 808 5633 Ms..
850 5592 867 5623 ι
906 5571 1237 5642 accepimus.
1274 5588 1296 5642 γι
1352 5567 1507 5622 Libb.
1557 5566 1708 5642 editi,
1753 5584 1769 5616 ι
1820 5566 2023 5633 accipi-

453 5659 592 5700 ωας.
619 5638 826 5721 'slnfra
860 5644 991 5723 libb.
1021 5638 1173 5721 editi,
1212 5659 1231 5690 ι
1272 5641 1323 5691 iu
1368 5638 1678 5693 novissimis
1711 5646 1953 5705 sperant.
1996 5655 2013 5687 ι

454 5733 577 5773 33.5.,
616 5728 635 5763 ι
676 5719 728 5764 in
760 5719 1066 5765 novissimis
1094 5719 1294 5778 Sperat.
1332 5727 1350 5761 ι

1685 5403 1727 5435 ⁶¹
1764 5401 1916 5468 ibid.,
1951 5402 2035 5457 l8.

2124 4570 2272 4626 omni
2299 4568 2477 4623 divina
2510 4564 2892 4633 intelligentia;
2925 4573 2979 4618 et
3012 4562 3144 4632 quid
3192 4565 3311 4618 dico
3357 4564 3573 4632 plenum
3608 4565 3693 4620 in-

2128 4660 2459 4732 telligeutia?
2497 4660 2602 4713 imo
2627 4657 2773 4727 quod
2802 4655 3019 4725 plenum
3052 4656 3123 4710 sit
3155 4657 3298 4719 Deo,
3333 4654 3493 4725 quale
3527 4666 3613 4712 est
3640 4667 3694 4712 et

2126 4753 2411 4809 brachium
2442 4747 2742 4805 sacerdotis
2766 4747 2911 4814 quod
2934 4746 2982 4799 ei
3008 4744 3243 4800 oﬁerunt
3278 4745 3373 4800 ﬁlii
3402 4746 3562 4801 Israel
3594 4763 3691 4817 pro

2126 4847 2300 4900 salute
2322 4859 2416 4898 sua
2449 4857 2554 4911 qua
2580 4839 2878 4895 salvantur.
2922 4837 3133 4892 Forma:
3192 4846 3318 4893 sunt
3345 4840 3556 4907 singula
3592 4840 3693 4893 ista

2126 4953 2248 5009 qua-
2275 4936 2591 4990 scribuntur
2627 4933 2678 4985 in
2714 4931 2847 5000 lege,
2872 4944 3059 4984 eorum
3092 4944 3211 4999 quae
3240 4930 3292 4984 in
3324 4929 3566 4985 Ecclesia
3598 4945 3695 5001 ge-

2124 5032 2168 5085 ri
2209 5031 2457 5085 debeant.
2505 5024 2760 5094 Alioquin
2804 5038 2901 5077 nec
2947 5021 3138 5077 fuisset
3183 5023 3549 5077 necessarium
3590 5023 3695 5092 legi

2126 5125 2239 5178 haec
2280 5122 2332 5175 in
2382 5119 2647 5181 Ecclesia,
2704 5116 2804 5170 nisi
2849 5130 2913 5170 cx
2944 5114 3028 5168 bis
3073 5114 3359 5169 mdiﬁcatio
3389 5115 3566 5183 aliqua
3598 5130 3693 5167 au-

2125 5214 2394 5270 dientibus
2445 5211 2797 5280 praeberetur.
2844 5208 2901 5262 Si
2952 5222 3080 5277 ergo
3127 5207 3384 5261 sacerdos
3442 5207 3700 5261 Ecclesia:

2124 5322 2221 5377 per
2244 5304 2434 5369 verba,
2476 5310 2530 5355 et
2558 5299 2885 5363 doctrinam,
2932 5306 2986 5351 et
3018 5298 3239 5350 multam
3281 5295 3699 5351 sollicitudinem

2117 5401 2339 5456 “chit.
2367 5413 2461 5462 vn,
2497 5396 2567 5450 28
2589 5404 2644 5449 et
2671 5409 2827 5463 seqq.
2905 5392 2950 5424 “
2978 5391 3166 5445 Matth.
3193 5405 3308 5444 vnt.
3386 5389 3431 5421 “
3461 5390 3616 5454 ibid.,
3644 5389 3702 5444 4.

2214 5558 2325 5627 (57)
2357 5558 2476 5619 .‘ls.,
2517 5576 2533 5607 ε
2571 5565 2672 5610 sta.
2714 5574 2730 5605 ι
2760 5551 3149 5627 I.i_bb._etlit_i_,_t
3186 5559 3327 5627 stas:
3368 5569 3386 5602 ι

2203 5622 2317 5697 (53)
2346 5629 2464 5692 Ms.,
2506 5647 2523 5677 ι
2556 5626 2730 5679 offert.
2773 5646 2788 5674 ι
2822 5623 3161 5697 ι.ῑ1υ1›.νρι1ἰιί,
3192 5639 3217 5697 χ
3250 5622 3464 5675 otl’eret.
3502 5640 3519 5673 ι

2199 5692 2310 5761 (59)
2341 5702 2414 5753 .lls
2449 5741 2460 5762 ,
2501 5717 2517 5748 (
2553 5710 2756 5758 partem
2780 5735 2793 5753 .
2830 5698 2942 5749 loca
2977 5692 3289 5746 iracundiae.
3326 5710 3346 5743 ι
