4106 6246
478 334 589 391 465

1654 338 1718 391 ΙΝ
1761 336 2132 394 LEVlTlCUM
2166 334 2448 391 llOMlLlA
2486 334 2569 387 Vl.

3632 326 3735 383 44,6

485 468 663 519 suam,
709 462 765 509 et
801 452 1039 510 laborem
1086 456 1416 526 vigiliarum,
1457 468 1779 512 convertere
1816 460 2053 527 potuerit
2083 461 2130 516 Α
2158 463 2265 510 ιειιι
2296 452 2598 509 communis
2635 460 2736 514 est,
2765 450 2985 505 dubium
3014 464 3119 503 non
3159 458 3243 504 cst
3267 450 3407 518 quod
3435 446 3727 502 multorum

488 555 853 614 peccatorein,
877 557 931 602 et
958 548 1152 603 docere
1182 564 1327 615 eum,
1377 558 1436 603 ιιι
1475 549 1756 606 meliorem
1793 552 1936 605 viam
1976 566 2060 605 se-

487 647 706 705 quatur,
750 646 809 692 ut
853 638 919 692 ad
971 638 1217 695 timorem
1260 641 1351 696 Dei
1394 642 1604 706 redeat,
1666 642 1869 711 cogitet
1907 660 2056 714 spem

488 728 751 794 futuram,
810 746 839 784 a
880 732 1036 787 malis
1074 734 1286 790 actibus
1322 736 1558 803 desinat,
1606 747 1661 793 et
1707 747 2060 792 convertatur
2125 777 2132 793 .

488 820 555 872 ad
584 820 790 888 bonos;
831 823 898 887 si,
928 825 1172 894 inquam,
1201 826 1306 881 tale
1332 844 1466 897 upus
1489 828 1698 895 fecerit,
1729 847 2059 900 consequens

487 919 747 977 est,eu1n,
788 914 878 983 qui
923 914 1095 983 ipsius
1123 916 1309 972 labore
1353 918 1464 989 (60)
1501 921 1762 987 salvator,
1808 921 1914 976 Deo
1939 940 2060 992 gra-

492 1002 594 1056 tias
634 1018 814 1073 agere,
881 1015 936 1060 et
972 1005 1169 1062 olferre
1221 1011 1455 1065 hostiam
1513 1012 1789 1079 salutaris,
1846 1030 1944 1081 pro
1996 1030 2060 1070 eo

488 1094 631 1161 quod
672 1096 900 1152 salutem
930 1112 1252 1156 consecutus
1319 1103 1409 1160 sit.
1456 1103 1510 1157 ln
1555 1121 1660 1174 qua
1715 1107 1893 1159 hostia
1935 1122 2061 1175 pars

497 1187 727 1245 edicitur
778 1195 1094 1260 sacerdotis,
1140 1198 1511 1263 pectusculunt
1557 1209 1610 1253 et
1649 1198 1929 1254 brachium
1971 1202 2062 1255 de-

493 1291 674 1332 xzrum
722 1298 734 1333 :
793 1290 850 1335 ut
892 1282 960 1336 sit
1002 1285 1258 1341 iudicium
1289 1289 1428 1356 quod
1468 1298 1655 1359 pectus
1711 1291 1828 1359 ejus
1863 1302 1914 1346 et
1966 1286 2062 1347 cor

489 1370 630 1432 quod
658 1379 784 1425 ante
832 1374 973 1429 mala
1033 1377 1327 1443 cogitabat,
1368 1380 1670 1434 sacerdotis
1706 1381 1893 1437 labore
1930 1398 2056 1436 con-

490 1475 730 1528 versum,
776 1467 985 1534 recepit
1023 1469 1383 1537 cogitationes
1414 1471 1604 1536 bonas,
1628 1481 1682 1524 ct
1722 1472 1794 1524 ita
1837 1475 2062 1527 munda-

487 1557 602 1608 tunt
631 1564 733 1618 est,
766 1565 824 1609 ut
852 1557 1016 1611 etiam
1051 1558 1219 1612 Deum
1272 1561 1441 1626 possit
1472 1562 1676 1615 videre.
1718 1560 1981 1617 Similiter
2008 1573 2062 1618 ει

488 1644 543 1698 in
572 1644 793 1700 brachio
834 1646 924 1701 illo
968 1647 1082 1716 (61)
1138 1649 1391 1703 iudiciuin
1436 1660 1540 1718 est,
1577 1653 1718 1720 quod
1768 1652 1903 1706 mala
1947 1653 2060 1721 ejus

486 1746 652 1802 ‘opera
691 1744 746 1788 ει
795 1735 1038 1799 sinistra,
1088 1753 1210 1806 quae
1248 1748 1374 1793 sunt
1402 1740 1589 1809 utique
1628 1753 1914 1809 prava,tel
1953 1759 2056 1798 non

491 1825 651 1888 bona,
698 1827 967 1882 convertit
1015 1828 1068 1883 in
1118 1829 1343 1894 dextra,
1417 1840 1477 1884 ut
1534 1841 1712 1886 essent
1762 1834 2055 1889 secundum

491 1915 693 1983 Deum;
738 1927 793 1972 ει
834 1920 935 1973 Ιιοε
966 1929 1051 1974 εει
1080 1920 1332 1975 dextrum
1359 1922 1668 1989 brachium,
1714 1923 1768 1977 iu
1799 1942 1904 1994 quo
1931 1943 2057 1995 pars

492 2022 610 2061 esse
652 2008 852 2062 dicitur
905 2011 1226 2067 sacerdotis.
1283 2011 1389 2067 Sed
1448 2022 1504 2068 et
1532 2029 1627 2069 vos
1680 2015 2054 2085 deprecamur,

489 2100 578 2167 qui
604 2100 713 2154 haec
744 2102 966 2165 auditis,
1013 2104 1153 2158 detis
1206 2106 1544 2173 peetuscula,
1575 2107 1816 2162 odoratis
1842 2122 2059 2177 pectora

488 2201 664 2245 vestra
698 2194 1075 2249 sacerdotibus
1118 2197 1238 2261 Dei,
1277 2205 1341 2251 ιιι·
1378 2198 1632 2253 auferant
1676 2215 1743 2254 ex
1791 2201 1874 2255 liis
1901 2216 2060 2257 omne

485 2281 627 2348 quod
664 2296 905 2335 crassum
955 2292 1059 2347 est;
1123 2295 1179 2338 ut
1229 2288 1627 2343 sacerdotalem
1680 2306 1799 2344 eam
1855 2291 2058 2346 faciant.

485 2375 813 2439 portionem.
855 2372 983 2429 Date
1014 2376 1174 2430 nobis
1205 2378 1369 2431 etiam
1402 2379 1646 2444 brachia,
1678 2380 1772 2434 sed
1810 2380 1999 2435 dextra
2027 2398 2055 2437 a

483 2464 637 2517 vobis
666 2466 941 2533 poscimus
975 2467 1195 2522 brachia
1235 2485 1249 2521 :
1302 2470 1584 2525 sinistrum
1620 2471 1752 2526 nihil
1786 2472 2053 2543 volmuns,

484 2560 675 2613 dextra
708 2576 735 2613 a
764 2561 915 2616 vobis
957 2578 1121 2633 opera
1167 2565 1521 2635 requirimus.
1557 2566 1661 2623 Sed
1700 2576 1754 2623 et
1786 2570 1886 2625 hoc
1913 2570 2057 2641 quod

485 2650 635 2703 addit
676 2653 1044 2720 pectusculum
1089 2654 1193 2709 dici
1269 2658 1625 2726 appositionis
1668 2670 1720 2715 et
1775 2662 2056 2729 brachium

488 2741 837 2810 demptionis,
869 2760 972 2799 non
1002 2746 1135 2800 ntihi
1158 2746 1276 2802 sine
1302 2763 1469 2803 causa
1503 2750 1703 2804 dictum
1734 2752 1967 2808 videtur.
1991 2755 2062 2810 Et

485 2831 609 2887 ideo
657 2833 815 2887 velim
864 2836 1146 2905 requirere
1187 2839 1316 2907 quid
1365 2849 1445 2895 est
1499 2843 1640 2910 quod
1678 2847 2054 2912 apponendum

484 2934 568 2978 est
595 2926 661 2979 ad
691 2928 1063 2994 pectusculum
1094 2930 1231 3002 (62),
1267 2942 1324 2985 ut
1354 2933 1446 2987 fiat
1479 2936 1854 3003 pectusculum
1891 2954 2059 3009 appo-

481 3010 720 3065 sitionis.
794 3013 1152 3085 Posteaquam
1203 3020 1441 3075 ablatum
1494 3022 1659 3079 fuerit
1700 3028 1918 3083 acorde
1967 3040 2057 3084 tuo

2163 547 2252 609 sit,
2287 556 2339 600 et
2387 545 2506 599 ideo
2559 544 2862 598 communis
2908 542 3137 595 dicatur.
3169 542 3390 596 Grande
3443 540 3602 596 estin
3633 542 3731 595 hoc

2162 651 2414 691 sermone
2452 636 2789 711 mysterium,
2826 636 2969 704 quod
3002 634 3161 687 Israel
3192 635 3485 687 secundum
3516 648 3733 687 carnem

2162 728 2215 782 in
2248 745 2344 781 usu
2376 742 2593 782 sensum
2650 729 2864 795 quidem
2900 727 3079 791 habet,
3109 728 3204 780 sed
3259 725 3586 779 intellectum
3629 740 3732 777 non

2162 821 2342 875 habet.
2376 820 2732 874 Communem
2770 819 2958 872 dicunt
2991 827 3046 871 et
3086 817 3159 871 illi
3199 818 3469 871 hominem
3501 816 3728 869 immun-

2161 913 2311 975 d‘um,
2344 912 2435 965 sed
2468 928 2566 965 cur
2606 910 2914 965 communis
2940 912 3179 972 dicatur,
3218 910 3491 978 ignorant.
3516 907 3736 962 Discant

2161 1018 2292 1072 ergo
2324 1006 2391 1057 ab
2422 1004 2682 1067 Ecclesia,
2731 1003 2856 1072 quia
2899 1002 2990 1071 qui
3032 1012 3254 1056 sanctus
3294 1011 3396 1067 est,
3434 1000 3601 1054 solius
3642 1000 3737 1054 Dei

2161 1106 2264 1156 est,
2296 1104 2349 1147 et
2378 1110 2497 1147 cum
2527 1093 2672 1148 nullo
2703 1094 2749 1146 ei
2782 1093 3093 1147 Cotnntunio
3123 1101 3226 1145 est.
3258 1091 3357 1157 Qui
3395 1100 3575 1144 autem
3609 1106 3737 1160 pec-

2161 1193 2315 1239 calor
2342 1194 2424 1239 est
2457 1196 2511 1239 et
2535 1185 2872 1249 immundus,
2916 1184 3203 1237 multorum
3262 1194 3364 1237 εει.
3409 1183 3557 1236 Multi
3589 1184 3733 1237 enim

2163 1274 2433 1330 dmmoues
2457 1278 2738 1345 possident
2773 1292 2915 1337 eum.
2958 1285 3011 1331 ει
3040 1277 3159 1331 ideo
3207 1275 3516 1330 communis
3545 1276 3733 1345 appela

2164 1363 2327 1423 latur.
2368 1364 2607 1435 Denique
2642 1377 2693 1420 et
2726 1367 2812 1421 ille
2862 1368 2949 1437 qui
2996 1369 3046 1419 in
3096 1366 3396 1435 Evangeliis
3438 1381 3465 1420 a
3511 1367 3734 1420 Domino

2165 1468 2388 1513 curatus
2420 1467 2525 1522 est,
2571 1475 2693 1512 cum
2746 1461 3105 1528 interrogatus
3152 1468 3313 1525 esset,
3376 1479 3395 1510 ι
3431 1458 3583 1525 Quod
3643 1460 3735 1513 tibi

2163 1562 2358 1603 nomen
2397 1552 2516 1605 est?
2563 1550 2703 1605 dixit
2737 1567 2750 1603 :
2789 1551 2971 1621 Legio,
3002 1552 3154 1606 multi
3194 1551 3337 1605 enim
3366 1565 3549 1605 sunnts
3575 1551 3643 1607 ⁶⁹.
3712 1570 3732 1603 ι

2164 1638 2289 1693 llzec
2320 1640 2443 1695 licet
2472 1643 2522 1695 in
2554 1658 2781 1697 excessu
2813 1645 3071 1713 quodam,
3094 1642 3405 1698 necessario
3435 1651 3613 1696 tamen
3646 1643 3741 1694 ad-

2163 1729 2274 1782 dita
2326 1731 2597 1795 videntur,
2628 1742 2686 1786 ut
2723 1734 3041 1803 mysterium
3088 1733 3391 1804 pectuscuh‘
3442 1731 3737 1801 appositio-

2161 1820 2262 1885 nis,
2316 1831 2373 1875 et
2410 1823 2614 1877 brachii
2666 1824 3047 1893 separationis,
3106 1839 3277 1893 quare
3324 1823 3588 1891 scriptum
3662 1822 3736 1874 sit

2160 1912 2568 1979 dissereremus,
2608 1928 2726 1983 quae
2764 1924 2845 1969 εει
2887 1925 3085 1971 acterna
3129 1913 3303 1986 portio
3358 1913 3737 1969 sacerdotibus

2160 2005 2321 2075 215
2359 2007 2502 2071 data,
2547 2007 2599 2060 in
2649 2021 2752 2075 qua
2786 2008 2977 2077 dignos
3020 2022 3118 2061 nos
3156 2007 3335 2060 facere
3367 2006 3639 2075 dignetur,
3680 2015 3739 2057 ut

2160 2112 2258 2164 per
2303 2098 2483 2149 cordis
2514 2099 2831 2165 puritatem,
2872 2107 2925 2151 et
2970 2112 3194 2164 operum
3236 2095 3563 2165 probitatem
3601 2092 3735 2166 (ϋᾶ),

2160 2186 2213 2241 in
2240 2189 2422 2241 divino
2474 2189 2742 2243 sacriﬁcio
2775 2188 2974 2243 habere
3006 2187 3349 2255 participium
3404 2202 3734 2252 mereamur,

2159 2293 2257 2347 per
2297 2288 2558 2332 anernum
2613 2280 2924 2347 pontiﬁcem
2970 2278 3254 2332 Dominum
3303 2288 3357 2333 ει
3399 2277 3739 2331 Salvatorem

2162 2379 2404 2424 nostrum
2429 2369 2609 2425 Jesum
2641 2370 2937 2433 Christum,
2986 2385 3085 2438 per
3118 2385 3277 2441 quem
3329 2380 3415 2424 est
3448 2370 3556 2425 Deo
3586 2368 3733 2421 Patri

2158 2475 2279 2513 cum
2316 2462 2522 2531 Spiritu
2557 2471 2748 2518 sancto
2781 2461 2949 2533 gloria
3009 2470 3064 2516 et
3117 2462 3406 2533 imperium
3438 2463 3489 2517 in
3535 2461 3734 2517 saecula

2159 2553 2503 2609 sareuloruni.
2527 2557 2724 2612 Amen.

2675 2647 2953 2706 HOMILIA
3003 2648 3063 2704 Vl
3094 2648 3227 2721 (σε).

2305 2742 2380 2797 De
2412 2743 2729 2797 indumentis
2761 2741 3029 2809 pontiﬁcis
3064 2750 3112 2795 et
3147 2743 3479 2796 sacerdotum
3516 2744 3581 2794 7°;

2231 2835 2279 2887 l.
2316 2834 2575 2898 Causam,
2610 2848 2712 2902 qua
2744 2832 2960 2901 quidem
2997 2832 3115 2887 lucc
3145 2847 3275 2902 quae
3304 2833 3460 2888 nobis
3504 2831 3736 2887 Γεεὶιιιιιο

2162 2934 2267 2989 tur,
2319 2936 2413 2978 aut
2462 2925 2687 2993 intelligi
2740 2923 2950 2993 possint
2986 2922 3121 2994 (66),
3174 2934 3267 2978 aut
3302 2939 3410 2978 non
3465 2922 3675 2992 intelligi
3720 2964 3734 2983 ,

2158 3016 2396 3071 breviter
2427 3017 2663 3071 ostendit
2696 3015 2986 3084 Apostolus
3014 3018 3057 3050 “
3082 3056 3097 3082 ,
3129 3016 3313 3070 dicens
3347 3016 3413 3070 ab
3447 3014 3563 3082 ejus
3602 3030 3734 3068 ocu-

481 3117 645 3157 omne
670 3105 812 3173 quod
843 3123 1088 3163 crassum
1139 3120 1244 3178 est,
1273 3121 1326 3166 et
1369 3116 1721 3171 emundatum
1768 3120 1934 3174 fuerit
1989 3122 2057 3176 ab
2085 3142 2126 3201 ρ
2162 3105 2226 3161 “5
2272 3123 2430 3175 P0550
2469 3109 2679 3201 Veieris
2726 3108 3346 3201 Testamentu'elan‘c"
3382 3106 3609 3201 3993"]?
3639 3105 3731 3201 9'“

480 3195 626 3248 omni
658 3196 1018 3263 operimento,
1050 3201 1132 3255 vel
1159 3202 1573 3272 inquinamento
1599 3208 1736 3277 ((55),
1774 3213 1917 3279 quod
1946 3213 2053 3283 igni

484 3284 805 3339 tradendum
831 3297 933 3350 εει,
972 3301 1139 3345 restat
1183 3302 1237 3345 ut
1267 3304 1571 3363 apponatur
1604 3299 1651 3351 ci
1684 3302 1852 3369 gratia
1883 3302 2057 3370 Spiri-

485 3383 572 3427 tus
622 3378 821 3445 sancti,
868 3388 923 3433 et
967 3390 1095 3437 tunc
1126 3383 1219 3438 liet
1264 3387 1635 3453 pectusculum
1677 3393 2053 3461 appositionis,

483 3466 575 3518 sed
619 3476 672 3518 et
723 3468 1001 3524 brachium
1049 3477 1453 3542 separationis,
1521 3482 1634 3534 sive
1688 3483 2045 3552 demptionis.

413 3563 417 3567 ”
482 3559 760 3624 Quomodo
792 3562 896 3614 erit
940 3572 994 3615 et
1037 3565 1322 3621 brachium
1348 3573 1748 3638 separationis?
1796 3574 1850 3629 Si
1883 3579 2050 3644 scias,

481 3663 533 3703 et
562 3650 829 3721 intelligas
853 3653 1165 3710 discernere
1192 3671 1311 3726 quae
1334 3660 1445 3713 sint
1472 3677 1636 3729 opera
1663 3664 1821 3730 lucis,
1853 3675 1901 3720 et
1934 3684 2055 3737 quae

481 3743 593 3795 sint
630 3758 793 3811 opera
841 3749 1212 3813 tenebrarum,
1264 3758 1317 3803 et
1359 3765 1581 3821 separes
1638 3764 1791 3810 actus
1836 3767 1955 3812 tuos
1987 3762 2054 3816 de

482 3831 733 3892 tenebris,
781 3841 840 3886 ut
884 3834 996 3887 sint
1034 3850 1201 3904 opera
1253 3848 1339 3892 tua
1390 3840 1443 3894 in
1488 3841 1713 3909 lumine,
1768 3846 2049 3905 brachium

479 3929 630 3972 tuum
660 3921 894 3978 ellicitur
930 3926 1213 3990 brachium
1243 3932 1638 3999 separationis;
1677 3936 1757 3991 vel
1811 3953 1934 3992 cum
1965 3956 2052 3996 se-

474 4014 756 4078 paraveris
799 4025 848 4070 te
879 4017 947 4072 ab
989 4020 1137 4073 omni
1188 4019 1354 4076 fratre
1395 4024 1638 4093 inquiete
1695 4030 2046 4099 ambulante;

474 4102 556 4157 vel
593 4115 742 4161 certe
764 4123 884 4161 cum
914 4111 1215 4166 secundum
1247 4116 1568 4184 prophetam
1614 4119 1658 4150 ⁸⁷
1689 4133 1944 4188 separant
1968 4140 2045 4192 se,

374 4215 386 4225 -
475 4202 527 4243 et
551 4209 753 4252 exeunt
781 4198 847 4254 de
881 4202 1063 4257 medio
1111 4216 1486 4273 peccatorum,
1538 4210 1627 4278 qui
1668 4222 1887 4280 portant
1919 4230 2044 4271 vasa

474 4285 710 4343 Domini.
751 4291 993 4362 Denique
1037 4298 1326 4352 vernacula
1370 4301 1601 4369 quadam
1656 4309 2046 4364 consuetudine

477 4381 790 4450 Scriptura),
819 4399 1103 4441 commune
1133 4404 1253 4445 esse
1282 4391 1482 4446 dicitur
1517 4395 1657 4461 quod
1701 4395 2041 4453 immundum

2161 3213 2456 3251 conversus
2505 3200 2570 3254 ad
2631 3201 2796 3253 Deum
2837 3200 3033 3266 fuerit;
3098 3215 3164 3253 ex
3217 3213 3324 3267 quo
3357 3197 3482 3251 sciri
3520 3197 3730 3258 voluit,

2158 3290 2300 3357 quod
2335 3298 2535 3357 quanto
2600 3292 2777 3346 minus
2839 3293 2953 3346 haec
2995 3292 3149 3345 nobis
3201 3290 3359 3359 plana
3396 3296 3549 3351 sunt,
3582 3298 3765 3340 tanto

2159 3380 2338 3432 minor
2366 3391 2449 3433 est
2484 3381 2551 3435 ad
2585 3380 2754 3435 Deum
2783 3393 2966 3436 nostra
3000 3382 3305 3436 conversio.
3340 3379 3402 3432 Et
3432 3379 3551 3433 ideo
3582 3382 3728 3432 omni
3752 3400 3763 3405 ο

2158 3469 2358 3522 virtute
2392 3470 2673 3524 nitendum
2712 3483 2815 3536 est,
2851 3482 2905 3525 ut
2951 3474 3017 3528 ab
3043 3473 3493 3541 occupationibus
3524 3474 3729 3535 saeculi,

2156 3569 2207 3613 et
2233 3574 2261 3613 a
2296 3562 2584 3617 mundanis
2616 3563 2828 3619 actibus
2859 3564 3035 3629 liberi,
3060 3574 3114 3619 et
3146 3566 3289 3633 ipsas
3314 3566 3504 3631 etiam,
3533 3566 3576 3620 si
3609 3565 3725 3620 tieri

2154 3662 2375 3720 potest,
2413 3653 2718 3723 superﬂuas
2753 3656 3018 3709 sodalium
3054 3656 3262 3711 fabulas
3319 3657 3683 3727 relinquentes
3711 3700 3726 3723 ,

2156 3743 2322 3797 verbo
2354 3745 2442 3797 Dei
2479 3759 2702 3812 Operam
2735 3746 2956 3811 demus,
2991 3758 3045 3802 et
3089 3747 3141 3800 in
3183 3748 3299 3818 lege
3340 3749 3455 3815 ejus
3500 3749 3729 3803 medite—

2132 3850 2277 3903 ‘mur
2300 3835 2385 3889 die
2408 3850 2472 3890 ac
2502 3846 2684 3903 nocte,
2716 3848 2773 3892 ut
2798 3848 2911 3894 toto
2932 3841 3093 3896 corde
3118 3832 3388 3905 conversi,
3432 3840 3724 3898 revelatam

2153 3935 2209 3980 et
2241 3938 2484 3995 apertam
2542 3928 2712 4000 Moysi
2772 3929 2965 3985 faciem
3019 3932 3292 4000 possimus
3350 3934 3611 4003 aspicere,
3673 3944 3729 3987 et

2152 4020 2386 4074 maxime
2423 4019 2477 4074 in
2510 4020 2627 4086 his,
2658 4037 2780 4091 quae
2808 4038 2952 4078 nunc
2985 4024 3213 4078 recitata
3243 4035 3393 4089 sunt,
3427 4025 3509 4079 vel
3543 4026 3608 4080 de
3637 4042 3728 4081 sa-

2152 4111 2516 4168 cerdotalibus
2555 4114 2908 4183 indumentis,
2938 4116 3024 4170 vel
3047 4117 3113 4172 de
3146 4117 3557 4173 consecratione
3585 4134 3726 4183 pon-

2152 4203 2332 4270 tiﬁcis,
2372 4204 2424 4258 in
2462 4206 2662 4275 quibus
2690 4208 2817 4262 talia
2853 4208 3102 4279 quamam
3150 4209 3427 4276 dicuntur,
3464 4219 3522 4264 ut
3559 4212 3723 4264 etiam

2150 4291 2302 4347 illum
2356 4295 2532 4363 ipsum
2581 4297 2859 4354 carnalem
2893 4298 3062 4355 Israel
3116 4300 3184 4356 ab
3226 4303 3485 4356 historica
3522 4301 3723 4356 intelli-

2150 4387 2326 4454 gentia
2370 4390 2590 4457 penitus
2615 4391 2940 4461 excludaut;
2969 4402 3025 4448 et
3046 4393 3166 4447 ideo
3190 4396 3257 4449 ad
3280 4395 3394 4449 haec
3429 4394 3724 4464 explanan-

472 4482 577 4527 εει.
607 4474 757 4529 Sicut
783 4488 837 4530 et
868 4478 933 4531 ad
963 4477 1178 4534 Petrum
1204 4497 1307 4537 vox
1339 4484 1407 4539 de
1436 4486 1571 4539 coelo
1589 4486 1813 4541 dicit“:
1844 4508 1861 4540 ι
1890 4489 2043 4557 Quod

2156 4478 2214 4531 da
2243 4479 2374 4550 (67),
2409 4497 2514 4537 non
2554 4484 2777 4539 humani
2812 4486 3014 4553 ingenii
3051 4488 3261 4543 viribus
3302 4487 3586 4543 nitendum
3612 4499 3721 4553 est,

474 4564 614 4619 Deus
640 4569 939 4635 inundavit,
967 4579 1018 4624 tu
1051 4586 1337 4628 commune
1395 4592 1461 4629 ne
1510 4578 1736 4634 dixeris.
1782 4598 1800 4632 ι
1836 4580 2045 4636 Conse-

470 4668 701 4724 quenter
725 4674 853 4730 ergo
878 4662 921 4715 si
957 4662 1007 4716 id
1036 4663 1177 4731 quod
1214 4665 1551 4722 immundum
1600 4682 1715 4734 est,
1750 4686 2040 4729 counnune

470 4748 789 4817 appellatur,
823 4753 963 4821 quod
1021 4766 1266 4809 sanctum
1302 4766 1407 4824 est,
1462 4762 1829 4816 nominabitur
1883 4779 2041 4831 sepa-

468 4850 666 4895 ratum.
718 4842 821 4897 Sed
853 4855 907 4899 et
942 4846 1073 4900 illud
1129 4849 1401 4905 addimus.
1457 4851 1513 4905 Si
1545 4855 1669 4922 quis
1718 4855 1811 4908 Dei
1867 4858 2042 4911 solius

468 4944 658 4987 servus
686 4944 786 4999 est,
820 4939 1121 4993 communis
1161 4955 1266 4995 non
1316 4952 1493 5010 potest
1524 4945 1652 4999 dici.
1702 4945 1757 4999 Si
1783 4947 1904 5016 quis
1942 4962 2039 4999 an-

1131 5077 1176 5110 ⁶⁸
1201 5080 1324 5136 Αει.
1360 5098 1411 5144 x,
1442 5083 1533 5139 15.
1608 5083 1652 5116 θ’
1682 5082 1848 5139 Mare.
1877 5098 1932 5145 ν,
1960 5082 2017 5138 9.

541 5183 653 5264 (ῥῷ)
684 5186 837 5264 μω»
866 5189 1022 5264 editi,
1060 5210 1077 5242 ι
1115 5194 1205 5264 qui
1242 5196 1293 5248 in
1328 5196 1493 5264 ipsius
1519 5196 1726 5254 labore.
1766 5218 1784 5251 ι

538 5254 649 5326 εει)
681 5256 802 5320 Ms.,
850 5277 869 5309 ι
912 5254 1020 5313 iilo.
1056 5280 1074 5313 ι
1111 5254 1271 5319 Libb.
1298 5254 1429 5321 ράιιι
1486 5287 1505 5320 ‹
1540 5269 1689 5326 illud.
1728 5289 1746 5322 ι

539 5324 653 5396 (6:2)
682 5326 800 5396 bis"
834 5346 852 5378 κ
886 5334 1213 5396 pectusculo.
1255 5356 1271 5387 ι

536 5394 651 5468 (ﬁli)
680 5394 767 5468 _V_el
798 5394 1205 5468 inquinamento.
1238 5402 1393 5459 Deest
1423 5404 1473 5459 in
1508 5422 1609 5461 ms.

465 5463 649 5590 ωιαίίί)
679 5463 801 5531 Με.,
835 5463 949 5521 (ut
975 5482 1072 5537 pro
1099 5471 1278 5525 cordis
1309 5475 1565 5544 puritate,
1591 5488 1641 5531 et
1664 5493 1886 5549 Operum
1911 5500 2034 5554 pro-

549 5553 574 5584 η
607 5551 702 5589 e.»

528 5546 702 5589 tate.»

537 5602 746 5693 templi:
782 5604 1156 5693 vetustissimo
1212 5610 1400 5693 codice
1435 5612 1913 5693 Sangcrmaneusi,
1942 5625 2034 5693 qui

467 5674 842 5750 totus_litte_r_i_s
874 5676 1176 5731 uncialibus
1219 5680 1456 5747 scriptus
1508 5674 1630 5750 est,
1689 5674 2035 5748 desideratiin

469 5744 584 5798 lucc
632 5745 855 5801 humilia
891 5760 1064 5815 sexta,
1108 5765 1203 5805 nec
1240 5744 1346 5806 non
1382 5744 1627 5819 septima.
1656 5758 1759 5814 Sed
1804 5744 2033 5833 utraque

538 5070 582 5101 ⁸⁷
609 5070 710 5126 lsa.
746 5088 856 5128 xui
879 5085 933 5130 et
960 5091 1054 5131 ιιι.

2125 5081 2170 5113 ⁷⁰
2203 5080 2375 5138 Levit.
2400 5098 2471 5136 vtt
2497 5092 2551 5137 et
2572 5098 2686 5137 vttt.

2149 4571 2245 4624 sed
2292 4573 2632 4631 orationibus
2662 4586 2715 4631 et
2742 4579 2995 4647 precibus
3025 4580 3091 4635 ad
3130 4582 3300 4635 Deum
3329 4579 3485 4636 fusis.
3523 4578 3580 4633 In
3615 4595 3722 4648 quo

2147 4663 2311 4716 etiam
2366 4666 2531 4719 vestri
2573 4666 2840 4735 adiutorio
2891 4668 3220 4742 indigemus,
3274 4679 3332 4726 ut
3377 4672 3517 4726 Deus
3556 4670 3722 4725 Pater

2148 4752 2312 4810 Verbi
2354 4756 2447 4811 det
2482 4759 2636 4814 nobis
2671 4763 2898 4817 verbum
2943 4763 2995 4816 in
3026 4765 3360 4832 apertionem
3384 4762 3496 4817 oris
3525 4762 3717 4827 nostri,

2147 4861 2201 4905 ut
2230 4853 2501 4920 possimus
2534 4854 2885 4910 considerare
2925 4856 3198 4910 mirabilia
3233 4856 3298 4909 de
3333 4854 3450 4922 lege
3482 4851 3615 4921 ejus.

2217 4944 2271 5001 2.
2301 4945 2397 4999 Est
2432 4962 2562 5015 ergo
2609 4948 2825 5001 initium
2876 4962 3062 5002 eormn
3103 4964 3223 5018 qua:
3279 4948 3441 5002 hodie
3485 4947 3733 5002 recitata.

2762 5083 2805 5113 ’ί
2837 5082 2876 5137 ll
2907 5082 3030 5137 Cor.
3068 5099 3155 5138 tu.

2145 5195 2335 5250 collata
2377 5206 2456 5251 est
2488 5211 2610 5250 cum
2644 5196 2817 5251 tribus
2844 5196 2964 5253 aliis
2998 5211 3132 5252 mss.
3167 5197 3445 5263 Beceensi,
3474 5197 3748 5256 Gemetim.

2142 5267 2315 5326 censi,
2342 5277 2395 5319 et
2425 5266 2765 5321 Cadomensi.

2216 5336 2328 5408 (66)
2359 5335 2512 5408 Μεε.,
2564 5355 2581 5386 ι
2606 5339 2831 5403 possint.
2858 5356 2876 5390 ι
2931 5336 3088 5392 Libb.
3147 5337 3313 5404 editi,
3362 5357 3379 5389 ι
3404 5350 3649 5408 possunt.
3684 5357 3707 5396 ι

2144 5403 2285 5459 lnl'ra
2319 5406 2491 5483 ii‘detn
2535 5421 2686 5468 mss.,
2730 5426 2747 5459 ι
2777 5417 2922 5462 tanto
2953 5410 3129 5465 minor
3158 5419 3262 5463 est.
3295 5403 3315 5461 ι
3352 5403 3505 5464 Libb.
3554 5412 3713 5483 editi,

2144 5493 2161 5527 ι
2191 5484 2340 5529 tanto
2373 5476 2552 5530 minus
2578 5484 2683 5532 est.
2710 5495 2729 5529 ι

2209 5544 2319 5616 (67)
2352 5542 2507 5618 Libb.
2537 5546 2688 5610 editi,
2730 5564 2749 5598 ι
2771 5546 2924 5601 nobis
2955 5548 3020 5602 ad
3054 5548 3168 5603 haec
3198 5550 3538 5618 exponenda,
3564 5569 3583 5603 ι
3613 5555 3709 5608 sed

2134 5629 2267 5673 mss.
2298 5624 2383 5687 _ut
2436 5615 2487 5667 in
2539 5624 2725 5687 nostro
2768 5625 2941 5671 textu.
2986 5618 3130 5672 Infra
3175 5615 3335 5674 iidem
3374 5615 3545 5687 mssf,
3600 5641 3618 5672 ι
3654 5624 3707 5676 iu

2135 5685 2497 5756 apertionem.
2531 5704 2549 5738 ι
2585 5683 2741 5742 Libb.
2776 5687 2929 5755 editi,
2973 5707 2990 5740 ι
3015 5689 3068 5745 in
3096 5683 3572 5760 adapertionemﬁi
