4106 6246
395 391 500 448 667

1848 383 2167 438 ORIGENlS

3555 386 3658 439 £68

394 519 547 575 sunt,
574 510 627 564 in
663 509 748 564 his
776 509 956 563 verbis
985 509 1026 540 τ’
1064 525 1076 561 :
1123 525 1140 557 ι
1182 507 1308 561 llaec
1339 506 1524 562 unctio
1566 509 1766 573 Aaron,
1795 519 1849 562 et
1875 525 1974 561 nn-
2007 509 2050 567 Α
2085 507 2186 558 ιιίδὶ
2226 518 2351 559 ante
2383 505 2524 558 loltts
2559 501 2744 557 fueris.
2777 519 2792 552 ι
2831 501 3112 555 Lavamini
3143 514 3276 570 ergo
3300 539 3315 564 ,
3366 506 3422 554 et
3472 502 3655 554 ntund'

401 603 508 655 ctio
540 602 772 656 ﬁliorum
795 600 911 668 ejus
939 603 1007 654 ab
1034 599 1231 654 hostiis
1259 599 1491 662 Domini,
1533 615 1638 670 qua
1677 600 1765 654 die
1798 599 1972 668 appli-

399 692 510 746 cuit
531 706 625 746 eos
647 690 962 746 sacriﬁcare
986 688 1232 754 Domino,
1257 689 1398 744 sicut
1422 690 1678 760 praecepit
1708 689 1973 744 Dominus

397 781 532 838 dare
564 781 690 848 illis,
722 797 830 853 qua
870 782 960 837 die
995 780 1155 836 unxit
1189 781 1312 837 illos
1343 797 1371 834 a
1404 781 1530 837 ﬁliis
1561 779 1748 844 lsrael,
1801 781 1974 852 legiti-

369 860 544 928 ‘mum
595 886 855 930 aeternum
891 875 944 929 in
994 874 1278 944 progenies
1331 889 1539 930 eorum.
1589 875 1712 930 litec
1751 875 1834 930 lex
1891 883 1973 929 est

396 964 868 1030 holocaustorum,
913 979 968 1021 et
998 981 1097 1035 pro
1131 975 1376 1035 peccato,
1424 975 1480 1022 et
1535 983 1631 1038 pro
1668 967 1887 1031 delicto,
1919 977 1974 1021 et

393 1058 911 1120 consummationis,
939 1068 993 1112 et
1023 1057 1282 1112 sacriﬁcii
1335 1058 1613 1122 salutaris,
1654 1059 1790 1113 sicut
1825 1074 1974 1112 man-

392 1147 543 1202 davit
579 1149 838 1204 Dominus
873 1151 1042 1220 Moysi
1090 1151 1141 1206 in
1183 1161 1363 1206 monte
1395 1152 1550 1218 Sina,
1579 1166 1688 1222 qua
1721 1151 1808 1206 die
1835 1167 1974 1220 prae-

391 1240 536 1309 cepit
567 1239 696 1296 ﬁliis
727 1242 894 1297 Israel
923 1243 1122 1298 offerre
1154 1259 1377 1298 munera
1408 1258 1502 1298 sua
1537 1260 1719 1300 coram
1745 1244 1972 1299 Domino

392 1329 446 1382 in
477 1330 694 1386 deserto
732 1332 885 1394 Sina.
919 1353 937 1386 ι
973 1333 1107 1389 Cum
1141 1335 1484 1406 proposuerit
1529 1334 1712 1388 dicere
1758 1333 1974 1404 legisla-

394 1430 499 1485 tor,
537 1422 652 1476 haec
688 1424 876 1480 unctio
912 1425 1145 1480 ﬁliorum
1183 1424 1321 1493 ejus,
1358 1441 1463 1481 non
1519 1425 1802 1494 subjunxit
1852 1443 1973 1498 quae

389 1524 538 1570 esset
569 1517 771 1582 unctio,
814 1533 916 1573 nec
951 1517 1186 1596 qualiter
1245 1519 1492 1573 unxisset
1533 1520 1822 1588 exposuit,
1875 1521 1971 1574 sed

392 1609 495 1685 hoc
529 1609 747 1679 quidem
779 1611 832 1665 in
865 1611 1223 1680 sequentibus
1273 1609 1426 1676 facit,
1479 1626 1622 1664 nunc
1665 1625 1793 1665 vero
1823 1621 1971 1680 post-

389 1687 619 1770 eaquam
662 1702 803 1757 dixit
837 1722 850 1758 :
885 1702 1003 1758 haec
1036 1703 1224 1758 unctio
1256 1704 1436 1758 Aaron
1467 1713 1521 1756 et
1562 1703 1795 1756 ﬁliorum
1830 1703 1968 1773 ejus,

387 1793 526 1849 nihil
559 1794 627 1848 de
657 1794 916 1852 unctione
965 1794 1268 1863 subjunxit.
1326 1797 1581 1852 Profecto
1619 1805 1677 1850 ut
1711 1795 1969 1851 ostende-

390 1894 510 1950 ret,
553 1886 680 1956 quia
734 1886 848 1941 hzec
881 1901 1002 1958 quae
1030 1902 1193 1958 supra
1224 1889 1456 1955 dixerat,
1494 1890 1545 1944 id
1569 1898 1651 1945 est
1685 1899 1972 1962 pectuscu-

387 1972 500 2034 lum
562 1979 968 2049 impositionis,
1015 1989 1069 2036 et
1096 1980 1381 2036 brachium
1437 1982 1820 2052 separatiouis,
1855 1981 1970 2051 ipsa

386 2080 573 2150 essent
606 2070 718 2143 (68)
753 2071 936 2126 unctio
966 2070 1148 2126 Aaron
1185 2081 1238 2126 et
1276 2071 1510 2126 ﬁliorum
1541 2072 1681 2144 ejus,
1714 2086 1782 2128 ne
1812 2081 1970 2143 puta-

387 2177 571 2218 remus
609 2163 700 2219 illa
726 2179 826 2234 pro
857 2164 1121 2220 carnibus
1144 2163 1309 2232 dicta,
1345 2166 1439 2220 sed
1471 2174 1529 2220 ut
1559 2167 1782 2222 doceret
1803 2166 1968 2221 etiam

386 2255 501 2324 ipsa
535 2255 636 2310 sub
665 2267 1012 2312 sacramento
1059 2255 1336 2313 unctionis
1365 2258 1600 2315 inserta.
1637 2259 1882 2330 Denique
1912 2259 1966 2313 in

384 2347 851 2416 consequentibus
886 2349 1087 2416 repetit
1114 2363 1204 2412 ea,
1248 2363 1369 2418 qua:
1414 2349 1666 2420 superius
1697 2365 1968 2419 exposue-

384 2445 495 2504 rat,
520 2450 578 2494 et
609 2437 742 2494 dicit
780 2455 794 2492 :
829 2437 958 2495 llaec
994 2439 1078 2494 lex
1109 2440 1657 2509 holocaustorum,.et
1681 2442 1964 2504 sacriﬁcii,

382 2539 440 2584 et
471 2545 571 2600 pro
622 2540 876 2602 peccato.
912 2530 1040 2588 llaac
1063 2575 1079 2602 ,
1123 2535 1175 2589 id
1226 2543 1310 2590 est
1370 2550 1490 2604 qua:
1523 2549 1689 2604 supra
1725 2538 1966 2606 exposita

381 2633 486 2689 est,
516 2631 570 2679 et
596 2623 811 2679 videtur
842 2637 963 2679 esse
991 2626 1468 2698 ἀνακεφαλαίωσις
1491 2669 1506 2693 ,
1539 2627 1590 2682 id
1626 2635 1708 2683 est
1761 2630 1967 2698 recapi-

383 2713 580 2770 tulatio
627 2727 1124 2785 sacramentorum,
1152 2734 1273 2788 qua:
1315 2720 1367 2773 in
1398 2719 1772 2789 superioribus
1808 2720 1967 2774 latius

383 2807 599 2862 fuerant
628 2818 906 2865 enarrata.
953 2810 1083 2866 Post
1137 2811 1254 2866 hzcc
1302 2826 1431 2866 vero
1479 2811 1760 2883 subjungit
1797 2835 1808 2868 :
1845 2830 1864 2863 ι
1903 2813 1966 2866 Et

382 2898 597 2956 locutus
625 2910 708 2956 est
741 2901 1023 2968 Dominus,
1058 2903 1232 2972 inquit
1258 2903 1322 2968 ⁷³,
1345 2904 1412 2957 ad
1443 2903 1692 2975 Moysen,
1731 2905 1922 2960 dicens
1949 2923 1963 2960 :

381 2989 554 3044 Sume
586 2990 769 3046 Aaron
797 3033 812 3058 ,
861 3002 912 3047 et
961 2991 1103 3048 ﬁlios
1135 2992 1273 3063 ejus,
1305 2995 1552 3050 etstolas
1583 3003 1636 3050 et
1663 2995 1840 3050 oleum
1870 3012 1968 3050 uu-

381 3084 603 3150 ctionis,
643 3093 699 3141 et
740 3086 967 3141 vitulum
1007 3088 1099 3158 qui
1152 3097 1235 3143 est
1278 3104 1376 3158 pro
1431 3097 1678 3159 peccato,
1732 3097 1789 3143 et
1828 3089 1964 3144 duos

2081 607 2253 651 estote
2274 639 2287 663 ,
2325 607 2378 650 et
2431 595 2642 649 auferte
2675 593 2947 662 nequitias
2977 592 3045 646 ab
3073 591 3270 646 animis
3302 592 3497 647 vestris
3523 591 3591 648 ".
3630 612 3650 646 ι

2080 689 2193 743 Nisi
2229 690 2374 744 enim
2412 690 2514 742 hoc
2547 688 2708 742 modo
2737 686 2881 741 lotus
2926 685 3121 751 fueris,
3163 701 3270 740 non
3315 688 3522 755 poteris
3569 688 3656 742 in-

2078 788 2244 841 duere
2271 787 2562 841 Dominum
2595 783 2778 838 Jesum
2818 783 3118 846 Christum,
3171 783 3466 837 secundum
3508 782 3657 852 quod

2077 877 2211 932 dicit
2241 876 2537 947 Apostolus
2564 876 2611 906 ⁷⁸⁵
2642 893 2656 929 :
2691 893 2708 926 ι
2744 873 2956 928 luduite
2989 872 3275 927 Dominum
3297 871 3480 927 Jesum
3506 872 3661 930 Chri-

2077 977 2244 1033 stum,
2273 976 2329 1020 et
2357 967 2539 1022 carnis
2571 980 2757 1021 curam
2795 979 2860 1017 ne
2890 962 3132 1019 feceritis
3176 963 3228 1017 in
3265 963 3658 1032 concupiscen-

2079 1060 2188 1115 tiis.
2222 1078 2242 1111 ι
2275 1058 2440 1113 Lavet
2475 1068 2532 1114 te
2560 1059 2726 1126 igitur
2752 1058 2992 1128 Moyses,
3021 1057 3136 1126 ipse
3173 1066 3225 1110 te
3261 1055 3428 1124 lavet,
3453 1068 3509 1110 et
3536 1058 3658 1126 ipse

2080 1159 2133 1203 te
2166 1148 2380 1203 induat.
2412 1147 2696 1215 Quomodo
2733 1157 2783 1202 te
2830 1148 3012 1200 lavare
3043 1155 3222 1216 potest
3267 1145 3503 1216 Moyses,
3549 1147 3658 1202 fre-

2075 1252 2311 1310 quenter
2343 1240 2567 1295 audisti.
2605 1240 2760 1310 Sarpe
2790 1239 2934 1294 enim
2987 1239 3221 1293 diximus
3261 1239 3402 1307 quod
3439 1239 3658 1311 Moyses

2075 1333 2130 1387 in
2165 1333 2467 1402 Scripluris
2498 1334 2614 1388 suis
2645 1349 2742 1404 pro
2790 1333 2910 1404 lege
2941 1340 3197 1402 ponatur,
3223 1333 3362 1388 sicut
3396 1332 3447 1386 in
3480 1332 3658 1387 Evan-

2074 1425 2219 1496 gelio
2248 1426 2451 1480 dictum
2477 1427 2618 1480 est"
2657 1446 2670 1482 :
2707 1445 2724 1478 ‹
2763 1426 2976 1480 Habent
3006 1424 3225 1497 Moysen
3254 1433 3308 1480 et
3338 1427 3651 1496 prophetas,

2076 1518 2296 1572 audiant
2330 1519 2469 1574 illos.
2506 1537 2525 1570 ι
2559 1518 2669 1572 Lex
2701 1534 2830 1589 ergo
2863 1518 2956 1572 Dei
2986 1527 3070 1572 est
3097 1533 3218 1587 qua:
3246 1527 3298 1572 te
3331 1517 3500 1584 lavat,
3534 1521 3648 1588 ipsa

2074 1611 2262 1665 sordes
2298 1620 2418 1666 tuas
2453 1611 2617 1682 216
2646 1610 2800 1665 diluit
2827 1651 2842 1676 ,
2887 1611 3025 1678 ipsa,
3058 1611 3104 1666 si
3137 1611 3327 1665 audias
3351 1625 3489 1677 eam,
3517 1625 3641 1679 pec-

2075 1711 2326 1757 catorum
2362 1714 2573 1758 tuorum
2608 1703 2852 1758 maculas
2882 1703 3150 1772 abstergit
3191 1721 3204 1757 :
3237 1703 3356 1770 ipse
3385 1713 3468 1758 est
3501 1703 3639 1766 Mov-

2075 1809 2202 1859 ses,
2256 1795 2361 1850 hoe
2406 1805 2488 1850 est
2534 1797 2618 1852 lex
2666 1814 2784 1867 quae
2837 1798 3147 1854 sacerdotes
3179 1807 3491 1863 consecrat,
3551 1812 3644 1853 nec

2078 1894 2255 1956 potest
2285 1888 2541 1944 sacerdos
2572 1905 2713 1957 esse,
2746 1907 2904 1960 quem
2937 1907 3042 1944 non
3069 1890 3150 1944 lex
3181 1890 3532 1945 constituerit
3560 1905 3650 1944 sa-

2073 1981 2366 2035 cerdotem.
2405 1981 2552 2036 Multi
2586 1983 2729 2037 enim
2779 1991 2906 2038 sunt
2983 1983 3323 2049 sacerdotes,
3370 1983 3465 2038 sed
3515 1998 3656 2052 quos

2073 2085 2181 2124 non
2229 2071 2364 2126 lavit
2402 2073 2484 2128 lex
2511 2113 2528 2138 ,
2579 2090 2753 2144 neque
2785 2089 2950 2145 puros
2995 2075 3232 2129 reddidit
3271 2075 3496 2129 verbum
3537 2073 3654 2140 Dei,

2073 2179 2247 2233 neque
2275 2166 2450 2220 abluit
2480 2182 2509 2220 a
2541 2177 2890 2237 peccatorum
2923 2168 3179 2222 sordibus
3205 2183 3386 2222 sermo
3417 2164 3654 2224 divinus.

2073 2257 2179 2313 Sed
2203 2269 2258 2313 et
2292 2275 2408 2322 vos,
2439 2261 2532 2329 qui
2566 2276 2786 2315 sacrum
2834 2260 3100 2330 baptisma
3145 2259 3469 2315 desideratis
3507 2260 3657 2314 acci-

2072 2367 2220 2420 pere,
2244 2362 2298 2406 et
2332 2354 2568 2422 gratiam
2601 2353 2832 2422 Spiritus
2859 2353 3160 2422 promereri
3188 2395 3203 2420 ,
3253 2353 3404 2422 prius
3440 2352 3654 2408 debetis

2071 2459 2136 2498 ex
2163 2444 2279 2514 lege
2305 2445 2543 2516 purgari,
2575 2446 2724 2514 prius
2750 2446 2986 2512 debetis,
3019 2447 3212 2501 audito
3240 2447 3407 2500 verbo
3442 2445 3556 2511 Dei,
3576 2447 3656 2499 vi-

2072 2536 2271 2590 tiorum
2300 2537 2544 2606 germina
2587 2551 2874 2600 resecare,
2928 2546 2982 2591 et
3034 2553 3213 2592 mores
3267 2537 3530 2592 barbaros
3575 2541 3654 2592 fe-

2071 2643 2272 2697 rosque
2301 2644 2659 2697 componere,
2709 2638 2767 2684 ut
2803 2629 3216 2683 mansuetudine
3251 2638 3306 2683 et
3342 2629 3652 2684 humilitate

2069 2731 2345 2791 suscepta,
2371 2723 2591 2790 possitis
2615 2723 2781 2776 etiam
2810 2723 3045 2791 gratiam
3088 2722 3258 2776 sancti
3299 2722 3536 2790 Spiritus
3565 2738 3654 2776 ca-

2069 2829 2219 2884 pere.
2270 2815 2363 2869 Sic
2409 2820 2554 2869 enim
2589 2815 2719 2869 dicit
2763 2815 3026 2869 Dominus
3074 2830 3171 2885 per
3217 2815 3649 2886 prephetam":

2073 2927 2090 2958 ‹
2126 2908 2302 2976 Super
2329 2925 2490 2978 quem
2521 2909 2884 2976 requiescam,
2924 2909 3027 2962 nisi
3070 2923 3235 2977 super
3273 2908 3554 2972 humilem,
3597 2917 3654 2963 et

2070 2998 2335 3066 quietum,
2372 3010 2427 3052 et
2461 3009 2786 3052 trementem
2842 3011 3122 3050 sermones
3173 2997 3362 3049 meos?
3395 3016 3411 3047 ι
3454 2995 3509 3050 Si
3548 2999 3650 3048 liu-

2071 3091 2214 3144 milis
2244 3106 2351 3144 non
2391 3090 2558 3144 fueris
2597 3098 2653 3143 et
2691 3091 2930 3159 quietus,
2977 3105 3082 3143 non
3131 3099 3308 3159 potest
3342 3089 3647 3143 inhabitare

381 3177 604 3244 arietes,
637 3186 694 3233 et
718 3179 1024 3234 canistrum
1072 3195 1429 3250 azymorum,
1462 3189 1518 3234 et
1555 3195 1771 3235 omnem
1805 3195 1965 3251 syua-
1994 3199 2036 3256 (ς
2073 3183 2126 3236 in
2165 3191 2217 3236 te
2253 3182 2427 3250 gratia
2474 3181 2711 3251 Spiritus
2743 3181 2956 3247 sancti,
3007 3181 3054 3236 si
3110 3196 3216 3236 non
3258 3197 3378 3236 cum
3413 3191 3646 3236 tremore

381 3282 576 3339 gogam
612 3283 855 3325 convoca
893 3273 959 3326 ad
981 3271 1208 3341 jannam
1255 3272 1590 3327 tabernaculi
1644 3273 1964 3330 testimonii.

382 3359 452 3414 Et
487 3358 622 3416 fecit
652 3361 866 3434 Moyses
899 3364 1041 3419 sicut
1072 3364 1331 3434 praecepit
1359 3363 1408 3418 ei
1449 3363 1732 3430 Dominus,
1757 3373 1812 3418 et
1837 3379 1968 3420 con-

382 3453 598 3508 vocavit
628 3469 960 3527 synagogam
992 3457 1058 3511 ad
1086 3456 1312 3526 januam
1347 3456 1682 3512 tabernaculi
1722 3457 1967 3513 testimo-

381 3545 479 3601 nii.
515 3545 580 3602 Et
605 3545 744 3602 dixit
770 3547 983 3620 Moyses
1006 3549 1072 3603 ad
1096 3563 1430 3621 synagogam
1455 3565 1469 3602 :
1497 3547 1610 3604 Hoc
1631 3557 1716 3603 est
1739 3549 1965 3604 verbum

377 3637 525 3707 quod
563 3638 838 3693 mandavit
874 3639 1138 3695 Dominus
1180 3639 1384 3695 facere.
1420 3639 1487 3693 Et
1514 3639 1772 3709 applicuit
1824 3640 1967 3711 Moy-

378 3744 468 3784 ses
500 3729 681 3784 Aaron
715 3728 944 3786 fratrem
979 3747 1158 3798 suum,
1190 3739 1245 3786 et
1275 3731 1418 3787 ﬁlios
1454 3729 1590 3800 ejus,
1629 3740 1683 3787 et
1711 3731 1843 3786 lavit
1871 3747 1967 3789 eos

379 3839 520 3892 aqua
559 3841 572 3878 :
605 3832 660 3878 ct
692 3825 912 3880 vestivit
943 3839 1068 3880 eum
1113 3826 1291 3880 tunica
1325 3865 1341 3890 ,
1401 3834 1456 3880 et
1505 3826 1789 3894 praecinxit
1840 3841 1964 3880 cum

377 3931 540 3982 zona,
571 3926 625 3973 et
652 3917 873 3973 vestivit
899 3932 1024 3973 eum
1069 3917 1251 3972 tunica
1293 3917 1594 3982 interiore,
1625 3926 1680 3972 et
1713 3918 1968 3986 imposuit

377 4010 428 4064 ei
458 4008 740 4064 bumerale
771 4008 887 4081 (69)
922 4019 976 4064 et
1009 4008 1182 4063 cinxit
1213 4022 1336 4062 eum
1361 4007 1664 4063 secundum
1695 4009 1963 4062 facturam

380 4100 704 4164 lmmeralis,
744 4109 799 4156 et
849 4099 1178 4156 constrinxit
1207 4113 1331 4154 eum
1367 4101 1422 4153 in
1449 4099 1586 4168 ipso,
1621 4110 1678 4155 et
1709 4101 1967 4170 imposuit

379 4205 544 4260 super
576 4206 698 4246 eum
730 4190 933 4263 logium
967 4201 1020 4246 et
1069 4191 1325 4261 imposuit
1369 4205 1533 4261 super
1562 4191 1760 4261 legium
1791 4193 1965 4247 mani-

381 4283 728 4339 festationetn
757 4293 812 4340 et
835 4285 1146 4351 veritatem,
1173 4294 1227 4340 et
1261 4285 1520 4355 imposuit
1551 4285 1769 4340 mitram
1801 4300 1965 4355 super

377 4383 544 4444 caput
567 4372 708 4446 ejus,
739 4384 794 4431 et
814 4376 1002 4447 posuit
1031 4391 1196 4446 super
1228 4375 1443 4430 mitram
1475 4385 1601 4431 ante
1627 4374 1819 4431 faciem
1849 4373 1964 4442 ejus

379 4465 640 4522 laminam
670 4482 891 4523 auream
925 4468 1328 4524 sanctiﬁcatam
1361 4477 1629 4532 sanctam,
1661 4469 1800 4522 sicut
1827 4484 1962 4538 prte-

2072 3274 2308 3346 suscipis
2343 3274 2512 3328 verba
2548 3272 2756 3328 divina.
2791 3271 3092 3342 Superbam
3135 3287 3368 3342 namque
3407 3282 3462 3328 et
3516 3288 3647 3327 con-

2069 3375 2336 3419 tumacem
2383 3363 2647 3427 animam,
2685 3370 2743 3416 et
2789 3361 2967 3416 ﬁctam
3016 3360 3214 3431 refugit
3251 3361 3488 3429 Spiritus
3531 3375 3653 3414 sano

2068 3466 2208 3508 rtus.
2246 3453 2420 3509 Debes
2451 3467 2580 3524 ergo
2621 3454 2772 3522 prius
2822 3453 3072 3506 meditari
3110 3451 3284 3520 legem
3335 3451 3470 3515 Dei,
3507 3460 3565 3503 nt
3601 3451 3646 3504 si

2067 3546 2210 3600 forte
2253 3555 2410 3601 actus
2447 3546 2525 3600 tui
2571 3545 2922 3614 intemperati
2967 3555 3130 3610 sunt,
3162 3554 3215 3597 et
3243 3559 3429 3599 mores
3460 3543 3650 3598 incon-

2066 3640 2188 3707 diti,
2219 3638 2304 3696 lex
2332 3639 2428 3694 Dei
2463 3649 2514 3694 te
2543 3639 2797 3693 emendet
2822 3647 2876 3691 et
2901 3637 3158 3706 corrigat.
3194 3634 3290 3691 Vis
3316 3636 3502 3692 videre
3520 3635 3648 3705 quia

2068 3732 2282 3804 Moyses
2304 3747 2519 3801 semper
2543 3746 2667 3786 cum
2692 3730 2817 3786 Jesu
2849 3738 2955 3792 est,
2981 3729 3082 3784 hoc
3111 3739 3195 3785 est
3221 3728 3306 3784 lex
3330 3744 3450 3784 cum
3477 3728 3649 3782 Evan-

2067 3825 2258 3894 geliis?
2316 3825 2519 3880 Doceat
2568 3822 2682 3894 (7|)
2727 3831 2780 3876 te
2825 3821 3180 3891 Evangelium
3225 3823 3306 3889 τ’,
3338 3823 3465 3892 quia
3523 3836 3645 3875 cum

2067 3915 2494 3972 transformatus
2525 3923 2671 3970 esset
2698 3915 2750 3967 in
2774 3914 3002 3984 gloriam
3032 3913 3398 3977 Jesus.etiam
3433 3913 3648 3983 Moyses

2068 4019 2120 4064 ct
2155 4008 2297 4062 Elias
2331 4007 2490 4061 simul
2532 4023 2656 4061 cum
2695 4007 2810 4076 ipso
2837 4017 3207 4075 apparuerunt
3253 4008 3303 4060 in
3358 4007 3545 4075 gloria,
3590 4014 3650 4058 ut

2066 4100 2212 4153 scias
2241 4099 2369 4168 quia
2403 4098 2485 4153 lex
2519 4108 2574 4152 et
2622 4101 2921 4168 prophetae,
2962 4111 3017 4154 et
3069 4099 3417 4170 Evangeliqu
3447 4099 3557 4168 (7‘2)
3594 4099 3644 4152 in

2067 4207 2234 4245 unum
2264 4205 2480 4260 semper
2505 4192 2858 4258 conveniunt,
2890 4203 2944 4247 et
2979 4193 3030 4246 in
3063 4207 3170 4247 una
3211 4192 3382 4262 gloria
3429 4207 3647 4262 perma-

2068 4293 2220 4338 nent.
2253 4282 2498 4353 Denique
2529 4292 2584 4338 et
2614 4283 2813 4339 Petrus
2845 4299 2971 4338 cum
3001 4283 3162 4340 vellet
3203 4284 3283 4339 eis
3317 4283 3419 4338 tria
3463 4283 3646 4337 facere

2070 4374 2443 4440 tabernacula,
2486 4373 2772 4445 imperitia:
2809 4383 3029 4430 notatur
3056 4415 3072 4441 ,
3125 4385 3382 4446 tanquam
3424 4391 3514 4444 qui
3547 4390 3646 4428 ne-

2071 4468 2240 4523 sciret
2266 4466 2394 4538 quid
2427 4466 2656 4524 diceret.
2700 4465 2828 4535 Legi
2877 4467 3056 4533 enim,
3109 4477 3165 4522 et
3220 4466 3539 4537 prophetis,
3592 4473 3649 4520 et

379 4571 603 4631 ceperat
637 4561 899 4616 Dominus
955 4560 1148 4632 Moysi.
1183 4579 1202 4614 ι
1249 4560 1478 4615 lnteutis
1516 4561 1742 4616 auribus
1790 4573 1845 4617 et
1883 4562 1961 4616 vi—
1996 4541 2038 4595 θ
2073 4560 2364 4629 Evangelio
2399 4574 2507 4614 non
2541 4559 2667 4624 tria,
2717 4560 2810 4615 sed
2851 4576 3015 4614 unum
3069 4569 3153 4616 est
3197 4559 3645 4622 tabernaculum,

377 4651 570 4719 gilanti
623 4651 788 4706 corde
835 4651 1303 4707 consecrationem
1341 4651 1614 4722 pontiﬁcis
1649 4651 1734 4705 vel
1772 4665 1959 4705 sacer-

379 4744 523 4800 dotis
573 4744 781 4810 audite,
815 4744 940 4814 quia
977 4751 1032 4798 et
1065 4759 1162 4799 vos
1187 4743 1482 4799 secundum
1527 4742 1794 4811 promissa
1842 4743 1958 4807 Dei,

379 4837 694 4894 sacerdotes
735 4837 831 4892 Dei
867 4836 1022 4901 estis,
1062 4856 1080 4890 ι
1119 4851 1252 4908 gens
1275 4835 1421 4890 enim
1453 4844 1666 4902 sancta,
1695 4845 1748 4891 et
1775 4851 1961 4890 sacer-

379 4932 585 4988 dotium
631 4939 883 4987 sanctum
931 4929 1045 5002 (7U)
1104 4929 1238 4985 estis
1283 4927 1352 4982 ⁷⁸.
1380 4947 1398 4979 ι
1433 4927 1696 4997 Accepit,
1738 4928 1962 4998 inquit,

380 5025 598 5097 Moyses
641 5025 943 5080 secundum
1003 5030 1335 5092 praeceptum
1394 5020 1608 5075 Domini
1667 5021 1850 5074 Aaron
1909 5031 1964 5075 et

381 5117 524 5174 ﬁlios
545 5117 685 5188 ejus,
719 5125 773 5171 et
805 5117 978 5186 primo
1003 5114 1221 5184 quidem
1255 5115 1423 5178 lavat,
1468 5121 1651 5182 postea
1693 5127 1824 5168 vero
1883 5115 1965 5166 in-

379 5211 498 5266 duit
518 5226 632 5267 eos.
659 5209 1020 5266 Considerate
1049 5206 1366 5277 diligentius
1391 5205 1635 5261 ordinem
1665 5206 1964 5270 dictorum,

381 5304 560 5370 primo
590 5307 752 5370 lavat,
792 5311 982 5368 postea
1019 5299 1213 5355 induit.
1247 5297 1362 5352 Non
1414 5299 1557 5353 enim
1590 5307 1744 5358 notes
1788 5299 1964 5362 indui,

448 5397 498 5431 ⁷⁸
527 5395 702 5453 Levit.
735 5412 829 5456 vn.
861 5395 932 5450 35
959 5405 1013 5448 et
1047 5409 1198 5463 seqq.

377 5467 422 5498 "
462 5465 594 5524 Luc.
635 5483 746 5533 xvi,
777 5468 868 5523 29.
945 5467 990 5499 ⁷³
1032 5461 1136 5519 lsa.
1167 5461 1312 5528 vat,
1341 5463 1396 5516 2.
1473 5462 1518 5493 ⁷⁸
1546 5461 1732 5517 Matth.
1771 5477 1900 5516 xvn.

451 5561 566 5632 (68)
594 5562 749 5626 Mss.,
784 5583 802 5616 ι
827 5572 1032 5619 essent.
1069 5580 1087 5612 ι
1128 5558 1476 5632 Libb._editi,
1512 5575 1530 5610 ι
1550 5566 1716 5632 esset.
1741 5577 1759 5609 ι

453 5629 568 5707 (69)
609 5632 735 5689 Mss.
765 5673 779 5696 ,
839 5651 857 5684 ι
887 5632 1190 5687 bumerale.
1219 5649 1238 5681 ι
1296 5629 1455 5684 Libb.
1500 5629 1663 5695 editi,
1726 5645 1743 5677 ι
1771 5629 1962 5682 hume-

381 5707 650 5846 "milia
701 5787 834 5830 mss.
885 5769 1246 5828 Gcmcticcusi
1283 5778 1338 5826 et
1388 5767 1714 5824 Cadomcnsi
1772 5769 1960 5833 deest,

384 5863 402 5901 I
428 5857 696 5903 Sanctum.
731 5863 749 5900 δ

1279 5390 1522 5469 "iacvit.
1549 5389 1728 5469 ξίηιηί
1782 5397 1837 5445 et
1881 5403 2032 5469 seqq.

2070 4668 2192 4722 qua:
2219 4661 2305 4707 est
2332 4649 2576 4706 Ecclesia
2615 4651 2734 4707 Dei.
2762 4651 2932 4706 Lavat
2961 4667 3092 4722 ergo
3123 4653 3299 4722 primo
3322 4651 3532 4723 Moyses
3559 4665 3649 4705 sa-

2069 4745 2344 4800 cerdotem
2373 4743 2611 4808 Domini,
2641 4753 2696 4799 ct
2725 4760 2846 4798 cum
2880 4759 3003 4799 eum
3035 4743 3248 4811 laverit,
3279 4755 3333 4800 et
3358 4753 3645 4816 purgatum

2072 4836 2370 4892 reddiderit
2395 4852 2434 4903 ,a
2473 4837 2727 4892 sordibus
2789 4836 3080 4901 vitiorum,
3122 4846 3245 4908 post
3303 4837 3420 4892 haec
3474 4835 3650 4890 induit

2070 4946 2214 4985 eum.
2255 4929 2360 4985 Sed
2401 4933 2824 4988 cousiderenms
2855 4947 2976 5000 quae
3007 4933 3116 4986 sint
3161 4933 3261 4986 ista
3308 4931 3646 4994 indumenta,

2071 5023 2270 5092 quibus
2311 5024 2486 5078 induit
2521 5024 2733 5094 Moyses
2786 5025 2965 5078 Aaron
3009 5024 3234 5078 fratrem
3271 5039 3428 5077 suum
3470 5022 3650 5092 penti-

2073 5116 2230 5170 ﬁcem
2283 5115 2541 5185 primum,
2578 5117 2624 5169 si
2659 5117 2798 5170 forte
2837 5117 3092 5186 possibile
3136 5117 3210 5172 sit
3252 5117 3415 5171 etiam
3452 5127 3503 5170 te
3532 5113 3646 5185 (73)

2072 5208 2221 5262 indui
2260 5207 2466 5263 eisdem
2498 5207 2833 5262 indumentis
2861 5248 2874 5272 ,
2921 5219 2975 5263 et
3018 5225 3138 5263 esse
3190 5208 3522 5280 pontiﬁcem.
3556 5206 3650 5260 Est

2073 5301 2288 5369 quidem
2318 5316 2456 5354 unus
2485 5299 2728 5368 pontifex
2769 5315 2996 5370 magnus
3049 5303 3308 5356 Dominus
3347 5310 3533 5355 noster
3558 5296 3648 5355 Je-

2141 5391 2186 5422 ⁷δ
2224 5389 2242 5446 l
2290 5387 2406 5447 Pet.
2459 5392 2592 5458 n,9.
2683 5393 2726 5424 ⁷⁸
2754 5393 2853 5449 lsa.
2895 5411 2930 5459 ι,
2964 5394 3049 5449 16.
3129 5395 3174 5426 ⁷⁸
3206 5393 3367 5451 Rom.
3405 5408 3524 5458 xm,
3555 5391 3644 5446 H.

2140 5557 2254 5623 (7|)
2285 5555 2444 5610 Libh.
2483 5561 2638 5624 editi,
2671 5560 2884 5614 uincet.
2913 5580 2930 5612 ι
2965 5559 3118 5624 Mss,
3163 5579 3180 5612 ι
3207 5561 3417 5615 doceat.
3444 5579 3462 5612 ι

2062 5697 2095 5751 Ι.
2138 5629 2253 5698 (72)
2282 5626 2438 5680 Lihb.
2474 5631 2647 5696 editi,
2687 5649 2703 5680 ι
2733 5631 3047 5701 Evangelia.
3074 5651 3093 5682 ›
3133 5631 3259 5686 Mss.
3285 5672 3299 5696 ,
3349 5648 3366 5682 ι
3404 5634 3648 5705 Evange-

2085 5715 2214 5751 nnn.
2245 5717 2263 5748 ι

2085 5716 2263 5841 "2.713).
2283 5767 2432 5835 .\lss.,
2474 5787 2490 5820 ‹
2524 5778 2595 5826 te.
2627 5789 2644 5824 )
2685 5768 2839 5827 Libb.
2871 5770 3025 5840 editi,
3062 5791 3078 5823 ‹
3113 5772 3234 5830 tibi.
3261 5792 3280 5828 ι
