4090 6200
337 266 446 325 (69

1504 274 1568 327 ικ
1606 236 1978 329 chtrtcuu
2020 275 2298 332 thMlLIA
2344 278 2426 331 γι.

3470 289 3575 345 470

338 397 433 436 sus
461 380 736 445 Christus,
772 382 864 436 sed
894 381 984 436 ille
1024 399 1128 437 non
1172 386 1346 440 solum
1390 389 1642 443 sacerdos
1668 427 1683 451 ,
1735 388 1829 442 sed
1861 397 1909 440 ct
1941 390 1989 445 Α
2017 388 2096 439 ειιί
2152 391 2322 457 possit
2376 392 2680 447 advertere.
2737 390 2893 447 Lavit
2921 411 3052 467 ergo
3091 412 3237 463 eum,
3277 409 3331 455 et
3380 400 3573 458 induit.

335 472 685 528 sacerdotum
738 475 998 529 sacerdos
1027 487 1134 541 est,
1178 487 1233 532 et
1270 493 1374 534 non
1417 479 1591 533 solum
1635 479 1909 548 pontifex,

335 565 433 619 sed
460 564 780 633 pontificum
814 565 1078 633 pontifex,
1122 585 1220 624 nec
1253 572 1597 625 sacerdotum
1640 573 1908 642 princeps,

342 652 432 705 Sed
464 651 718 720 princeps
751 652 1055 721 principum
1103 659 1469 713 sacerdotum.
1522 662 1674 715 Sicut
1715 672 1769 715 et
1819 678 1909 715 rex

337 757 442 795 non
478 742 679 795 dicitur
707 742 901 811 plebis.
933 747 1026 799 sed
1056 762 1240 817 regum
1276 765 1390 814 rex,
1428 760 1482 806 et
1519 752 1777 806 Dominus
1804 768 1909 808 non

338 848 659 899 servorum,
693 836 790 887 sed
828 834 1088 893 Dominus
1131 841 1491 896 dominorum.
1547 843 1731 897 Potest
1782 858 1911 913 ergo

337 920 475 983 fieri,
521 924 565 976 si
614 932 672 975 et
721 932 773 977 tu
831 924 970 980 lotus
1026 925 1197 983 fueris
1226 944 1322 997 per
1365 929 1610 1001 Moysen,
1659 940 1714 986 et
1743 932 1910 987 fueris

332 1011 407 1063 ita
468 1014 745 1080 mnndus,
814 1017 967 1084 quasi
1020 1032 1179 1087 quem
1236 1020 1446 1091 Moyses
1494 1021 1685 1076 laverit
1727 1032 1910 1077 tantus

329 1106 422 1160 ille
457 1106 571 1179 (7-5)
605 1124 669 1164 ac
697 1111 839 1174 talis,
874 1123 932 1166 ιιι
965 1116 1140 1182 possis
1175 1116 1337 1171 etiam
1372 1120 1655 1188 pervenire
1684 1122 1751 1175 ad
1795 1122 1908 1177 hare

329 1194 658 1252 indumenta
687 1216 806 1269 qua:
838 1204 1044 1272 profert
1071 1205 1307 1277 Moyses,
1336 1220 1389 1263 et
1411 1211 1578 1265 stolas
1611 1213 1763 1275 istas,
1788 1214 1905 1282 qui.

330 1285 440 1340 bus
470 1288 641 1342 induit
672 1289 852 1346 Aaron
892 1293 1114 1350 fratrem
1144 1313 1300 1353 suum
1323 1341 1337 1365 ,
1371 1311 1425 1355 et
1460 1302 1600 1357 filios
1628 1305 1767 1373 ejus.
1804 1306 1907 1360 Sed

330 1392 442 1430 non
480 1380 654 1434 solum
686 1384 1014 1440 indumentis
1044 1403 1180 1457 opus
1210 1400 1293 1445 est
1323 1392 1390 1447 ad
1426 1396 1795 1451 sacerdotales
1828 1398 1907 1451 iu-

328 1465 500 1533 fnlas,
536 1485 722 1525 verum
764 1483 819 1527 et
855 1476 1101 1542 cingulis.
1143 1478 1250 1534 Sed
1286 1476 1600 1552 priusquam
1635 1486 1699 1539 de
1729 1488 1907 1557 specie

331 1558 451 1626 ipsa
490 1560 929 1621 indumentorum
975 1568 1157 1626 dicere
1190 1572 1542 1642 incipiamus,
1577 1577 1734 1631 velim
1774 1594 1908 1633 con~

329 1647 483 1704 ferre
515 1650 605 1705 illa
636 1653 873 1710 infelicia
907 1659 1241 1727 indumenta,
1275 1664 1472 1732 quibus
1504 1667 1710 1735 primus
1743 1669 1904 1724 homo

327 1753 456 1792 eum
508 1755 809 1813 peccasset,
858 1748 1075 1806 indutus
1122 1761 1222 1820 est,
1257 1768 1378 1807 cum
1410 1755 1492 1809 his
1524 1758 1730 1812 sanctis
1759 1768 1813 1812 et
1841 1760 1896 1812 fi-

330 1830 547 1886 delibus
591 1834 941 1893 indumentis.
995 1841 1060 1897 Et
1100 1842 1314 1911 quidem
1371 1844 1456 1897 illa
1509 1846 1711 1903 dicitur
1762 1850 1900 1907 Deus

335 1920 529 1979 fecisse
560 1942 575 1978 :
616 1944 633 1976 ι
672 1927 824 1983 Fecit
865 1931 1033 1997 enim,
1078 1933 1253 2005 inquit
1277 1938 1346 2004 '°,
1376 1937 1518 1993 Deus
1549 1941 1759 1996 tunicas
1788 1942 1899 2011 pel.

332 2013 518 2081 licens,
549 2026 603 2070 et
633 2018 803 2073 induit
838 2021 1007 2077 Adam
1035 2035 1086 2080 et
1117 2028 1392 2083 mulierem
1419 2031 1553 2099 ejus.
1585 2050 1602 2084 ι
1635 2032 1739 2087 Illae
1772 2048 1898 2102 ergo

331 2106 529 2161 tunica:
580 2108 647 2163 de
703 2111 933 2179 pellibus
977 2128 1140 2171 erant
1179 2135 1245 2173 ex
1284 2122 1610 2179 animalibus
1648 2137 1895 2191 sumptre.

328 2191 551 2251 Talibus
572 2199 715 2254 enim
750 2205 1030 2272 oportebat
1061 2209 1207 2263 indui
1244 2223 1604 2280 peecatorem,
1638 2216 1895 2284 pelliceis,

332 2288 547 2358 inquam
574 2293 710 2367 (75),
742 2298 957 2363 tunicis,
987 2315 1107 2370 qua:
1134 2315 1317 2358 essent
1344 2308 1708 2375 mortalitatis,
1737 2328 1896 2379 quam

333 2396 427 2448 pro
460 2396 685 2449 peccato
719 2403 1025 2459 acceperat,
1069 2404 1121 2450 et
1172 2396 1481 2465 fragilitatis
1533 2401 1647 2469 ejus
1677 2419 1796 2472 qua:
1829 2419 1896 2458 ex

337 2472 511 2527 carnis
536 2479 889 2545 corruptione
914 2483 1182 2550 veniebat,
1218 2487 1496 2543 indicium.
1524 2489 1579 2545 Si
1620 2507 1747 2546 vero
1785 2494 1894 2560 jam

337 2561 473 2651 lotus
508 2566 577 2620 ab
622 2567 709 2621 his
744 2569 911 2625 fueris
936 2611 953 2638 ,
1004 2587 1059 2629 et
1104 2578 1420 2645 purificatus
1451 2596 1546 2649 per
1579 2583 1748 2651 legem
1781 2586 1892 2650 Dei,

335 2646 510 2707 i-iduet
546 2665 595 2710 te
624 2656 836 2728 Moyses
872 2663 1182 2720 indumento
1222 2646 1676 2741 incorruptionis;
1731 2675 1801 2729 ita
1839 2684 1896 2730 ut

334 2759 593 2813 nusquam
622 2762 883 2819 appareat
913 2756 1191 2826 turpitudo
1232 2771 1341 2827 tua,
1372 2773 1428 2818 et
1457 2773 1513 2818 ut
1539 2766 1897 2824 absorbeatur

333 2836 553 2891 mortale
575 2840 677 2893 hoc
699 2857 728 2894 a
757 2844 887 2899 vita.

396 2925 448 2980 5.
489 2926 783 2988 Videamus
821 2950 950 3006 ergo
991 2940 1131 3007 quali
1180 2943 1371 2999 ordine
1416 2947 1653 3014 pontifex
1691 2952 1894 3006 consti-

2015 480 2168 545 Quali
2192 481 2545 536 indumento?
2578 482 2803 548 Tunica,
2834 485 3029 555 inquit;
3056 499 3109 544 et
3143 492 3426 560 praecinxit
3454 508 3575 547 eum

2015 584 2173 632 zona,
2209 583 2260 626 et
2285 573 2480 626 iterum
2510 575 2726 627 vestivit
2758 590 2880 630 eum
2912 579 3150 633 tunicam
3182 581 3427 649 talarem,
3469 584 3574 650 vel,

2013 672 2071 714 ιιι
2101 662 2231 715 alibi
2267 663 2513 731 legimus,
2549 665 2887 721 interiorem.
2919 668 3154 736 Duabus,
3190 682 3245 724 ut
3278 674 3452 737 video,
3490 685 3578 729 tu-

2008 753 2147 806 nieis
2200 770 2295 821 per
2335 754 2556 825 Moysen
2613 757 2855 813 induitur
2902 763 3163 829 pontifex.
3195 765 3299 819 Sed
3338 767 3464 835 quid
3498 768 3579 821 fa-

2010 844 2217 898 ciemus
2247 846 2387 912 qnod
2436 844 2594 902 Jesus
2631 852 2944 905 sacerdotes
2994 868 3120 908 suos
3163 856 3437 923 apostolos
3474 872 3619 913 no-v

2011 940 2150 987 stros
2209 934 2481 1002 prohibuit
2545 938 2620 992 uti
2690 940 2899 994 duabus
2949 942 3155 998 tunicis
3201 945 3295 999 "i
3347 946 3619 1002 Dixeram

2012 1037 2131 1076 Inus
2170 1025 2309 1092 quod
2347 1025 2559 1096 Moyses
2606 1041 2661 1083 et
2709 1028 2903 1095 Jesus,
2954 1032 3005 1087 id
3048 1046 3132 1087 εει
3169 1034 3255 1089 lex
3288 1048 3343 1091 et
3400 1036 3619 1093 Evande—

2008 1114 2148 1183 gelia
2197 1117 2299 1170 sibi
2359 1118 2593 1172 invicem
2659 1131 3047 1181 consonarent.
3105 1124 3295 1180 Posset
3346 1129 3578 1186 fortasse

2008 1203 2192 1259 dicere
2236 1204 2437 1274 aliquis
2486 1207 2613 1276 quia
2659 1210 2801 1278 quod
2834 1213 3093 1282 praecepit
3123 1210 3280 1269 Jesus
3324 1215 3459 1271 duas
3492 1228 3579 1271 tu-

2009 1296 2162 1351 nicas
2196 1311 2302 1350 non
2337 1301 2639 1365 habendas,
2672 1317 2781 1355 non
2828 1313 2912 1357 est
2938 1307 3274 1361 contrarium
3307 1307 3409 1379 legi
3431 1348 3447 1372 ,
3481 1314 3574 1364 sed

2008 1386 2305 1455 perfectius
2358 1389 2525 1459 lege,
2583 1393 2727 1447 sicut
2781 1404 2834 1449 et
2895 1410 3018 1449 cum
3076 1397 3163 1452 lex
3224 1399 3574 1456 homicidium

2007 1488 2195 1545 vetat,
2246 1479 2403 1535 Jesus
2456 1491 2635 1537 autem
2683 1485 2851 1539 etiam
2912 1488 3248 1545 iracundiam
3307 1504 3574 1558 resecat,

2006 1576 2063 1619 et
2117 1583 2239 1621 cum
2294 1569 2379 1623 lex
2433 1572 2687 1637 prohibet
2740 1574 3063 1631 adulterium
3098 1579 3179 1645 “,
3212 1579 3371 1637 Jesus
3410 1584 3573 1639 etiam

2007 1661 2168 1730 217
2211 1665 2706 1732 concupiscentiam
2743 1669 2925 1723 cordis
2970 1671 3264 1726 abscindit.
3315 1674 3405 1729 Sic
3445 1690 3579 1745 ergo

2006 1751 2273 1804 videbitur
2305 1759 2358 1805 et
2402 1752 2608 1810 duabus
2658 1757 2730 1812 ibi
2781 1758 2976 1813 tunicis
3012 1761 3338 1829 pontificem,
3384 1773 3438 1818 et
3485 1765 3573 1820 hic

2003 1857 2109 1895 una
2147 1846 2420 1912 apostolos
2451 1847 2712 1903 induisse.
2754 1849 2836 1903 Sit
2867 1851 3085 1918 quidem
3127 1855 3291 1908 etiam
3319 1855 3421 1909 iste
3445 1871 3569 1911 seu-

1999 1949 2112 1998 sus,
2144 1937 2440 2003 probabilis
2485 1938 2529 1992 si
2560 1939 2792 2003 videtur,
2821 1955 2919 2009 ego
2961 1951 3137 1996 tamen
3173 1961 3276 1997 non
3310 1946 3452 2000 intra
3484 1948 3578 2000 bu-

1991 2028 2083 2090 jus
2114 2024 2484 2096 intelligentia:
2531 2030 2836 2099 angustiam
2867 2032 3193 2099 pontificalia
3225 2046 3571 2091 sacramenta

1998 2115 2281 2170 concludo.
2325 2116 2568 2187 Amplius
2597 2118 2728 2172 mihi
2758 2119 2961 2187 aliquid
2985 2136 3051 2175 ex
3080 2123 3180 2175 ista
3219 2124 3389 2177 forma
3415 2126 3565 2179 vide-

1998 2213 2086 2259 tur
2115 2207 2361 2271 ostendi;
2394 2208 2633 2276 pontifex
2666 2219 2770 2274 est,
2794 2212 2884 2279 qui
2913 2212 3194 2266 scientiam
3224 2214 3357 2283 legis
3393 2224 3563 2279 tenet,

1997 2305 2052 2349 et
2088 2294 2514 2365 uniuscujusque
2563 2302 2805 2368 mysterii
2843 2301 3094 2369 intelligit
3123 2304 3383 2369 rationes,
3411 2315 3466 2359 et
3496 2318 3556 2360 ttt

1997 2386 2235 2440 breviter
2256 2387 2540 2456 explicem,
2560 2390 2649 2458 qui
2676 2390 2848 2459 legem
2885 2401 2939 2446 et
2957 2395 3253 2448 secundum
3287 2397 3565 2464 spiritum,

1996 2486 2051 2530 et
2071 2479 2364 2531 secundum
2384 2478 2621 2533 litteram
2642 2481 3029 2537 novit.Sciebat
3048 2499 3178 2554 ergo
3196 2484 3435 2553 pontifex
3456 2488 3563 2549 ille,

1996 2583 2156 2637 quem
2178 2579 2303 2625 tunc
2320 2571 2607 2626 ordinabat
2631 2571 2868 2643 Moyses,
2903 2576 3027 2644 quia
3054 2587 3199 2632 esset
3221 2580 3570 2635 circumcisio

1997 2659 2282 2728 spiritalis,
2308 2664 2561 2716 servabat
2594 2671 2772 2717 tamen
2801 2676 2854 2719 et
2874 2667 3344 2725 circumcisionem
3363 2673 3565 2737 carnis,

1998 2748 2121 2816 quia
2156 2748 2568 2805 incircumcisus
2593 2751 2832 2821 pontifex
2853 2770 2973 2810 esse
2992 2772 3095 2811 non
3125 2768 3355 2825 poterat.
3384 2761 3567 2816 llabe-

1998 2839 2089 2891 bat
2109 2853 2235 2908 ergo
2256 2843 2356 2894 iste
2378 2840 2511 2895 duas
2544 2842 2771 2899 tunicas.
2797 2845 2966 2901 Unam
2997 2850 3283 2906 ministerii
3308 2853 3597 2920 carnalis..-

1996 2937 2051 2982 et
2080 2928 2238 2985 aliam
2276 2930 2644 3001 intelligentia:
2675 2936 2961 3005 spiritalis.
2994 2939 3215 2997 Sciebat
3239 2943 3366 3013 quia
3389 2954 3442 2999 et
3479 2961 3571 3000 sa-

340 3016 502 3071 ιιιίιυτ
531 3036 547 3073 τ
578 3038 597 3073 ι
627 3022 978 3094 Convocavit,
1004 3030 1179 3100 inquit
1206 3033 1275 3100 at,
1305 3034 1518 3107 Mnyses
1542 3053 1892 3110 S’mgngam,
1922 3050 1969 3109 ο
2000 3022 2208 3078 crificia
2254 3025 2523 3093 spiritalia
2558 3025 2740 3082 offerri
2773 3029 2975 3087 debent
3022 3034 3155 3100 Deo,
3188 3034 3448 3091 offerebat
3486 3047 3566 3093 ιιι-

334 3115 389 3158 et
413 3108 540 3163 dicit
568 3112 639 3165 ad
674 3128 769 3171 eos
802 3134 819 3171 :
850 3119 960 3175 lloc
984 3132 1067 3177 est
1100 3126 1319 3178 verbum
1345 3130 1486 3196 quod
1515 3108 1771 3201 praecepii
1794 3134 1893 3189 Do-

334 3196 531 3251 Ininus.
565 3218 583 3251 ι
620 3199 771 3259 Licet
800 3222 927 3278 ergo
959 3210 1218 3268 Dominus
1248 3216 1312 3270 de
1338 3196 1723 3278 conStituendo
1752 3240 1891 3294 pon-

335 3284 472 3340 tifice
518 3295 893 3365 praecepisset,
936 3313 990 3355 et
1040 3305 1296 3361 Dominus
1352 3310 1653 3381 elegisset,
1710 3284 1887 3370 tamen

334 3390 663 3437 convocatur
691 3396 744 3439 et
784 3404 1076 3464 synagoga.
1113 3396 1431 3467 Requiritur
1463 3405 1607 3457 enim
1653 3406 1705 3459 in
1740 3408 1890 3461 ordi—

334 3471 505 3523 nando
550 3476 837 3532 sacerdote
881 3492 934 3535 et
990 3490 1276 3552 prmseutia
1341 3494 1519 3563 populi
1552 3536 1566 3559 ,
1621 3506 1679 3550 ut
1717 3501 1893 3556 sciant

333 3570 537 3626 omnes,
571 3573 627 3618 et
653 3568 790 3621 certi
837 3571 969 3636 sint,
1002 3579 1123 3644 quia
1178 3584 1267 3649 qui
1319 3588 1662 3651 prcestantior
1711 3599 1792 3645 est
1822 3607 1890 3647 cx

337 3652 475 3748 omni
528 3657 759 3748 populo,
816 3665 904 3729 qui
948 3666 1176 3732 doctior,
1221 3674 1309 3740 qui
1368 3678 1642 3741 sanctior,
1685 3683 1776 3748 qui
1836 3684 1887 3737 in

337 3745 474 3795 omni
505 3745 708 3802 virtute
736 3752 1081 3821 eminentior,
1126 3759 1214 3814 ille
1258 3762 1478 3830 eligitur
1528 3768 1592 3819 ad
1638 3745 1891 3825 sacerdo-

339 3830 480 3895 tium,
522 3848 575 3888 et
613 3836 716 3892 hoc
755 3854 965 3900 astante
1007 3850 1241 3920 pepnlo,
1289 3869 1354 3907 ne
1394 3872 1496 3925 qua
1544 3863 1884 3927 postmodum

335 4108 547 4164 natione
578 4118 903 4185 sacerdotis,
938 4123 1124 4177 dicens
1148 4126 1233 4180 ⁸²ε
1270 4145 1288 4178 ι
1326 4108 1551 4199 Oportet
1591 4144 1770 4189 autem
1826 4138 1889 4191 il—

332 4194 431 4252 hnn
466 4213 519 4255 et
558 4205 931 4265 testimonium
967 4215 1167 4270 habere
1196 4194 1393 4274 bonum
1422 4222 1490 4277 ab
1521 4225 1605 4279 his
1632 4227 1721 4295 qui
1756 4228 1886 4284 foris

331 4300 468 4344 sunt.
496 4313 513 4345 ι
553 4294 668 4366 Ego
712 4310 889 4355 tamen
932 4314 985 4359 et
1033 4308 1268 4376 amplius
1296 4311 1496 4380 aliquid
1535 4294 1691 4370 video
1738 4319 1788 4372 in
1821 4336 1886 4375 eo

2002 3129 2123 3167 men
2175 3114 2526 3171 nihilominus
2572 3125 2626 3170 et
2674 3119 2935 3175 carnalia.
2982 3120 3097 3177 Non
3150 3124 3295 3177 enim
3350 3136 3580 3195 poterat.

1998 3224 2120 3263 esse
2172 3209 2415 3277 pontifex
2463 3225 2653 3265 eorum
2696 3214 2787 3282 qui
2837 3222 2964 3270 tunc
2998 3226 3176 3281 erant,
3208 3214 3312 3271 nisi
3356 3216 3569 3273 hostias

2000 3298 2326 3354 immolaret.
2355 3300 2430 3353 lta
2461 3315 2591 3369 ergo
2620 3303 3005 3357 convenienter
3036 3304 3126 3360 ille
3149 3301 3393 3375 pontifex
3429 3307 3589 3361 dua-1

1998 3394 2099 3446 bus
2142 3390 2359 3446 indutus
2406 3393 2603 3447 tunicis
2643 3394 2857 3448 dicitur.
2902 3396 3144 3463 Apostoli
3195 3410 3324 3451 vero
3354 3398 3446 3468 qui
3484 3399 3565 3452 di-

1997 3484 2137 3537 cturi
2181 3485 2420 3548 erant”,
2468 3502 2486 3536 ι
2518 3484 2642 3552 quia
2687 3485 2732 3539 si
2789 3485 3285 3556 circumcidamini,
3319 3488 3567 3555 Christus

1998 3576 2151 3631 vobis
2179 3577 2310 3632 nihil
2340 3577 2608 3646 proderit,
2635 3595 2654 3630 ι
2688 3586 2741 3632 et
2772 3577 2863 3647 qui
2895 3578 3096 3635 dicturi
3135 3582 3378 3650 erant”,
3407 3602 3426 3635 ι
3464 3600 3563 3638 ne-

1995 3684 2086 3722 mo
2134 3684 2227 3725 vos
2270 3670 2475 3738 judicet
2520 3672 2572 3724 in
2612 3669 2754 3735 cibo,
2795 3680 2888 3724 aut
2931 3670 2984 3725 in
3030 3682 3180 3741 potu,
3207 3684 3298 3728 aut
3326 3674 3377 3728 in
3408 3686 3575 3744 parte.

1996 3761 2099 3815 diei
2142 3761 2286 3827 festi,
2326 3773 2420 3817 aut
2469 3764 2779 3828 neomenia,
2815 3774 2908 3820 aut
2960 3765 3219 3833 Sabhato,
3271 3782 3391 3837 qua:
3437 3778 3588 3823 sunt.

1996 3853 2184 3906 umbra
2224 3854 2557 3920 futurorum,
2582 3875 2601 3908 ι
2641 3858 2726 3913 isti
2760 3873 2890 3929 ergo
2919 3868 2979 3913 ut
3010 3859 3321 3929 hnjusmodi
3366 3876 3563 3915 secun-

1995 3945 2121 3999 dom
2172 3946 2408 4001 litteram
2458 3949 2596 4019 legis
2636 3950 3013 4005 observandas
3061 3952 3277 4020 penitus
3310 3952 3560 4021 repudia-

1997 4045 2137 4103 rent,
2169 4051 2268 4091 nec
2295 4048 2625 4109 occuparent
2662 4040 2953 4111 discipulos
2990 4041 3227 4098 Judaicis
3259 4042 3474 4108 fabulis,
3506 4053 3561 4100 et

1996 4127 2332 4196 imponerent
2356 4128 2672 4201 hisjugum,
2709 4132 2852 4200 quod
2898 4148 3072 4202 neque
3104 4133 3228 4204 ipsi,
3263 4149 3437 4204 neque
3463 4150 3562 4205 pa-

1996 4230 2106 4274 trcs
2135 4237 2320 4276 eorum
2356 4232 2575 4292 portare
2614 4224 2992 4293 potuerunt",
3021 4225 3212 4281 merito
3244 4227 3378 4282 duas
3412 4228 3560 4281 tuni-

1993 4330 2086 4370 cas
2128 4315 2330 4369 habere
2364 4316 2739 4384 prohibentur,
2768 4319 2863 4373 sed
2891 4318 3088 4373 sufficit
3111 4319 3192 4374 eis
3217 4334 3348 4385 una,
3371 4320 3559 4375 ethzec

331 4386 461 4447 quod
487 4387 640 4452 dicit,
669 4394 793 4459 quia
821 4400 1139 4452 convocavit
1169 4400 1380 4472 Moyses
1403 4422 1615 4462 onmem
1655 4425 1886 4482 synago-
1919 4402 1960 4457 Β
1990 4411 2235 4464 interior.
2274 4407 2411 4462 Nam
2445 4408 2601 4464 istam
2638 4426 2757 4482 quas
2790 4411 2925 4467 foris
2953 4422 3055 4477 est,
3088 4421 3145 4467 et
3176 4426 3297 4481 qua:
3323 4415 3579 4483 desuper-

329 4488 477 4542 gam,
514 4490 569 4531 et
606 4494 736 4548 puto
773 4489 915 4554 quod
954 4504 1252 4547 convocare
1284 4511 1633 4568 synagogam,
1668 4502 1766 4557 hoc
1814 4506 1885 4561 sit

327 4566 575 4635 colligere
599 4589 785 4630 onmes
823 4580 988 4635 ιιιιίιηί
1015 4594 1063 4637 et
1086 4584 1135 4636 in
1168 4601 1329 4638 unum
1358 4604 1685 4660 congregare
1716 4597 1884 4650 virtu-

328 4667 425 4723 tes,
454 4676 511 4718 ut
548 4681 670 4720 cum
712 4685 895 4726 sermo
944 4675 1009 4729 de
1062 4680 1489 4737 sacerdotalibus
1526 4691 1885 4744 sacramentis

329 4751 570 4822 habetur,
604 4761 825 4831 vigilent
855 4780 1046 4821 omnes
1076 4770 1241 4825 animi
1274 4774 1523 4839 virtutes,
1570 4788 1625 4830 et
1667 4779 1884 4834 intentze

328 4844 448 4908 sint,
502 4850 633 4904 nihil
669 4852 719 4905 iu
753 4856 833 4909 eis
867 4859 1179 4927 sapientiae,
1237 4865 1376 4918 nihil
1410 4867 1653 4922 scientia:
1681 4910 1693 4933 ,
1750 4872 1883 4926 nihil

325 4934 459 4992 desit
505 4942 787 4999 industriae
815 4987 831 5011 ,
880 4950 972 5003 sed
1012 4950 1157 5005 adsit
1194 4956 1371 5009 omnis
1414 4957 1703 5012 multitudo
1756 4977 1882 5016 sen-

326 5040 495 5097 suum,
532 5034 675 5089 adsit
724 5038 903 5094 omnis
944 5045 1293 5112 congregatio
1330 5057 1638 5101 sanctarqu
1673 5052 1883 5120 cogita-

328 5119 545 5185 tionum,
586 5136 644 5179 ut
674 5129 801 5195 quid
833 5132 901 5184 sit
944 5134 1204 5202 pontifex,
1240 5139 1369 5207 quid
1402 5141 1607 5206 unctio,
1643 5119 1762 5211 quas
1801 5145 1880 5197 in-

329 5210 571 5271 dumenta
603 5217 761 5288 ejus,
818 5227 1106 5282 conferens
1163 5230 1303 5285 intra
1363 5236 1660 5289 sacrarium
1701 5240 1880 5295 contis

389 5350 433 5387 ³⁸
460 5354 658 5413 Cenes.
684 5376 765 5423 ιιι,
804 5363 893 5417 2f.

986 5365 1027 5437 θ’
1069 5367 1243 5425 Levit.
1280 5373 1394 5437 vnt,
1425 5372 1479 5435 4,
1518 5375 1571 5429 5.

337 5422 569 5485 “Galat.
628 5450 695 5491 v.
754 5422 822 5488 7‘2.

330 5544 580 5665 mixtim
619 5547 750 5603 libb.
800 5553 958 5609 editis
1008 5557 1190 5623 deest,
1225 5577 1241 5612 ι
1278 5560 1396 5627 ille,
1431 5580 1450 5614 ι
1482 5566 1575 5619 sed
1613 5568 1878 5634 reperitur

393 5685 497 5751 «75)
531 5685 679 5741 Libb.
709 5691 857 5753 editi,
892 5711 908 5742 ι
940 5693 1132 5767 inquit,
1166 5717 1183 5750 ι
1214 5699 1302 5753 sed
1337 5716 1490 5758 mss.
1524 5723 1539 5755 ι
1575 5706 1812 5777 inquam.
1849 5724 1866 5758 ι

1694 5376 1739 5409 δ’
1780 5379 1959 5433 lTim.
1995 5386 2051 5423 ιιι
2113 5368 2167 5426 7.

900 5435 946 5465 ⁸⁸
968 5435 1175 5495 Coloss.
1209 5457 1270 5505 ιι,
1299 5435 1389 5496 16,
1460 5445 1505 5477 ⁸⁷
1525 5448 1645 5503 Act.
1666 5463 1751 5507 xv,
1780 5452 1863 5507 ιο,
1938 5447 1986 5481 ⁸⁸
2013 5440 2209 5493 Mallh.
2244 5456 2295 5503 v,
2331 5437 2415 5494 l9.

1990 4512 2236 4570 apparet,
2273 4501 2404 4572 legis
2455 4501 2691 4556 tunicam
2752 4503 2962 4559 nolunt.
3010 4503 3184 4560 Unam
3215 4519 3447 4574 namque
3478 4506 3582 4560 eis.

1988 4593 2169 4657 Jesus,
2211 4604 2265 4649 et
2306 4595 2481 4665 ipsam
2530 4595 2849 4651 interiorem
2887 4597 3090 4651 habere
3120 4596 3414 4665 permittit.
3450 4596 3567 4651 lm—

1985 4688 2137 4756 ponit
2170 4686 2285 4756 (76)
2328 4697 2507 4741 tamen
2556 4687 2766 4757 Moyses
2798 4688 3038 4757 pontifici
3091 4698 3147 4742 et
3201 4687 3551 4752 humeralem,

1987 4779 2079 4848 qui
2114 4787 2196 4832 est
2231 4778 2577 4833 humerorum
2613 4782 2833 4851 quidam
2868 4794 2937 4835 ex
2965 4780 3424 4834 circumductione
3457 4795 3551 4833 vc-

1986 4870 2085 4923 stis
2127 4879 2378 4924 ornatus.
2429 4869 2655 4927 Homeri
2704 4882 2884 4927 autem
2935 4884 3159 4940 operum
3187 4869 3430 4939 .flguram
3475 4878 3551 4923 te.

1986 4965 2137 5021 nent,
2172 4972 2237 5012 ac
2282 4958 2486 5014 laboris
2516 4958 2736 5015 indicia.
2769 4958 2896 5014 Vult
2922 4973 3054 5028 ergo
3090 4958 3395 5027 pontificem
3428 4972 3569 5012 esse

1984 5046 2231 5101 etiamin
2264 5048 2519 5118 operibus
2551 5058 2823 5119 ornatum,
2860 5066 2961 5106 nec
3004 5051 3201 5107 sulIicit
3227 5050 3337 5105 sola
3372 5051 3549 5104 scien-

1988 5141 2080 5205 tia,
2117 5141 2245 5211 quia
2282 5161 2299 5192 ι
2324 5141 2412 5211 qui
2458 5142 2653 5197 fecerit
2684 5152 2739 5197 et
2773 5143 3037 5211 docuerit,
3074 5146 3161 5199 hic
3193 5158 3420 5213 magnus
3453 5158 3550 5199 vo-

1986 5234 2202 5287 cabitur
2226 5234 2282 5287 in
2324 5248 2491 5303 regno
2518 5232 2780 5289 ctelorum
2799 5235 2862 5289 ⁸⁸.
2891 5253 2908 5286 ι

2287 5366 2491 5440 νέμω.
2527 5382 2612 5433 ut,
2653 5369 2737 5423 ll.
2847 5369 2892 5401 “
2926 5368 3115 5426 Matth.
3146 5386 3198 5437 v,
3226 5370 3297 5425 27
3317 5380 3370 5425 et
3392 5384 3547 5440 seqq.

2063 5554 2173 5627 (76)
2207 5555 2361 5610 Lihh.
2396 5556 2547 5623 editi,
2582 5576 2599 5611 ι
2631 5558 2896 5629 imponet;
2928 5579 2944 5612 ι
2982 5577 3081 5616 ms.
3136 5559 3551 5628 Gcmeticeusis,

1992 5648 2008 5680 ι
2033 5630 2275 5697 imponit.
2301 5646 2318 5679 ι
