4106 6246
499 275 594 328 ﬁl

1950 272 2109 327 OBIG
2121 272 2273 326 iile

3648 277 3776 331 472

573 393 625 446 4.
675 409 693 442 α
718 391 780 445 Et
810 392 999 454 cinxit,
1028 391 1202 460 inquit
1224 392 1292 454 3’,
1323 405 1444 446 eum
1478 391 1772 445 secundmn
1809 390 2072 445 ﬁtcturam
2105 398 2151 453 Α
2184 395 2308 462 quia
2349 410 2451 448 non
2488 405 2611 449 ante
2641 394 2774 450 alios
2813 396 3028 460 docere,
3061 409 3220 463 quam
3268 409 3367 449 nos
3407 396 3658 453 instructi
3708 407 3778 454 et

501 481 819 536 humeralis.
848 502 864 532 ι
911 482 1027 535 Jam
1077 490 1129 536 et
1176 485 1426 549 superius
1485 483 1694 536 dixerat
1738 483 1863 552 quia
1902 483 2073 536 cinxit

501 587 622 624 cum
655 587 843 626 zonam
890 587 1055 640 super
1085 573 1346 637 tunicam,
1383 582 1438 626 et
1470 575 1631 627 modo
1668 574 1865 628 iterum
1892 574 2064 642 cingi-

505 676 592 717 tur
618 665 912 719 secundum
959 666 1228 720 facturam
1274 667 1591 721 humeralis.
1625 665 1778 736 Quod
1815 676 1898 720 est
1932 664 2073 719 istud

505 754 699 822 duplex
748 754 1045 823 cingulum,
1098 770 1208 823 quo
1261 756 1623 810 constrictum
1681 755 1794 807 vult
1843 770 1963 810 esse
2007 769 2074 808 ex

504 845 648 898 omni
685 855 836 914 parte
893 847 1249 915 pontificem?
1293 848 1636 904 Constrictus
1683 847 1754 902 sit
1801 847 1854 900 in
1886 847 2072 910 verbo,

505 938 837 992 constrictus
869 939 921 991 in
951 954 1137 1007 opere,
1165 941 1454 1008 expeditus
1485 940 1552 994 ad
1588 938 1788 1003 omnia,
1827 938 1960 992 nihil
1984 954 2074 992 re-

505 1029 749 1092 missum,
781 1031 912 1085 nihil
943 1033 1142 1086 habeat
1167 1032 1509 1087 dissolutum.
1540 1031 1834 1086 Accinctus
1861 1031 1931 1086 sit
1960 1031 2076 1084 ani-

509 1121 576 1173 mi
612 1121 923 1186 virtutibus,
968 1123 1296 1177 constrictus
1327 1124 1395 1177 sit
1426 1139 1455 1177 a
1493 1123 1868 1192 corporalibus
1904 1124 2072 1187 vitiis,

503 1211 707 1264 nullum
754 1213 952 1266 animae
997 1213 1228 1283 lapsum,
1279 1214 1479 1268 nullum
1557 1215 1804 1284 corporis
1863 1218 2070 1281 timeat,

505 1313 737 1371 utroque
766 1305 983 1374 cingulo
1011 1321 1230 1376 semper
1265 1317 1448 1360 utatur
1481 1317 1538 1359 ut
1585 1309 1656 1362 sit
1687 1317 1912 1362 sanctus
1945 1322 2073 1361 cor-

508 1407 638 1456 pore
671 1401 726 1446 et
753 1394 966 1461 spiritu.
1001 1394 1145 1450 Bene
1172 1406 1353 1451 autem
1384 1407 1440 1451 et
1469 1399 1768 1453 secundum
1804 1398 2072 1454 facturam

504 1482 806 1539 humeralis
855 1485 1113 1556 cingitur.
1166 1488 1478 1542 Secundum
1535 1489 1672 1544 facta
1723 1491 1865 1544 enim
1895 1506 1992 1544 sua
2020 1499 2074 1544 et

501 1575 797 1628 secundum
825 1592 987 1645 opera
1022 1593 1118 1632 sua
1138 1580 1359 1648 cingulo
1397 1581 1612 1635 virtutis
1642 1583 1831 1635 utitur.
1859 1581 1923 1634 Et
1957 1590 2076 1650 post

503 1665 654 1727 lucc,
713 1665 970 1734 inquit”,
1030 1669 1326 1737 «imposuit
1387 1687 1550 1740 super
1606 1687 1726 1724 cum
1781 1672 2016 1742 legium,
2051 1691 2068 1723 ι

502 1755 644 1821 quod
681 1766 762 1809 est
792 1756 1077 1822 rationale,
1121 1778 1139 1811 ι
1163 1771 1216 1814 et
1251 1761 1506 1828 imposuit
1533 1776 1696 1828 super
1724 1761 1922 1830 legium
1959 1776 2074 1814 ma-

510 1846 937 1911 nifestationcm,
979 1861 1032 1905 et
1081 1852 1387 1912 veritatem,
1455 1861 1507 1905 ct
1558 1853 1813 1922 imposuit
1856 1853 2068 1906 mitram

505 1952 669 2006 super
710 1948 874 2009 caput
916 1939 1049 2007 ejus.
1081 1959 1098 1990 ι
1153 1942 1259 1996 Sed
1309 1943 1589 1996 vidcamus
1659 1943 1787 2012 quid
1851 1943 2070 2011 logium,

505 2030 648 2096 quod
679 2039 760 2085 est
789 2032 1077 2098 rationale,
1113 2036 1398 2104 significet.
1440 2034 1796 2102 Posteaquam
1855 2036 2072 2091 nuditas

503 2129 642 2172 tecta
675 2131 780 2185 est,
814 2132 870 2176 et
915 2124 1242 2179 indumentis
1279 2126 1549 2195 turpitudo
1571 2126 1899 2195 velata(77),
1925 2135 2074 2194 post-

502 2225 730 2279 eaquam
776 2215 1022 2270 munitus
1056 2217 1315 2284 operibus
1357 2227 1412 2271 et
1465 2218 1684 2286 cingulo
1730 2228 1958 2286 utroque
1983 2218 2075 2270 ﬁr-

505 2313 684 2355 matus
711 2311 816 2368 est,
848 2303 1046 2374 logium
1083 2308 1152 2372 ei,
1192 2305 1241 2358 id
1290 2315 1373 2359 est
1410 2306 1693 2368 rationale,
1731 2316 1854 2360 tunc
1906 2307 2075 2359 tradi-

505 2399 615 2447 tur.
650 2390 880 2461 Logiutu
917 2396 1202 2464 sapientia:
1234 2397 1488 2450 indicium
1531 2398 1776 2462 est,quia
1809 2399 2073 2466 sapientia

507 2481 560 2532 in
598 2481 810 2536 ratione
848 2484 1123 2540 consistit.
1160 2485 1265 2538 Sed
1307 2500 1426 2554 qua:
1474 2487 1545 2540 sit
1588 2485 1872 2554 sapientia:
1915 2485 2076 2552 hujus

503 2583 554 2626 ct
588 2575 813 2628 rationis
844 2576 1014 2630 virtus
1048 2578 1308 2631 ostendit.
1360 2578 1590 2647 lmponit
1617 2580 1760 2632 enim
1792 2595 1954 2648 super
1990 2597 2076 2634 ra-

507 2666 785 2730 tionalem,
817 2668 1308 2722 manifestationcm
1342 2679 1396 2724 et
1429 2670 1734 2724 veritatem.
1782 2671 1896 2723 Non
1928 2672 2072 2725 enim

508 2752 704 2808 sufficit
749 2757 992 2825 pontifici
1040 2756 1243 2811 habere
1293 2760 1654 2828 sapientiam,
1691 2769 1744 2813 et
1788 2762 1926 2815 scire
1960 2778 2077 2816 om-

506 2844 656 2898 nium
697 2850 980 2909 rationem,
1024 2849 1126 2901 nisi
1179 2850 1348 2916 possit
1399 2852 1563 2904 etiam
1615 2851 1810 2920 populo
1853 2853 2076 2907 manife-

507 2943 654 2987 stare
683 2951 803 3002 quze
835 2936 1006 2990 novit.
1037 2935 1162 2991 ldeo
1186 2953 1316 3007 ergo
1355 2939 1648 3009 imponitur
1680 2940 1925 2996 rationali
1965 2958 2076 2995 ma-

505 3027 801 3092 nifestatio,
845 3038 903 3082 ut
938 3030 1110 3098 possit
1149 3031 1479 3098 respondere
1537 3032 1682 3086 omni
1724 3035 1964 3101 poscenti
2015 3051 2073 3089 se

504 3114 772 3168 rationem
829 3118 895 3170 de
941 3117 1044 3170 ﬁde
1076 3126 1130 3171 et
1163 3118 1416 3173 veritate.
1449 3118 1674 3174 Ponitur
1700 3130 1878 3175 autem
1913 3137 2073 3192 super

503 3193 632 3256 illud
667 3215 724 3259 et
768 3207 994 3272 veritas,
1025 3218 1082 3263 ut
1118 3224 1222 3262 non
1279 3209 1371 3263 illa
1422 3219 1658 3277 astruat,
1699 3227 1819 3281 qua:
1852 3214 2073 3281 proprio

501 3296 817 3364 excogitare
867 3309 1045 3369 potest
1090 3301 1329 3371 ingenio,
1382 3303 1474 3356 sed
1505 3317 1625 3370 qua:
1657 3305 1858 3358 veritas
1892 3304 2073 3371 habet,

503 3405 604 3444 nec
646 3405 881 3459 unquam
935 3407 963 3446 a
1017 3394 1247 3448 veritate
1291 3395 1557 3457 discedat,
1595 3404 1649 3448 ut
1686 3396 1739 3450 in
1783 3398 1928 3452 omni
1961 3413 2076 3453 ser-

506 3483 668 3534 mone
711 3480 828 3550 ejus
881 3496 1098 3552 semper
1144 3485 1350 3539 veritas
1384 3496 1624 3540 maneat.
1655 3486 1770 3542 lloc
1818 3497 1901 3544 est
1943 3504 2073 3558 ergo

503 3573 917 3641 superposuisse
973 3574 1222 3628 rationali
1276 3575 1766 3632 manifestationcm
1799 3586 1851 3633 et
1885 3581 2076 3633 verita-

506 3673 633 3715 tem.
671 3661 920 3718 Infelices
953 3664 1050 3731 illi,
1079 3666 1169 3735 qui
1201 3668 1314 3720 haec
1347 3666 1588 3736 legentes
1614 3684 1831 3724 omnem
1877 3671 2076 3726 intelli-

504 3754 738 3815 gentiam
793 3771 945 3812 suam
988 3773 1114 3828 erga
1166 3773 1386 3814 sensum
1435 3761 1749 3815 vestimenti
1771 3763 2073 3831 corporalis

501 3843 809 3901 effundunt!
839 3848 1034 3904 Dicant
1065 3849 1219 3903 nobis
1249 3850 1406 3918 quale
1431 3860 1513 3904 est
1545 3851 1926 3907 vestimentum
1960 3869 2073 3906 ma-

505 3939 896 4008 nifestationis,
946 3951 1040 3996 aut
1081 3942 1452 3997 indumentum
1485 3945 1644 4011 quale
1677 3956 1761 4000 est
1787 3945 2058 4000 veritatis.

506 4029 561 4084 Si
591 4031 715 4100 quis
748 4047 984 4100 unquam
1016 4033 1168 4098 vidit,
1200 4033 1243 4087 si
1282 4034 1403 4102 quis
1439 4035 1644 4088 audivit
1681 4035 2074 4090 manifestatio-

506 4141 628 4178 nem
663 4135 719 4180 et
747 4127 1034 4181 veritatem
1069 4128 1386 4182 vestimenta
1422 4128 1711 4192 nominari,
1744 4129 1926 4183 dicant
1974 4144 2070 4183 no-

507 4218 592 4271 bis
631 4233 750 4286 quaa
795 4219 906 4272 sint
948 4221 1204 4276 mulieres
1251 4237 1370 4291 qua:
1414 4221 1516 4277 ista
1569 4223 1817 4287 texerint,
1863 4224 1914 4276 iu
1966 4239 2074 4293 quo

510 4310 627 4364 haec
679 4327 913 4382 unquam
945 4315 1056 4368 sint
1085 4314 1336 4370 confecta
1386 4316 1644 4371 textrino.
1675 4316 1780 4370 Sed
1808 4317 1854 4370 si
1885 4330 2070 4369 vermu

2177 490 2528 544 rationabiles
2563 504 2684 543 esse
2714 489 2992 545 debemus.
3023 487 3198 556 Super
3240 488 3354 542 hare
3393 498 3572 544 autem
3600 491 3776 546 addi-

2177 587 2266 632 tur
2295 579 2517 643 veritas,
2543 579 2670 648 quia
2701 579 2905 632 veritas
2953 587 3036 632 est
3075 592 3284 632 summa
3327 578 3613 648 sapientia.
3652 580 3779 636 he—

2177 671 2339 739 nique
2377 670 2638 738 propheta
2669 671 2814 724 hunc
2845 670 3098 724 eumdem
3130 670 3378 724 ordinem
3399 680 3583 724 servat
3611 687 3756 726 cum

2177 759 2420 814 dicit“:
2459 777 2478 810 ‹
2513 758 2792 813 Seminate
2837 758 2992 813 vobis
3033 760 3100 812 ad
3141 758 3433 826 justitiam,
3462 770 3518 812 et
3549 761 3761 814 metite

2177 850 2414 905 fructum
2457 849 2600 915 vitae,
2636 849 2940 904 illuminate
2995 849 3150 905 vobis
3192 849 3372 904 lumen
3419 852 3701 908 scientiae.
3737 871 3760 905 ι

2177 940 2342 996 Vides
2369 941 2640 1010 quomodo
2672 955 2776 995 non
2831 941 2964 994 dicit
3005 941 3181 1009 primo
3210 958 3229 991 ι
3253 940 3559 995 illuminate
3601 943 3768 997 vobis

2176 1033 2354 1087 lumen
2407 1031 2668 1096 scientiae,
2697 1049 2716 1084 ι
2765 1031 2859 1085 sed
2908 1031 3083 1101 primo
3114 1048 3133 1082 ι
3182 1033 3444 1086 seminate
3493 1034 3655 1088 vobis
3689 1033 3764 1087 ad

2171 1123 2458 1195 justitiam,
2489 1142 2507 1175 ι
2544 1133 2602 1177 et
2634 1137 2739 1178 non
2781 1120 2979 1178 sufﬁcit
3025 1121 3315 1186 seminare,
3361 1124 3457 1177 sed
3497 1141 3515 1174 ι
3545 1126 3756 1187 metite,

2175 1215 2374 1283 inquit,-
2401 1214 2634 1268 l’ructum
2667 1213 2812 1279 vitae,
2837 1232 2856 1266 ι
2894 1222 2950 1266 ut
2977 1222 3099 1283 post
3135 1214 3248 1268 haec
3279 1214 3495 1282 possitis
3526 1215 3761 1285 implere

2175 1305 2318 1373 quod
2353 1305 2624 1374 sequitur,
2666 1323 2685 1356 ι
2715 1304 3021 1359 illuminate
3049 1304 3202 1358 vobis
3231 1303 3410 1358 lumen
3443 1306 3750 1361 scientiae.»

2177 1395 2269 1452 Sic
2301 1411 2434 1467 ergo
2471 1395 2637 1464 218
2663 1395 2828 1450 etiam
2874 1395 2966 1450 hic
3006 1394 3308 1465 imponitur
3334 1394 3630 1450 humeralis
3661 1413 3754 1451 or—

2177 1497 2357 1554 natus,
2409 1493 2462 1540 et
2511 1499 2618 1538 non
2664 1482 2864 1538 sufﬁcit
2913 1483 3060 1538 solus
3112 1491 3340 1538 ornatus
3374 1482 3502 1553 (79),
3537 1485 3635 1537 sed
3685 1494 3741 1538 ct

2177 1593 2311 1632 zona
2363 1573 2778 1644 constringitur.
2812 1574 2918 1630 Sed
2968 1589 3037 1630 ne
3088 1574 3188 1628 hoc
3220 1575 3436 1643 quidem
3475 1575 3601 1628 satis
3630 1586 3736 1640 est,

2178 1669 2416 1726 secundo
2455 1668 2632 1722 adhuc
2672 1666 2931 1736 cingitur,
2985 1676 3044 1722 ut
3087 1667 3161 1720 ita
3216 1665 3434 1721 demum
3484 1667 3732 1722 rationale

2179 1761 2351 1831 possit
2396 1760 2626 1828 imponi,
2676 1749 2727 1814 et
2775 1768 2896 1828 post
2921 1759 3036 1814 [nec
3065 1760 3429 1815 manifestatio
3457 1758 3728 1826 subsequa-

2179 1865 2268 1908 tur
2297 1861 2353 1907 et
2389 1853 2614 1907 veritas.
2642 1851 2738 1906 His
2769 1852 3101 1907 indumentis
3129 1852 3368 1922 pontifex
3397 1861 3604 1905 utatur.
3631 1851 3736 1904 Tali

2175 1954 2370 2001 ornatu
2405 1943 2560 1998 debet
2591 1943 2763 2010 indui,
2796 1943 2886 2011 qui
2920 1945 3278 1997 sacerdotium
3309 1945 3467 2006 gerit.

2249 2041 2301 2094 5.
2344 2039 2450 2093 Sed
2500 2037 2735 2092 nondum
2786 2036 2982 2099 ﬁnivit,
3025 2045 3081 2089 et
3133 2035 3270 2088 alius
3302 2035 3477 2087 adhuc
3523 2041 3748 2086 ornatus

2179 2130 2462 2185 addendus
2509 2138 2614 2192 est,
2646 2140 2872 2182 necesse
2905 2135 2990 2181 est
3032 2134 3091 2180 ut
3136 2125 3370 2191 accipiat
3397 2124 3562 2177 etiam
3590 2137 3750 2175 corn-

2177 2237 2324 2275 nam.
2382 2219 2676 2288 Propterea
2719 2216 2916 2285 accipit
2961 2217 3133 2286 primo
3183 2215 3434 2280 cidarim,
3480 2215 3623 2282 quod
3671 2222 3754 2266 est

2175 2312 2263 2366 vel
2307 2310 2703 2380 operimentum
2760 2308 3029 2376 quoddam
3084 2305 3298 2374 capitis,
3331 2306 3413 2358 vel
3459 2319 3753 2358 ornamen-

2180 2413 2311 2456 tum.
2352 2401 2418 2454 Et
2453 2409 2574 2470 post
2609 2399 2725 2453 haec
2771 2397 3234 2466 superimponitur
3283 2397 3329 2449 ei
3377 2395 3557 2448 mitra.
3607 2398 3750 2446 Ante

2178 2489 2395 2552 faciem,
2437 2487 2490 2540 id
2539 2483 2632 2553 est,
2668 2500 2697 2538 a
2753 2484 2928 2539 fronte
2979 2485 3276 2554 pontificis,
3327 2484 3523 2537 lamina
3583 2498 3746 2536 aurea

2179 2581 2539 2646 sanctiﬁcata,
2565 2580 2617 2633 in
2643 2593 2748 2648 qua
2773 2577 3040 2647 sculptum
3061 2577 3266 2631 dicitur
3285 2575 3602 2630 vocabulum
3628 2575 3745 2629 Dei.

2186 2676 2382 2730 Verum
2412 2674 2518 2728 iste
2541 2672 2736 2742 capitis
2761 2681 3010 2732 ornatus,
3042 2670 3132 2723 ubi
3162 2684 3355 2723 nomen
3398 2669 3488 2721 Dei
3525 2667 3751 2736 imposi-

2185 2778 2298 2821 tum
2335 2765 2556 2831 dicitur,
2596 2771 2717 2832 post
2748 2761 2838 2816 illa
2895 2761 3075 2815 omnia
3107 2761 3306 2829 quibus
3338 2759 3591 2813 inferiora
3625 2774 3750 2812 cor-

2177 2859 2324 2927 poris
2357 2857 2599 2910 membra
2657 2854 2876 2908 fuerant
2929 2862 3212 2915 exornata,
3256 2855 3656 2920 superponitur.
3689 2847 3746 2902 lu

2179 2963 2289 3018 quo
2320 2946 2449 3000 mihi
2485 2944 2714 2998 indicari
2742 2943 2977 3005 videtur,
3010 2943 3153 3008 quod
3201 2954 3362 3008 super
3391 2939 3597 2996 omnia,
3627 2953 3748 3004 quae

2178 3039 2245 3093 de
2277 3039 2474 3091 mundo
2511 3034 2593 3088 vel
2624 3035 2691 3088 de
2717 3032 2933 3088 caeteris
2981 3029 3250 3085 creaturis
3296 3027 3507 3090 sentiri,
3541 3037 3631 3078 aut
3666 3028 3751 3079 in-

2180 3129 2344 3199 telligi
2387 3135 2634 3197 possunt,
2661 3124 2994 3180 eminentior
3044 3133 3302 3190 tanquam
3354 3119 3595 3173 auctoris
3625 3135 3741 3170 om-

2177 3222 2324 3275 nium
2373 3221 2598 3275 scientia
2653 3217 2746 3271 Dei
2791 3217 2881 3271 sit.
2909 3215 2974 3269 Et
3019 3217 3148 3284 quia
3184 3215 3296 3282 ipse
3317 3221 3593 3280 caputest
3629 3225 3741 3262 om-

2176 3315 2346 3380 nium,
2380 3314 2501 3368 ideo
2530 3321 2584 3366 et
2607 3321 2834 3366 ornatus
2855 3310 2954 3363 iste
2979 3323 3140 3376 super
3160 3306 3340 3360 omnia
3367 3305 3524 3372 capiti
3557 3318 3749 3372 ευμεν⁴

2176 3406 2418 3475 ponitur.
2444 3402 2588 3458 Nihil
2615 3401 2758 3457 enim
2783 3410 2903 3471 post
2931 3401 3044 3453 haec
3072 3397 3322 3466 adjicitur
3355 3395 3622 3464 pontiﬁcis
3655 3408 3751 3446 ca-

2176 3496 2297 3566 piti.
2333 3494 2398 3549 Et
2421 3495 2538 3549 ideo
2568 3491 2752 3546 miseri
2777 3498 2904 3544 sunt
2934 3488 3006 3542 illi
3038 3488 3105 3541 de
3134 3487 3330 3554 quibus
3356 3482 3485 3536 dicit
3511 3483 3749 3549 Aposto-

2178 3588 2345 3651 lus",
2375 3585 2504 3654 quia
2535 3598 2642 3638 non
2695 3589 2878 3637 tenent
2916 3599 2933 3632 ι
2959 3589 3142 3650 caput,
3177 3593 3244 3632 ex
3286 3591 3392 3645 quo
3417 3572 3592 3629 omnis
3619 3572 3751 3639 jun-

2177 3688 2325 3734 ctura
2350 3691 2600 3733 connexa
2627 3681 2682 3730 et
2713 3671 3090 3742 compaginata
3117 3668 3318 3723 crescit
3348 3668 3398 3719 in
3445 3665 3752 3717 incremen-

2179 3781 2289 3824 tum
2322 3769 2415 3824 Dei
2452 3769 2505 3822 ln
2539 3765 2755 3835 spiritu.
2789 3782 2808 3816 ι
2845 3763 2950 3816 Sed
2977 3775 3076 3814 nos
3121 3760 3166 3813 si
3218 3759 3356 3812 bene
3386 3751 3750 3807 intelleximus

2176 3863 2299 3931 quis
2333 3861 2403 3913 sit
2440 3856 2740 3914 sacerdotis
2765 3862 3011 3917 ornatus,
3047 3849 3208 3919 quive
3233 3861 3393 3916 super
3439 3843 3622 3898 omnia
3649 3843 3750 3893 lio-

2178 3969 2275 4006 nor
2308 3951 2500 4019 capitis
2542 3948 2681 4016 ejus,
2710 3945 3098 4016 mysteriorum
3135 3941 3441 3995 divinorum
3475 3933 3747 4005 profunda

2178 4046 2464 4107 rimantes,
2495 4055 2602 4094 non
2645 4039 2787 4094 scire
2835 4044 3046 4090 tantum
3089 4035 3202 4088 hrec
3236 4040 3289 4086 ct
3319 4029 3524 4091 audire,
3558 4025 3648 4079 sed
3694 4032 3750 4077 et

2179 4133 2402 4202 implere
2445 4131 2820 4186 desideremus
2852 4136 2907 4180 et
2954 4125 3155 4189 facere,
3183 4122 3305 4191 quia
3337 4135 3441 4172 non
3473 4117 3750 4170 auditores

2177 4223 2311 4293 legis
2337 4221 2786 4290 justiﬁcabuntur
2829 4217 2971 4285 apud
3004 4215 3191 4276 Deum,
3229 4211 3322 4266 sed
3354 4207 3606 4261 factores.
3641 4203 3744 4257 l’o-

2178 4325 2257 4370 tes
2291 4315 2514 4370 enimet
2541 4322 2619 4376 tu,
2655 4319 2713 4364 ut
2748 4324 2891 4378 saepe
2919 4307 3027 4376 jam
3063 4307 3321 4367 diximus,
3366 4302 3410 4355 si
3458 4298 3647 4352 studiis
3689 4302 3747 4348 ct

501 4403 666 4458 vultis
718 4405 926 4466 audire,
965 4407 1229 4475 sapientia
1261 4418 1343 4461 est
1388 4421 1510 4475 qua:
1546 4407 1849 4477 bujusmodi
1884 4406 2071 4460 confe-
2105 4415 2151 4473 D
2182 4405 2379 4476 vigiliis
2428 4403 2534 4458 tuis
2578 4399 2951 4469 hujuscemodi
3002 4397 3098 4451 tibi
3145 4391 3538 4466 praeparaveris
3591 4389 3746 4441 indu-

503 4494 578 4546 cit
635 4495 973 4550 indumenta.
1025 4497 1115 4552 Illa
1170 4497 1510 4552 occultorum
1549 4498 2066 4563 manifestationem,

503 4586 592 4640 illa
625 4588 760 4642 texit
792 4604 970 4642 rerum
995 4591 1236 4644 omnium
1266 4590 1570 4646 veritatem.
1605 4589 1758 4644 Hanc
1784 4605 1916 4660 ergo
1943 4605 2072 4645 ore-

504 4696 623 4736 mus
658 4695 686 4734 a
721 4679 950 4737 Domino
973 4681 1086 4754 (78)
1124 4694 1181 4735 ut
1208 4682 1455 4750 accipere
1501 4696 1828 4746 mereamur,
1867 4692 1921 4737 et
1959 4683 2072 4752 ipsa

509 4789 609 4828 nos
660 4773 861 4829 talibus
910 4775 1273 4829 circumdabit
1323 4773 1672 4828 indumentis.
1719 4775 1823 4829 Sed
1872 4783 1925 4828 et
1959 4775 2074 4843 ipse

503 4865 643 4918 ordo
674 4879 855 4919 rerum
891 4879 1054 4932 quam
1090 4874 1311 4918 sanctus
1345 4863 1437 4930 sit,
1470 4874 1524 4917 et
1569 4878 1730 4933 quam
1784 4865 2070 4932 mirabilis,

501 4956 731 5011 intuere.
769 4955 883 5009 Non
915 4956 1282 5025 antelogium,
1321 4965 1374 5010 et
1406 4964 1588 5025 postea
1627 4957 2067 5023 humerale,quia

501 5064 607 5100 non
634 5056 762 5102 ante
807 5047 1074 5116 sapientia
1123 5062 1282 5116 quam
1335 5061 1522 5114 opera,
1558 5047 1650 5101 sed
1707 5049 1856 5116 prius
1904 5064 2067 5115 opera

501 5139 691 5194 haberi
737 5141 954 5202 debent,
997 5147 1051 5192 et
1096 5149 1288 5208 postea
1331 5139 1620 5206 qntcrcnda
1670 5140 1936 5209 sapientia
1964 5150 2066 5194 est.

502 5230 640 5286 Tum
679 5232 871 5286 deinde
899 5249 1003 5287 non
1038 5243 1164 5286 ante
1199 5231 1568 5285 manifestatio
1593 5246 1751 5300 quam
1782 5235 2065 5298 rationale,

588 5372 631 5405 ⁸⁸
659 5370 835 5426 Levit.
867 5386 980 5434 vttt,
1006 5370 1056 5424 7.
1125 5371 1170 5403 ’°
1199 5373 1353 5436 ibid.,
1383 5372 1438 5426 8.
1535 5371 1740 5429 “Osce.
1777 5390 1827 5440 κ,
1865 5373 1951 5426 12.

572 5493 685 5562 (Ti)
718 5492 920 5550 Omnes
957 5508 1110 5557 tnss.,
1160 5511 1177 5541 ε
1203 5493 1397 5548 velata.
1427 5512 1444 5544 ι
1482 5494 1640 5550 Libh.
1677 5497 1825 5559 editi,
1871 5515 1887 5547 ι
1923 5495 2073 5551 vela-

503 5574 686 5702 ιιι’(ὥ)
719 5635 920 5688 Omnes
956 5649 1109 5699 mss,
1145 5652 1159 5684 ‹
1188 5649 1214 5686 a
1244 5633 1490 5691 Domino.
1528 5655 1543 5686 ›
1575 5637 1733 5690 Libb.
1765 5635 1916 5703 editi,
1954 5653 1969 5687 ι
2003 5635 2069 5689 ad

506 5707 810 5760 Dominttm.
841 5724 858 5755 υ

2179 4509 2387 4565 menta,
2419 4497 2464 4552 si
2507 4506 2559 4550 te
2587 4495 2839 4558 abluerit,
2870 4501 2926 4546 et
2957 4490 3215 4544 mundum
3248 4485 3439 4539 fecerit
3465 4494 3642 4537 sermo
3670 4477 3750 4530 lc-

2178 4591 2281 4661 gis,
2311 4599 2366 4643 et
2402 4588 2588 4642 unctio
2634 4583 2974 4647 chrismatis,
3005 4590 3060 4634 et
3101 4578 3275 4646 gratia
3326 4577 3380 4629 in
3414 4584 3463 4628 te
3493 4568 3751 4661 baptismi

2178 4659 2608 4736 incontaminata
2651 4675 2952 4738 duraverit,
3017 4674 3061 4727 si
3114 4670 3337 4725 indutus
3376 4663 3542 4718 fueris
3591 4659 3748 4713 indu-

2177 4771 2374 4826 mentis
2409 4769 2718 4838 duplicibus
2745 4767 2945 4821 littera:
2974 4779 3038 4818 ac
3082 4762 3336 4831 spiritus,
3368 4758 3412 4812 si
3453 4757 3617 4810 etiam
3647 4754 3748 4802 du-

2179 4864 2396 4933 pliciter
2430 4859 2761 4930 accingaris,
2793 4866 2852 4912 ut
2891 4868 3061 4911 carne
3102 4864 3156 4908 et
3203 4854 3387 4905 animo
3414 4858 3604 4903 castus
3645 4843 3744 4907 sis,

2177 4957 2221 5010 si
2249 4953 2517 5010 humerali
2557 4965 2809 5021 operum,
2839 4957 2894 5003 et
2919 4946 3198 5015 sapientiae
3229 4941 3476 4997 rationali
3509 4936 3747 4999 orncris,

2177 5049 2220 5102 si
2240 5049 2404 5102 etiam
2435 5045 2598 5098 mitra
2616 5043 2712 5097 tibi
2741 5051 2795 5096 et
2823 5040 3023 5095 lamina
3053 5053 3238 5101 aurea,
3263 5032 3538 5104 plenitudo
3568 5029 3750 5081 scien-

2177 5141 2264 5194 tia:
2291 5138 2385 5194 Dei
2421 5145 2588 5206 caput
2615 5143 2863 5196 coronet,
2900 5132 3043 5186 scito
3073 5139 3124 5184 te
3151 5126 3366 5183 etiamsi
3401 5123 3543 5194 apud
3567 5119 3742 5175 homi-

2177 5248 2275 5288 nes
2327 5232 2498 5286 lateas
2525 5239 2581 5286 et
2616 5225 2907 5296 ignoreris,
2948 5224 3088 5293 apud
3145 5220 3313 5276 Deum
3369 5229 3547 5272 tamen
3587 5221 3751 5280 agere

2029 5375 2074 5405 9’
2103 5371 2217 5428 Col.
2253 5389 2312 5438 ll,
2349 5373 2433 5428 l9.

2255 5495 2365 5566 (79)
2399 5495 2453 5548 ln
2499 5511 2632 5550 mss.
2665 5495 2836 5560 deest,
2867 5514 2884 5546 ‹
2913 5494 3064 5549 solus
3101 5497 3350 5566 ornatus1
3375 5506 3394 5540 ι
3425 5486 3572 5566 infra
3616 5499 3748 5566 mss.

2181 5557 2403 5630 habent,
2445 5575 2541 5618 «et
2583 5567 2722 5622 alius
2775 5557 2949 5621 adhuc
2998 5574 3241 5620 ornatus.
3280 5578 3298 5610 ι
3331 5559 3388 5614 in
3424 5557 3549 5612 libb.
3591 5557 3749 5612 editis

2178 5638 2350 5702 (ᾕρει,
2394 5655 2410 5688 t
2434 5635 2586 5691 alius.
2611 5654 2630 5688 ι
