4106 6246
389 270 500 332 473

1561 259 1626 313 ΙΝ
1667 256 2039 312 LEV’ITICUM
2086 255 2369 310 liOMlLIA
2419 253 2508 307 Vl.

3531 240 3635 294 475

391 389 765 461 pontiﬁcatum
799 386 940 441 intra
971 386 1163 440 anima:
1191 391 1292 438 tuae
1321 381 1599 450 templum.
1640 398 1656 431 ι
1679 379 1787 433 Vos
1817 378 1961 433 enim
1995 380 2039 436 A
2069 373 2367 429 indmncnti
2393 370 2651 425 indicium
2676 367 2939 423 castitatis
2969 364 3161 426 videri,
3185 377 3292 430 quo
3319 358 3396 412 vel
3426 357 3630 411 femora

393 481 529 535 estis
560 478 817 548 templum
850 478 941 531 Dei
980 476 1110 540 vivi,
1142 477 1185 530 si
1219 474 1444 544 spiritus
1497 473 1586 527 Dei
1646 471 1856 524 habitat
1910 469 1961 521 in

394 569 548 625 vobis
571 569 639 623 “.
671 589 690 622 ι
730 568 856 625 Post
877 567 991 623 haec
1023 582 1142 635 quae
1169 566 1235 620 de
1263 564 1678 620 consecratione
1723 561 1840 629 ejus
1884 561 1965 613 di-

395 671 596 716 cuntur
640 667 696 715 et
745 662 811 714 de
860 660 1136 725 unctione,
1175 658 1410 728 sparsim
1455 671 1484 710 a
1539 655 1696 709 nobis
1727 665 1780 708 et
1825 669 1967 723 sxepe

399 753 630 808 disserta
661 761 808 805 sunt.

469 841 522 894 6.
564 840 718 906 Quod
768 848 946 895 autem
1003 839 1241 894 dicit“:
1286 856 1304 889 ι
1332 837 1400 891 Ει
1449 836 1710 905 applicuit
1758 834 1967 904 Moyses

401 934 539 988 lilios
567 934 774 996 Aaron,
806 943 860 986 et
889 932 1067 986 induit
1092 946 1188 986 eos
1216 931 1448 989 tunicas,
1477 937 1527 983 et
1566 928 1848 998 praecinxit
1871 943 1967 982 eos

400 1040 588 1088 zonas,
628 1033 682 1078 et
714 1023 969 1093 imposuit
999 1024 1080 1078 eis
1109 1023 1364 1087 cidares,
1393 1023 1532 1076 sicut
1573 1021 1830 1090 prtecepit
1863 1019 1967 1073 υοο

400 1114 578 1166 minus
619 1112 845 1182 Moysi,»
885 1112 1273 1168 attendendum
1335 1122 1421 1167 est
1455 1127 1573 1182 quze
1609 1114 1680 1166 sit
1715 1111 1969 1165 differen-

403 1204 472 1255 tia
516 1203 706 1257 horum
745 1203 857 1274 (80)
887 1205 1260 1270 sacerdotum,
1289 1207 1357 1259 ad
1400 1205 1605 1273 majora
1639 1205 1968 1258 sacerdotia.

400 1290 523 1344 Istis
569 1305 741 1360 neque
775 1292 899 1348 bina
941 1294 1256 1349 indumenta
1311 1295 1618 1357 traduntur,
1670 1309 1841 1361 neque
1868 1295 1971 1347 hu—

401 1381 617 1436 meralis
667 1397 849 1452 neque
902 1384 1209 1451 rationalis,
1245 1399 1419 1454 neque
1475 1385 1668 1454 capitis
1726 1394 1970 1450 ornatus,

399 1473 502 1527 nisi
547 1482 752 1528 tantum
787 1475 990 1532 cidaris
1025 1485 1080 1530 et
1129 1491 1300 1541 zonae,
1337 1491 1460 1544 qua:
1509 1478 1752 1531 tunicam
1805 1478 1975 1531 strinc

401 1574 550 1634 gant.
585 1563 650 1616 Et
694 1564 783 1618 isti
823 1580 954 1633 ergo
986 1564 1264 1632 accipiunt
1300 1565 1591 1618 sacerdotii
1634 1567 1885 1635 gratiam,
1921 1577 1975 1622 et

402 1655 488 1709 isti
523 1655 824 1725 funguntur
859 1655 1060 1720 oﬁicio,
1088 1657 1182 1710 sed
1215 1671 1319 1710 non
1370 1665 1428 1709 ut
1466 1655 1541 1709 illi
1580 1656 1669 1725 qui
1703 1667 1754 1710 et
1786 1658 1975 1711 imme-

403 1744 500 1798 rali
527 1754 582 1798 et
608 1744 865 1798 rationali
917 1753 1148 1800 ornatus
1175 1755 1280 1810 est,
1317 1743 1407 1812 qui
1441 1743 1878 1798 manifestatioue
1921 1759 1975 1800 et

413 1836 644 1891 veritate
680 1836 1011 1906 resplendet,
1039 1837 1134 1905 qui
1186 1851 1364 1890 aureae
1394 1837 1606 1890 laminae
1657 1847 1975 1892 ornamento

407 1927 718 1983 decoratur.
757 1927 909 1984 Unde
943 1914 1181 1984 arbitror
1220 1928 1362 1983 aliud
1410 1943 1533 1983 esse
1574 1928 1627 1982 in
1679 1931 1976 1984 sacerdoti-

406 2018 509 2075 bus
537 2020 712 2076 oiIicio
743 2019 912 2092 fungi,
950 2021 1096 2075 aliud
1137 2021 1466 2074 instructum
1491 2034 1614 2076 esse
1647 2019 1696 2072 iu
1727 2021 1976 2074 omnibus

403 2119 460 2162 et
484 2119 760 2165 ornatum.
789 2111 979 2178 Quivis
1025 2112 1171 2166 enim
1204 2119 1384 2182 potest
1409 2110 1638 2165 solemni
1675 2111 1977 2164 ministerio

403 2199 555 2270 fungi
589 2201 654 2256 ad
683 2202 952 2272 pepulum,
981 2204 1137 2273 pauci
1163 2213 1344 2259 autem
1379 2215 1505 2258 sunt
1534 2202 1627 2272 qui
1650 2203 1827 2258 ornati
1861 2219 1976 2256 mo-

407 2292 579 2357 ribus,
614 2294 867 2361 instructi
913 2295 1188 2362 doctrina,
1220 2296 1485 2366 sapientia
1518 2295 1738 2360 eruditi,
1771 2297 1838 2348 ad
1866 2310 1977 2348 ma-

406 2383 771 2440 nifestandam
842 2387 1126 2443 veritatem
1191 2403 1371 2442 rerum
1427 2387 1726 2457 peridonei,
1771 2395 1825 2441 et
1883 2388 1974 2456 qui

405 2475 693 2530 scientiam
733 2477 856 2532 ﬁdei
912 2494 1018 2534 non
1059 2480 1179 2534 sine
1233 2489 1558 2534 ornamento
1623 2494 1880 2532 sensuum
1926 2487 1978 2532 et

402 2567 760 2622 assertionum
779 2567 988 2638 fulgore
1017 2569 1354 2638 depromant,
1382 2570 1528 2640 quod
1558 2583 1735 2624 aurea:
1763 2569 1978 2624 laminae

403 2658 566 2728 capiti
599 2659 887 2728 impositus
927 2661 1177 2731 designat
1208 2672 1457 2716 ornatus.
1495 2660 1671 2716 Unum
1705 2661 1870 2730 igitur
1895 2670 1979 2716 ost

405 2748 697 2802 sacerdotii
754 2763 971 2812 nomen,
1005 2750 1098 2804 sed
1145 2766 1251 2804 non
1305 2766 1434 2815 una,
1470 2750 1553 2805 vel
1587 2765 1684 2818 pro
1712 2752 1832 2804 vita:
1868 2766 1978 2804 me-

407 2839 536 2906 rito,
569 2841 654 2896 vel
705 2857 801 2911 pro
850 2842 1016 2896 animi
1051 2843 1348 2897 virtutibus
1381 2843 1640 2913 dignitas.
1675 2843 1741 2896 Et
1779 2842 1898 2898 ideo
1923 2844 1974 2896 in

403 2929 490 2986 his
514 2947 631 3001 qua:
668 2933 753 2988 lex
788 2934 969 2989 divina
1010 2935 1289 3000 describit,
1322 2933 1484 2988 veluti
1539 2933 1591 2987 in
1641 2933 1860 3003 speculo
1895 2933 1980 2986 in-

2068 465 2291 533 Operiri,
2314 463 2397 517 vel
2434 460 2728 529 constringi
2758 472 2914 511 renes
2941 457 3190 508 videntur
3233 469 3296 506 ac
3338 450 3532 511 lutnbi,
3566 463 3636 502 ne

2073 559 2235 622 forte,
2279 556 2525 624 inquam,
2572 568 2677 606 non
2722 565 2936 618 semper
2961 547 3015 600 in
3058 545 3162 598 illis
3193 544 3283 612 qui
3320 553 3444 595 tunc
3474 548 3636 596 erant

2069 647 2405 711 sacerdotes,
2452 645 2552 698 has
2591 652 2772 712 partes
2813 640 2960 693 dicat
2989 651 3110 690 esse
3137 634 3481 689 constrictas.
3518 631 3634 684 Ali-

2070 740 2287 810 quando
2318 738 2459 791 enim
2499 744 2552 790 et
2581 734 2646 788 de
2682 730 3006 801 posteritate
3038 725 3277 797 generis,
3302 733 3356 778 et
3403 725 3470 777 de
3515 737 3641 776 sue-

2071 847 2227 884 cessu
2279 829 2483 884 sobolis
2524 825 2862 892 indulgetur.
2901 821 3005 874 Sed
3039 833 3138 888 ego
3169 819 3220 871 in
3262 813 3638 870 sacerdotibus

2071 921 2327 976 Ecclesiae
2372 914 2680 984 huiusmodi
2734 909 3144 978 intelligentiam
3185 920 3289 959 non
3324 901 3642 957 introduxe-

2074 1016 2197 1068 rim.
2227 1011 2399 1065 Aliam
2420 1023 2655 1076 namque
2685 1021 2800 1060 rem
2835 1005 2993 1057 video
3010 1012 3299 1056 occurrere
3328 994 3442 1066 (8?)
3461 1008 3644 1047 sacra-

2073 1113 2280 1158 mento.
2319 1099 2482 1169 219
2514 1098 2746 1152 Possunt
2781 1093 2924 1148 enim
2957 1100 3010 1146 et
3042 1091 3093 1144 in
3121 1086 3356 1141 Ecclesia
3380 1083 3642 1138 sacerdo-

2077 1208 2156 1252 tes
2200 1206 2254 1252 et
2308 1199 2563 1250 doctores
2589 1192 2726 1246 ﬁlios
2753 1200 3038 1260 generare,
3067 1184 3207 1236 sicut
3235 1189 3290 1234 et
3320 1178 3408 1231 ille
3443 1176 3532 1245 qui
3558 1175 3642 1228 di-

2076 1290 2235 1343 cebat
2268 1288 2313 1319 9"
2353 1304 2366 1339 :
2407 1303 2425 1336 ί
2468 1282 2647 1338 Filioli
2685 1279 2811 1344 mei,
2845 1292 2981 1346 quos
3023 1274 3216 1326 iterum
3248 1266 3517 1339 parturio,
3550 1264 3646 1316 do-

2078 1399 2178 1438 nec
2213 1382 2479 1436 formetur
2509 1378 2758 1433 Christus
2790 1373 2844 1426 in
2887 1371 3058 1424 vobis.
3101 1387 3118 1418 ι
3161 1364 3225 1417 Et
3276 1364 3470 1416 iterum
3513 1355 3643 1410 alibi

2079 1475 2210 1528 dicit
2242 1474 2326 1525 9°:
2370 1489 2389 1522 ι
2420 1468 2662 1524 Tametsi
2702 1463 2865 1518 multa
2899 1460 3063 1515 millia
3104 1457 3516 1526 paedagogorum
3551 1448 3646 1501 ha-

2080 1565 2254 1619 beatis
2307 1564 2359 1617 in
2397 1561 2636 1619 Christo,
2673 1557 2765 1610 sed
2799 1569 2906 1608 non
2952 1549 3154 1604 multos
3183 1556 3387 1616 patres.
3427 1541 3553 1593 Nam
3593 1538 3645 1590 in

2079 1659 2296 1713 Christo
2324 1653 2450 1708 Jesu
2479 1666 2573 1719 per
2601 1646 2949 1716 Evangelium
2985 1657 3086 1712 ego
3124 1655 3222 1694 vos
3272 1635 3458 1706 genui.
3498 1651 3514 1683 ι
3557 1633 3644 1685 Isti

2010 1715 2046 1766 Β
2076 1763 2205 1818 ergo
2235 1747 2482 1799 doctores
2510 1739 2758 1794 Ecclesiae
2790 1737 2843 1790 in
2869 1732 3178 1803 huiusmodi
3205 1723 3647 1799 generationibus

2080 1810 2432 1906 procreandis
2466 1829 2757 1897 aliquando
2800 1822 3118 1881 constrictis
3150 1815 3502 1873 femoralibus
3533 1810 3646 1882 (85)

2081 1905 2327 1990 utuntur,
2361 1932 2414 1978 et
2454 1920 2725 1973 abstinent
2751 1933 2780 1970 a
2807 1913 3135 1986 generando,
3161 1925 3283 1965 cum
3315 1906 3451 1960 taies
3500 1905 3650 1957 iuve-

2081 2020 2262 2074 nerint
2294 2017 2594 2075 auditores,
2628 2013 2680 2065 in
2712 2009 2913 2079 quibus
2943 2007 3118 2060 sciant
3160 2017 3217 2056 se
3264 1999 3500 2053 fructum
3546 1996 3650 2049 ha-

2081 2111 2212 2166 bere
2239 2125 2344 2162 non
2379 2120 2556 2176 posse.
2593 2101 2836 2169 Denique
2864 2108 2919 2152 et
2946 2097 2996 2151 in
3028 2095 3254 2150 Actibus
3285 2091 3647 2159 apostolorum

2083 2201 2321 2255 refertur
2347 2198 2413 2252 de
2459 2193 2805 2265 quibusdam,
2839 2189 2982 2259 quod
3037 2202 3142 2241 non
3193 2191 3486 2254 potuerunt
3516 2178 3649 2251 (8t),

2082 2291 2361 2361 inquit”,
2393 2308 2409 2340 ι
2462 2288 2515 2340 in
2566 2286 2690 2339 Asia
2722 2280 2948 2336 verbum
2996 2278 3091 2332 Dei
3138 2277 3308 2343 loqui,
3363 2292 3381 2324 ι
3423 2273 3523 2324 hoc
3568 2277 3654 2324 est

2084 2383 2332 2452 imposita
2379 2379 2636 2434 habuisse
2681 2371 2979 2434 femoralia,
3033 2379 3086 2423 et
3132 2365 3467 2422 continuisse
3494 2375 3652 2415 sene

2085 2477 2223 2530 ﬁlios
2252 2477 2604 2543 generarent,
2631 2471 2754 2535 quia
2773 2463 2981 2518 scilicet
3007 2459 3142 2514 tales
3166 2466 3321 2512 erant
3352 2455 3650 2516 auditores,

2084 2568 2136 2622 itt
2189 2566 2384 2634 quibus
2429 2570 2485 2615 et
2534 2573 2719 2614 semen
2779 2555 3002 2623 periret,
3028 2561 3082 2606 et
3112 2566 3215 2602 non
3252 2557 3432 2617 posset
3463 2544 3650 2598 haberi

2081 2657 2373 2714 successio.
2412 2654 2501 2708 Sic
2539 2666 2668 2720 ergo
2707 2647 2957 2702 Ecclesiae
2986 2643 3314 2702 sacerdotes,
3346 2653 3465 2691 cum
3500 2637 3652 2689 inca-

2082 2764 2242 2822 paces
2274 2762 2435 2802 aures
2467 2744 2718 2806 viderint,
2744 2749 2835 2793 aut
2860 2754 2980 2793 cum
3011 2735 3294 2792 simulatos
3330 2730 3437 2801 (85)
3470 2731 3651 2796 inspe-

2080 2842 2262 2895 xerint
2311 2847 2367 2892 et
2421 2834 2730 2907 hypocritas
2776 2832 3073 2892 auditores,
3110 2827 3391 2894 imponant
3437 2834 3654 2886 campe-

2081 2946 2212 3002 stre,
2257 2941 2478 2987 utantur
2503 2927 2873 2988 fetnoralibns,
2904 2939 2968 2977 ne
3009 2927 3198 2990 pereat
3254 2930 3441 2970 semen
3500 2911 3651 2965 vei-hi

406 3025 618 3095 spicere
653 3041 711 3081 se
744 3026 905 3082 debet
939 3026 1308 3095 unusquisque
1332 3026 1676 3081 sacerdotum
1708 3035 1796 3080 :et
1835 3042 1966 3095 gra-
2005 3041 2048 3100 (ς
2085 3029 2203 3092 Dei,
2233 3028 2358 3095 quia
2399 3033 2454 3078 et
2506 3021 2763 3076 Dominus
2812 3016 2998 3070 eadem
3034 3011 3258 3065 mandat
3299 3019 3354 3060 et
3398 3003 3528 3060 dicit
3559 3003 3650 3058 9’:

404 3118 508 3174 dus
540 3119 720 3174 meriti
772 3119 854 3174 sui
909 3119 1034 3173 inde
1069 3119 1350 3188 colligere,
1377 3119 1422 3173 si
1471 3135 1529 3174 se
1560 3118 1741 3172 videat
1797 3119 1848 3171 in
1886 3120 1970 3174 his

407 3210 684 3272 omnibus,
712 3225 830 3279 quae
869 3225 1033 3278 supra
1073 3209 1448 3279 exposuimus,
1485 3209 1748 3280 positum,
1789 3211 1974 3279 ponti-

414 3304 662 3356 licalibus
690 3313 943 3356 ornatum
975 3302 1084 3372 (8|)
1112 3303 1482 3366 ornamentis;
1519 3302 1562 3356 si
1597 3303 1853 3356 conscius
1879 3303 1979 3356 sibi

413 3397 484 3448 sit
514 3395 655 3464 quod
701 3394 780 3446 vel
827 3395 879 3447 itt
931 3395 1180 3457 scientia,
1217 3393 1297 3447 vel
1330 3394 1380 3446 in
1423 3393 1654 3458 actibus,
1686 3394 1766 3446 vel
1807 3395 1857 3445 iu
1889 3395 1986 3446 do-

414 3489 592 3541 ctrina
619 3497 801 3540 tantus
835 3503 898 3540 ac
925 3486 1048 3540 talis
1078 3486 1170 3552 sit,
1201 3486 1338 3540 sciat
1358 3502 1415 3540 se
1436 3502 1706 3539 sunnnum
1733 3485 1986 3538 sacerdo-

416 3583 546 3633 tium
600 3595 706 3634 non
749 3579 926 3633 solum
960 3578 1200 3640 nomine,
1232 3578 1324 3631 sed
1367 3586 1420 3632 et
1456 3577 1664 3631 meritis
1713 3578 1983 3629 obtinere.

419 3671 676 3738 Alioquin
727 3669 1044 3723 inferiorem
1093 3667 1193 3722 sibi
1245 3667 1469 3736 gradum
1507 3665 1742 3733 positqu
1776 3666 1985 3718 noverit

412 3763 628 3816 etiamsi
659 3762 819 3832 primi
860 3775 1056 3816 nomen
1077 3761 1370 3829 acceperit.
1405 3758 1514 3812 Nos
1537 3772 1670 3813 sane
1697 3773 1802 3812 non
1831 3758 1989 3811 debet

412 3854 691 3923 praeterire
762 3855 926 3908 etiam
969 3854 1088 3918 hoc,
1130 3853 1273 3922 quod
1323 3861 1500 3921 potest
1554 3867 1584 3906 a
1643 3851 1884 3905 Studiose
1921 3849 1991 3903 le-

411 3959 564 4001 ('tore
611 3945 866 4014 proferri,
925 3946 975 3999 in
1035 3960 1144 4014 quo
1194 3953 1248 3998 et
1298 3959 1396 4012 ego
1431 3957 1571 4011 saepe
1618 3956 1832 3996 mecum
1876 3943 1988 4009 ipse

415 4039 678 4094 hesitavi.
727 4037 782 4091 in
824 4036 1010 4091 Exodo
1047 4037 1190 4090 enim
1235 4035 1445 4105 legens,
1489 4035 1576 4087 ubi
1631 4033 1698 4086 de
1741 4033 1990 4087 sacerdo-

348 4201 352 4206 ,
417 4131 616 4186 talibus
649 4132 937 4186 mandatur
976 4129 1306 4185 indumentis
1333 4129 1548 4182 invenio
1568 4137 1692 4182 octo
1720 4143 1837 4181 esse
1866 4142 1989 4195 spe-

413 4224 548 4285 cies,
585 4237 705 4290 qua:
737 4222 980 4290 pontiﬁci
1034 4229 1437 4288 przeparantur.
1475 4218 1574 4272 llic
1618 4235 1742 4272 vero
1782 4228 1985 4285 septem

386 4317 792 4385 tantummodo
839 4325 1215 4370 numerantur.
1253 4315 1492 4384 Requiro
1527 4327 1654 4382 ergo
1710 4311 1838 4380 quid
1891 4312 1984 4374 sit,

415 4410 559 4478 quod
596 4409 853 4462 omissum
873 4415 978 4462 est.
1004 4407 1204 4461 Octava
1234 4408 1444 4475 species
1473 4405 1542 4459 ibi
1579 4405 1801 4473 ponitur
1832 4420 1983 4457 cam-
2020 4399 2065 4454 D

415 4514 618 4570 pestre,
655 4502 790 4565 sive,
833 4511 891 4554 ut
928 4501 1058 4554 alibi
1103 4500 1357 4568 legimus,
1387 4497 1666 4552 femoralia
1721 4497 1886 4560 linea,
1922 4497 1988 4549 de

419 4611 525 4664 quo
575 4594 664 4648 hic
713 4593 855 4647 inter
893 4601 1083 4645 cmtcra
1129 4591 1276 4644 siluit
1321 4591 1654 4642 indumenta.
1688 4586 1823 4652 Quid
1859 4600 1988 4654 ergo

419 4688 692 4743 dicemus?
739 4686 1066 4738 oblivionem
1115 4682 1366 4736 dabimus
1423 4681 1476 4733 in
1525 4679 1703 4732 verbis
1750 4678 1989 4745 Spiritus

419 4783 616 4842 sancti,
668 4789 726 4832 nt
769 4793 895 4832 cum
942 4784 1134 4831 cmtera
1160 4775 1338 4829 omnia
1367 4773 1604 4827 secundo
1631 4768 1988 4832 enarraverit,

421 4891 524 4927 una
549 4888 668 4927 eum
701 4870 910 4940 species
943 4870 1188 4939 superius
1217 4869 1358 4922 dicta
1393 4867 1649 4920 latuerit?
1673 4865 1786 4918 Non
1815 4865 1990 4919 audeo

419 4968 536 5022 haec
568 4967 632 5020 de
658 4963 833 5019 sacris
875 4962 1076 5017 sentire
1097 4961 1462 5014 sermonibus.
1493 4956 1595 5011 Sed
1623 4957 1900 5011 videamus
1925 4977 1992 5014 ne

420 5059 580 5124 forte,
613 5056 870 5126 quoniam
909 5053 963 5107 in
1000 5052 1371 5121 superioribus
1403 5051 1642 5104 diximus
1675 5052 1776 5105 hoc
1821 5067 1991 5120 genus

486 5149 531 5182 ⁹³
562 5148 599 5202 ll
623 5147 746 5203 Cor.
777 5162 851 5213 vt,
888 5144 986 5210 16;
1008 5155 1063 5199 et
1091 5143 1110 5198 ι
1143 5144 1272 5199 Cor.
1307 5159 1391 5209 nt,
1423 5144 1508 5197 16.

421 5221 465 5253 ³³
498 5219 686 5274 Matth.
719 5233 817 5284 vti,
849 5215 903 5270 6.

495 5312 605 5388 (80)
637 5311 840 5367 Omnes
886 5325 1046 5375 mss.,
1089 5327 1107 5360 ι
1133 5310 1348 5363 horum.
1380 5326 1398 5359 ι
1448 5305 1604 5360 Libb.
1655 5304 1806 5371 editi,
1843 5322 1861 5355 ι
1893 5305 1992 5358 ιιιί-

423 5400 775 5534 ῃοῐὲδλῖοιι,
809 5471 826 5502 ι
850 5457 1126 5515 ornatum,
1149 5467 1168 5501 ι
1214 5449 1367 5504 deest
1405 5448 1456 5500 in
1492 5453 1647 5499 antea
1679 5444 1864 5509 editis,
1898 5444 1992 5498 sed

424 5535 696 5592 reperitur
724 5539 776 5575 ιιι
814 5537 945 5574 mss.

496 5583 608 5667 (⁸2)
645 5592 798 5667 Μέθη
831 5611 846 5641 ι
877 5607 1190 5667 occurrere.
1225 5611 1242 5642 ι
1283 5588 1440 5667 Lihb.
1465 5583 1682 5667 editi”.
1703 5599 1944 5667 currere.
1971 5603 1988 5634 ι

497 5654 608 5735 (85)
647 5654 795 5730 Ἁιδδά
831 5681 849 5714 ι
891 5662 1316 5731 ΐυιιιυιηιιιὶὶιιιε.)
1367 5659 1518 5711 Libb.
1557 5654 1707 5717 editi,
1757 5673 1774 5703 ί
1825 5656 1994 5708 femo—

1583 5142 1824 5199 “Levit.
1857 5160 1974 5211 vni,
2013 5145 2101 5200 15.

2091 3140 2110 3173 ι
2159 3119 2335 3172 Nolite
2365 3117 2581 3170 mittere
2612 3123 2860 3166 sanctum
2895 3105 3143 3166 canibus,
3177 3115 3350 3168 neque
3384 3095 3653 3165 margari-

2083 3220 2166 3265 tas
2205 3218 2414 3264 vestras
2462 3215 2587 3259 ante
2635 3214 2853 3272 porcos,
2900 3213 2967 3252 ne
3014 3197 3152 3250 forte
3197 3190 3520 3248 conculcent
3563 3201 3656 3238 eas

2086 3321 2334 3392 pedibus,
2368 3327 2422 3372 et
2474 3315 2719 3370 conversi
2787 3311 3100 3378 dirumpant
3135 3319 3253 3358 vos.
3293 3321 3312 3354 ι
3360 3299 3656 3367 Propterea

2086 3389 2215 3482 ergo
2249 3410 2293 3465 si
2323 3409 2445 3478 quis
2475 3406 2591 3460 vult
2633 3401 2874 3473 pontifex
2917 3415 3023 3454 non
3057 3407 3164 3450 tam
3199 3389 3470 3446 vocabulo
3515 3401 3656 3450 esse,

2085 3481 2248 3575 quam
2311 3499 2528 3559 merito,
2585 3496 2828 3550 imitetur
2874 3490 3116 3561 Moysen,
3170 3483 3410 3538 imitetur
3457 3481 3658 3532 Aaron.

2088 3596 2228 3664 Quid
2257 3594 2402 3647 enim
2435 3590 2639 3645 dicitur
2691 3586 2758 3640 de
2808 3583 2923 3638 eis?
2949 3579 3074 3650 quia
3109 3592 3214 3632 non
3264 3573 3547 3628 discedunt
3594 3569 3660 3620 de

2093 3662 2446 3738 tabernaculo
2475 3677 2710 3733 Domini.
2736 3674 2865 3727 Erat
2890 3685 3019 3737 ergo
3053 3667 3263 3736 Moyses
3289 3662 3661 3716 indesinenter

2090 3775 2142 3826 iu
2171 3770 2528 3827 tabernaculo
2563 3765 2796 3821 Domini.
2821 3761 2976 3828 Quod
3001 3767 3178 3812 autem
3206 3768 3340 3822 opus
3373 3750 3487 3818 ejus
3516 3746 3661 3802 erat?

2088 3875 2146 3920 ut
2176 3873 2267 3918 aut
2289 3879 2319 3917 a
2348 3862 2456 3916 Deo
2479 3858 2681 3927 aliquid
2715 3856 2972 3918 disceret,
3012 3859 3107 3904 aut
3134 3849 3248 3917 ipse
3274 3843 3531 3915 pepulum
3563 3840 3661 3894 do—

2088 3963 2252 4009 ceret.
2290 3952 2412 4005 l-lacc
2439 3950 2546 4003 duo
2587 3956 2715 4001 sunt
2745 3942 3014 4013 pontificis
3052 3953 3236 4008 Opera,
3276 3942 3452 3989 utaut
3483 3947 3511 3984 a
3555 3932 3662 3984 Deo

2088 4046 2260 4100 discat
2299 4041 2525 4111 legendo
2569 4038 2880 4105 Scripturas
2915 4031 3153 4091 divinas,
3184 4037 3238 4082 et
3268 4025 3462 4093 sa-pins
3494 4019 3664 4074 medi-

2089 4134 2276 4194 tando,
2308 4141 2400 4185 aut
2430 4129 2682 4200 populum
2725 4129 2934 4180 doceat.
2992 4119 3097 4176 Sed
3141 4120 3228 4172 illa
3282 4118 3494 4177 doceat,
3543 4126 3662 4181 ιιιιεε

2089 4227 2204 4294 ipse
2227 4242 2255 4278 a
2296 4225 2406 4278 Deo
2437 4221 2712 4282 didicerit,
2741 4231 2845 4270 non
2892 4230 2953 4268 ex
2989 4212 3206 4282 proprio
3243 4209 3429 4271 corde,
3464 4204 3545 4258 vel
3594 4217 3656 4256 ex

2088 4317 2324 4370 humano
2349 4330 2533 4377 sensu,
2568 4310 2660 4367 sed
2690 4323 2807 4378 qua:
2835 4307 3068 4374 Spiritus
3097 4312 3322 4357 sanctus
3353 4299 3530 4352 docet.
3571 4295 3664 4349 Est

2093 4421 2144 4464 et
2174 4407 2303 4463 illud
2342 4421 2480 4474 opus
2505 4403 2647 4473 quod
2682 4403 2813 4455 facit
2863 4399 3112 4466 Moyses:
3149 4397 3214 4447 ad
3249 4392 3385 4446 bella
3432 4405 3535 4443 non
3570 4404 3660 4440 va-

2094 4501 2197 4560 dit,
2232 4514 2336 4553 non
2371 4504 2576 4566 pugnat
2621 4502 2810 4548 contra
2857 4490 3128 4544 inimicos.
3185 4484 3291 4539 Sed
3325 4483 3453 4554 quid
3500 4482 3665 4536 facit?

2095 4591 2263 4645 Orat:
2300 4599 2354 4644 et
2380 4589 2552 4642 donec
2586 4586 2672 4638 ille
2705 4593 2842 4647 orat,
2879 4581 3044 4634 vincit
3075 4578 3299 4648 populus
3320 4577 3451 4642 ejus.
3487 4574 3542 4627 Si
3581 4588 3665 4626 re-

2095 4681 2364 4735 lavaverit
2390 4690 2438 4733 ct
2466 4677 2738 4732 dimiserit
2770 4689 2987 4740 manus,
3026 4671 3255 4740 pepultts
3283 4668 3397 4737 ejus
3429 4665 3664 4718 vincitur

2096 4785 2150 4827 et
2177 4773 2414 4841 fugatur.
2454 4769 2586 4824 Oret
2613 4783 2742 4836 ergo
2775 4777 2828 4820 et
2875 4763 3130 4819 sacerdos
3173 4760 3424 4814 Ecclesia:
3467 4756 3667 4809 indesi-

2097 4876 2309 4932 nenter,
2338 4877 2395 4919 tit
2423 4867 2600 4917 vincat
2636 4862 2862 4931 populus
2889 4859 2978 4927 qui
3015 4859 3115 4911 sub
3151 4857 3263 4922 ipso
3286 4863 3339 4906 et
3369 4853 3549 4905 hostes
3585 4849 3667 4902 in-

2101 4961 2340 5014 visibiles
2371 4956 2719 5015 Amalecitas,
2755 4952 2843 5018 qui
2872 4959 2998 5003 sunt
3019 4950 3310 5008 dannoues,
3343 4945 3664 5011 impugnan-

2099 5064 2180 5108 tes
2205 5069 2298 5107 eos
2327 5052 2415 5120 qui
2454 5050 2640 5100 volunt
2669 5046 2753 5114 pie
2778 5044 2958 5096 vivere
2981 5041 3032 5094 in
3057 5039 3291 5093 Christo.
3331 5037 3393 5089 Et
3422 5037 3540 5089 ideo
3569 5049 3665 5088 nos

2209 5147 2253 5178 ”
2285 5145 2404 5200 Gal.
2430 5161 2502 5208 tv,
2536 5144 2622 5198 19.
2696 5139 2785 5193 ⁸⁸1
2820 5136 2944 5191 Cor.
2983 5149 3054 5199 tv,
3090 5131 3174 5185 15.
3251 5129 3293 5159 ’⁷
3323 5132 3441 5182 Act.
3468 5141 3578 5192 va,
3610 5130 3667 5183 6.

2095 5305 2266 5358 ribus.
2302 5324 2320 5357 ρ

2166 5375 2278 5442 (84)
2312 5376 2366 5427 in
2395 5390 2527 5429 mss.
2553 5369 2888 5442 Getnetic.et
2916 5365 3166 5442 Beccensi
3196 5365 3413 5433 legitur,
3447 5383 3463 5414 ι
3492 5364 3667 5442 potui~

2095 5436 2235 5498 nuis.
2269 5465 2284 5497 ι
2318 5445 2380 5498 Et
2411 5445 2574 5508 infra,
2619 5460 2637 5494 ι
2685 5440 3020 5496 continuisse
3069 5437 3208 5492 ﬁlios
3235 5436 3665 5505 generare,un

2093 5516 2462 5577 scilieetpcte.

2167 5585 2279 5707 (135)
2311 5574 2512 5638 Omnes
2569 5599 2720 5648 mss.,
2749 5601 2764 5633 ι
2805 5578 3109 5638 simulatos.
3159 5596 3175 5629 ι
3204 5576 3323 5632 Lib.
3354 5575 3508 5639 editi,
3536 5591 3555 5628 ι
3587 5574 3664 5632 si-

2171 5667 2411 5707 liiiUl'CSo
2465 5673 2482 5706 ³

2098 5667 2411 5710 tnulatot'cs.
2465 5673 2482 5706 ι
