  <div class='ocr_page' id='page_1' title='image "/cluster/home/n/w/nwhite01/storage/ocr_20150623/12/hvd.32044052796216/243.png"; bbox 0 0 4106 6246; ppageno 0'>
   <div class='ocr_carea' id='block_1_1' title="bbox 434 352 537 411">
    <p class='ocr_par' dir='ltr' id='par_1_1' title="bbox 434 352 537 411">
     <span class='ocr_line' id='line_1_1' title="bbox 434 352 537 411; baseline -0.019 -1"><span class='ocrx_word' id='word_1_1' title='bbox 434 352 537 411; x_wconf 75' lang='lat' dir='ltr'><strong>US</strong></span> 
     </span>
    </p>
   </div>
   <div class='ocr_carea' id='block_1_2' title="bbox 439 440 2028 524">
    <p class='ocr_par' dir='ltr' id='par_1_2' title="bbox 439 440 2028 524">
     <span class='ocr_line' id='line_1_2' title="bbox 439 440 2028 524; baseline -0.023 -1"><span class='ocrx_word' id='word_1_2' title='bbox 439 469 765 523; x_wconf 73' lang='lat' dir='ltr'><strong>meditantes</strong></span> <span class='ocrx_word' id='word_1_3' title='bbox 815 465 866 517; x_wconf 94' lang='lat' dir='ltr'><strong>in</strong></span> <span class='ocrx_word' id='word_1_4' title='bbox 914 461 1020 524; x_wconf 89' lang='lat' dir='ltr'><strong>bis,</strong></span> <span class='ocrx_word' id='word_1_5' title='bbox 1062 466 1117 512; x_wconf 89' lang='lat' dir='ltr'><strong>et</strong></span> <span class='ocrx_word' id='word_1_6' title='bbox 1166 456 1281 509; x_wconf 81' lang='lat' dir='ltr'><strong>haec</strong></span> <span class='ocrx_word' id='word_1_7' title='bbox 1321 451 1412 505; x_wconf 90' lang='lat' dir='ltr'><strong>die</strong></span> <span class='ocrx_word' id='word_1_8' title='bbox 1442 463 1505 503; x_wconf 83' lang='lat' dir='ltr'><strong>ac</strong></span> <span class='ocrx_word' id='word_1_9' title='bbox 1535 452 1696 501; x_wconf 88' lang='lat' dir='ltr'><strong>nocte</strong></span> <span class='ocrx_word' id='word_1_10' title='bbox 1723 440 1787 495; x_wconf 90' lang='lat' dir='ltr'><strong>ad</strong></span> <span class='ocrx_word' id='word_1_11' title='bbox 1823 450 2028 493; x_wconf 90' lang='lat' dir='ltr'><strong>memo-</strong></span> 
     </span>
    </p>
   </div>
   <div class='ocr_carea' id='block_1_3' title="bbox 439 530 2025 615">
    <p class='ocr_par' dir='ltr' id='par_1_3' title="bbox 439 530 2025 615">
     <span class='ocr_line' id='line_1_3' title="bbox 439 530 2025 615; baseline -0.023 0"><span class='ocrx_word' id='word_1_12' title='bbox 439 562 575 615; x_wconf 83' lang='lat' dir='ltr'><strong>tism</strong></span> <span class='ocrx_word' id='word_1_13' title='bbox 611 561 954 615; x_wconf 76' lang='lat' dir='ltr'><strong>revocantes,</strong></span> <span class='ocrx_word' id='word_1_14' title='bbox 977 558 1032 602; x_wconf 92' lang='lat' dir='ltr'><strong>et</strong></span> <span class='ocrx_word' id='word_1_15' title='bbox 1054 544 1292 601; x_wconf 83' lang='lat' dir='ltr'><strong>orationi</strong></span> <span class='ocrx_word' id='word_1_16' title='bbox 1326 543 1598 596; x_wconf 89' lang='lat' dir='ltr'><strong>instantes</strong></span> <span class='ocrx_word' id='word_1_17' title='bbox 1638 550 1701 588; x_wconf 89' lang='lat' dir='ltr'><strong>ac</strong></span> <span class='ocrx_word' id='word_1_18' title='bbox 1736 530 2025 601; x_wconf 76' lang='lat' dir='ltr'><strong>vigilantes</strong></span> 
     </span>
    </p>
   </div>
   <div class='ocr_carea' id='block_1_4' title="bbox 438 622 2025 713">
    <p class='ocr_par' dir='ltr' id='par_1_4' title="bbox 438 622 2025 713">
     <span class='ocr_line' id='line_1_4' title="bbox 438 622 2025 713; baseline -0.021 -9"><span class='ocrx_word' id='word_1_19' title='bbox 438 650 494 706; x_wconf 86' lang='lat' dir='ltr'><strong>in</strong></span> <span class='ocrx_word' id='word_1_20' title='bbox 529 662 614 711; x_wconf 67' lang='lat' dir='ltr'><strong>ea,</strong></span> <span class='ocrx_word' id='word_1_21' title='bbox 644 645 996 713; x_wconf 85' lang='lat' dir='ltr'><strong>deprecemur</strong></span> <span class='ocrx_word' id='word_1_22' title='bbox 1040 635 1331 690; x_wconf 92' lang='lat' dir='ltr'><strong>Dominum</strong></span> <span class='ocrx_word' id='word_1_23' title='bbox 1364 638 1424 685; x_wconf 92' lang='lat' dir='ltr'><strong>ut</strong></span> <span class='ocrx_word' id='word_1_24' title='bbox 1472 627 1630 683; x_wconf 90' lang='lat' dir='ltr'><strong>nobis</strong></span> <span class='ocrx_word' id='word_1_25' title='bbox 1682 624 1797 693; x_wconf 90' lang='lat' dir='ltr'><strong>ipse</strong></span> <span class='ocrx_word' id='word_1_26' title='bbox 1832 622 2025 674; x_wconf 87' lang='lat' dir='ltr'><strong>borum</strong></span> 
     </span>
    </p>
   </div>
   <div class='ocr_carea' id='block_1_5' title="bbox 439 721 2024 807">
    <p class='ocr_par' dir='ltr' id='par_1_5' title="bbox 439 721 2024 807">
     <span class='ocr_line' id='line_1_5' title="bbox 439 721 2024 807; baseline -0.017 -17"><span class='ocrx_word' id='word_1_27' title='bbox 439 752 562 807; x_wconf 63' lang='lat' dir='ltr'><strong>quae</strong></span> <span class='ocrx_word' id='word_1_28' title='bbox 597 735 828 804; x_wconf 90' lang='lat' dir='ltr'><strong>legimus</strong></span> <span class='ocrx_word' id='word_1_29' title='bbox 857 727 1144 786; x_wconf 79' lang='lat' dir='ltr'><strong>scientiam</strong></span> <span class='ocrx_word' id='word_1_30' title='bbox 1171 724 1415 781; x_wconf 77' lang='lat' dir='ltr'><strong>revelare</strong></span> <span class='ocrx_word' id='word_1_31' title='bbox 1445 721 1719 790; x_wconf 86' lang='lat' dir='ltr'><strong>dignetur,</strong></span> <span class='ocrx_word' id='word_1_32' title='bbox 1750 724 1804 768; x_wconf 92' lang='lat' dir='ltr'><strong>et</strong></span> <span class='ocrx_word' id='word_1_33' title='bbox 1835 721 2024 767; x_wconf 84' lang='lat' dir='ltr'><strong>osten-</strong></span> 
     </span>
    </p>
   </div>
   <div class='ocr_carea' id='block_1_6' title="bbox 440 804 2030 895">
    <p class='ocr_par' dir='ltr' id='par_1_6' title="bbox 440 804 2030 895">
     <span class='ocr_line' id='line_1_6' title="bbox 440 804 2030 895; baseline -0.017 -13"><span class='ocrx_word' id='word_1_34' title='bbox 440 804 572 883; x_wconf 77' lang='lat' dir='ltr'><strong>dere</strong></span> <span class='ocrx_word' id='word_1_35' title='bbox 608 826 883 895; x_wconf 89' lang='lat' dir='ltr'><strong>quomodo</strong></span> <span class='ocrx_word' id='word_1_36' title='bbox 926 818 1233 891; x_wconf 85' lang='lat' dir='ltr'><strong>spiritalem</strong></span> <span class='ocrx_word' id='word_1_37' title='bbox 1265 815 1440 884; x_wconf 89' lang='lat' dir='ltr'><strong>legem</strong></span> <span class='ocrx_word' id='word_1_38' title='bbox 1483 826 1591 865; x_wconf 90' lang='lat' dir='ltr'><strong>non</strong></span> <span class='ocrx_word' id='word_1_39' title='bbox 1628 807 1807 863; x_wconf 90' lang='lat' dir='ltr'><strong>solum</strong></span> <span class='ocrx_word' id='word_1_40' title='bbox 1844 805 1898 859; x_wconf 91' lang='lat' dir='ltr'><strong>in</strong></span> <span class='ocrx_word' id='word_1_41' title='bbox 1947 804 2030 857; x_wconf 88' lang='lat' dir='ltr'><strong>in-</strong></span> 
     </span>
    </p>
   </div>
   <div class='ocr_carea' id='block_1_7' title="bbox 439 897 2030 989">
    <p class='ocr_par' dir='ltr' id='par_1_7' title="bbox 439 897 2030 989">
     <span class='ocr_line' id='line_1_7' title="bbox 439 897 2030 989; baseline -0.016 -17"><span class='ocrx_word' id='word_1_42' title='bbox 439 916 764 989; x_wconf 69' lang='lat' dir='ltr'><strong>telligentia,</strong></span> <span class='ocrx_word' id='word_1_43' title='bbox 791 916 885 969; x_wconf 88' lang='lat' dir='ltr'><strong>sed</strong></span> <span class='ocrx_word' id='word_1_44' title='bbox 913 922 968 967; x_wconf 89' lang='lat' dir='ltr'><strong>et</strong></span> <span class='ocrx_word' id='word_1_45' title='bbox 994 912 1046 965; x_wconf 92' lang='lat' dir='ltr'><strong>in</strong></span> <span class='ocrx_word' id='word_1_46' title='bbox 1071 910 1285 965; x_wconf 87' lang='lat' dir='ltr'><strong>actibus</strong></span> <span class='ocrx_word' id='word_1_47' title='bbox 1315 906 1689 964; x_wconf 88' lang='lat' dir='ltr'><strong>observenms,</strong></span> <span class='ocrx_word' id='word_1_48' title='bbox 1721 907 1782 953; x_wconf 93' lang='lat' dir='ltr'><strong>ut</strong></span> <span class='ocrx_word' id='word_1_49' title='bbox 1812 897 2030 967; x_wconf 87' lang='lat' dir='ltr'><strong>spirita-</strong></span> 
     </span>
    </p>
   </div>
   <div class='ocr_carea' id='block_1_8' title="bbox 442 989 2028 1077">
    <p class='ocr_par' dir='ltr' id='par_1_8' title="bbox 442 989 2028 1077">
     <span class='ocr_line' id='line_1_8' title="bbox 442 989 2028 1077; baseline -0.014 -15"><span class='ocrx_word' id='word_1_50' title='bbox 442 1012 542 1064; x_wconf 85' lang='lat' dir='ltr'><strong>lem</strong></span> <span class='ocrx_word' id='word_1_51' title='bbox 558 1010 789 1077; x_wconf 76' lang='lat' dir='ltr'><strong>gratiam</strong></span> <span class='ocrx_word' id='word_1_52' title='bbox 809 1007 1067 1071; x_wconf 84' lang='lat' dir='ltr'><strong>consequi</strong></span> <span class='ocrx_word' id='word_1_53' title='bbox 1092 1014 1404 1055; x_wconf 87' lang='lat' dir='ltr'><strong>mereamur</strong></span> <span class='ocrx_word' id='word_1_54' title='bbox 1431 992 1717 1052; x_wconf 88' lang='lat' dir='ltr'><strong>illuminati</strong></span> <span class='ocrx_word' id='word_1_55' title='bbox 1738 1007 1832 1062; x_wconf 90' lang='lat' dir='ltr'><strong>per</strong></span> <span class='ocrx_word' id='word_1_56' title='bbox 1854 989 2028 1058; x_wconf 82' lang='lat' dir='ltr'><strong>legem</strong></span> 
     </span>
    </p>
   </div>
   <div class='ocr_carea' id='block_1_9' title="bbox 441 1080 2029 1170">
    <p class='ocr_par' dir='ltr' id='par_1_9' title="bbox 441 1080 2029 1170">
     <span class='ocr_line' id='line_1_9' title="bbox 441 1080 2029 1170; baseline -0.012 -18"><span class='ocrx_word' id='word_1_57' title='bbox 441 1102 677 1170; x_wconf 76' lang='lat' dir='ltr'><strong>Spiritus</strong></span> <span class='ocrx_word' id='word_1_58' title='bbox 708 1097 909 1162; x_wconf 88' lang='lat' dir='ltr'><strong>sancti,</strong></span> <span class='ocrx_word' id='word_1_59' title='bbox 942 1096 995 1149; x_wconf 92' lang='lat' dir='ltr'><strong>iu</strong></span> <span class='ocrx_word' id='word_1_60' title='bbox 1025 1089 1391 1149; x_wconf 88' lang='lat' dir='ltr'><strong>CbristoJesu</strong></span> <span class='ocrx_word' id='word_1_61' title='bbox 1419 1089 1651 1144; x_wconf 89' lang='lat' dir='ltr'><strong>Domino</strong></span> <span class='ocrx_word' id='word_1_62' title='bbox 1677 1093 1883 1145; x_wconf 89' lang='lat' dir='ltr'><strong>nostro,</strong></span> <span class='ocrx_word' id='word_1_63' title='bbox 1939 1080 2029 1134; x_wconf 91' lang='lat' dir='ltr'><strong>cui</strong></span> 
     </span>
    </p>
   </div>
   <div class='ocr_carea' id='block_1_10' title="bbox 439 1173 2029 1258">
    <p class='ocr_par' dir='ltr' id='par_1_10' title="bbox 439 1173 2029 1258">
     <span class='ocr_line' id='line_1_10' title="bbox 439 1173 2029 1258; baseline -0.014 -14"><span class='ocrx_word' id='word_1_64' title='bbox 439 1198 523 1245; x_wconf 84' lang='lat' dir='ltr'><strong>cst</strong></span> <span class='ocrx_word' id='word_1_65' title='bbox 544 1187 712 1258; x_wconf 81' lang='lat' dir='ltr'><strong>gloria</strong></span> <span class='ocrx_word' id='word_1_66' title='bbox 734 1197 787 1241; x_wconf 77' lang='lat' dir='ltr'><strong>et</strong></span> <span class='ocrx_word' id='word_1_67' title='bbox 818 1184 1104 1254; x_wconf 81' lang='lat' dir='ltr'><strong>imperium</strong></span> <span class='ocrx_word' id='word_1_68' title='bbox 1148 1182 1201 1235; x_wconf 91' lang='lat' dir='ltr'><strong>in</strong></span> <span class='ocrx_word' id='word_1_69' title='bbox 1236 1179 1436 1237; x_wconf 75' lang='lat' dir='ltr'><strong>saecula</strong></span> <span class='ocrx_word' id='word_1_70' title='bbox 1459 1176 1803 1233; x_wconf 69' lang='lat' dir='ltr'><strong>saeculorum.</strong></span> <span class='ocrx_word' id='word_1_71' title='bbox 1838 1173 2029 1225; x_wconf 82' lang='lat' dir='ltr'><strong>Amen.</strong></span> 
     </span>
    </p>
   </div>
   <div class='ocr_carea' id='block_1_11' title="bbox 1010 1295 1463 1356">
    <p class='ocr_par' dir='ltr' id='par_1_11' title="bbox 1010 1295 1463 1356">
     <span class='ocr_line' id='line_1_11' title="bbox 1010 1295 1463 1356; baseline -0.013 0"><span class='ocrx_word' id='word_1_72' title='bbox 1010 1297 1299 1356; x_wconf 79' lang='lat' dir='ltr'><strong>HOMILIA</strong></span> <span class='ocrx_word' id='word_1_73' title='bbox 1354 1295 1463 1350; x_wconf 79' lang='lat' dir='ltr'><strong>VII.</strong></span> 
     </span>
    </p>
   </div>
   <div class='ocr_carea' id='block_1_12' title="bbox 444 1379 2031 1467">
    <p class='ocr_par' dir='ltr' id='par_1_12' title="bbox 444 1379 2031 1467">
     <span class='ocr_line' id='line_1_12' title="bbox 444 1379 2031 1467; baseline -0.013 -14"><span class='ocrx_word' id='word_1_74' title='bbox 444 1399 523 1453; x_wconf 83' lang='lat' dir='ltr'><strong>De</strong></span> <span class='ocrx_word' id='word_1_75' title='bbox 552 1414 610 1451; x_wconf 81' lang='lat' dir='ltr'><strong>eo</strong></span> <span class='ocrx_word' id='word_1_76' title='bbox 647 1397 785 1467; x_wconf 86' lang='lat' dir='ltr'><strong>quod</strong></span> <span class='ocrx_word' id='word_1_77' title='bbox 814 1395 1121 1448; x_wconf 84' lang='lat' dir='ltr'><strong>mandatum</strong></span> <span class='ocrx_word' id='word_1_78' title='bbox 1150 1402 1221 1467; x_wconf 73' lang='lat' dir='ltr'><strong>est</strong></span> <span class='ocrx_word' id='word_1_79' title='bbox 1258 1391 1437 1442; x_wconf 81' lang='lat' dir='ltr'><strong>Aaron</strong></span> <span class='ocrx_word' id='word_1_80' title='bbox 1467 1396 1512 1440; x_wconf 83' lang='lat' dir='ltr'><strong>et</strong></span> <span class='ocrx_word' id='word_1_81' title='bbox 1543 1385 1671 1466; x_wconf 63' lang='lat' dir='ltr'><strong>[iliis</strong></span> <span class='ocrx_word' id='word_1_82' title='bbox 1701 1384 1835 1467; x_wconf 49' lang='lat' dir='ltr'><strong>eius,</strong></span> <span class='ocrx_word' id='word_1_83' title='bbox 1872 1390 1927 1433; x_wconf 79' lang='lat' dir='ltr'><strong>ut</strong></span> <span class='ocrx_word' id='word_1_84' title='bbox 1954 1379 2031 1433; x_wconf 72' lang='grc' dir='ltr'><strong>ι’ἱ-</strong></span> 
     </span>
    </p>
   </div>
   <div class='ocr_carea' id='block_1_13' title="bbox 517 1456 2037 1523">
    <p class='ocr_par' dir='ltr' id='par_1_13' title="bbox 517 1456 2037 1523">
     <span class='ocr_line' id='line_1_13' title="bbox 517 1456 2037 1523; baseline -0.011 -3"><span class='ocrx_word' id='word_1_85' title='bbox 517 1456 716 1520; x_wconf 76' lang='grc' dir='ltr'>ιιιιιηέε</span> <span class='ocrx_word' id='word_1_86' title='bbox 743 1469 963 1519; x_wconf 84' lang='lat' dir='ltr'><strong>siceram</strong></span> <span class='ocrx_word' id='word_1_87' title='bbox 996 1481 1101 1516; x_wconf 80' lang='lat' dir='ltr'><strong>non</strong></span> <span class='ocrx_word' id='word_1_88' title='bbox 1143 1462 1347 1523; x_wconf 77' lang='lat' dir='ltr'><strong>bibant,</strong></span> <span class='ocrx_word' id='word_1_89' title='bbox 1383 1473 1499 1511; x_wconf 85' lang='lat' dir='ltr'><strong>cum</strong></span> <span class='ocrx_word' id='word_1_90' title='bbox 1549 1456 1920 1523; x_wconf 77' lang='lat' dir='ltr'><strong>ingrediuntur</strong></span> <span class='ocrx_word' id='word_1_91' title='bbox 1957 1461 2037 1503; x_wconf 81' lang='lat' dir='ltr'><strong>ta-</strong></span> 
     </span>
    </p>
   </div>
   <div class='ocr_carea' id='block_1_14' title="bbox 519 1520 2034 1592">
    <p class='ocr_par' dir='ltr' id='par_1_14' title="bbox 519 1520 2034 1592">
     <span class='ocr_line' id='line_1_14' title="bbox 519 1520 2034 1592; baseline -0.015 0"><span class='ocrx_word' id='word_1_92' title='bbox 519 1538 862 1592; x_wconf 81' lang='lat' dir='ltr'><strong>bernaculum</strong></span> <span class='ocrx_word' id='word_1_93' title='bbox 888 1532 1193 1592; x_wconf 72' lang='lat' dir='ltr'><strong>testimonii,</strong></span> <span class='ocrx_word' id='word_1_94' title='bbox 1223 1530 1299 1583; x_wconf 75' lang='lat' dir='ltr'><strong>vel</strong></span> <span class='ocrx_word' id='word_1_95' title='bbox 1326 1520 1442 1582; x_wconf 78' lang='lat' dir='ltr'><strong>cum</strong></span> <span class='ocrx_word' id='word_1_96' title='bbox 1466 1520 1718 1579; x_wconf 79' lang='lat' dir='ltr'><strong>accedunt</strong></span> <span class='ocrx_word' id='word_1_97' title='bbox 1749 1526 1815 1575; x_wconf 83' lang='lat' dir='ltr'><strong>ad</strong></span> <span class='ocrx_word' id='word_1_98' title='bbox 1842 1520 2034 1583; x_wconf 80' lang='lat' dir='ltr'><strong>altare,</strong></span> 
     </span>
    </p>
   </div>
   <div class='ocr_carea' id='block_1_15' title="bbox 517 1593 2037 1673">
    <p class='ocr_par' dir='ltr' id='par_1_15' title="bbox 517 1593 2037 1673">
     <span class='ocr_line' id='line_1_15' title="bbox 517 1593 2037 1673; baseline -0.014 -12"><span class='ocrx_word' id='word_1_99' title='bbox 517 1620 563 1662; x_wconf 85' lang='lat' dir='ltr'><strong>et</strong></span> <span class='ocrx_word' id='word_1_100' title='bbox 600 1608 663 1659; x_wconf 81' lang='lat' dir='ltr'><strong>de</strong></span> <span class='ocrx_word' id='word_1_101' title='bbox 712 1606 1015 1673; x_wconf 83' lang='lat' dir='ltr'><strong>pectusculo</strong></span> <span class='ocrx_word' id='word_1_102' title='bbox 1043 1601 1411 1673; x_wconf 81' lang='lat' dir='ltr'><strong>appositionis,</strong></span> <span class='ocrx_word' id='word_1_103' title='bbox 1450 1599 1607 1673; x_wconf 76' lang='lat' dir='ltr'><strong>et__rle</strong></span> <span class='ocrx_word' id='word_1_104' title='bbox 1645 1593 1857 1673; x_wconf 36' lang='lat' dir='ltr'><strong>b&#39;racltino</strong></span> <span class='ocrx_word' id='word_1_105' title='bbox 1886 1607 2037 1673; x_wconf 46' lang='lat' dir='ltr'><strong>septi-</strong></span> 
     </span>
    </p>
   </div>
   <div class='ocr_carea' id='block_1_16' title="bbox 521 1659 2035 1736">
    <p class='ocr_par' dir='ltr' id='par_1_16' title="bbox 521 1659 2035 1736">
     <span class='ocr_line' id='line_1_16' title="bbox 521 1659 2035 1736; baseline -0.012 -7"><span class='ocrx_word' id='word_1_106' title='bbox 521 1659 765 1736; x_wconf 56' lang='lat' dir='ltr'><strong>i&#39;ntioni&#39;s,</strong></span> <span class='ocrx_word' id='word_1_107' title='bbox 799 1676 933 1728; x_wconf 82' lang='lat' dir='ltr'><strong>etde</strong></span> <span class='ocrx_word' id='word_1_108' title='bbox 960 1659 1171 1725; x_wconf 71' lang='lat' dir='ltr'><strong>mundis</strong></span> <span class='ocrx_word' id='word_1_109' title='bbox 1203 1680 1248 1724; x_wconf 86' lang='lat' dir='ltr'><strong>et</strong></span> <span class='ocrx_word' id='word_1_110' title='bbox 1278 1659 1562 1722; x_wconf 81' lang='lat' dir='ltr'><strong>immundis</strong></span> <span class='ocrx_word' id='word_1_111' title='bbox 1594 1659 2035 1723; x_wconf 80' lang='lat' dir='ltr'><strong>animalibus,vel</strong></span> 
     </span>
    </p>
   </div>
   <div class='ocr_carea' id='block_1_17' title="bbox 523 1748 741 1802">
    <p class='ocr_par' dir='ltr' id='par_1_17' title="bbox 523 1748 741 1802">
     <span class='ocr_line' id='line_1_17' title="bbox 523 1748 741 1802; baseline -0.023 -1"><span class='ocrx_word' id='word_1_112' title='bbox 523 1748 649 1802; x_wconf 71' lang='lat' dir='ltr'><strong>cibis</strong></span> <span class='ocrx_word' id='word_1_113' title='bbox 678 1748 741 1796; x_wconf 68' lang='grc' dir='ltr'><strong>³ο.</strong></span> 
     </span>
    </p>
   </div>
   <div class='ocr_carea' id='block_1_18' title="bbox 523 1822 2028 1905">
    <p class='ocr_par' dir='ltr' id='par_1_18' title="bbox 523 1822 2028 1905">
     <span class='ocr_line' id='line_1_18' title="bbox 523 1822 2028 1905; baseline -0.012 -13"><span class='ocrx_word' id='word_1_114' title='bbox 523 1836 686 1891; x_wconf 87' lang='lat' dir='ltr'><strong>Plura</strong></span> <span class='ocrx_word' id='word_1_115' title='bbox 717 1834 935 1905; x_wconf 78' lang='lat' dir='ltr'><strong>quidem</strong></span> <span class='ocrx_word' id='word_1_116' title='bbox 967 1830 1237 1900; x_wconf 83' lang='lat' dir='ltr'><strong>superiori</strong></span> <span class='ocrx_word' id='word_1_117' title='bbox 1266 1829 1498 1884; x_wconf 83' lang='lat' dir='ltr'><strong>lectione</strong></span> <span class='ocrx_word' id='word_1_118' title='bbox 1528 1827 1745 1879; x_wconf 84' lang='lat' dir='ltr'><strong>luerunt</strong></span> <span class='ocrx_word' id='word_1_119' title='bbox 1785 1822 2028 1886; x_wconf 88' lang='lat' dir='ltr'><strong>recitata,</strong></span> 
     </span>
    </p>
   </div>
   <div class='ocr_carea' id='block_1_19' title="bbox 446 1916 2032 1999">
    <p class='ocr_par' dir='ltr' id='par_1_19' title="bbox 446 1916 2032 1999">
     <span class='ocr_line' id='line_1_19' title="bbox 446 1916 2032 1999; baseline -0.013 -14"><span class='ocrx_word' id='word_1_120' title='bbox 446 1943 515 1985; x_wconf 73' lang='lat' dir='ltr'><strong>ev</strong></span> <span class='ocrx_word' id='word_1_121' title='bbox 547 1928 745 1999; x_wconf 86' lang='lat' dir='ltr'><strong>quibus</strong></span> <span class='ocrx_word' id='word_1_122' title='bbox 802 1924 1067 1994; x_wconf 88' lang='lat' dir='ltr'><strong>temporis</strong></span> <span class='ocrx_word' id='word_1_123' title='bbox 1109 1923 1377 1978; x_wconf 81' lang='lat' dir='ltr'><strong>brevitate</strong></span> <span class='ocrx_word' id='word_1_124' title='bbox 1420 1919 1702 1974; x_wconf 84' lang='lat' dir='ltr'><strong>constricti</strong></span> <span class='ocrx_word' id='word_1_125' title='bbox 1734 1931 1901 1986; x_wconf 89' lang='lat' dir='ltr'><strong>pauca</strong></span> <span class='ocrx_word' id='word_1_126' title='bbox 1936 1916 2032 1966; x_wconf 84' lang='lat' dir='ltr'><strong>ad-</strong></span> 
     </span>
    </p>
   </div>
   <div class='ocr_carea' id='block_1_20' title="bbox 452 2006 2037 2080">
    <p class='ocr_par' dir='ltr' id='par_1_20' title="bbox 452 2006 2037 2080">
     <span class='ocr_line' id='line_1_20' title="bbox 452 2006 2037 2080; baseline -0.011 -3"><span class='ocrx_word' id='word_1_127' title='bbox 452 2023 674 2077; x_wconf 85' lang='lat' dir='ltr'><strong>modum</strong></span> <span class='ocrx_word' id='word_1_128' title='bbox 709 2021 973 2076; x_wconf 84' lang='lat' dir='ltr'><strong>diximus.</strong></span> <span class='ocrx_word' id='word_1_129' title='bbox 1016 2015 1133 2071; x_wconf 89' lang='lat' dir='ltr'><strong>Non</strong></span> <span class='ocrx_word' id='word_1_130' title='bbox 1183 2015 1327 2070; x_wconf 89' lang='lat' dir='ltr'><strong>enim</strong></span> <span class='ocrx_word' id='word_1_131' title='bbox 1364 2028 1510 2067; x_wconf 91' lang='lat' dir='ltr'><strong>nunc</strong></span> <span class='ocrx_word' id='word_1_132' title='bbox 1539 2008 1840 2080; x_wconf 78' lang='lat' dir='ltr'><strong>exponendi</strong></span> <span class='ocrx_word' id='word_1_133' title='bbox 1892 2006 2037 2060; x_wconf 83' lang='lat' dir='ltr'><strong>Scri-</strong></span> 
     </span>
    </p>
   </div>
   <div class='ocr_carea' id='block_1_21' title="bbox 450 2099 2037 2187">
    <p class='ocr_par' dir='ltr' id='par_1_21' title="bbox 450 2099 2037 2187">
     <span class='ocr_line' id='line_1_21' title="bbox 450 2099 2037 2187; baseline -0.01 -20"><span class='ocrx_word' id='word_1_134' title='bbox 450 2125 661 2187; x_wconf 82' lang='lat' dir='ltr'><strong>pturas,</strong></span> <span class='ocrx_word' id='word_1_135' title='bbox 690 2114 781 2168; x_wconf 90' lang='lat' dir='ltr'><strong>sed</strong></span> <span class='ocrx_word' id='word_1_136' title='bbox 810 2110 1121 2167; x_wconf 63' lang='lat' dir='ltr'><strong>aediﬁcandi</strong></span> <span class='ocrx_word' id='word_1_137' title='bbox 1159 2106 1437 2161; x_wconf 85' lang='lat' dir='ltr'><strong>Ecclesias</strong></span> <span class='ocrx_word' id='word_1_138' title='bbox 1484 2101 1843 2158; x_wconf 87' lang='lat' dir='ltr'><strong>ministerium</strong></span> <span class='ocrx_word' id='word_1_139' title='bbox 1894 2099 2037 2168; x_wconf 86' lang='lat' dir='ltr'><strong>geri-</strong></span> 
     </span>
    </p>
   </div>
   <div class='ocr_carea' id='block_1_22' title="bbox 456 2196 2035 2279">
    <p class='ocr_par' dir='ltr' id='par_1_22' title="bbox 456 2196 2035 2279">
     <span class='ocr_line' id='line_1_22' title="bbox 456 2196 2035 2279; baseline -0.011 -14"><span class='ocrx_word' id='word_1_140' title='bbox 456 2226 598 2275; x_wconf 90' lang='lat' dir='ltr'><strong>mus,</strong></span> <span class='ocrx_word' id='word_1_141' title='bbox 633 2208 888 2279; x_wconf 87' lang='lat' dir='ltr'><strong>quamvis</strong></span> <span class='ocrx_word' id='word_1_142' title='bbox 912 2216 967 2261; x_wconf 91' lang='lat' dir='ltr'><strong>et</strong></span> <span class='ocrx_word' id='word_1_143' title='bbox 995 2221 1060 2260; x_wconf 88' lang='lat' dir='ltr'><strong>ex</strong></span> <span class='ocrx_word' id='word_1_144' title='bbox 1095 2204 1201 2266; x_wconf 89' lang='lat' dir='ltr'><strong>his,</strong></span> <span class='ocrx_word' id='word_1_145' title='bbox 1236 2216 1358 2273; x_wconf 76' lang='lat' dir='ltr'><strong>qua:</strong></span> <span class='ocrx_word' id='word_1_146' title='bbox 1404 2214 1433 2253; x_wconf 90' lang='lat' dir='ltr'><strong>a</strong></span> <span class='ocrx_word' id='word_1_147' title='bbox 1465 2196 1620 2253; x_wconf 90' lang='lat' dir='ltr'><strong>nobis</strong></span> <span class='ocrx_word' id='word_1_148' title='bbox 1647 2204 1773 2249; x_wconf 88' lang='lat' dir='ltr'><strong>ante</strong></span> <span class='ocrx_word' id='word_1_149' title='bbox 1807 2203 2035 2248; x_wconf 88' lang='lat' dir='ltr'><strong>tractata</strong></span> 
     </span>
    </p>
   </div>
   <div class='ocr_carea' id='block_1_23' title="bbox 454 2287 2040 2372">
    <p class='ocr_par' dir='ltr' id='par_1_23' title="bbox 454 2287 2040 2372">
     <span class='ocr_line' id='line_1_23' title="bbox 454 2287 2040 2372; baseline -0.011 -14"><span class='ocrx_word' id='word_1_150' title='bbox 454 2312 605 2367; x_wconf 85' lang='lat' dir='ltr'><strong>sunt,</strong></span> <span class='ocrx_word' id='word_1_151' title='bbox 636 2301 876 2372; x_wconf 87' lang='lat' dir='ltr'><strong>prudens</strong></span> <span class='ocrx_word' id='word_1_152' title='bbox 910 2300 1139 2366; x_wconf 87' lang='lat' dir='ltr'><strong>quisque</strong></span> <span class='ocrx_word' id='word_1_153' title='bbox 1187 2294 1403 2348; x_wconf 83' lang='lat' dir='ltr'><strong>auditor</strong></span> <span class='ocrx_word' id='word_1_154' title='bbox 1432 2291 1713 2346; x_wconf 78' lang='lat' dir='ltr'><strong>evidentes</strong></span> <span class='ocrx_word' id='word_1_155' title='bbox 1742 2288 1806 2342; x_wconf 89' lang='lat' dir='ltr'><strong>ad</strong></span> <span class='ocrx_word' id='word_1_156' title='bbox 1841 2287 2040 2341; x_wconf 87' lang='lat' dir='ltr'><strong>intelli-</strong></span> 
     </span>
    </p>
   </div>
   <div class='ocr_carea' id='block_1_24' title="bbox 455 2382 2041 2465">
    <p class='ocr_par' dir='ltr' id='par_1_24' title="bbox 455 2382 2041 2465">
     <span class='ocr_line' id='line_1_24' title="bbox 455 2382 2041 2465; baseline -0.01 -15"><span class='ocrx_word' id='word_1_157' title='bbox 455 2397 689 2465; x_wconf 89' lang='lat' dir='ltr'><strong>gendum</strong></span> <span class='ocrx_word' id='word_1_158' title='bbox 724 2393 895 2462; x_wconf 86' lang='lat' dir='ltr'><strong>possit</strong></span> <span class='ocrx_word' id='word_1_159' title='bbox 919 2391 1143 2446; x_wconf 87' lang='lat' dir='ltr'><strong>semitas</strong></span> <span class='ocrx_word' id='word_1_160' title='bbox 1170 2387 1439 2442; x_wconf 90' lang='lat' dir='ltr'><strong>invenire.</strong></span> <span class='ocrx_word' id='word_1_161' title='bbox 1468 2384 1535 2437; x_wconf 84' lang='lat' dir='ltr'><strong>Et</strong></span> <span class='ocrx_word' id='word_1_162' title='bbox 1558 2384 1677 2438; x_wconf 90' lang='lat' dir='ltr'><strong>ideo</strong></span> <span class='ocrx_word' id='word_1_163' title='bbox 1706 2399 1772 2435; x_wconf 86' lang='lat' dir='ltr'><strong>ex</strong></span> <span class='ocrx_word' id='word_1_164' title='bbox 1802 2382 1884 2435; x_wconf 87' lang='lat' dir='ltr'><strong>his</strong></span> <span class='ocrx_word' id='word_1_165' title='bbox 1907 2396 2041 2450; x_wconf 81' lang='lat' dir='ltr'><strong>quo-</strong></span> 
     </span>
    </p>
   </div>
   <div class='ocr_carea' id='block_1_25' title="bbox 455 2475 2041 2552">
    <p class='ocr_par' dir='ltr' id='par_1_25' title="bbox 455 2475 2041 2552">
     <span class='ocr_line' id='line_1_25' title="bbox 455 2475 2041 2552; baseline -0.008 -15"><span class='ocrx_word' id='word_1_166' title='bbox 455 2499 586 2552; x_wconf 85' lang='lat' dir='ltr'><strong>que,</strong></span> <span class='ocrx_word' id='word_1_167' title='bbox 622 2497 747 2552; x_wconf 74' lang='lat' dir='ltr'><strong>qua:</strong></span> <span class='ocrx_word' id='word_1_168' title='bbox 798 2496 944 2535; x_wconf 89' lang='lat' dir='ltr'><strong>nunc</strong></span> <span class='ocrx_word' id='word_1_169' title='bbox 994 2480 1134 2532; x_wconf 87' lang='lat' dir='ltr'><strong>lecta</strong></span> <span class='ocrx_word' id='word_1_170' title='bbox 1192 2485 1341 2543; x_wconf 90' lang='lat' dir='ltr'><strong>sunt,</strong></span> <span class='ocrx_word' id='word_1_171' title='bbox 1375 2475 1634 2544; x_wconf 88' lang='lat' dir='ltr'><strong>quoniam</strong></span> <span class='ocrx_word' id='word_1_172' title='bbox 1682 2481 1881 2527; x_wconf 91' lang='lat' dir='ltr'><strong>cuncta</strong></span> <span class='ocrx_word' id='word_1_173' title='bbox 1935 2486 2041 2525; x_wconf 91' lang='lat' dir='ltr'><strong>non</strong></span> 
     </span>
    </p>
   </div>
   <div class='ocr_carea' id='block_1_26' title="bbox 466 2566 2039 2643">
    <p class='ocr_par' dir='ltr' id='par_1_26' title="bbox 466 2566 2039 2643">
     <span class='ocr_line' id='line_1_26' title="bbox 466 2566 2039 2643; baseline -0.004 -18"><span class='ocrx_word' id='word_1_174' title='bbox 466 2589 779 2642; x_wconf 78' lang='lat' dir='ltr'><strong>possumus,</strong></span> <span class='ocrx_word' id='word_1_175' title='bbox 808 2574 985 2643; x_wconf 89' lang='lat' dir='ltr'><strong>aliqua</strong></span> <span class='ocrx_word' id='word_1_176' title='bbox 1024 2580 1229 2634; x_wconf 90' lang='lat' dir='ltr'><strong>tamen,</strong></span> <span class='ocrx_word' id='word_1_177' title='bbox 1264 2584 1385 2639; x_wconf 76' lang='lat' dir='ltr'><strong>qua:</strong></span> <span class='ocrx_word' id='word_1_178' title='bbox 1422 2566 1691 2623; x_wconf 82' lang='lat' dir='ltr'><strong>aediﬁcent</strong></span> <span class='ocrx_word' id='word_1_179' title='bbox 1740 2566 2039 2631; x_wconf 84' lang='lat' dir='ltr'><strong>auditores,</strong></span> 
     </span>
    </p>
   </div>
   <div class='ocr_carea' id='block_1_27' title="bbox 459 2656 2045 2736">
    <p class='ocr_par' dir='ltr' id='par_1_27' title="bbox 459 2656 2045 2736">
     <span class='ocr_line' id='line_1_27' title="bbox 459 2656 2045 2736; baseline -0.006 -15"><span class='ocrx_word' id='word_1_180' title='bbox 459 2668 608 2721; x_wconf 83' lang='lat' dir='ltr'><strong>velut</strong></span> <span class='ocrx_word' id='word_1_181' title='bbox 643 2668 758 2735; x_wconf 78' lang='lat' dir='ltr'><strong>agri</strong></span> <span class='ocrx_word' id='word_1_182' title='bbox 794 2666 962 2736; x_wconf 89' lang='lat' dir='ltr'><strong>pleni,</strong></span> <span class='ocrx_word' id='word_1_183' title='bbox 989 2679 1151 2734; x_wconf 89' lang='lat' dir='ltr'><strong>quem</strong></span> <span class='ocrx_word' id='word_1_184' title='bbox 1180 2661 1459 2717; x_wconf 78' lang='lat' dir='ltr'><strong>benedixit</strong></span> <span class='ocrx_word' id='word_1_185' title='bbox 1486 2658 1764 2721; x_wconf 86' lang='lat' dir='ltr'><strong>Dominus,</strong></span> <span class='ocrx_word' id='word_1_186' title='bbox 1793 2656 2045 2712; x_wconf 81' lang='lat' dir='ltr'><strong>ﬂosculos</strong></span> 
     </span>
    </p>
   </div>
   <div class='ocr_carea' id='block_1_28' title="bbox 461 2750 2044 2830">
    <p class='ocr_par' dir='ltr' id='par_1_28' title="bbox 461 2750 2044 2830">
     <span class='ocr_line' id='line_1_28' title="bbox 461 2750 2044 2830; baseline -0.008 -15"><span class='ocrx_word' id='word_1_187' title='bbox 461 2760 804 2830; x_wconf 76' lang='lat' dir='ltr'><strong>colligemus.</strong></span> <span class='ocrx_word' id='word_1_188' title='bbox 837 2756 974 2825; x_wconf 87' lang='lat' dir='ltr'><strong>Quid</strong></span> <span class='ocrx_word' id='word_1_189' title='bbox 1013 2770 1144 2824; x_wconf 88' lang='lat' dir='ltr'><strong>ergo</strong></span> <span class='ocrx_word' id='word_1_190' title='bbox 1191 2754 1265 2809; x_wconf 90' lang='lat' dir='ltr'><strong>sit</strong></span> <span class='ocrx_word' id='word_1_191' title='bbox 1303 2752 1447 2824; x_wconf 90' lang='lat' dir='ltr'><strong>quod</strong></span> <span class='ocrx_word' id='word_1_192' title='bbox 1487 2750 1645 2805; x_wconf 91' lang='lat' dir='ltr'><strong>nobis</strong></span> <span class='ocrx_word' id='word_1_193' title='bbox 1672 2767 1813 2804; x_wconf 88' lang='lat' dir='ltr'><strong>nttnc</strong></span> <span class='ocrx_word' id='word_1_194' title='bbox 1847 2750 2044 2804; x_wconf 88' lang='lat' dir='ltr'><strong>lectum</strong></span> 
     </span>
    </p>
   </div>
   <div class='ocr_carea' id='block_1_29' title="bbox 465 2845 2049 2916">
    <p class='ocr_par' dir='ltr' id='par_1_29' title="bbox 465 2845 2049 2916">
     <span class='ocr_line' id='line_1_29' title="bbox 465 2845 2049 2916; baseline -0.006 -9"><span class='ocrx_word' id='word_1_195' title='bbox 465 2863 570 2916; x_wconf 82' lang='lat' dir='ltr'><strong>cst,</strong></span> <span class='ocrx_word' id='word_1_196' title='bbox 602 2852 905 2906; x_wconf 82' lang='lat' dir='ltr'><strong>videamus.</strong></span> <span class='ocrx_word' id='word_1_197' title='bbox 948 2867 967 2901; x_wconf 74' lang='grc' dir='ltr'><strong>ι</strong></span> <span class='ocrx_word' id='word_1_198' title='bbox 1009 2848 1077 2903; x_wconf 87' lang='grc' dir='ltr'>Ει</span> <span class='ocrx_word' id='word_1_199' title='bbox 1104 2847 1321 2902; x_wconf 89' lang='lat' dir='ltr'><strong>locutus</strong></span> <span class='ocrx_word' id='word_1_200' title='bbox 1348 2855 1429 2901; x_wconf 88' lang='lat' dir='ltr'><strong>est</strong></span> <span class='ocrx_word' id='word_1_201' title='bbox 1462 2847 1722 2901; x_wconf 88' lang='lat' dir='ltr'><strong>Dominus</strong></span> <span class='ocrx_word' id='word_1_202' title='bbox 1751 2847 1932 2901; x_wconf 80' lang='lat' dir='ltr'><strong>Aaron</strong></span> <span class='ocrx_word' id='word_1_203' title='bbox 1966 2845 2049 2899; x_wconf 87' lang='lat' dir='ltr'><strong>di-</strong></span> 
     </span>
    </p>
   </div>
   <div class='ocr_carea' id='block_1_30' title="bbox 461 2936 2048 2999">
    <p class='ocr_par' dir='ltr' id='par_1_30' title="bbox 461 2936 2048 2999">
     <span class='ocr_line' id='line_1_30' title="bbox 461 2936 2048 2999; baseline -0.005 0"><span class='ocrx_word' id='word_1_204' title='bbox 461 2960 594 2999; x_wconf 82' lang='lat' dir='ltr'><strong>cens</strong></span> <span class='ocrx_word' id='word_1_205' title='bbox 628 2959 643 2997; x_wconf 89' lang='lat'><strong>:</strong></span> <span class='ocrx_word' id='word_1_206' title='bbox 681 2942 882 2996; x_wconf 90' lang='lat' dir='ltr'><strong>Vinum</strong></span> <span class='ocrx_word' id='word_1_207' title='bbox 905 2951 960 2995; x_wconf 90' lang='lat' dir='ltr'><strong>et</strong></span> <span class='ocrx_word' id='word_1_208' title='bbox 995 2941 1229 2994; x_wconf 88' lang='lat' dir='ltr'><strong>siceram</strong></span> <span class='ocrx_word' id='word_1_209' title='bbox 1279 2954 1385 2993; x_wconf 92' lang='lat' dir='ltr'><strong>non</strong></span> <span class='ocrx_word' id='word_1_210' title='bbox 1428 2939 1627 2993; x_wconf 82' lang='lat' dir='ltr'><strong>bibetis</strong></span> <span class='ocrx_word' id='word_1_211' title='bbox 1664 2947 1719 2992; x_wconf 90' lang='lat' dir='ltr'><strong>tu</strong></span> <span class='ocrx_word' id='word_1_212' title='bbox 1748 2948 1802 2991; x_wconf 90' lang='lat' dir='ltr'><strong>et</strong></span> <span class='ocrx_word' id='word_1_213' title='bbox 1836 2936 1929 2991; x_wconf 87' lang='lat' dir='ltr'><strong>illii</strong></span> <span class='ocrx_word' id='word_1_214' title='bbox 1966 2946 2048 2991; x_wconf 89' lang='lat' dir='ltr'><strong>te-</strong></span> 
     </span>
    </p>
   </div>
   <div class='ocr_carea' id='block_1_31' title="bbox 462 3030 2046 3103">
    <p class='ocr_par' dir='ltr' id='par_1_31' title="bbox 462 3030 2046 3103">
     <span class='ocr_line' id='line_1_31' title="bbox 462 3030 2046 3103; baseline -0.004 -12"><span class='ocrx_word' id='word_1_215' title='bbox 462 3053 610 3103; x_wconf 77' lang='lat' dir='ltr'><strong>rum,</strong></span> <span class='ocrx_word' id='word_1_216' title='bbox 661 3050 784 3090; x_wconf 91' lang='lat' dir='ltr'><strong>cum</strong></span> <span class='ocrx_word' id='word_1_217' title='bbox 846 3034 1123 3089; x_wconf 89' lang='lat' dir='ltr'><strong>iutrabitis</strong></span> <span class='ocrx_word' id='word_1_218' title='bbox 1168 3034 1219 3086; x_wconf 91' lang='lat' dir='ltr'><strong>in</strong></span> <span class='ocrx_word' id='word_1_219' title='bbox 1267 3033 1673 3087; x_wconf 87' lang='lat' dir='ltr'><strong>tabcrnaculmn</strong></span> <span class='ocrx_word' id='word_1_220' title='bbox 1728 3030 2046 3096; x_wconf 88' lang='lat' dir='ltr'><strong>testimonii,</strong></span> 
     </span>
    </p>
   </div>
   <div class='ocr_carea' id='block_1_32' title="bbox 465 3122 2120 3216">
    <p class='ocr_par' dir='ltr' id='par_1_32' title="bbox 465 3122 2120 3216">
     <span class='ocr_line' id='line_1_32' title="bbox 465 3122 2120 3216; baseline -0.003 -34"><span class='ocrx_word' id='word_1_221' title='bbox 465 3137 562 3182; x_wconf 93' lang='lat' dir='ltr'><strong>aut</strong></span> <span class='ocrx_word' id='word_1_222' title='bbox 593 3142 722 3183; x_wconf 90' lang='lat' dir='ltr'><strong>cum</strong></span> <span class='ocrx_word' id='word_1_223' title='bbox 748 3126 1005 3180; x_wconf 87' lang='lat' dir='ltr'><strong>acceditis</strong></span> <span class='ocrx_word' id='word_1_224' title='bbox 1028 3124 1095 3179; x_wconf 89' lang='lat' dir='ltr'><strong>ad</strong></span> <span class='ocrx_word' id='word_1_225' title='bbox 1125 3123 1319 3187; x_wconf 89' lang='lat' dir='ltr'><strong>altare,</strong></span> <span class='ocrx_word' id='word_1_226' title='bbox 1350 3132 1405 3178; x_wconf 91' lang='lat' dir='ltr'><strong>et</strong></span> <span class='ocrx_word' id='word_1_227' title='bbox 1438 3138 1543 3177; x_wconf 92' lang='lat' dir='ltr'><strong>non</strong></span> <span class='ocrx_word' id='word_1_228' title='bbox 1585 3123 1916 3177; x_wconf 90' lang='lat' dir='ltr'><strong>moriemini.</strong></span> <span class='ocrx_word' id='word_1_229' title='bbox 1948 3122 2048 3177; x_wconf 81' lang='lat' dir='ltr'><strong>Le-</strong></span> <span class='ocrx_word' id='word_1_230' title='bbox 2077 3158 2120 3216; x_wconf 63' lang='grc' dir='ltr'>ο</span> 
     </span>
    </p>
   </div>
   <div class='ocr_carea' id='block_1_33' title="bbox 464 3212 2050 3285">
    <p class='ocr_par' dir='ltr' id='par_1_33' title="bbox 464 3212 2050 3285">
     <span class='ocr_line' id='line_1_33' title="bbox 464 3212 2050 3285; baseline 0 -17"><span class='ocrx_word' id='word_1_231' title='bbox 464 3217 715 3285; x_wconf 89' lang='lat' dir='ltr'><strong>gitimum</strong></span> <span class='ocrx_word' id='word_1_232' title='bbox 740 3224 1006 3269; x_wconf 64' lang='lat' dir='ltr'><strong>aeternum</strong></span> <span class='ocrx_word' id='word_1_233' title='bbox 1048 3212 1100 3266; x_wconf 93' lang='lat' dir='ltr'><strong>in</strong></span> <span class='ocrx_word' id='word_1_234' title='bbox 1134 3212 1424 3282; x_wconf 84' lang='lat' dir='ltr'><strong>progenies</strong></span> <span class='ocrx_word' id='word_1_235' title='bbox 1456 3222 1687 3277; x_wconf 88' lang='lat' dir='ltr'><strong>vestras,</strong></span> <span class='ocrx_word' id='word_1_236' title='bbox 1735 3213 2050 3268; x_wconf 86' lang='lat' dir='ltr'><strong>discernere</strong></span> 
     </span>
    </p>
   </div>
   <div class='ocr_carea' id='block_1_34' title="bbox 463 3304 2051 3367">
    <p class='ocr_par' dir='ltr' id='par_1_34' title="bbox 463 3304 2051 3367">
     <span class='ocr_line' id='line_1_34' title="bbox 463 3304 2051 3367; baseline -0.003 -5"><span class='ocrx_word' id='word_1_237' title='bbox 463 3308 609 3362; x_wconf 88' lang='lat' dir='ltr'><strong>inter</strong></span> <span class='ocrx_word' id='word_1_238' title='bbox 660 3307 898 3361; x_wconf 87' lang='lat' dir='ltr'><strong>medimn</strong></span> <span class='ocrx_word' id='word_1_239' title='bbox 953 3314 1263 3361; x_wconf 88' lang='lat' dir='ltr'><strong>sanctorum</strong></span> <span class='ocrx_word' id='word_1_240' title='bbox 1327 3312 1381 3359; x_wconf 92' lang='lat' dir='ltr'><strong>et</strong></span> <span class='ocrx_word' id='word_1_241' title='bbox 1431 3304 1948 3367; x_wconf 87' lang='lat' dir='ltr'><strong>contaminatorum,</strong></span> <span class='ocrx_word' id='word_1_242' title='bbox 1996 3311 2051 3358; x_wconf 91' lang='lat' dir='ltr'><strong>et</strong></span> 
     </span>
    </p>
   </div>
   <div class='ocr_carea' id='block_1_35' title="bbox 466 3394 2049 3457">
    <p class='ocr_par' dir='ltr' id='par_1_35' title="bbox 466 3394 2049 3457">
     <span class='ocr_line' id='line_1_35' title="bbox 466 3394 2049 3457; baseline -0.004 -3"><span class='ocrx_word' id='word_1_243' title='bbox 466 3399 615 3454; x_wconf 84' lang='lat' dir='ltr'><strong>inter</strong></span> <span class='ocrx_word' id='word_1_244' title='bbox 673 3397 909 3452; x_wconf 90' lang='lat' dir='ltr'><strong>medium</strong></span> <span class='ocrx_word' id='word_1_245' title='bbox 982 3396 1406 3457; x_wconf 88' lang='lat' dir='ltr'><strong>imumndorum,</strong></span> <span class='ocrx_word' id='word_1_246' title='bbox 1479 3403 1534 3450; x_wconf 89' lang='lat' dir='ltr'><strong>et</strong></span> <span class='ocrx_word' id='word_1_247' title='bbox 1602 3394 1745 3449; x_wconf 91' lang='lat' dir='ltr'><strong>inter</strong></span> <span class='ocrx_word' id='word_1_248' title='bbox 1816 3395 2049 3448; x_wconf 84' lang='lat' dir='ltr'><strong>medium</strong></span> 
     </span>
    </p>
   </div>
   <div class='ocr_carea' id='block_1_36' title="bbox 469 3483 2052 3552">
    <p class='ocr_par' dir='ltr' id='par_1_36' title="bbox 469 3483 2052 3552">
     <span class='ocr_line' id='line_1_36' title="bbox 469 3483 2052 3552; baseline -0.003 -9"><span class='ocrx_word' id='word_1_249' title='bbox 469 3488 819 3550; x_wconf 84' lang='lat' dir='ltr'><strong>tmmdorum,</strong></span> <span class='ocrx_word' id='word_1_250' title='bbox 882 3493 938 3541; x_wconf 88' lang='lat' dir='ltr'><strong>et</strong></span> <span class='ocrx_word' id='word_1_251' title='bbox 985 3487 1252 3541; x_wconf 84' lang='lat' dir='ltr'><strong>instruere</strong></span> <span class='ocrx_word' id='word_1_252' title='bbox 1315 3484 1455 3539; x_wconf 87' lang='lat' dir='ltr'><strong>lilios</strong></span> <span class='ocrx_word' id='word_1_253' title='bbox 1505 3483 1672 3539; x_wconf 84' lang='lat' dir='ltr'><strong>Israel</strong></span> <span class='ocrx_word' id='word_1_254' title='bbox 1706 3484 1889 3539; x_wconf 89' lang='lat' dir='ltr'><strong>omnia</strong></span> <span class='ocrx_word' id='word_1_255' title='bbox 1918 3484 2052 3552; x_wconf 78' lang='lat' dir='ltr'><strong>legi-</strong></span> 
     </span>
    </p>
   </div>
   <div class='ocr_carea' id='block_1_37' title="bbox 467 3578 2055 3648">
    <p class='ocr_par' dir='ltr' id='par_1_37' title="bbox 467 3578 2055 3648">
     <span class='ocr_line' id='line_1_37' title="bbox 467 3578 2055 3648; baseline -0.002 -14"><span class='ocrx_word' id='word_1_256' title='bbox 467 3583 599 3634; x_wconf 86' lang='lat' dir='ltr'><strong>tima</strong></span> <span class='ocrx_word' id='word_1_257' title='bbox 656 3595 776 3648; x_wconf 77' lang='lat' dir='ltr'><strong>qua:</strong></span> <span class='ocrx_word' id='word_1_258' title='bbox 841 3579 1051 3635; x_wconf 91' lang='lat' dir='ltr'><strong>locutus</strong></span> <span class='ocrx_word' id='word_1_259' title='bbox 1094 3589 1178 3633; x_wconf 90' lang='lat' dir='ltr'><strong>est</strong></span> <span class='ocrx_word' id='word_1_260' title='bbox 1242 3578 1504 3633; x_wconf 91' lang='lat' dir='ltr'><strong>Dominus</strong></span> <span class='ocrx_word' id='word_1_261' title='bbox 1555 3580 1621 3632; x_wconf 92' lang='lat' dir='ltr'><strong>ad</strong></span> <span class='ocrx_word' id='word_1_262' title='bbox 1671 3593 1766 3633; x_wconf 90' lang='lat' dir='ltr'><strong>eos</strong></span> <span class='ocrx_word' id='word_1_263' title='bbox 1805 3594 1901 3648; x_wconf 91' lang='lat' dir='ltr'><strong>per</strong></span> <span class='ocrx_word' id='word_1_264' title='bbox 1939 3593 2055 3631; x_wconf 89' lang='lat' dir='ltr'><strong>ma-</strong></span> 
     </span>
    </p>
   </div>
   <div class='ocr_carea' id='block_1_38' title="bbox 468 3672 2056 3744">
    <p class='ocr_par' dir='ltr' id='par_1_38' title="bbox 468 3672 2056 3744">
     <span class='ocr_line' id='line_1_38' title="bbox 468 3672 2056 3744; baseline -0.001 -17"><span class='ocrx_word' id='word_1_265' title='bbox 468 3687 599 3727; x_wconf 81' lang='lat' dir='ltr'><strong>num</strong></span> <span class='ocrx_word' id='word_1_266' title='bbox 654 3672 822 3744; x_wconf 79' lang='lat' dir='ltr'><strong>Moysi</strong></span> <span class='ocrx_word' id='word_1_267' title='bbox 870 3673 911 3728; x_wconf 74' lang='grc'><strong>⁸.</strong></span> <span class='ocrx_word' id='word_1_268' title='bbox 956 3692 976 3727; x_wconf 75' lang='grc' dir='ltr'><strong>ι</strong></span> <span class='ocrx_word' id='word_1_269' title='bbox 1013 3672 1123 3727; x_wconf 86' lang='lat' dir='ltr'><strong>Lex</strong></span> <span class='ocrx_word' id='word_1_270' title='bbox 1181 3672 1402 3728; x_wconf 88' lang='lat' dir='ltr'><strong>evidens</strong></span> <span class='ocrx_word' id='word_1_271' title='bbox 1454 3673 1635 3738; x_wconf 91' lang='lat' dir='ltr'><strong>datur,</strong></span> <span class='ocrx_word' id='word_1_272' title='bbox 1688 3681 1743 3727; x_wconf 89' lang='lat' dir='ltr'><strong>et</strong></span> <span class='ocrx_word' id='word_1_273' title='bbox 1801 3673 2056 3726; x_wconf 89' lang='lat' dir='ltr'><strong>sacerdo-</strong></span> 
     </span>
    </p>
   </div>
   <div class='ocr_carea' id='block_1_39' title="bbox 470 3764 2054 3835">
    <p class='ocr_par' dir='ltr' id='par_1_39' title="bbox 470 3764 2054 3835">
     <span class='ocr_line' id='line_1_39' title="bbox 470 3764 2054 3835; baseline 0.001 -19"><span class='ocrx_word' id='word_1_274' title='bbox 470 3764 635 3831; x_wconf 77' lang='lat' dir='ltr'><strong>tibus,</strong></span> <span class='ocrx_word' id='word_1_275' title='bbox 677 3773 728 3819; x_wconf 90' lang='lat' dir='ltr'><strong>et</strong></span> <span class='ocrx_word' id='word_1_276' title='bbox 774 3764 1003 3835; x_wconf 84' lang='lat' dir='ltr'><strong>principi</strong></span> <span class='ocrx_word' id='word_1_277' title='bbox 1045 3766 1417 3829; x_wconf 87' lang='lat' dir='ltr'><strong>sacerdotum,</strong></span> <span class='ocrx_word' id='word_1_278' title='bbox 1464 3773 1670 3819; x_wconf 90' lang='lat' dir='ltr'><strong>utcum</strong></span> <span class='ocrx_word' id='word_1_279' title='bbox 1700 3764 2054 3819; x_wconf 89' lang='lat' dir='ltr'><strong>acceduntad</strong></span> 
     </span>
    </p>
   </div>
   <div class='ocr_carea' id='block_1_40' title="bbox 470 3856 2057 3926">
    <p class='ocr_par' dir='ltr' id='par_1_40' title="bbox 470 3856 2057 3926">
     <span class='ocr_line' id='line_1_40' title="bbox 470 3856 2057 3926; baseline 0.001 -16"><span class='ocrx_word' id='word_1_280' title='bbox 470 3856 663 3920; x_wconf 83' lang='lat' dir='ltr'><strong>altare,</strong></span> <span class='ocrx_word' id='word_1_281' title='bbox 693 3856 816 3910; x_wconf 88' lang='lat' dir='ltr'><strong>vino</strong></span> <span class='ocrx_word' id='word_1_282' title='bbox 834 3858 1163 3921; x_wconf 86' lang='lat' dir='ltr'><strong>abstineant,</strong></span> <span class='ocrx_word' id='word_1_283' title='bbox 1188 3866 1245 3911; x_wconf 92' lang='lat' dir='ltr'><strong>et</strong></span> <span class='ocrx_word' id='word_1_284' title='bbox 1273 3857 1419 3912; x_wconf 92' lang='lat' dir='ltr'><strong>omni</strong></span> <span class='ocrx_word' id='word_1_285' title='bbox 1450 3866 1575 3926; x_wconf 91' lang='lat' dir='ltr'><strong>potu</strong></span> <span class='ocrx_word' id='word_1_286' title='bbox 1607 3859 1749 3926; x_wconf 88' lang='lat' dir='ltr'><strong>quod</strong></span> <span class='ocrx_word' id='word_1_287' title='bbox 1785 3857 2057 3911; x_wconf 88' lang='lat' dir='ltr'><strong>inebriare</strong></span> 
     </span>
    </p>
   </div>
   <div class='ocr_carea' id='block_1_41' title="bbox 470 3947 2052 4020">
    <p class='ocr_par' dir='ltr' id='par_1_41' title="bbox 470 3947 2052 4020">
     <span class='ocr_line' id='line_1_41' title="bbox 470 3947 2052 4020; baseline -0.003 -16"><span class='ocrx_word' id='word_1_288' title='bbox 470 3958 667 4020; x_wconf 86' lang='lat' dir='ltr'><strong>potest,</strong></span> <span class='ocrx_word' id='word_1_289' title='bbox 691 3948 835 4019; x_wconf 91' lang='lat' dir='ltr'><strong>quod</strong></span> <span class='ocrx_word' id='word_1_290' title='bbox 870 3947 1169 4017; x_wconf 72' lang='lat' dir='ltr'><strong>Scriptura:</strong></span> <span class='ocrx_word' id='word_1_291' title='bbox 1218 3948 1416 4003; x_wconf 73' lang='lat' dir='ltr'><strong>divina:</strong></span> <span class='ocrx_word' id='word_1_292' title='bbox 1453 3948 1827 4017; x_wconf 85' lang='lat' dir='ltr'><strong>appellatione</strong></span> <span class='ocrx_word' id='word_1_293' title='bbox 1855 3963 2052 4000; x_wconf 79' lang='lat' dir='ltr'><strong>verna-</strong></span> 
     </span>
    </p>
   </div>
   <div class='ocr_carea' id='block_1_42' title="bbox 472 4038 2052 4107">
    <p class='ocr_par' dir='ltr' id='par_1_42' title="bbox 472 4038 2052 4107">
     <span class='ocr_line' id='line_1_42' title="bbox 472 4038 2052 4107; baseline -0.003 -11"><span class='ocrx_word' id='word_1_294' title='bbox 472 4040 622 4107; x_wconf 84' lang='lat' dir='ltr'><strong>cula,</strong></span> <span class='ocrx_word' id='word_1_295' title='bbox 655 4042 889 4095; x_wconf 88' lang='lat' dir='ltr'><strong>siceram</strong></span> <span class='ocrx_word' id='word_1_296' title='bbox 919 4040 1088 4094; x_wconf 89' lang='lat' dir='ltr'><strong>moris</strong></span> <span class='ocrx_word' id='word_1_297' title='bbox 1116 4049 1199 4093; x_wconf 89' lang='lat' dir='ltr'><strong>est</strong></span> <span class='ocrx_word' id='word_1_298' title='bbox 1224 4042 1528 4094; x_wconf 89' lang='lat' dir='ltr'><strong>nominare.</strong></span> <span class='ocrx_word' id='word_1_299' title='bbox 1556 4038 1685 4092; x_wconf 88' lang='lat' dir='ltr'><strong>Vult</strong></span> <span class='ocrx_word' id='word_1_300' title='bbox 1714 4052 1843 4106; x_wconf 84' lang='lat' dir='ltr'><strong>ergo</strong></span> <span class='ocrx_word' id='word_1_301' title='bbox 1872 4053 2052 4092; x_wconf 88' lang='lat' dir='ltr'><strong>sermo</strong></span> 
     </span>
    </p>
   </div>
   <div class='ocr_carea' id='block_1_43' title="bbox 476 4130 2053 4193">
    <p class='ocr_par' dir='ltr' id='par_1_43' title="bbox 476 4130 2053 4193">
     <span class='ocr_line' id='line_1_43' title="bbox 476 4130 2053 4193; baseline -0.003 -5"><span class='ocrx_word' id='word_1_302' title='bbox 476 4135 694 4188; x_wconf 85' lang='lat' dir='ltr'><strong>divinus</strong></span> <span class='ocrx_word' id='word_1_303' title='bbox 726 4132 937 4188; x_wconf 91' lang='lat' dir='ltr'><strong>sobrios</strong></span> <span class='ocrx_word' id='word_1_304' title='bbox 971 4133 1022 4187; x_wconf 93' lang='lat' dir='ltr'><strong>iu</strong></span> <span class='ocrx_word' id='word_1_305' title='bbox 1051 4133 1306 4187; x_wconf 88' lang='lat' dir='ltr'><strong>omnibus</strong></span> <span class='ocrx_word' id='word_1_306' title='bbox 1336 4148 1456 4188; x_wconf 90' lang='lat' dir='ltr'><strong>esse</strong></span> <span class='ocrx_word' id='word_1_307' title='bbox 1480 4131 1690 4187; x_wconf 89' lang='lat' dir='ltr'><strong>Domini</strong></span> <span class='ocrx_word' id='word_1_308' title='bbox 1723 4130 2053 4193; x_wconf 84' lang='lat' dir='ltr'><strong>sacerdotes,</strong></span> 
     </span>
    </p>
   </div>
   <div class='ocr_carea' id='block_1_44' title="bbox 476 4222 2059 4292">
    <p class='ocr_par' dir='ltr' id='par_1_44' title="bbox 476 4222 2059 4292">
     <span class='ocr_line' id='line_1_44' title="bbox 476 4222 2059 4292; baseline -0.002 -15"><span class='ocrx_word' id='word_1_309' title='bbox 476 4232 665 4291; x_wconf 87' lang='lat' dir='ltr'><strong>utpote</strong></span> <span class='ocrx_word' id='word_1_310' title='bbox 691 4222 784 4292; x_wconf 89' lang='lat' dir='ltr'><strong>qui</strong></span> <span class='ocrx_word' id='word_1_311' title='bbox 814 4223 1141 4278; x_wconf 76' lang='lat' dir='ltr'><strong>accedentes</strong></span> <span class='ocrx_word' id='word_1_312' title='bbox 1178 4224 1242 4277; x_wconf 88' lang='lat' dir='ltr'><strong>ad</strong></span> <span class='ocrx_word' id='word_1_313' title='bbox 1299 4223 1471 4279; x_wconf 88' lang='lat' dir='ltr'><strong>altare</strong></span> <span class='ocrx_word' id='word_1_314' title='bbox 1520 4222 1616 4278; x_wconf 87' lang='lat' dir='ltr'><strong>Dei</strong></span> <span class='ocrx_word' id='word_1_315' title='bbox 1654 4236 1811 4276; x_wconf 88' lang='lat' dir='ltr'><strong>orare</strong></span> <span class='ocrx_word' id='word_1_316' title='bbox 1841 4235 1937 4289; x_wconf 90' lang='lat' dir='ltr'><strong>pro</strong></span> <span class='ocrx_word' id='word_1_317' title='bbox 1963 4236 2059 4289; x_wconf 89' lang='lat' dir='ltr'><strong>po-</strong></span> 
     </span>
    </p>
   </div>
   <div class='ocr_carea' id='block_1_45' title="bbox 477 4312 2056 4386">
    <p class='ocr_par' dir='ltr' id='par_1_45' title="bbox 477 4312 2056 4386">
     <span class='ocr_line' id='line_1_45' title="bbox 477 4312 2056 4386; baseline -0.003 -18"><span class='ocrx_word' id='word_1_318' title='bbox 477 4315 605 4385; x_wconf 86' lang='lat' dir='ltr'><strong>pulo</strong></span> <span class='ocrx_word' id='word_1_319' title='bbox 644 4315 904 4379; x_wconf 85' lang='lat' dir='ltr'><strong>debeant,</strong></span> <span class='ocrx_word' id='word_1_320' title='bbox 951 4325 1005 4372; x_wconf 91' lang='lat' dir='ltr'><strong>et</strong></span> <span class='ocrx_word' id='word_1_321' title='bbox 1054 4331 1154 4386; x_wconf 89' lang='lat' dir='ltr'><strong>pro</strong></span> <span class='ocrx_word' id='word_1_322' title='bbox 1201 4316 1401 4371; x_wconf 85' lang='lat' dir='ltr'><strong>alienis</strong></span> <span class='ocrx_word' id='word_1_323' title='bbox 1445 4314 1776 4369; x_wconf 82' lang='lat' dir='ltr'><strong>intervenire</strong></span> <span class='ocrx_word' id='word_1_324' title='bbox 1822 4312 2056 4378; x_wconf 84' lang='lat' dir='ltr'><strong>delictis,</strong></span> 
     </span>
    </p>
   </div>
   <div class='ocr_carea' id='block_1_46' title="bbox 478 4407 2057 4479">
    <p class='ocr_par' dir='ltr' id='par_1_46' title="bbox 478 4407 2057 4479">
     <span class='ocr_line' id='line_1_46' title="bbox 478 4407 2057 4479; baseline -0.001 -18"><span class='ocrx_word' id='word_1_325' title='bbox 478 4409 571 4478; x_wconf 88' lang='lat' dir='ltr'><strong>qui</strong></span> <span class='ocrx_word' id='word_1_326' title='bbox 607 4410 913 4479; x_wconf 87' lang='lat' dir='ltr'><strong>portionem</strong></span> <span class='ocrx_word' id='word_1_327' title='bbox 953 4410 1003 4463; x_wconf 91' lang='lat' dir='ltr'><strong>in</strong></span> <span class='ocrx_word' id='word_1_328' title='bbox 1040 4420 1181 4465; x_wconf 86' lang='lat' dir='ltr'><strong>terra</strong></span> <span class='ocrx_word' id='word_1_329' title='bbox 1212 4426 1321 4464; x_wconf 90' lang='lat' dir='ltr'><strong>non</strong></span> <span class='ocrx_word' id='word_1_330' title='bbox 1364 4409 1624 4473; x_wconf 80' lang='lat' dir='ltr'><strong>habeant,</strong></span> <span class='ocrx_word' id='word_1_331' title='bbox 1664 4408 1758 4463; x_wconf 90' lang='lat' dir='ltr'><strong>sed</strong></span> <span class='ocrx_word' id='word_1_332' title='bbox 1796 4407 1909 4476; x_wconf 89' lang='lat' dir='ltr'><strong>ipse</strong></span> <span class='ocrx_word' id='word_1_333' title='bbox 1952 4407 2057 4460; x_wconf 68' lang='grc' dir='ltr'><strong>Ι)οη</strong></span> 
     </span>
    </p>
   </div>
   <div class='ocr_carea' id='block_1_47' title="bbox 477 4498 2057 4571">
    <p class='ocr_par' dir='ltr' id='par_1_47' title="bbox 477 4498 2057 4571">
     <span class='ocr_line' id='line_1_47' title="bbox 477 4498 2057 4571; baseline -0.003 -14"><span class='ocrx_word' id='word_1_334' title='bbox 477 4505 661 4557; x_wconf 90' lang='lat' dir='ltr'><strong>mlnus</strong></span> <span class='ocrx_word' id='word_1_335' title='bbox 692 4503 871 4571; x_wconf 88' lang='lat' dir='ltr'><strong>portio</strong></span> <span class='ocrx_word' id='word_1_336' title='bbox 899 4517 1086 4556; x_wconf 90' lang='lat' dir='ltr'><strong>eorum</strong></span> <span class='ocrx_word' id='word_1_337' title='bbox 1122 4503 1189 4555; x_wconf 88' lang='lat' dir='ltr'><strong>sit</strong></span> <span class='ocrx_word' id='word_1_338' title='bbox 1220 4520 1233 4557; x_wconf 91' lang='lat'>:</span> <span class='ocrx_word' id='word_1_339' title='bbox 1278 4502 1358 4556; x_wconf 89' lang='lat' dir='ltr'><strong>sic</strong></span> <span class='ocrx_word' id='word_1_340' title='bbox 1385 4502 1528 4556; x_wconf 91' lang='lat' dir='ltr'><strong>enim</strong></span> <span class='ocrx_word' id='word_1_341' title='bbox 1552 4500 1685 4555; x_wconf 90' lang='lat' dir='ltr'><strong>dicit</strong></span> <span class='ocrx_word' id='word_1_342' title='bbox 1709 4502 1773 4553; x_wconf 90' lang='lat' dir='ltr'><strong>de</strong></span> <span class='ocrx_word' id='word_1_343' title='bbox 1799 4500 1884 4553; x_wconf 90' lang='lat' dir='ltr'><strong>bis</strong></span> <span class='ocrx_word' id='word_1_344' title='bbox 1911 4498 2057 4553; x_wconf 90' lang='lat' dir='ltr'><strong>Scri-</strong></span> 
     </span>
    </p>
   </div>
   <div class='ocr_carea' id='block_1_48' title="bbox 472 4591 2051 4663">
    <p class='ocr_par' dir='ltr' id='par_1_48' title="bbox 472 4591 2051 4663">
     <span class='ocr_line' id='line_1_48' title="bbox 472 4591 2051 4663; baseline -0.001 -17"><span class='ocrx_word' id='word_1_345' title='bbox 472 4604 629 4663; x_wconf 86' lang='lat' dir='ltr'><strong>ptura</strong></span> <span class='ocrx_word' id='word_1_346' title='bbox 662 4608 676 4646; x_wconf 87' lang='lat'><strong>:</strong></span> <span class='ocrx_word' id='word_1_347' title='bbox 708 4610 726 4645; x_wconf 84' lang='grc' dir='ltr'><strong>ι</strong></span> <span class='ocrx_word' id='word_1_348' title='bbox 777 4591 953 4655; x_wconf 86' lang='lat' dir='ltr'><strong>Filiis,</strong></span> <span class='ocrx_word' id='word_1_349' title='bbox 1006 4593 1183 4660; x_wconf 78' lang='lat' dir='ltr'><strong>inquit</strong></span> <span class='ocrx_word' id='word_1_350' title='bbox 1214 4594 1258 4659; x_wconf 81' lang='lat'><strong>&#39;,</strong></span> <span class='ocrx_word' id='word_1_351' title='bbox 1306 4592 1434 4647; x_wconf 85' lang='lat' dir='ltr'><strong>Levi</strong></span> <span class='ocrx_word' id='word_1_352' title='bbox 1472 4608 1577 4645; x_wconf 92' lang='lat' dir='ltr'><strong>non</strong></span> <span class='ocrx_word' id='word_1_353' title='bbox 1616 4592 1816 4646; x_wconf 86' lang='lat' dir='ltr'><strong>dabitis</strong></span> <span class='ocrx_word' id='word_1_354' title='bbox 1847 4600 2051 4661; x_wconf 85' lang='lat' dir='ltr'><strong>partem</strong></span> 
     </span>
    </p>
   </div>
   <div class='ocr_carea' id='block_1_49' title="bbox 476 4684 2053 4754">
    <p class='ocr_par' dir='ltr' id='par_1_49' title="bbox 476 4684 2053 4754">
     <span class='ocr_line' id='line_1_49' title="bbox 476 4684 2053 4754; baseline -0.004 -13"><span class='ocrx_word' id='word_1_355' title='bbox 476 4687 529 4741; x_wconf 91' lang='lat' dir='ltr'><strong>in</strong></span> <span class='ocrx_word' id='word_1_356' title='bbox 565 4687 744 4741; x_wconf 91' lang='lat' dir='ltr'><strong>medio</strong></span> <span class='ocrx_word' id='word_1_357' title='bbox 794 4686 1027 4739; x_wconf 80' lang='lat' dir='ltr'><strong>fratrum</strong></span> <span class='ocrx_word' id='word_1_358' title='bbox 1064 4700 1313 4751; x_wconf 91' lang='lat' dir='ltr'><strong>suorum,</strong></span> <span class='ocrx_word' id='word_1_359' title='bbox 1348 4685 1475 4754; x_wconf 87' lang='lat' dir='ltr'><strong>quia</strong></span> <span class='ocrx_word' id='word_1_360' title='bbox 1517 4699 1617 4754; x_wconf 82' lang='lat' dir='ltr'><strong>ego</strong></span> <span class='ocrx_word' id='word_1_361' title='bbox 1660 4684 1838 4752; x_wconf 88' lang='lat' dir='ltr'><strong>portio</strong></span> <span class='ocrx_word' id='word_1_362' title='bbox 1864 4698 2053 4737; x_wconf 90' lang='lat' dir='ltr'><strong>eorum</strong></span> 
     </span>
    </p>
   </div>
   <div class='ocr_carea' id='block_1_50' title="bbox 478 4774 2058 4846">
    <p class='ocr_par' dir='ltr' id='par_1_50' title="bbox 478 4774 2058 4846">
     <span class='ocr_line' id='line_1_50' title="bbox 478 4774 2058 4846; baseline -0.003 -13"><span class='ocrx_word' id='word_1_363' title='bbox 478 4777 741 4833; x_wconf 90' lang='lat' dir='ltr'><strong>Dominus</strong></span> <span class='ocrx_word' id='word_1_364' title='bbox 777 4777 918 4833; x_wconf 91' lang='lat' dir='ltr'><strong>Deus</strong></span> <span class='ocrx_word' id='word_1_365' title='bbox 956 4779 1222 4846; x_wconf 89' lang='lat' dir='ltr'><strong>ipsorum.</strong></span> <span class='ocrx_word' id='word_1_366' title='bbox 1272 4796 1290 4829; x_wconf 78' lang='grc' dir='ltr'><strong>ι</strong></span> <span class='ocrx_word' id='word_1_367' title='bbox 1328 4776 1454 4830; x_wconf 81' lang='lat' dir='ltr'><strong>Vult</strong></span> <span class='ocrx_word' id='word_1_368' title='bbox 1489 4792 1622 4844; x_wconf 83' lang='lat' dir='ltr'><strong>ergo</strong></span> <span class='ocrx_word' id='word_1_369' title='bbox 1678 4774 1831 4838; x_wconf 89' lang='lat' dir='ltr'><strong>istos,</strong></span> <span class='ocrx_word' id='word_1_370' title='bbox 1861 4774 2058 4843; x_wconf 89' lang='lat' dir='ltr'><strong>quibus</strong></span> 
     </span>
    </p>
   </div>
   <div class='ocr_carea' id='block_1_51' title="bbox 480 4866 2061 4940">
    <p class='ocr_par' dir='ltr' id='par_1_51' title="bbox 480 4866 2061 4940">
     <span class='ocr_line' id='line_1_51' title="bbox 480 4866 2061 4940; baseline -0.003 -16"><span class='ocrx_word' id='word_1_371' title='bbox 480 4872 595 4940; x_wconf 83' lang='lat' dir='ltr'><strong>ipse</strong></span> <span class='ocrx_word' id='word_1_372' title='bbox 622 4872 884 4927; x_wconf 81' lang='lat' dir='ltr'><strong>Dominus</strong></span> <span class='ocrx_word' id='word_1_373' title='bbox 918 4873 1097 4940; x_wconf 90' lang='lat' dir='ltr'><strong>portio</strong></span> <span class='ocrx_word' id='word_1_374' title='bbox 1125 4878 1230 4935; x_wconf 93' lang='lat' dir='ltr'><strong>est,</strong></span> <span class='ocrx_word' id='word_1_375' title='bbox 1274 4869 1487 4925; x_wconf 89' lang='lat' dir='ltr'><strong>sobrios</strong></span> <span class='ocrx_word' id='word_1_376' title='bbox 1529 4882 1670 4929; x_wconf 87' lang='lat' dir='ltr'><strong>esse,</strong></span> <span class='ocrx_word' id='word_1_377' title='bbox 1704 4866 1945 4935; x_wconf 79' lang='lat' dir='ltr'><strong>jejunos,</strong></span> <span class='ocrx_word' id='word_1_378' title='bbox 1979 4866 2061 4920; x_wconf 88' lang='lat' dir='ltr'><strong>vi-</strong></span> 
     </span>
    </p>
   </div>
   <div class='ocr_carea' id='block_1_52' title="bbox 477 4958 2053 5031">
    <p class='ocr_par' dir='ltr' id='par_1_52' title="bbox 477 4958 2053 5031">
     <span class='ocr_line' id='line_1_52' title="bbox 477 4958 2053 5031; baseline -0.005 -11"><span class='ocrx_word' id='word_1_379' title='bbox 477 4965 714 5031; x_wconf 77' lang='lat' dir='ltr'><strong>gilantes</strong></span> <span class='ocrx_word' id='word_1_380' title='bbox 748 4964 802 5019; x_wconf 89' lang='lat' dir='ltr'><strong>in</strong></span> <span class='ocrx_word' id='word_1_381' title='bbox 836 4964 983 5018; x_wconf 92' lang='lat' dir='ltr'><strong>omni</strong></span> <span class='ocrx_word' id='word_1_382' title='bbox 1021 4973 1290 5031; x_wconf 87' lang='lat' dir='ltr'><strong>tempore,</strong></span> <span class='ocrx_word' id='word_1_383' title='bbox 1336 4961 1571 5015; x_wconf 82' lang='lat' dir='ltr'><strong>maxime</strong></span> <span class='ocrx_word' id='word_1_384' title='bbox 1608 4971 1785 5014; x_wconf 87' lang='lat' dir='ltr'><strong>autem</strong></span> <span class='ocrx_word' id='word_1_385' title='bbox 1820 4975 1940 5012; x_wconf 90' lang='lat' dir='ltr'><strong>cum</strong></span> <span class='ocrx_word' id='word_1_386' title='bbox 1986 4958 2053 5012; x_wconf 92' lang='lat' dir='ltr'><strong>ad</strong></span> 
     </span>
    </p>
   </div>
   <div class='ocr_carea' id='block_1_53' title="bbox 473 5052 2058 5121">
    <p class='ocr_par' dir='ltr' id='par_1_53' title="bbox 473 5052 2058 5121">
     <span class='ocr_line' id='line_1_53' title="bbox 473 5052 2058 5121; baseline -0.005 -8"><span class='ocrx_word' id='word_1_387' title='bbox 473 5057 808 5113; x_wconf 79' lang='lat' dir='ltr'><strong>exorandum</strong></span> <span class='ocrx_word' id='word_1_388' title='bbox 842 5055 1149 5117; x_wconf 88' lang='lat' dir='ltr'><strong>Dominmn,</strong></span> <span class='ocrx_word' id='word_1_389' title='bbox 1174 5052 1662 5109; x_wconf 82' lang='lat' dir='ltr'><strong>etsacrilicandum</strong></span> <span class='ocrx_word' id='word_1_390' title='bbox 1694 5052 1746 5105; x_wconf 89' lang='lat' dir='ltr'><strong>in</strong></span> <span class='ocrx_word' id='word_1_391' title='bbox 1768 5062 2058 5121; x_wconf 87' lang='lat' dir='ltr'><strong>conspectu</strong></span> 
     </span>
    </p>
   </div>
   <div class='ocr_carea' id='block_1_54' title="bbox 474 5145 2051 5216">
    <p class='ocr_par' dir='ltr' id='par_1_54' title="bbox 474 5145 2051 5216">
     <span class='ocr_line' id='line_1_54' title="bbox 474 5145 2051 5216; baseline -0.003 -14"><span class='ocrx_word' id='word_1_392' title='bbox 474 5149 592 5216; x_wconf 84' lang='lat' dir='ltr'><strong>ejus</strong></span> <span class='ocrx_word' id='word_1_393' title='bbox 616 5146 875 5201; x_wconf 85' lang='lat' dir='ltr'><strong>altaribus</strong></span> <span class='ocrx_word' id='word_1_394' title='bbox 901 5157 1099 5216; x_wconf 68' lang='lat' dir='ltr'><strong>prtesto</strong></span> <span class='ocrx_word' id='word_1_395' title='bbox 1129 5158 1277 5201; x_wconf 92' lang='lat' dir='ltr'><strong>sunt.</strong></span> <span class='ocrx_word' id='word_1_396' title='bbox 1312 5146 1444 5213; x_wconf 61' lang='lat' dir='ltr'><strong>Quae</strong></span> <span class='ocrx_word' id='word_1_397' title='bbox 1468 5145 1723 5200; x_wconf 82' lang='lat' dir='ltr'><strong>mandata</strong></span> <span class='ocrx_word' id='word_1_398' title='bbox 1756 5146 1808 5196; x_wconf 92' lang='lat' dir='ltr'><strong>in</strong></span> <span class='ocrx_word' id='word_1_399' title='bbox 1840 5154 2051 5198; x_wconf 87' lang='lat' dir='ltr'><strong>tantum</strong></span> 
     </span>
    </p>
   </div>
   <div class='ocr_carea' id='block_1_55' title="bbox 480 5238 2061 5305">
    <p class='ocr_par' dir='ltr' id='par_1_55' title="bbox 480 5238 2061 5305">
     <span class='ocr_line' id='line_1_55' title="bbox 480 5238 2061 5305; baseline -0.001 -14"><span class='ocrx_word' id='word_1_400' title='bbox 480 5242 589 5294; x_wconf 91' lang='lat' dir='ltr'><strong>vim</strong></span> <span class='ocrx_word' id='word_1_401' title='bbox 625 5241 709 5295; x_wconf 91' lang='lat' dir='ltr'><strong>sui</strong></span> <span class='ocrx_word' id='word_1_402' title='bbox 751 5250 994 5305; x_wconf 91' lang='lat' dir='ltr'><strong>servant,</strong></span> <span class='ocrx_word' id='word_1_403' title='bbox 1035 5251 1089 5295; x_wconf 86' lang='lat' dir='ltr'><strong>ct</strong></span> <span class='ocrx_word' id='word_1_404' title='bbox 1135 5241 1284 5295; x_wconf 88' lang='lat' dir='ltr'><strong>omni</strong></span> <span class='ocrx_word' id='word_1_405' title='bbox 1317 5239 1663 5294; x_wconf 82' lang='lat' dir='ltr'><strong>observantia</strong></span> <span class='ocrx_word' id='word_1_406' title='bbox 1706 5238 2061 5292; x_wconf 79' lang='lat' dir='ltr'><strong>cusmdienda</strong></span> 
     </span>
    </p>
   </div>
   <div class='ocr_carea' id='block_1_56' title="bbox 482 5327 2062 5400">
    <p class='ocr_par' dir='ltr' id='par_1_56' title="bbox 482 5327 2062 5400">
     <span class='ocr_line' id='line_1_56' title="bbox 482 5327 2062 5400; baseline -0.004 -15"><span class='ocrx_word' id='word_1_407' title='bbox 482 5341 628 5392; x_wconf 88' lang='lat' dir='ltr'><strong>sunt,</strong></span> <span class='ocrx_word' id='word_1_408' title='bbox 665 5342 723 5385; x_wconf 89' lang='lat' dir='ltr'><strong>ut</strong></span> <span class='ocrx_word' id='word_1_409' title='bbox 756 5342 811 5386; x_wconf 92' lang='lat' dir='ltr'><strong>et</strong></span> <span class='ocrx_word' id='word_1_410' title='bbox 836 5332 1130 5400; x_wconf 85' lang='lat' dir='ltr'><strong>Apostolus</strong></span> <span class='ocrx_word' id='word_1_411' title='bbox 1165 5332 1279 5386; x_wconf 78' lang='lat' dir='ltr'><strong>lucc</strong></span> <span class='ocrx_word' id='word_1_412' title='bbox 1316 5331 1505 5384; x_wconf 89' lang='lat' dir='ltr'><strong>eadem</strong></span> <span class='ocrx_word' id='word_1_413' title='bbox 1552 5328 1683 5382; x_wconf 77' lang='lat' dir='ltr'><strong>Novi</strong></span> <span class='ocrx_word' id='word_1_414' title='bbox 1731 5327 2062 5381; x_wconf 81' lang='lat' dir='ltr'><strong>Testamenti</strong></span> 
     </span>
    </p>
   </div>
   <div class='ocr_carea' id='block_1_57' title="bbox 485 5422 2065 5496">
    <p class='ocr_par' dir='ltr' id='par_1_57' title="bbox 485 5422 2065 5496">
     <span class='ocr_line' id='line_1_57' title="bbox 485 5422 2065 5496; baseline -0.003 -19"><span class='ocrx_word' id='word_1_415' title='bbox 485 5423 692 5496; x_wconf 83' lang='lat' dir='ltr'><strong>legibus</strong></span> <span class='ocrx_word' id='word_1_416' title='bbox 724 5425 902 5480; x_wconf 80' lang='lat' dir='ltr'><strong>ﬁrmet</strong></span> <span class='ocrx_word' id='word_1_417' title='bbox 929 5424 972 5481; x_wconf 89' lang='grc'><strong>³.</strong></span> <span class='ocrx_word' id='word_1_418' title='bbox 1002 5423 1058 5478; x_wconf 92' lang='lat' dir='ltr'><strong>In</strong></span> <span class='ocrx_word' id='word_1_419' title='bbox 1104 5440 1211 5494; x_wconf 92' lang='lat' dir='ltr'><strong>quo</strong></span> <span class='ocrx_word' id='word_1_420' title='bbox 1246 5423 1501 5478; x_wconf 78' lang='lat' dir='ltr'><strong>similiter</strong></span> <span class='ocrx_word' id='word_1_421' title='bbox 1531 5424 1695 5476; x_wconf 90' lang='lat' dir='ltr'><strong>ctiam</strong></span> <span class='ocrx_word' id='word_1_422' title='bbox 1736 5422 1850 5490; x_wconf 84' lang='lat' dir='ltr'><strong>ipse</strong></span> <span class='ocrx_word' id='word_1_423' title='bbox 1880 5435 2065 5475; x_wconf 87' lang='lat' dir='ltr'><strong>sacer-</strong></span> 
     </span>
    </p>
   </div>
   <div class='ocr_carea' id='block_1_58' title="bbox 556 5554 1807 5622">
    <p class='ocr_par' dir='ltr' id='par_1_58' title="bbox 556 5554 1807 5622">
     <span class='ocr_line' id='line_1_58' title="bbox 556 5554 1807 5622; baseline -0.007 -8"><span class='ocrx_word' id='word_1_424' title='bbox 556 5557 604 5589; x_wconf 84' lang='lat'><strong>”</strong></span> <span class='ocrx_word' id='word_1_425' title='bbox 644 5558 816 5613; x_wconf 82' lang='lat' dir='ltr'><strong>Levit.</strong></span> <span class='ocrx_word' id='word_1_426' title='bbox 844 5575 872 5612; x_wconf 80' lang='grc' dir='ltr'><strong>ι</strong></span> <span class='ocrx_word' id='word_1_427' title='bbox 903 5569 958 5614; x_wconf 89' lang='lat' dir='ltr'><strong>et</strong></span> <span class='ocrx_word' id='word_1_428' title='bbox 995 5574 1069 5611; x_wconf 72' lang='grc' dir='ltr'>ιι.</span> <span class='ocrx_word' id='word_1_429' title='bbox 1184 5556 1198 5588; x_wconf 87' lang='grc'><strong>¹</strong></span> <span class='ocrx_word' id='word_1_430' title='bbox 1236 5556 1405 5610; x_wconf 85' lang='lat' dir='ltr'><strong>Levit.</strong></span> <span class='ocrx_word' id='word_1_431' title='bbox 1431 5570 1485 5613; x_wconf 80' lang='grc' dir='ltr'><strong>κ.</strong></span> <span class='ocrx_word' id='word_1_432' title='bbox 1511 5554 1544 5607; x_wconf 84' lang='grc'><strong>8</strong></span> <span class='ocrx_word' id='word_1_433' title='bbox 1573 5564 1627 5608; x_wconf 90' lang='lat' dir='ltr'><strong>et</strong></span> <span class='ocrx_word' id='word_1_434' title='bbox 1655 5570 1807 5622; x_wconf 84' lang='lat' dir='ltr'><strong>seqq.</strong></span> 
     </span>
    </p>
   </div>
   <div class='ocr_carea' id='block_1_59' title="bbox 509 5621 2066 5697">
    <p class='ocr_par' dir='ltr' id='par_1_59' title="bbox 509 5621 2066 5697">
     <span class='ocr_line' id='line_1_59' title="bbox 509 5621 2066 5697; baseline -0.004 -16"><span class='ocrx_word' id='word_1_435' title='bbox 509 5621 739 5697; x_wconf 59' lang='lat' dir='ltr'><strong>&#39;l‘lphes.</strong></span> <span class='ocrx_word' id='word_1_436' title='bbox 779 5645 830 5692; x_wconf 91' lang='lat' dir='ltr'><strong>v,</strong></span> <span class='ocrx_word' id='word_1_437' title='bbox 866 5629 952 5682; x_wconf 82' lang='lat' dir='ltr'><strong>l8.</strong></span> <span class='ocrx_word' id='word_1_438' title='bbox 1030 5630 1051 5658; x_wconf 73' lang='grc'>⁸</span> <span class='ocrx_word' id='word_1_439' title='bbox 1090 5626 1221 5682; x_wconf 87' lang='lat' dir='ltr'><strong>Luc.</strong></span> <span class='ocrx_word' id='word_1_440' title='bbox 1255 5643 1367 5691; x_wconf 63' lang='grc' dir='ltr'>χχι,</span> <span class='ocrx_word' id='word_1_441' title='bbox 1396 5626 1486 5682; x_wconf 69' lang='lat' dir='ltr'><strong>3t.</strong></span> <span class='ocrx_word' id='word_1_442' title='bbox 1562 5627 1581 5657; x_wconf 85' lang='lat'>&#39;</span> <span class='ocrx_word' id='word_1_443' title='bbox 1616 5622 1655 5677; x_wconf 89' lang='lat' dir='ltr'><strong>ll</strong></span> <span class='ocrx_word' id='word_1_444' title='bbox 1691 5621 1816 5679; x_wconf 78' lang='lat' dir='ltr'><strong>Cor.</strong></span> <span class='ocrx_word' id='word_1_445' title='bbox 1852 5639 1926 5687; x_wconf 89' lang='lat' dir='ltr'><strong>tv,</strong></span> <span class='ocrx_word' id='word_1_446' title='bbox 1981 5622 2066 5675; x_wconf 79' lang='lat' dir='ltr'><strong>lli.</strong></span> 
     </span>
    </p>
   </div>
   <div class='ocr_carea' id='block_1_60' title="bbox 558 5741 2057 5811">
    <p class='ocr_par' dir='ltr' id='par_1_60' title="bbox 558 5741 2057 5811">
     <span class='ocr_line' id='line_1_60' title="bbox 558 5741 2057 5811; baseline -0.006 -14"><span class='ocrx_word' id='word_1_447' title='bbox 558 5744 672 5811; x_wconf 82' lang='lat'><strong>(86.)</strong></span> <span class='ocrx_word' id='word_1_448' title='bbox 710 5743 893 5798; x_wconf 80' lang='lat' dir='ltr'><strong>Codex</strong></span> <span class='ocrx_word' id='word_1_449' title='bbox 919 5742 1295 5800; x_wconf 67' lang='lat' dir='ltr'><strong>Carlomeusis,</strong></span> <span class='ocrx_word' id='word_1_450' title='bbox 1332 5760 1349 5791; x_wconf 82' lang='grc' dir='ltr'><strong>ι</strong></span> <span class='ocrx_word' id='word_1_451' title='bbox 1383 5741 1576 5795; x_wconf 88' lang='lat' dir='ltr'><strong>debilia</strong></span> <span class='ocrx_word' id='word_1_452' title='bbox 1609 5742 1741 5792; x_wconf 79' lang='lat' dir='ltr'><strong>liuitt</strong></span> <span class='ocrx_word' id='word_1_453' title='bbox 1769 5756 1779 5791; x_wconf 89' lang='lat'><strong>:</strong></span> <span class='ocrx_word' id='word_1_454' title='bbox 1804 5754 1921 5804; x_wconf 79' lang='lat' dir='ltr'><strong>pes,</strong></span> <span class='ocrx_word' id='word_1_455' title='bbox 1950 5752 2057 5789; x_wconf 84' lang='lat' dir='ltr'><strong>Ina-</strong></span> 
     </span>
    </p>
   </div>
   <div class='ocr_carea' id='block_1_61' title="bbox 491 5811 2055 5884">
    <p class='ocr_par' dir='ltr' id='par_1_61' title="bbox 491 5811 2055 5884">
     <span class='ocr_line' id='line_1_61' title="bbox 491 5811 2055 5884; baseline -0.005 -14"><span class='ocrx_word' id='word_1_456' title='bbox 491 5832 613 5881; x_wconf 83' lang='lat' dir='ltr'><strong>nns,</strong></span> <span class='ocrx_word' id='word_1_457' title='bbox 658 5817 835 5884; x_wconf 79' lang='lat' dir='ltr'><strong>lingua</strong></span> <span class='ocrx_word' id='word_1_458' title='bbox 866 5813 1135 5876; x_wconf 78' lang='lat' dir='ltr'><strong>resoluta;</strong></span> <span class='ocrx_word' id='word_1_459' title='bbox 1173 5814 1357 5867; x_wconf 86' lang='lat' dir='ltr'><strong>oculos</strong></span> <span class='ocrx_word' id='word_1_460' title='bbox 1396 5811 1652 5870; x_wconf 70' lang='grc' dir='ltr'>ιυιιριιιω.</span> <span class='ocrx_word' id='word_1_461' title='bbox 1684 5820 1918 5864; x_wconf 84' lang='lat' dir='ltr'><strong>mentem</strong></span> <span class='ocrx_word' id='word_1_462' title='bbox 1969 5824 2055 5862; x_wconf 80' lang='lat' dir='ltr'><strong>ve-</strong></span> 
     </span>
    </p>
   </div>
   <div class='ocr_carea' id='block_1_62' title="bbox 1912 307 2234 373">
    <p class='ocr_par' dir='ltr' id='par_1_62' title="bbox 1912 307 2234 373">
     <span class='ocr_line' id='line_1_62' title="bbox 1912 307 2234 373; baseline -0.037 -1"><span class='ocrx_word' id='word_1_463' title='bbox 1912 307 2234 373; x_wconf 64' lang='lat' dir='ltr'><strong>OlilGENlS</strong></span> 
     </span>
    </p>
   </div>
   <div class='ocr_carea' id='block_1_63' title="bbox 2057 400 3713 487">
    <p class='ocr_par' dir='ltr' id='par_1_63' title="bbox 2057 400 3713 487">
     <span class='ocr_line' id='line_1_63' title="bbox 2057 400 3713 487; baseline -0.016 -5"><span class='ocrx_word' id='word_1_464' title='bbox 2057 432 2101 487; x_wconf 83' lang='lat' dir='ltr'><strong>A</strong></span> <span class='ocrx_word' id='word_1_465' title='bbox 2129 425 2370 486; x_wconf 85' lang='lat' dir='ltr'><strong>dotibus,</strong></span> <span class='ocrx_word' id='word_1_466' title='bbox 2409 419 2491 473; x_wconf 86' lang='lat' dir='ltr'><strong>vel</strong></span> <span class='ocrx_word' id='word_1_467' title='bbox 2538 411 2877 486; x_wconf 87' lang='lat' dir='ltr'><strong>principibus</strong></span> <span class='ocrx_word' id='word_1_468' title='bbox 2910 406 3255 462; x_wconf 81' lang='lat' dir='ltr'><strong>sacerdotum</strong></span> <span class='ocrx_word' id='word_1_469' title='bbox 3310 401 3438 455; x_wconf 69' lang='lat' dir='ltr'><strong>vita:</strong></span> <span class='ocrx_word' id='word_1_470' title='bbox 3499 400 3713 471; x_wconf 77' lang='lat' dir='ltr'><strong>regulas</strong></span> 
     </span>
    </p>
   </div>
   <div class='ocr_carea' id='block_1_64' title="bbox 1924 5526 3000 5604">
    <p class='ocr_par' dir='ltr' id='par_1_64' title="bbox 1924 5526 3000 5604">
     <span class='ocr_line' id='line_1_64' title="bbox 1924 5526 3000 5604; baseline -0.023 2"><span class='ocrx_word' id='word_1_471' title='bbox 1924 5552 1943 5582; x_wconf 83' lang='lat'>&#39;</span> <span class='ocrx_word' id='word_1_472' title='bbox 1975 5550 2135 5604; x_wconf 84' lang='lat' dir='ltr'><strong>Num.</strong></span> <span class='ocrx_word' id='word_1_473' title='bbox 2161 5559 2319 5603; x_wconf 82' lang='lat' dir='ltr'><strong>xvtu,</strong></span> <span class='ocrx_word' id='word_1_474' title='bbox 2346 5538 2439 5601; x_wconf 76' lang='lat'><strong>9.0,</strong></span> <span class='ocrx_word' id='word_1_475' title='bbox 2496 5545 2550 5588; x_wconf 91' lang='lat' dir='ltr'><strong>et</strong></span> <span class='ocrx_word' id='word_1_476' title='bbox 2583 5530 2719 5604; x_wconf 28' lang='lat' dir='ltr'><strong>dles.</strong></span> <span class='ocrx_word' id='word_1_477' title='bbox 2764 5544 2883 5594; x_wconf 80' lang='lat' dir='ltr'><strong>xm,</strong></span> <span class='ocrx_word' id='word_1_478' title='bbox 2912 5526 3000 5583; x_wconf 69' lang='grc'><strong>14.</strong></span> 
     </span>
    </p>
   </div>
   <div class='ocr_carea' id='block_1_65' title="bbox 3605 272 3707 327">
    <p class='ocr_par' dir='ltr' id='par_1_65' title="bbox 3605 272 3707 327">
     <span class='ocr_line' id='line_1_65' title="bbox 3605 272 3707 327; baseline 0 0"><span class='ocrx_word' id='word_1_479' title='bbox 3605 272 3707 327; x_wconf 74' lang='grc' dir='ltr'><strong>ιτδ</strong></span> 
     </span>
    </p>
   </div>
   <div class='ocr_carea' id='block_1_66' title="bbox 2128 494 3716 588">
    <p class='ocr_par' dir='ltr' id='par_1_66' title="bbox 2128 494 3716 588">
     <span class='ocr_line' id='line_1_66' title="bbox 2128 494 3716 588; baseline -0.014 -16"><span class='ocrx_word' id='word_1_480' title='bbox 2128 531 2354 588; x_wconf 88' lang='lat' dir='ltr'><strong>ponens,</strong></span> <span class='ocrx_word' id='word_1_481' title='bbox 2390 511 2519 567; x_wconf 86' lang='lat' dir='ltr'><strong>dicit</strong></span> <span class='ocrx_word' id='word_1_482' title='bbox 2549 522 2642 564; x_wconf 86' lang='lat' dir='ltr'><strong>eos</strong></span> <span class='ocrx_word' id='word_1_483' title='bbox 2672 521 2777 560; x_wconf 91' lang='lat' dir='ltr'><strong>non</strong></span> <span class='ocrx_word' id='word_1_484' title='bbox 2814 501 3015 557; x_wconf 72' lang='lat' dir='ltr'><strong>debere</strong></span> <span class='ocrx_word' id='word_1_485' title='bbox 3036 510 3159 554; x_wconf 89' lang='lat' dir='ltr'><strong>esse</strong></span> <span class='ocrx_word' id='word_1_486' title='bbox 3190 495 3357 565; x_wconf 75' lang='lat'><strong>220</strong></span> <span class='ocrx_word' id='word_1_487' title='bbox 3381 495 3506 548; x_wconf 84' lang='lat' dir='ltr'><strong>vino</strong></span> <span class='ocrx_word' id='word_1_488' title='bbox 3542 494 3716 550; x_wconf 91' lang='lat' dir='ltr'><strong>multo</strong></span> 
     </span>
    </p>
   </div>
   <div class='ocr_carea' id='block_1_67' title="bbox 2129 586 3714 667">
    <p class='ocr_par' dir='ltr' id='par_1_67' title="bbox 2129 586 3714 667">
     <span class='ocr_line' id='line_1_67' title="bbox 2129 586 3714 667; baseline -0.015 -4"><span class='ocrx_word' id='word_1_489' title='bbox 2129 586 2455 667; x_wconf 66' lang='lat' dir='ltr'><strong>servientes,</strong></span> <span class='ocrx_word' id='word_1_490' title='bbox 2482 601 2577 656; x_wconf 87' lang='lat' dir='ltr'><strong>sed</strong></span> <span class='ocrx_word' id='word_1_491' title='bbox 2611 598 2826 653; x_wconf 89' lang='lat' dir='ltr'><strong>sobrios</strong></span> <span class='ocrx_word' id='word_1_492' title='bbox 2851 609 2972 649; x_wconf 86' lang='lat' dir='ltr'><strong>esse</strong></span> <span class='ocrx_word' id='word_1_493' title='bbox 3005 595 3047 646; x_wconf 74' lang='grc'><strong>⁵.</strong></span> <span class='ocrx_word' id='word_1_494' title='bbox 3092 586 3377 645; x_wconf 90' lang='lat' dir='ltr'><strong>Sobrietas</strong></span> <span class='ocrx_word' id='word_1_495' title='bbox 3409 588 3555 641; x_wconf 89' lang='lat' dir='ltr'><strong>enim</strong></span> <span class='ocrx_word' id='word_1_496' title='bbox 3594 602 3714 643; x_wconf 88' lang='lat' dir='ltr'><strong>om-</strong></span> 
     </span>
    </p>
   </div>
   <div class='ocr_carea' id='block_1_68' title="bbox 2129 682 3717 754">
    <p class='ocr_par' dir='ltr' id='par_1_68' title="bbox 2129 682 3717 754">
     <span class='ocr_line' id='line_1_68' title="bbox 2129 682 3717 754; baseline -0.011 1"><span class='ocrx_word' id='word_1_497' title='bbox 2129 704 2277 754; x_wconf 88' lang='lat' dir='ltr'><strong>nium</strong></span> <span class='ocrx_word' id='word_1_498' title='bbox 2306 701 2566 752; x_wconf 90' lang='lat' dir='ltr'><strong>virtutum</strong></span> <span class='ocrx_word' id='word_1_499' title='bbox 2602 704 2779 749; x_wconf 86' lang='lat' dir='ltr'><strong>mater</strong></span> <span class='ocrx_word' id='word_1_500' title='bbox 2812 698 2917 754; x_wconf 84' lang='lat' dir='ltr'><strong>est,</strong></span> <span class='ocrx_word' id='word_1_501' title='bbox 2947 686 3094 740; x_wconf 84' lang='lat' dir='ltr'><strong>sicut</strong></span> <span class='ocrx_word' id='word_1_502' title='bbox 3128 683 3442 739; x_wconf 89' lang='lat' dir='ltr'><strong>econtrario</strong></span> <span class='ocrx_word' id='word_1_503' title='bbox 3471 682 3717 739; x_wconf 86' lang='lat' dir='ltr'><strong>ebrietas</strong></span> 
     </span>
    </p>
   </div>
   <div class='ocr_carea' id='block_1_69' title="bbox 2129 776 3718 852">
    <p class='ocr_par' dir='ltr' id='par_1_69' title="bbox 2129 776 3718 852">
     <span class='ocr_line' id='line_1_69' title="bbox 2129 776 3718 852; baseline -0.018 -4"><span class='ocrx_word' id='word_1_504' title='bbox 2129 791 2373 848; x_wconf 79' lang='lat' dir='ltr'><strong>oninium</strong></span> <span class='ocrx_word' id='word_1_505' title='bbox 2401 789 2683 842; x_wconf 90' lang='lat' dir='ltr'><strong>vitiorum.</strong></span> <span class='ocrx_word' id='word_1_506' title='bbox 2718 785 2919 852; x_wconf 86' lang='lat' dir='ltr'><strong>Aperte</strong></span> <span class='ocrx_word' id='word_1_507' title='bbox 2949 779 3099 833; x_wconf 90' lang='lat' dir='ltr'><strong>enim</strong></span> <span class='ocrx_word' id='word_1_508' title='bbox 3144 776 3529 847; x_wconf 86' lang='lat' dir='ltr'><strong>pronuntiavit</strong></span> <span class='ocrx_word' id='word_1_509' title='bbox 3572 776 3718 844; x_wconf 81' lang='lat' dir='ltr'><strong>Apo-</strong></span> 
     </span>
    </p>
   </div>
   <div class='ocr_carea' id='block_1_70' title="bbox 2131 869 3723 941">
    <p class='ocr_par' dir='ltr' id='par_1_70' title="bbox 2131 869 3723 941">
     <span class='ocr_line' id='line_1_70' title="bbox 2131 869 3723 941; baseline -0.009 -2"><span class='ocrx_word' id='word_1_510' title='bbox 2131 884 2304 939; x_wconf 86' lang='lat' dir='ltr'><strong>stolus</strong></span> <span class='ocrx_word' id='word_1_511' title='bbox 2334 884 2519 937; x_wconf 84' lang='lat' dir='ltr'><strong>dicens</strong></span> <span class='ocrx_word' id='word_1_512' title='bbox 2550 882 2570 912; x_wconf 81' lang='grc'><em>³</em></span> <span class='ocrx_word' id='word_1_513' title='bbox 2607 895 2622 934; x_wconf 88' lang='lat'><strong>:</strong></span> <span class='ocrx_word' id='word_1_514' title='bbox 2662 896 2680 929; x_wconf 78' lang='grc' dir='ltr'><strong>ι</strong></span> <span class='ocrx_word' id='word_1_515' title='bbox 2725 875 2944 937; x_wconf 83' lang='lat' dir='ltr'><strong>Vinum,</strong></span> <span class='ocrx_word' id='word_1_516' title='bbox 2989 872 3041 926; x_wconf 93' lang='lat' dir='ltr'><strong>in</strong></span> <span class='ocrx_word' id='word_1_517' title='bbox 3075 885 3183 941; x_wconf 91' lang='lat' dir='ltr'><strong>quo</strong></span> <span class='ocrx_word' id='word_1_518' title='bbox 3210 877 3293 925; x_wconf 89' lang='lat' dir='ltr'><strong>est</strong></span> <span class='ocrx_word' id='word_1_519' title='bbox 3324 869 3562 935; x_wconf 83' lang='lat' dir='ltr'><strong>luxuria,</strong></span> <span class='ocrx_word' id='word_1_520' title='bbox 3600 887 3619 921; x_wconf 73' lang='grc' dir='ltr'><strong>ι</strong></span> <span class='ocrx_word' id='word_1_521' title='bbox 3661 878 3723 924; x_wconf 81' lang='grc' dir='ltr'><strong>ιιι</strong></span> 
     </span>
    </p>
   </div>
   <div class='ocr_carea' id='block_1_71' title="bbox 2131 960 3718 1033">
    <p class='ocr_par' dir='ltr' id='par_1_71' title="bbox 2131 960 3718 1033">
     <span class='ocr_line' id='line_1_71' title="bbox 2131 960 3718 1033; baseline -0.011 -1"><span class='ocrx_word' id='word_1_522' title='bbox 2131 976 2445 1033; x_wconf 87' lang='lat' dir='ltr'><strong>ostenderet</strong></span> <span class='ocrx_word' id='word_1_523' title='bbox 2474 988 2539 1028; x_wconf 85' lang='lat' dir='ltr'><strong>ex</strong></span> <span class='ocrx_word' id='word_1_524' title='bbox 2564 970 2850 1031; x_wconf 87' lang='lat' dir='ltr'><strong>ebrietate,</strong></span> <span class='ocrx_word' id='word_1_525' title='bbox 2882 964 3046 1020; x_wconf 85' lang='lat' dir='ltr'><strong>veluti</strong></span> <span class='ocrx_word' id='word_1_526' title='bbox 3094 960 3516 1033; x_wconf 87' lang='lat' dir='ltr'><strong>primogenitam</strong></span> <span class='ocrx_word' id='word_1_527' title='bbox 3548 960 3718 1014; x_wconf 82' lang='lat' dir='ltr'><strong>tiliam</strong></span> 
     </span>
    </p>
   </div>
   <div class='ocr_carea' id='block_1_72' title="bbox 2133 1051 3727 1141">
    <p class='ocr_par' dir='ltr' id='par_1_72' title="bbox 2133 1051 3727 1141">
     <span class='ocr_line' id='line_1_72' title="bbox 2133 1051 3727 1141; baseline -0.011 -18"><span class='ocrx_word' id='word_1_528' title='bbox 2133 1066 2385 1141; x_wconf 87' lang='lat' dir='ltr'><strong>generari</strong></span> <span class='ocrx_word' id='word_1_529' title='bbox 2420 1064 2712 1119; x_wconf 81' lang='lat' dir='ltr'><strong>luxuriam.</strong></span> <span class='ocrx_word' id='word_1_530' title='bbox 2746 1058 2883 1112; x_wconf 84' lang='lat' dir='ltr'><strong>Tum</strong></span> <span class='ocrx_word' id='word_1_531' title='bbox 2920 1064 3185 1126; x_wconf 62' lang='lat' dir='ltr'><strong>praeterea</strong></span> <span class='ocrx_word' id='word_1_532' title='bbox 3220 1060 3273 1106; x_wconf 89' lang='lat' dir='ltr'><strong>et</strong></span> <span class='ocrx_word' id='word_1_533' title='bbox 3315 1051 3591 1115; x_wconf 83' lang='lat' dir='ltr'><strong>Salvator,</strong></span> <span class='ocrx_word' id='word_1_534' title='bbox 3618 1051 3727 1105; x_wconf 89' lang='lat' dir='ltr'><strong>Do-</strong></span> 
     </span>
    </p>
   </div>
   <div class='ocr_carea' id='block_1_73' title="bbox 2135 1145 3729 1227">
    <p class='ocr_par' dir='ltr' id='par_1_73' title="bbox 2135 1145 3729 1227">
     <span class='ocr_line' id='line_1_73' title="bbox 2135 1145 3729 1227; baseline -0.011 -12"><span class='ocrx_word' id='word_1_535' title='bbox 2135 1161 2266 1216; x_wconf 91' lang='lat' dir='ltr'><strong>mini</strong></span> <span class='ocrx_word' id='word_1_536' title='bbox 2299 1168 2351 1212; x_wconf 91' lang='lat' dir='ltr'><strong>et</strong></span> <span class='ocrx_word' id='word_1_537' title='bbox 2382 1158 2526 1227; x_wconf 82' lang='lat' dir='ltr'><strong>regis</strong></span> <span class='ocrx_word' id='word_1_538' title='bbox 2554 1154 2889 1210; x_wconf 88' lang='lat' dir='ltr'><strong>auctoritate</strong></span> <span class='ocrx_word' id='word_1_539' title='bbox 2935 1146 3317 1203; x_wconf 87' lang='lat' dir='ltr'><strong>sacerdotibus</strong></span> <span class='ocrx_word' id='word_1_540' title='bbox 3355 1145 3518 1198; x_wconf 86' lang='lat' dir='ltr'><strong>simul</strong></span> <span class='ocrx_word' id='word_1_541' title='bbox 3550 1154 3607 1199; x_wconf 91' lang='lat' dir='ltr'><strong>ct</strong></span> <span class='ocrx_word' id='word_1_542' title='bbox 3636 1160 3729 1213; x_wconf 84' lang='lat' dir='ltr'><strong>po-</strong></span> 
     </span>
    </p>
   </div>
   <div class='ocr_carea' id='block_1_74' title="bbox 2134 1236 3723 1320">
    <p class='ocr_par' dir='ltr' id='par_1_74' title="bbox 2134 1236 3723 1320">
     <span class='ocr_line' id='line_1_74' title="bbox 2134 1236 3723 1320; baseline -0.009 -16"><span class='ocrx_word' id='word_1_543' title='bbox 2134 1251 2243 1320; x_wconf 91' lang='lat' dir='ltr'><strong>puli</strong></span> <span class='ocrx_word' id='word_1_544' title='bbox 2280 1250 2426 1318; x_wconf 76' lang='lat' dir='ltr'><strong>leges</strong></span> <span class='ocrx_word' id='word_1_545' title='bbox 2453 1262 2516 1302; x_wconf 91' lang='lat' dir='ltr'><strong>ac</strong></span> <span class='ocrx_word' id='word_1_546' title='bbox 2539 1247 2663 1316; x_wconf 87' lang='lat' dir='ltr'><strong>jura</strong></span> <span class='ocrx_word' id='word_1_547' title='bbox 2694 1243 3037 1299; x_wconf 88' lang='lat' dir='ltr'><strong>constituens</strong></span> <span class='ocrx_word' id='word_1_548' title='bbox 3068 1256 3080 1291; x_wconf 91' lang='lat'>:</span> <span class='ocrx_word' id='word_1_549' title='bbox 3112 1254 3131 1289; x_wconf 81' lang='grc' dir='ltr'><strong>ι</strong></span> <span class='ocrx_word' id='word_1_550' title='bbox 3152 1236 3455 1299; x_wconf 82' lang='lat' dir='ltr'><strong>Attendite,</strong></span> <span class='ocrx_word' id='word_1_551' title='bbox 3487 1236 3723 1305; x_wconf 66' lang='lat' dir='ltr'><strong>inquit“,</strong></span> 
     </span>
    </p>
   </div>
   <div class='ocr_carea' id='block_1_75' title="bbox 2136 1327 3728 1409">
    <p class='ocr_par' dir='ltr' id='par_1_75' title="bbox 2136 1327 3728 1409">
     <span class='ocr_line' id='line_1_75' title="bbox 2136 1327 3728 1409; baseline -0.012 -10"><span class='ocrx_word' id='word_1_552' title='bbox 2136 1360 2202 1399; x_wconf 91' lang='lat' dir='ltr'><strong>ne</strong></span> <span class='ocrx_word' id='word_1_553' title='bbox 2237 1342 2376 1395; x_wconf 82' lang='lat' dir='ltr'><strong>forte</strong></span> <span class='ocrx_word' id='word_1_554' title='bbox 2424 1346 2721 1409; x_wconf 82' lang='lat' dir='ltr'><strong>graventur</strong></span> <span class='ocrx_word' id='word_1_555' title='bbox 2777 1334 2942 1388; x_wconf 86' lang='lat' dir='ltr'><strong>corda</strong></span> <span class='ocrx_word' id='word_1_556' title='bbox 2980 1338 3161 1384; x_wconf 88' lang='lat' dir='ltr'><strong>vestra</strong></span> <span class='ocrx_word' id='word_1_557' title='bbox 3223 1328 3277 1381; x_wconf 89' lang='lat' dir='ltr'><strong>in</strong></span> <span class='ocrx_word' id='word_1_558' title='bbox 3323 1327 3621 1389; x_wconf 83' lang='lat' dir='ltr'><strong>ebrietate,</strong></span> <span class='ocrx_word' id='word_1_559' title='bbox 3670 1335 3728 1382; x_wconf 89' lang='lat' dir='ltr'><strong>et</strong></span> 
     </span>
    </p>
   </div>
   <div class='ocr_carea' id='block_1_76' title="bbox 2138 1419 3726 1505">
    <p class='ocr_par' dir='ltr' id='par_1_76' title="bbox 2138 1419 3726 1505">
     <span class='ocr_line' id='line_1_76' title="bbox 2138 1419 3726 1505; baseline -0.013 -13"><span class='ocrx_word' id='word_1_560' title='bbox 2138 1434 2383 1505; x_wconf 85' lang='lat' dir='ltr'><strong>crapula,</strong></span> <span class='ocrx_word' id='word_1_561' title='bbox 2417 1442 2472 1487; x_wconf 92' lang='lat' dir='ltr'><strong>et</strong></span> <span class='ocrx_word' id='word_1_562' title='bbox 2500 1434 2553 1485; x_wconf 92' lang='lat' dir='ltr'><strong>in</strong></span> <span class='ocrx_word' id='word_1_563' title='bbox 2590 1425 3047 1484; x_wconf 86' lang='lat' dir='ltr'><strong>sollicitudinibus</strong></span> <span class='ocrx_word' id='word_1_564' title='bbox 3093 1419 3300 1486; x_wconf 71' lang='lat' dir='ltr'><strong>saeculi,</strong></span> <span class='ocrx_word' id='word_1_565' title='bbox 3334 1428 3389 1474; x_wconf 84' lang='lat' dir='ltr'><strong>et</strong></span> <span class='ocrx_word' id='word_1_566' title='bbox 3419 1421 3598 1473; x_wconf 83' lang='lat' dir='ltr'><strong>veniat</strong></span> <span class='ocrx_word' id='word_1_567' title='bbox 3630 1435 3726 1473; x_wconf 87' lang='lat' dir='ltr'><strong>su-</strong></span> 
     </span>
    </p>
   </div>
   <div class='ocr_carea' id='block_1_77' title="bbox 2138 1513 3721 1596">
    <p class='ocr_par' dir='ltr' id='par_1_77' title="bbox 2138 1513 3721 1596">
     <span class='ocr_line' id='line_1_77' title="bbox 2138 1513 3721 1596; baseline -0.009 -15"><span class='ocrx_word' id='word_1_568' title='bbox 2138 1543 2233 1596; x_wconf 87' lang='lat' dir='ltr'><strong>per</strong></span> <span class='ocrx_word' id='word_1_569' title='bbox 2270 1542 2362 1581; x_wconf 85' lang='lat' dir='ltr'><strong>vos</strong></span> <span class='ocrx_word' id='word_1_570' title='bbox 2416 1525 2738 1579; x_wconf 88' lang='lat' dir='ltr'><strong>subitaneus</strong></span> <span class='ocrx_word' id='word_1_571' title='bbox 2792 1517 3066 1573; x_wconf 89' lang='lat' dir='ltr'><strong>interitus.</strong></span> <span class='ocrx_word' id='word_1_572' title='bbox 3115 1534 3134 1567; x_wconf 78' lang='grc'><strong>›</strong></span> <span class='ocrx_word' id='word_1_573' title='bbox 3192 1514 3434 1568; x_wconf 82' lang='lat' dir='ltr'><strong>Audistis</strong></span> <span class='ocrx_word' id='word_1_574' title='bbox 3476 1513 3721 1568; x_wconf 83' lang='lat' dir='ltr'><strong>edictum</strong></span> 
     </span>
    </p>
   </div>
   <div class='ocr_carea' id='block_1_78' title="bbox 2140 1607 3717 1689">
    <p class='ocr_par' dir='ltr' id='par_1_78' title="bbox 2140 1607 3717 1689">
     <span class='ocr_line' id='line_1_78' title="bbox 2140 1607 3717 1689; baseline -0.008 -15"><span class='ocrx_word' id='word_1_575' title='bbox 2140 1620 2304 1689; x_wconf 77' lang='lat' dir='ltr'><strong>Regis</strong></span> <span class='ocrx_word' id='word_1_576' title='bbox 2334 1619 2545 1681; x_wconf 72' lang='lat' dir='ltr'><strong>mterni,</strong></span> <span class='ocrx_word' id='word_1_577' title='bbox 2572 1627 2629 1671; x_wconf 88' lang='lat' dir='ltr'><strong>et</strong></span> <span class='ocrx_word' id='word_1_578' title='bbox 2667 1609 3072 1669; x_wconf 82' lang='lat' dir='ltr'><strong>lamentabilem</strong></span> <span class='ocrx_word' id='word_1_579' title='bbox 3108 1608 3270 1661; x_wconf 81' lang='lat' dir='ltr'><strong>tinem</strong></span> <span class='ocrx_word' id='word_1_580' title='bbox 3310 1607 3581 1662; x_wconf 85' lang='lat' dir='ltr'><strong>ebrietatis</strong></span> <span class='ocrx_word' id='word_1_581' title='bbox 3628 1608 3717 1661; x_wconf 84' lang='lat' dir='ltr'><strong>vel</strong></span> 
     </span>
    </p>
   </div>
   <div class='ocr_carea' id='block_1_79' title="bbox 2142 1700 3717 1783">
    <p class='ocr_par' dir='ltr' id='par_1_79' title="bbox 2142 1700 3717 1783">
     <span class='ocr_line' id='line_1_79' title="bbox 2142 1700 3717 1783; baseline -0.009 -16"><span class='ocrx_word' id='word_1_582' title='bbox 2142 1713 2381 1783; x_wconf 74' lang='lat' dir='ltr'><strong>crapula:</strong></span> <span class='ocrx_word' id='word_1_583' title='bbox 2411 1711 2704 1765; x_wconf 86' lang='lat' dir='ltr'><strong>didicistis.</strong></span> <span class='ocrx_word' id='word_1_584' title='bbox 2754 1709 2808 1762; x_wconf 89' lang='lat' dir='ltr'><strong>Si</strong></span> <span class='ocrx_word' id='word_1_585' title='bbox 2843 1709 2968 1776; x_wconf 91' lang='lat' dir='ltr'><strong>quis</strong></span> <span class='ocrx_word' id='word_1_586' title='bbox 3002 1705 3154 1760; x_wconf 89' lang='lat' dir='ltr'><strong>vobis</strong></span> <span class='ocrx_word' id='word_1_587' title='bbox 3183 1703 3394 1771; x_wconf 85' lang='lat' dir='ltr'><strong>peritus</strong></span> <span class='ocrx_word' id='word_1_588' title='bbox 3422 1708 3475 1753; x_wconf 88' lang='lat' dir='ltr'><strong>et</strong></span> <span class='ocrx_word' id='word_1_589' title='bbox 3503 1700 3717 1769; x_wconf 84' lang='lat' dir='ltr'><strong>sapiens</strong></span> 
     </span>
    </p>
   </div>
   <div class='ocr_carea' id='block_1_80' title="bbox 2065 1788 3720 1872">
    <p class='ocr_par' dir='ltr' id='par_1_80' title="bbox 2065 1788 3720 1872">
     <span class='ocr_line' id='line_1_80' title="bbox 2065 1788 3720 1872; baseline -0.011 -13"><span class='ocrx_word' id='word_1_590' title='bbox 2065 1793 2105 1847; x_wconf 81' lang='grc' dir='ltr'><strong>Β</strong></span> <span class='ocrx_word' id='word_1_591' title='bbox 2136 1806 2382 1859; x_wconf 88' lang='lat' dir='ltr'><strong>medicus</strong></span> <span class='ocrx_word' id='word_1_592' title='bbox 2408 1803 2493 1857; x_wconf 86' lang='lat' dir='ltr'><strong>bis</strong></span> <span class='ocrx_word' id='word_1_593' title='bbox 2522 1802 2653 1872; x_wconf 91' lang='lat' dir='ltr'><strong>ipsis</strong></span> <span class='ocrx_word' id='word_1_594' title='bbox 2683 1800 2865 1855; x_wconf 88' lang='lat' dir='ltr'><strong>verbis</strong></span> <span class='ocrx_word' id='word_1_595' title='bbox 2902 1796 3248 1867; x_wconf 67' lang='lat' dir='ltr'><strong>praeciperet,</strong></span> <span class='ocrx_word' id='word_1_596' title='bbox 3282 1800 3337 1845; x_wconf 86' lang='lat' dir='ltr'><strong>et</strong></span> <span class='ocrx_word' id='word_1_597' title='bbox 3371 1791 3599 1855; x_wconf 88' lang='lat' dir='ltr'><strong>diceret,</strong></span> <span class='ocrx_word' id='word_1_598' title='bbox 3631 1788 3720 1841; x_wconf 68' lang='lat' dir='ltr'><strong>At-</strong></span> 
     </span>
    </p>
   </div>
   <div class='ocr_carea' id='block_1_81' title="bbox 2135 1886 3727 1962">
    <p class='ocr_par' dir='ltr' id='par_1_81' title="bbox 2135 1886 3727 1962">
     <span class='ocr_line' id='line_1_81' title="bbox 2135 1886 3727 1962; baseline -0.006 -14"><span class='ocrx_word' id='word_1_599' title='bbox 2135 1897 2339 1949; x_wconf 85' lang='lat' dir='ltr'><strong>tendite</strong></span> <span class='ocrx_word' id='word_1_600' title='bbox 2373 1894 2548 1960; x_wconf 89' lang='lat' dir='ltr'><strong>vobis,</strong></span> <span class='ocrx_word' id='word_1_601' title='bbox 2600 1909 2668 1946; x_wconf 89' lang='lat' dir='ltr'><strong>ne</strong></span> <span class='ocrx_word' id='word_1_602' title='bbox 2702 1893 2846 1962; x_wconf 88' lang='lat' dir='ltr'><strong>quis,</strong></span> <span class='ocrx_word' id='word_1_603' title='bbox 2881 1894 3029 1946; x_wconf 87' lang='lat' dir='ltr'><strong>verbi</strong></span> <span class='ocrx_word' id='word_1_604' title='bbox 3068 1890 3267 1959; x_wconf 86' lang='lat' dir='ltr'><strong>gratia,</strong></span> <span class='ocrx_word' id='word_1_605' title='bbox 3322 1886 3392 1942; x_wconf 89' lang='lat' dir='ltr'><strong>de</strong></span> <span class='ocrx_word' id='word_1_606' title='bbox 3441 1887 3611 1950; x_wconf 85' lang='lat' dir='ltr'><strong>illius,</strong></span> <span class='ocrx_word' id='word_1_607' title='bbox 3644 1889 3727 1939; x_wconf 85' lang='lat' dir='ltr'><strong>vel</strong></span> 
     </span>
    </p>
   </div>
   <div class='ocr_carea' id='block_1_82' title="bbox 2134 1979 3733 2053">
    <p class='ocr_par' dir='ltr' id='par_1_82' title="bbox 2134 1979 3733 2053">
     <span class='ocr_line' id='line_1_82' title="bbox 2134 1979 3733 2053; baseline -0.006 -11"><span class='ocrx_word' id='word_1_608' title='bbox 2134 1988 2278 2044; x_wconf 90' lang='lat' dir='ltr'><strong>illius</strong></span> <span class='ocrx_word' id='word_1_609' title='bbox 2312 1989 2491 2043; x_wconf 63' lang='lat' dir='ltr'><strong>lierbm</strong></span> <span class='ocrx_word' id='word_1_610' title='bbox 2531 2003 2696 2042; x_wconf 90' lang='lat' dir='ltr'><strong>succo</strong></span> <span class='ocrx_word' id='word_1_611' title='bbox 2751 1987 2965 2040; x_wconf 78' lang='lat' dir='ltr'><strong>avidius</strong></span> <span class='ocrx_word' id='word_1_612' title='bbox 2998 1995 3181 2039; x_wconf 84' lang='lat' dir='ltr'><strong>sumat</strong></span> <span class='ocrx_word' id='word_1_613' title='bbox 3211 2000 3224 2049; x_wconf 93' lang='lat'>;</span> <span class='ocrx_word' id='word_1_614' title='bbox 3253 1983 3399 2053; x_wconf 87' lang='lat' dir='ltr'><strong>quod</strong></span> <span class='ocrx_word' id='word_1_615' title='bbox 3429 1983 3473 2036; x_wconf 92' lang='lat' dir='ltr'><strong>si</strong></span> <span class='ocrx_word' id='word_1_616' title='bbox 3508 1979 3733 2042; x_wconf 78' lang='lat' dir='ltr'><strong>fecerit,</strong></span> 
     </span>
    </p>
   </div>
   <div class='ocr_carea' id='block_1_83' title="bbox 2136 2071 3734 2143">
    <p class='ocr_par' dir='ltr' id='par_1_83' title="bbox 2136 2071 3734 2143">
     <span class='ocr_line' id='line_1_83' title="bbox 2136 2071 3734 2143; baseline -0.009 -6"><span class='ocrx_word' id='word_1_617' title='bbox 2136 2083 2348 2137; x_wconf 84' lang='lat' dir='ltr'><strong>subitus</strong></span> <span class='ocrx_word' id='word_1_618' title='bbox 2376 2082 2424 2135; x_wconf 92' lang='lat' dir='ltr'><strong>ei</strong></span> <span class='ocrx_word' id='word_1_619' title='bbox 2464 2080 2648 2133; x_wconf 86' lang='lat' dir='ltr'><strong>veniet</strong></span> <span class='ocrx_word' id='word_1_620' title='bbox 2706 2077 2987 2140; x_wconf 84' lang='lat' dir='ltr'><strong>interitus,</strong></span> <span class='ocrx_word' id='word_1_621' title='bbox 3025 2091 3130 2129; x_wconf 92' lang='lat' dir='ltr'><strong>non</strong></span> <span class='ocrx_word' id='word_1_622' title='bbox 3168 2073 3358 2129; x_wconf 89' lang='lat' dir='ltr'><strong>dubito</strong></span> <span class='ocrx_word' id='word_1_623' title='bbox 3383 2071 3517 2143; x_wconf 90' lang='lat' dir='ltr'><strong>quin</strong></span> <span class='ocrx_word' id='word_1_624' title='bbox 3556 2086 3734 2125; x_wconf 85' lang='lat' dir='ltr'><strong>unus-</strong></span> 
     </span>
    </p>
   </div>
   <div class='ocr_carea' id='block_1_84' title="bbox 2138 2165 3737 2245">
    <p class='ocr_par' dir='ltr' id='par_1_84' title="bbox 2138 2165 3737 2245">
     <span class='ocr_line' id='line_1_84' title="bbox 2138 2165 3737 2245; baseline -0.009 -17"><span class='ocrx_word' id='word_1_625' title='bbox 2138 2176 2370 2245; x_wconf 88' lang='lat' dir='ltr'><strong>quisque</strong></span> <span class='ocrx_word' id='word_1_626' title='bbox 2414 2171 2646 2243; x_wconf 75' lang='lat' dir='ltr'><strong>propriae</strong></span> <span class='ocrx_word' id='word_1_627' title='bbox 2699 2169 2892 2223; x_wconf 87' lang='lat' dir='ltr'><strong>salutis</strong></span> <span class='ocrx_word' id='word_1_628' title='bbox 2937 2166 3139 2221; x_wconf 90' lang='lat' dir='ltr'><strong>intuitu</strong></span> <span class='ocrx_word' id='word_1_629' title='bbox 3187 2165 3578 2235; x_wconf 64' lang='lat' dir='ltr'><strong>praemonentis</strong></span> <span class='ocrx_word' id='word_1_630' title='bbox 3618 2177 3737 2214; x_wconf 84' lang='lat' dir='ltr'><strong>me-</strong></span> 
     </span>
    </p>
   </div>
   <div class='ocr_carea' id='block_1_85' title="bbox 2140 2259 3739 2337">
    <p class='ocr_par' dir='ltr' id='par_1_85' title="bbox 2140 2259 3739 2337">
     <span class='ocr_line' id='line_1_85' title="bbox 2140 2259 3739 2337; baseline -0.011 -14"><span class='ocrx_word' id='word_1_631' title='bbox 2140 2269 2249 2323; x_wconf 90' lang='lat' dir='ltr'><strong>dici</strong></span> <span class='ocrx_word' id='word_1_632' title='bbox 2312 2275 2585 2337; x_wconf 67' lang='lat' dir='ltr'><strong>prrccepta</strong></span> <span class='ocrx_word' id='word_1_633' title='bbox 2623 2272 2892 2319; x_wconf 89' lang='lat' dir='ltr'><strong>servaret.</strong></span> <span class='ocrx_word' id='word_1_634' title='bbox 2948 2259 3105 2315; x_wconf 86' lang='lat' dir='ltr'><strong>Nunc</strong></span> <span class='ocrx_word' id='word_1_635' title='bbox 3156 2275 3286 2313; x_wconf 89' lang='lat' dir='ltr'><strong>vero</strong></span> <span class='ocrx_word' id='word_1_636' title='bbox 3337 2259 3648 2311; x_wconf 88' lang='lat' dir='ltr'><strong>animarum</strong></span> <span class='ocrx_word' id='word_1_637' title='bbox 3681 2264 3739 2306; x_wconf 89' lang='lat' dir='ltr'><strong>et</strong></span> 
     </span>
    </p>
   </div>
   <div class='ocr_carea' id='block_1_86' title="bbox 2141 2353 3729 2435">
    <p class='ocr_par' dir='ltr' id='par_1_86' title="bbox 2141 2353 3729 2435">
     <span class='ocr_line' id='line_1_86' title="bbox 2141 2353 3729 2435; baseline -0.009 -14"><span class='ocrx_word' id='word_1_638' title='bbox 2141 2382 2434 2435; x_wconf 84' lang='lat' dir='ltr'><strong>corporum</strong></span> <span class='ocrx_word' id='word_1_639' title='bbox 2497 2363 2763 2426; x_wconf 87' lang='lat' dir='ltr'><strong>medicus,</strong></span> <span class='ocrx_word' id='word_1_640' title='bbox 2819 2360 3090 2428; x_wconf 83' lang='lat' dir='ltr'><strong>simulque</strong></span> <span class='ocrx_word' id='word_1_641' title='bbox 3138 2369 3197 2413; x_wconf 89' lang='lat' dir='ltr'><strong>et</strong></span> <span class='ocrx_word' id='word_1_642' title='bbox 3247 2358 3527 2421; x_wconf 82' lang='lat' dir='ltr'><strong>Dominus,</strong></span> <span class='ocrx_word' id='word_1_643' title='bbox 3569 2353 3729 2421; x_wconf 85' lang='lat' dir='ltr'><strong>jubet</strong></span> 
     </span>
    </p>
   </div>
   <div class='ocr_carea' id='block_1_87' title="bbox 2143 2448 3729 2521">
    <p class='ocr_par' dir='ltr' id='par_1_87' title="bbox 2143 2448 3729 2521">
     <span class='ocr_line' id='line_1_87' title="bbox 2143 2448 3729 2521; baseline -0.008 -9"><span class='ocrx_word' id='word_1_644' title='bbox 2143 2457 2429 2512; x_wconf 87' lang='lat' dir='ltr'><strong>ebrietatis</strong></span> <span class='ocrx_word' id='word_1_645' title='bbox 2460 2456 2686 2511; x_wconf 84' lang='lat' dir='ltr'><strong>herbam</strong></span> <span class='ocrx_word' id='word_1_646' title='bbox 2708 2463 2760 2508; x_wconf 90' lang='lat' dir='ltr'><strong>et</strong></span> <span class='ocrx_word' id='word_1_647' title='bbox 2784 2450 3019 2521; x_wconf 77' lang='lat' dir='ltr'><strong>crapula:</strong></span> <span class='ocrx_word' id='word_1_648' title='bbox 3054 2448 3351 2510; x_wconf 88' lang='lat' dir='ltr'><strong>vitandam,</strong></span> <span class='ocrx_word' id='word_1_649' title='bbox 3383 2448 3637 2502; x_wconf 77' lang='lat' dir='ltr'><strong>similiter</strong></span> <span class='ocrx_word' id='word_1_650' title='bbox 3670 2456 3729 2499; x_wconf 90' lang='lat' dir='ltr'><strong>et</strong></span> 
     </span>
    </p>
   </div>
   <div class='ocr_carea' id='block_1_88' title="bbox 2144 2541 3735 2603">
    <p class='ocr_par' dir='ltr' id='par_1_88' title="bbox 2144 2541 3735 2603">
     <span class='ocr_line' id='line_1_88' title="bbox 2144 2541 3735 2603; baseline -0.008 0"><span class='ocrx_word' id='word_1_651' title='bbox 2144 2547 2577 2603; x_wconf 87' lang='lat' dir='ltr'><strong>sollicitudinum</strong></span> <span class='ocrx_word' id='word_1_652' title='bbox 2622 2544 2964 2599; x_wconf 68' lang='lat' dir='ltr'><strong>saacularium</strong></span> <span class='ocrx_word' id='word_1_653' title='bbox 3001 2543 3147 2598; x_wconf 87' lang='lat' dir='ltr'><strong>velut</strong></span> <span class='ocrx_word' id='word_1_654' title='bbox 3196 2541 3506 2595; x_wconf 79' lang='lat' dir='ltr'><strong>mortiferos</strong></span> <span class='ocrx_word' id='word_1_655' title='bbox 3541 2554 3735 2591; x_wconf 85' lang='lat' dir='ltr'><strong>succos</strong></span> 
     </span>
    </p>
   </div>
   <div class='ocr_carea' id='block_1_89' title="bbox 2147 2631 3740 2704">
    <p class='ocr_par' dir='ltr' id='par_1_89' title="bbox 2147 2631 3740 2704">
     <span class='ocr_line' id='line_1_89' title="bbox 2147 2631 3740 2704; baseline -0.008 -11"><span class='ocrx_word' id='word_1_656' title='bbox 2147 2638 2441 2693; x_wconf 85' lang='lat' dir='ltr'><strong>cavendos.</strong></span> <span class='ocrx_word' id='word_1_657' title='bbox 2477 2637 2745 2690; x_wconf 86' lang='lat' dir='ltr'><strong>Etnescio</strong></span> <span class='ocrx_word' id='word_1_658' title='bbox 2772 2636 2816 2689; x_wconf 89' lang='lat' dir='ltr'><strong>si</strong></span> <span class='ocrx_word' id='word_1_659' title='bbox 2844 2636 2969 2704; x_wconf 89' lang='lat' dir='ltr'><strong>quis</strong></span> <span class='ocrx_word' id='word_1_660' title='bbox 3003 2646 3250 2691; x_wconf 91' lang='lat' dir='ltr'><strong>nostrum</strong></span> <span class='ocrx_word' id='word_1_661' title='bbox 3287 2650 3390 2686; x_wconf 93' lang='lat' dir='ltr'><strong>non</strong></span> <span class='ocrx_word' id='word_1_662' title='bbox 3419 2632 3470 2686; x_wconf 93' lang='lat' dir='ltr'><strong>in</strong></span> <span class='ocrx_word' id='word_1_663' title='bbox 3498 2631 3580 2684; x_wconf 90' lang='lat' dir='ltr'><strong>bis</strong></span> <span class='ocrx_word' id='word_1_664' title='bbox 3611 2645 3740 2684; x_wconf 87' lang='lat' dir='ltr'><strong>con-</strong></span> 
     </span>
    </p>
   </div>
   <div class='ocr_carea' id='block_1_90' title="bbox 2149 2723 3737 2795">
    <p class='ocr_par' dir='ltr' id='par_1_90' title="bbox 2149 2723 3737 2795">
     <span class='ocr_line' id='line_1_90' title="bbox 2149 2723 3737 2795; baseline -0.004 -12"><span class='ocrx_word' id='word_1_665' title='bbox 2149 2730 2406 2793; x_wconf 87' lang='lat' dir='ltr'><strong>sumitur,</strong></span> <span class='ocrx_word' id='word_1_666' title='bbox 2436 2728 2515 2782; x_wconf 87' lang='lat' dir='ltr'><strong>uti</strong></span> <span class='ocrx_word' id='word_1_667' title='bbox 2551 2743 2619 2782; x_wconf 92' lang='lat' dir='ltr'><strong>ne</strong></span> <span class='ocrx_word' id='word_1_668' title='bbox 2656 2728 2888 2782; x_wconf 81' lang='lat' dir='ltr'><strong>dixerim</strong></span> <span class='ocrx_word' id='word_1_669' title='bbox 2918 2729 3216 2783; x_wconf 88' lang='lat' dir='ltr'><strong>sauciatur.</strong></span> <span class='ocrx_word' id='word_1_670' title='bbox 3249 2724 3342 2780; x_wconf 84' lang='lat' dir='ltr'><strong>Est</strong></span> <span class='ocrx_word' id='word_1_671' title='bbox 3384 2740 3517 2795; x_wconf 84' lang='lat' dir='ltr'><strong>ergo</strong></span> <span class='ocrx_word' id='word_1_672' title='bbox 3552 2723 3737 2779; x_wconf 80' lang='lat' dir='ltr'><strong>ebrie-</strong></span> 
     </span>
    </p>
   </div>
   <div class='ocr_carea' id='block_1_91' title="bbox 2150 2818 3732 2890">
    <p class='ocr_par' dir='ltr' id='par_1_91' title="bbox 2150 2818 3732 2890">
     <span class='ocr_line' id='line_1_91' title="bbox 2150 2818 3732 2890; baseline -0.006 -13"><span class='ocrx_word' id='word_1_673' title='bbox 2150 2831 2233 2877; x_wconf 87' lang='lat' dir='ltr'><strong>tas</strong></span> <span class='ocrx_word' id='word_1_674' title='bbox 2269 2821 2380 2876; x_wconf 84' lang='lat' dir='ltr'><strong>vini</strong></span> <span class='ocrx_word' id='word_1_675' title='bbox 2413 2820 2721 2890; x_wconf 86' lang='lat' dir='ltr'><strong>perniciosa</strong></span> <span class='ocrx_word' id='word_1_676' title='bbox 2774 2819 2827 2873; x_wconf 89' lang='lat' dir='ltr'><strong>in</strong></span> <span class='ocrx_word' id='word_1_677' title='bbox 2862 2818 3136 2882; x_wconf 82' lang='lat' dir='ltr'><strong>Omnibus,</strong></span> <span class='ocrx_word' id='word_1_678' title='bbox 3188 2819 3298 2873; x_wconf 81' lang='lat' dir='ltr'><strong>sola</strong></span> <span class='ocrx_word' id='word_1_679' title='bbox 3354 2831 3588 2887; x_wconf 83' lang='lat' dir='ltr'><strong>namque</strong></span> <span class='ocrx_word' id='word_1_680' title='bbox 3629 2823 3732 2878; x_wconf 81' lang='lat' dir='ltr'><strong>cst,</strong></span> 
     </span>
    </p>
   </div>
   <div class='ocr_carea' id='block_1_92' title="bbox 2152 2906 3736 2983">
    <p class='ocr_par' dir='ltr' id='par_1_92' title="bbox 2152 2906 3736 2983">
     <span class='ocr_line' id='line_1_92' title="bbox 2152 2906 3736 2983; baseline -0.005 -17"><span class='ocrx_word' id='word_1_681' title='bbox 2152 2929 2271 2983; x_wconf 64' lang='lat' dir='ltr'><strong>quae</strong></span> <span class='ocrx_word' id='word_1_682' title='bbox 2301 2911 2464 2967; x_wconf 91' lang='lat' dir='ltr'><strong>simul</strong></span> <span class='ocrx_word' id='word_1_683' title='bbox 2485 2927 2610 2967; x_wconf 91' lang='lat' dir='ltr'><strong>cum</strong></span> <span class='ocrx_word' id='word_1_684' title='bbox 2640 2926 2872 2981; x_wconf 89' lang='lat' dir='ltr'><strong>corpore</strong></span> <span class='ocrx_word' id='word_1_685' title='bbox 2894 2918 2949 2965; x_wconf 90' lang='lat' dir='ltr'><strong>et</strong></span> <span class='ocrx_word' id='word_1_686' title='bbox 2972 2910 3210 2963; x_wconf 87' lang='lat' dir='ltr'><strong>animam</strong></span> <span class='ocrx_word' id='word_1_687' title='bbox 3243 2909 3476 2964; x_wconf 88' lang='lat' dir='ltr'><strong>debilem</strong></span> <span class='ocrx_word' id='word_1_688' title='bbox 3522 2906 3736 2960; x_wconf 80' lang='lat' dir='ltr'><strong>reddat.</strong></span> 
     </span>
    </p>
   </div>
   <div class='ocr_carea' id='block_1_93' title="bbox 2151 2997 3738 3072">
    <p class='ocr_par' dir='ltr' id='par_1_93' title="bbox 2151 2997 3738 3072">
     <span class='ocr_line' id='line_1_93' title="bbox 2151 2997 3738 3072; baseline -0.007 -12"><span class='ocrx_word' id='word_1_689' title='bbox 2151 3004 2209 3060; x_wconf 84' lang='lat' dir='ltr'><strong>In</strong></span> <span class='ocrx_word' id='word_1_690' title='bbox 2237 3004 2450 3059; x_wconf 64' lang='lat' dir='ltr'><strong>caeteris</strong></span> <span class='ocrx_word' id='word_1_691' title='bbox 2479 3003 2684 3059; x_wconf 88' lang='lat' dir='ltr'><strong>etenim</strong></span> <span class='ocrx_word' id='word_1_692' title='bbox 2710 3013 2889 3072; x_wconf 90' lang='lat' dir='ltr'><strong>potest</strong></span> <span class='ocrx_word' id='word_1_693' title='bbox 2921 3002 3061 3068; x_wconf 85' lang='lat' dir='ltr'><strong>ﬁeri,</strong></span> <span class='ocrx_word' id='word_1_694' title='bbox 3095 3010 3155 3055; x_wconf 93' lang='lat' dir='ltr'><strong>ut</strong></span> <span class='ocrx_word' id='word_1_695' title='bbox 3177 3000 3472 3055; x_wconf 87' lang='lat' dir='ltr'><strong>secundum</strong></span> <span class='ocrx_word' id='word_1_696' title='bbox 3507 2997 3738 3066; x_wconf 85' lang='lat' dir='ltr'><strong>Aposto-</strong></span> 
     </span>
    </p>
   </div>
   <div class='ocr_carea' id='block_1_94' title="bbox 2156 3088 3730 3164">
    <p class='ocr_par' dir='ltr' id='par_1_94' title="bbox 2156 3088 3730 3164">
     <span class='ocr_line' id='line_1_94' title="bbox 2156 3088 3730 3164; baseline -0.006 -15"><span class='ocrx_word' id='word_1_697' title='bbox 2156 3096 2265 3149; x_wconf 91' lang='lat' dir='ltr'><strong>lum</strong></span> <span class='ocrx_word' id='word_1_698' title='bbox 2290 3112 2413 3151; x_wconf 89' lang='lat' dir='ltr'><strong>cum</strong></span> <span class='ocrx_word' id='word_1_699' title='bbox 2445 3095 2756 3150; x_wconf 78' lang='lat' dir='ltr'><strong>inﬁrmatur</strong></span> <span class='ocrx_word' id='word_1_700' title='bbox 2780 3109 2999 3164; x_wconf 90' lang='lat' dir='ltr'><strong>corpus,</strong></span> <span class='ocrx_word' id='word_1_701' title='bbox 3037 3102 3162 3147; x_wconf 90' lang='lat' dir='ltr'><strong>tunc</strong></span> <span class='ocrx_word' id='word_1_702' title='bbox 3214 3091 3387 3160; x_wconf 83' lang='lat' dir='ltr'><strong>magis</strong></span> <span class='ocrx_word' id='word_1_703' title='bbox 3424 3100 3616 3159; x_wconf 89' lang='lat' dir='ltr'><strong>potens</strong></span> <span class='ocrx_word' id='word_1_704' title='bbox 3660 3088 3730 3142; x_wconf 85' lang='lat' dir='ltr'><strong>sit</strong></span> 
     </span>
    </p>
   </div>
   <div class='ocr_carea' id='block_1_95' title="bbox 2156 3178 3725 3258">
    <p class='ocr_par' dir='ltr' id='par_1_95' title="bbox 2156 3178 3725 3258">
     <span class='ocr_line' id='line_1_95' title="bbox 2156 3178 3725 3258; baseline -0.008 -16"><span class='ocrx_word' id='word_1_705' title='bbox 2156 3188 2405 3258; x_wconf 84' lang='lat' dir='ltr'><strong>spiritus,</strong></span> <span class='ocrx_word' id='word_1_706' title='bbox 2434 3197 2490 3242; x_wconf 92' lang='lat' dir='ltr'><strong>et</strong></span> <span class='ocrx_word' id='word_1_707' title='bbox 2525 3186 2613 3241; x_wconf 92' lang='lat' dir='ltr'><strong>ubi</strong></span> <span class='ocrx_word' id='word_1_708' title='bbox 2655 3186 2699 3239; x_wconf 93' lang='lat' dir='ltr'><strong>is</strong></span> <span class='ocrx_word' id='word_1_709' title='bbox 2733 3186 2825 3255; x_wconf 90' lang='lat' dir='ltr'><strong>qui</strong></span> <span class='ocrx_word' id='word_1_710' title='bbox 2858 3186 3060 3240; x_wconf 74' lang='lat' dir='ltr'><strong>deforis</strong></span> <span class='ocrx_word' id='word_1_711' title='bbox 3101 3195 3185 3239; x_wconf 89' lang='lat' dir='ltr'><strong>est</strong></span> <span class='ocrx_word' id='word_1_712' title='bbox 3215 3183 3379 3237; x_wconf 86' lang='lat' dir='ltr'><strong>homo</strong></span> <span class='ocrx_word' id='word_1_713' title='bbox 3424 3178 3725 3246; x_wconf 88' lang='lat' dir='ltr'><strong>corrumpi-</strong></span> 
     </span>
    </p>
   </div>
   <div class='ocr_carea' id='block_1_96' title="bbox 2157 3271 3734 3346">
    <p class='ocr_par' dir='ltr' id='par_1_96' title="bbox 2157 3271 3734 3346">
     <span class='ocr_line' id='line_1_96' title="bbox 2157 3271 3734 3346; baseline -0.007 -12"><span class='ocrx_word' id='word_1_714' title='bbox 2157 3288 2265 3345; x_wconf 90' lang='lat' dir='ltr'><strong>tur,</strong></span> <span class='ocrx_word' id='word_1_715' title='bbox 2298 3279 2385 3332; x_wconf 89' lang='lat' dir='ltr'><strong>ille</strong></span> <span class='ocrx_word' id='word_1_716' title='bbox 2414 3278 2503 3346; x_wconf 93' lang='lat' dir='ltr'><strong>qui</strong></span> <span class='ocrx_word' id='word_1_717' title='bbox 2540 3278 2686 3332; x_wconf 87' lang='lat' dir='ltr'><strong>intus</strong></span> <span class='ocrx_word' id='word_1_718' title='bbox 2704 3284 2791 3331; x_wconf 90' lang='lat' dir='ltr'><strong>est</strong></span> <span class='ocrx_word' id='word_1_719' title='bbox 2830 3285 3120 3330; x_wconf 80' lang='lat' dir='ltr'><strong>renovetur</strong></span> <span class='ocrx_word' id='word_1_720' title='bbox 3142 3274 3184 3326; x_wconf 78' lang='grc'><strong>⁷.</strong></span> <span class='ocrx_word' id='word_1_721' title='bbox 3211 3271 3267 3325; x_wconf 87' lang='lat' dir='ltr'><strong>In</strong></span> <span class='ocrx_word' id='word_1_722' title='bbox 3298 3271 3585 3326; x_wconf 88' lang='lat' dir='ltr'><strong>ebrietatis</strong></span> <span class='ocrx_word' id='word_1_723' title='bbox 3609 3284 3734 3323; x_wconf 81' lang='lat' dir='ltr'><strong>vero</strong></span> 
     </span>
    </p>
   </div>
   <div class='ocr_carea' id='block_1_97' title="bbox 2157 3362 3736 3441">
    <p class='ocr_par' dir='ltr' id='par_1_97' title="bbox 2157 3362 3736 3441">
     <span class='ocr_line' id='line_1_97' title="bbox 2157 3362 3736 3441; baseline -0.008 -16"><span class='ocrx_word' id='word_1_724' title='bbox 2157 3370 2509 3441; x_wconf 72' lang='lat' dir='ltr'><strong>aegritudine,</strong></span> <span class='ocrx_word' id='word_1_725' title='bbox 2550 3384 2746 3438; x_wconf 88' lang='lat' dir='ltr'><strong>corpus</strong></span> <span class='ocrx_word' id='word_1_726' title='bbox 2801 3367 2962 3421; x_wconf 87' lang='lat' dir='ltr'><strong>simul</strong></span> <span class='ocrx_word' id='word_1_727' title='bbox 3008 3377 3063 3421; x_wconf 90' lang='lat' dir='ltr'><strong>et</strong></span> <span class='ocrx_word' id='word_1_728' title='bbox 3110 3365 3291 3418; x_wconf 86' lang='lat' dir='ltr'><strong>anima</strong></span> <span class='ocrx_word' id='word_1_729' title='bbox 3345 3362 3736 3431; x_wconf 84' lang='lat' dir='ltr'><strong>corrumpitur,</strong></span> 
     </span>
    </p>
   </div>
   <div class='ocr_carea' id='block_1_98' title="bbox 2158 3453 3739 3530">
    <p class='ocr_par' dir='ltr' id='par_1_98' title="bbox 2158 3453 3739 3530">
     <span class='ocr_line' id='line_1_98' title="bbox 2158 3453 3739 3530; baseline -0.008 -15"><span class='ocrx_word' id='word_1_730' title='bbox 2158 3461 2387 3530; x_wconf 89' lang='lat' dir='ltr'><strong>spiritus</strong></span> <span class='ocrx_word' id='word_1_731' title='bbox 2418 3461 2627 3529; x_wconf 89' lang='lat' dir='ltr'><strong>pariter</strong></span> <span class='ocrx_word' id='word_1_732' title='bbox 2655 3472 2778 3513; x_wconf 92' lang='lat' dir='ltr'><strong>cum</strong></span> <span class='ocrx_word' id='word_1_733' title='bbox 2798 3471 2965 3511; x_wconf 87' lang='lat' dir='ltr'><strong>carne</strong></span> <span class='ocrx_word' id='word_1_734' title='bbox 2998 3456 3239 3510; x_wconf 87' lang='lat' dir='ltr'><strong>vitiatur.</strong></span> <span class='ocrx_word' id='word_1_735' title='bbox 3265 3454 3458 3509; x_wconf 85' lang='lat' dir='ltr'><strong>Omnia</strong></span> <span class='ocrx_word' id='word_1_736' title='bbox 3494 3453 3739 3507; x_wconf 83' lang='lat' dir='ltr'><strong>membra</strong></span> 
     </span>
    </p>
   </div>
   <div class='ocr_carea' id='block_1_99' title="bbox 2158 3544 3740 3622">
    <p class='ocr_par' dir='ltr' id='par_1_99' title="bbox 2158 3544 3740 3622">
     <span class='ocr_line' id='line_1_99' title="bbox 2158 3544 3740 3622; baseline -0.006 -15"><span class='ocrx_word' id='word_1_737' title='bbox 2158 3553 2427 3617; x_wconf 87' lang='lat' dir='ltr'><strong>debilitat,</strong></span> <span class='ocrx_word' id='word_1_738' title='bbox 2462 3551 2678 3622; x_wconf 83' lang='lat' dir='ltr'><strong>pedem,</strong></span> <span class='ocrx_word' id='word_1_739' title='bbox 2716 3562 2959 3611; x_wconf 85' lang='lat' dir='ltr'><strong>manum,</strong></span> <span class='ocrx_word' id='word_1_740' title='bbox 2999 3547 3235 3616; x_wconf 86' lang='lat' dir='ltr'><strong>linguam</strong></span> <span class='ocrx_word' id='word_1_741' title='bbox 3272 3545 3516 3607; x_wconf 88' lang='lat' dir='ltr'><strong>resolvit,</strong></span> <span class='ocrx_word' id='word_1_742' title='bbox 3549 3544 3740 3598; x_wconf 80' lang='lat' dir='ltr'><strong>oculos</strong></span> 
     </span>
    </p>
   </div>
   <div class='ocr_carea' id='block_1_100' title="bbox 2160 3636 3736 3711">
    <p class='ocr_par' dir='ltr' id='par_1_100' title="bbox 2160 3636 3736 3711">
     <span class='ocr_line' id='line_1_100' title="bbox 2160 3636 3736 3711; baseline -0.008 -11"><span class='ocrx_word' id='word_1_743' title='bbox 2160 3646 2432 3711; x_wconf 87' lang='lat' dir='ltr'><strong>tenebrat,</strong></span> <span class='ocrx_word' id='word_1_744' title='bbox 2466 3653 2700 3700; x_wconf 85' lang='lat' dir='ltr'><strong>mentem</strong></span> <span class='ocrx_word' id='word_1_745' title='bbox 2754 3642 2903 3696; x_wconf 85' lang='lat' dir='ltr'><strong>velat</strong></span> <span class='ocrx_word' id='word_1_746' title='bbox 2950 3640 3153 3695; x_wconf 86' lang='lat' dir='ltr'><strong>oblivio</strong></span> <span class='ocrx_word' id='word_1_747' title='bbox 3188 3637 3325 3710; x_wconf 79' lang='lat'><strong>(85),</strong></span> <span class='ocrx_word' id='word_1_748' title='bbox 3356 3638 3427 3691; x_wconf 90' lang='lat' dir='ltr'><strong>ita</strong></span> <span class='ocrx_word' id='word_1_749' title='bbox 3458 3645 3516 3689; x_wconf 92' lang='lat' dir='ltr'><strong>ut</strong></span> <span class='ocrx_word' id='word_1_750' title='bbox 3555 3636 3736 3689; x_wconf 86' lang='lat' dir='ltr'><strong>homi-</strong></span> 
     </span>
    </p>
   </div>
   <div class='ocr_carea' id='block_1_101' title="bbox 2162 3730 3739 3801">
    <p class='ocr_par' dir='ltr' id='par_1_101' title="bbox 2162 3730 3739 3801">
     <span class='ocr_line' id='line_1_101' title="bbox 2162 3730 3739 3801; baseline -0.006 -8"><span class='ocrx_word' id='word_1_751' title='bbox 2162 3755 2283 3795; x_wconf 89' lang='lat' dir='ltr'><strong>nem</strong></span> <span class='ocrx_word' id='word_1_752' title='bbox 2316 3755 2373 3793; x_wconf 90' lang='lat' dir='ltr'><strong>se</strong></span> <span class='ocrx_word' id='word_1_753' title='bbox 2408 3740 2620 3793; x_wconf 91' lang='lat' dir='ltr'><strong>nesciat</strong></span> <span class='ocrx_word' id='word_1_754' title='bbox 2651 3752 2773 3792; x_wconf 92' lang='lat' dir='ltr'><strong>esse</strong></span> <span class='ocrx_word' id='word_1_755' title='bbox 2813 3751 2911 3790; x_wconf 92' lang='lat' dir='ltr'><strong>nec</strong></span> <span class='ocrx_word' id='word_1_756' title='bbox 2952 3734 3171 3790; x_wconf 82' lang='lat' dir='ltr'><strong>sentiat.</strong></span> <span class='ocrx_word' id='word_1_757' title='bbox 3206 3732 3380 3787; x_wconf 81' lang='lat' dir='ltr'><strong>Habet</strong></span> <span class='ocrx_word' id='word_1_758' title='bbox 3428 3745 3559 3801; x_wconf 87' lang='lat' dir='ltr'><strong>ergo</strong></span> <span class='ocrx_word' id='word_1_759' title='bbox 3596 3730 3739 3783; x_wconf 74' lang='lat' dir='ltr'><strong>istud</strong></span> 
     </span>
    </p>
   </div>
   <div class='ocr_carea' id='block_1_102' title="bbox 2159 3821 3739 3901">
    <p class='ocr_par' dir='ltr' id='par_1_102' title="bbox 2159 3821 3739 3901">
     <span class='ocr_line' id='line_1_102' title="bbox 2159 3821 3739 3901; baseline -0.006 -18"><span class='ocrx_word' id='word_1_760' title='bbox 2159 3832 2336 3901; x_wconf 90' lang='lat' dir='ltr'><strong>primo</strong></span> <span class='ocrx_word' id='word_1_761' title='bbox 2359 3830 2645 3885; x_wconf 87' lang='lat' dir='ltr'><strong>dedecoris</strong></span> <span class='ocrx_word' id='word_1_762' title='bbox 2665 3827 2968 3898; x_wconf 76' lang='lat' dir='ltr'><strong>corporalis</strong></span> <span class='ocrx_word' id='word_1_763' title='bbox 2988 3826 3246 3889; x_wconf 86' lang='lat' dir='ltr'><strong>ebrietas,</strong></span> <span class='ocrx_word' id='word_1_764' title='bbox 3263 3825 3377 3894; x_wconf 87' lang='lat' dir='ltr'><strong>jam</strong></span> <span class='ocrx_word' id='word_1_765' title='bbox 3404 3838 3531 3878; x_wconf 91' lang='lat' dir='ltr'><strong>vero</strong></span> <span class='ocrx_word' id='word_1_766' title='bbox 3553 3822 3597 3875; x_wconf 87' lang='lat' dir='ltr'><strong>si</strong></span> <span class='ocrx_word' id='word_1_767' title='bbox 3623 3821 3739 3875; x_wconf 89' lang='lat' dir='ltr'><strong>dis-</strong></span> 
     </span>
    </p>
   </div>
   <div class='ocr_carea' id='block_1_103' title="bbox 2159 3916 3734 3992">
    <p class='ocr_par' dir='ltr' id='par_1_103' title="bbox 2159 3916 3734 3992">
     <span class='ocr_line' id='line_1_103' title="bbox 2159 3916 3734 3992; baseline -0.007 -14"><span class='ocrx_word' id='word_1_768' title='bbox 2159 3924 2429 3979; x_wconf 91' lang='lat' dir='ltr'><strong>cutiamus</strong></span> <span class='ocrx_word' id='word_1_769' title='bbox 2480 3935 2608 3992; x_wconf 91' lang='lat' dir='ltr'><strong>quot</strong></span> <span class='ocrx_word' id='word_1_770' title='bbox 2644 3922 2819 3977; x_wconf 89' lang='lat' dir='ltr'><strong>modis</strong></span> <span class='ocrx_word' id='word_1_771' title='bbox 2851 3938 3005 3976; x_wconf 92' lang='lat' dir='ltr'><strong>mens</strong></span> <span class='ocrx_word' id='word_1_772' title='bbox 3032 3921 3335 3975; x_wconf 88' lang='lat' dir='ltr'><strong>inebriatur</strong></span> <span class='ocrx_word' id='word_1_773' title='bbox 3364 3920 3623 3981; x_wconf 87' lang='lat' dir='ltr'><strong>lmmaua,</strong></span> <span class='ocrx_word' id='word_1_774' title='bbox 3649 3916 3734 3968; x_wconf 83' lang='lat' dir='ltr'><strong>in-</strong></span> 
     </span>
    </p>
   </div>
   <div class='ocr_carea' id='block_1_104' title="bbox 2162 4010 3737 4081">
    <p class='ocr_par' dir='ltr' id='par_1_104' title="bbox 2162 4010 3737 4081">
     <span class='ocr_line' id='line_1_104' title="bbox 2162 4010 3737 4081; baseline -0.004 -13"><span class='ocrx_word' id='word_1_775' title='bbox 2162 4017 2451 4070; x_wconf 87' lang='lat' dir='ltr'><strong>veniemus</strong></span> <span class='ocrx_word' id='word_1_776' title='bbox 2484 4014 2664 4069; x_wconf 86' lang='lat' dir='ltr'><strong>ebrios</strong></span> <span class='ocrx_word' id='word_1_777' title='bbox 2682 4013 2848 4067; x_wconf 89' lang='lat' dir='ltr'><strong>etiam</strong></span> <span class='ocrx_word' id='word_1_778' title='bbox 2879 4028 2973 4067; x_wconf 86' lang='lat' dir='ltr'><strong>eos</strong></span> <span class='ocrx_word' id='word_1_779' title='bbox 3003 4012 3093 4081; x_wconf 87' lang='lat' dir='ltr'><strong>qui</strong></span> <span class='ocrx_word' id='word_1_780' title='bbox 3130 4013 3229 4067; x_wconf 90' lang='lat' dir='ltr'><strong>sibi</strong></span> <span class='ocrx_word' id='word_1_781' title='bbox 3265 4010 3430 4066; x_wconf 82' lang='lat' dir='ltr'><strong>sobrii</strong></span> <span class='ocrx_word' id='word_1_782' title='bbox 3465 4010 3737 4063; x_wconf 86' lang='lat' dir='ltr'><strong>videntur.</strong></span> 
     </span>
    </p>
   </div>
   <div class='ocr_carea' id='block_1_105' title="bbox 2169 4098 3738 4169">
    <p class='ocr_par' dir='ltr' id='par_1_105' title="bbox 2169 4098 3738 4169">
     <span class='ocr_line' id='line_1_105' title="bbox 2169 4098 3738 4169; baseline -0.004 -10"><span class='ocrx_word' id='word_1_783' title='bbox 2169 4105 2450 4159; x_wconf 88' lang='lat' dir='ltr'><strong>Iracundia</strong></span> <span class='ocrx_word' id='word_1_784' title='bbox 2487 4104 2719 4157; x_wconf 85' lang='lat' dir='ltr'><strong>inebriat</strong></span> <span class='ocrx_word' id='word_1_785' title='bbox 2779 4102 3039 4168; x_wconf 91' lang='lat' dir='ltr'><strong>animam,</strong></span> <span class='ocrx_word' id='word_1_786' title='bbox 3077 4102 3231 4156; x_wconf 80' lang='lat' dir='ltr'><strong>furor</strong></span> <span class='ocrx_word' id='word_1_787' title='bbox 3279 4116 3409 4155; x_wconf 85' lang='lat' dir='ltr'><strong>vero</strong></span> <span class='ocrx_word' id='word_1_788' title='bbox 3455 4114 3575 4153; x_wconf 83' lang='lat' dir='ltr'><strong>eam</strong></span> <span class='ocrx_word' id='word_1_789' title='bbox 3619 4098 3738 4169; x_wconf 81' lang='lat' dir='ltr'><strong>plus</strong></span> 
     </span>
    </p>
   </div>
   <div class='ocr_carea' id='block_1_106' title="bbox 2164 4190 3740 4268">
    <p class='ocr_par' dir='ltr' id='par_1_106' title="bbox 2164 4190 3740 4268">
     <span class='ocr_line' id='line_1_106' title="bbox 2164 4190 3740 4268; baseline -0.006 -17"><span class='ocrx_word' id='word_1_790' title='bbox 2164 4213 2326 4268; x_wconf 91' lang='lat' dir='ltr'><strong>quam</strong></span> <span class='ocrx_word' id='word_1_791' title='bbox 2367 4196 2571 4250; x_wconf 86' lang='lat' dir='ltr'><strong>ebriam</strong></span> <span class='ocrx_word' id='word_1_792' title='bbox 2624 4195 2784 4259; x_wconf 81' lang='lat' dir='ltr'><strong>facit,</strong></span> <span class='ocrx_word' id='word_1_793' title='bbox 2822 4196 2868 4249; x_wconf 87' lang='lat' dir='ltr'><strong>si</strong></span> <span class='ocrx_word' id='word_1_794' title='bbox 2916 4195 3044 4266; x_wconf 90' lang='lat' dir='ltr'><strong>quid</strong></span> <span class='ocrx_word' id='word_1_795' title='bbox 3082 4203 3263 4249; x_wconf 89' lang='lat' dir='ltr'><strong>tamen</strong></span> <span class='ocrx_word' id='word_1_796' title='bbox 3312 4206 3431 4247; x_wconf 89' lang='lat' dir='ltr'><strong>esse</strong></span> <span class='ocrx_word' id='word_1_797' title='bbox 3476 4190 3740 4244; x_wconf 83' lang='lat' dir='ltr'><strong>ebrietate</strong></span> 
     </span>
    </p>
   </div>
   <div class='ocr_carea' id='block_1_107' title="bbox 2163 4281 3735 4362">
    <p class='ocr_par' dir='ltr' id='par_1_107' title="bbox 2163 4281 3735 4362">
     <span class='ocr_line' id='line_1_107' title="bbox 2163 4281 3735 4362; baseline -0.01 -15"><span class='ocrx_word' id='word_1_798' title='bbox 2163 4292 2394 4362; x_wconf 88' lang='lat' dir='ltr'><strong>amplius</strong></span> <span class='ocrx_word' id='word_1_799' title='bbox 2424 4299 2617 4360; x_wconf 91' lang='lat' dir='ltr'><strong>potest.</strong></span> <span class='ocrx_word' id='word_1_800' title='bbox 2670 4289 2954 4358; x_wconf 88' lang='lat' dir='ltr'><strong>Cupiditas</strong></span> <span class='ocrx_word' id='word_1_801' title='bbox 3006 4298 3063 4343; x_wconf 87' lang='lat' dir='ltr'><strong>ct</strong></span> <span class='ocrx_word' id='word_1_802' title='bbox 3105 4286 3358 4349; x_wconf 86' lang='lat' dir='ltr'><strong>avaritia,</strong></span> <span class='ocrx_word' id='word_1_803' title='bbox 3406 4299 3510 4338; x_wconf 90' lang='lat' dir='ltr'><strong>non</strong></span> <span class='ocrx_word' id='word_1_804' title='bbox 3564 4281 3735 4338; x_wconf 89' lang='lat' dir='ltr'><strong>solum</strong></span> 
     </span>
    </p>
   </div>
   <div class='ocr_carea' id='block_1_108' title="bbox 2164 4373 3739 4449">
    <p class='ocr_par' dir='ltr' id='par_1_108' title="bbox 2164 4373 3739 4449">
     <span class='ocr_line' id='line_1_108' title="bbox 2164 4373 3739 4449; baseline -0.01 -9"><span class='ocrx_word' id='word_1_805' title='bbox 2164 4386 2395 4449; x_wconf 88' lang='lat' dir='ltr'><strong>ebrium,</strong></span> <span class='ocrx_word' id='word_1_806' title='bbox 2419 4384 2512 4438; x_wconf 89' lang='lat' dir='ltr'><strong>sed</strong></span> <span class='ocrx_word' id='word_1_807' title='bbox 2564 4392 2619 4436; x_wconf 91' lang='lat' dir='ltr'><strong>et</strong></span> <span class='ocrx_word' id='word_1_808' title='bbox 2655 4380 2899 4435; x_wconf 92' lang='lat' dir='ltr'><strong>rabidum</strong></span> <span class='ocrx_word' id='word_1_809' title='bbox 2943 4380 3218 4434; x_wconf 87' lang='lat' dir='ltr'><strong>hominem</strong></span> <span class='ocrx_word' id='word_1_810' title='bbox 3253 4376 3505 4431; x_wconf 89' lang='lat' dir='ltr'><strong>reddunt.</strong></span> <span class='ocrx_word' id='word_1_811' title='bbox 3548 4373 3615 4427; x_wconf 85' lang='lat' dir='ltr'><strong>Et</strong></span> <span class='ocrx_word' id='word_1_812' title='bbox 3637 4373 3739 4426; x_wconf 90' lang='lat' dir='ltr'><strong>ob-</strong></span> 
     </span>
    </p>
   </div>
   <div class='ocr_carea' id='block_1_109' title="bbox 2094 4464 3744 4568">
    <p class='ocr_par' dir='ltr' id='par_1_109' title="bbox 2094 4464 3744 4568">
     <span class='ocr_line' id='line_1_109' title="bbox 2094 4464 3744 4568; baseline -0.01 -34"><span class='ocrx_word' id='word_1_813' title='bbox 2094 4494 2342 4568; x_wconf 68' lang='lat' dir='ltr'><strong>Dscente</strong></span> <span class='ocrx_word' id='word_1_814' title='bbox 2393 4475 2859 4545; x_wconf 69' lang='lat' dir='ltr'><strong>concupiscentia:</strong></span> <span class='ocrx_word' id='word_1_815' title='bbox 2933 4471 3207 4527; x_wconf 75' lang='lat' dir='ltr'><strong>inebriant</strong></span> <span class='ocrx_word' id='word_1_816' title='bbox 3268 4470 3544 4531; x_wconf 87' lang='lat' dir='ltr'><strong>animam,</strong></span> <span class='ocrx_word' id='word_1_817' title='bbox 3602 4464 3744 4519; x_wconf 90' lang='lat' dir='ltr'><strong>sicut</strong></span> 
     </span>
    </p>
   </div>
   <div class='ocr_carea' id='block_1_110' title="bbox 2165 4560 3740 4634">
    <p class='ocr_par' dir='ltr' id='par_1_110' title="bbox 2165 4560 3740 4634">
     <span class='ocr_line' id='line_1_110' title="bbox 2165 4560 3740 4634; baseline -0.013 -7"><span class='ocrx_word' id='word_1_818' title='bbox 2165 4588 2196 4627; x_wconf 91' lang='lat' dir='ltr'><strong>e</strong></span> <span class='ocrx_word' id='word_1_819' title='bbox 2228 4571 2507 4626; x_wconf 84' lang='lat' dir='ltr'><strong>contrario</strong></span> <span class='ocrx_word' id='word_1_820' title='bbox 2530 4581 2585 4622; x_wconf 91' lang='lat' dir='ltr'><strong>et</strong></span> <span class='ocrx_word' id='word_1_821' title='bbox 2604 4578 2811 4622; x_wconf 85' lang='lat' dir='ltr'><strong>sanctae</strong></span> <span class='ocrx_word' id='word_1_822' title='bbox 2835 4560 3581 4634; x_wconf 82' lang='lat' dir='ltr'><strong>concupiscentia:inebriant</strong></span> <span class='ocrx_word' id='word_1_823' title='bbox 3598 4572 3740 4622; x_wconf 91' lang='lat' dir='ltr'><strong>eam,</strong></span> 
     </span>
    </p>
   </div>
   <div class='ocr_carea' id='block_1_111' title="bbox 2161 4649 3740 4724">
    <p class='ocr_par' dir='ltr' id='par_1_111' title="bbox 2161 4649 3740 4724">
     <span class='ocr_line' id='line_1_111' title="bbox 2161 4649 3740 4724; baseline -0.011 -4"><span class='ocrx_word' id='word_1_824' title='bbox 2161 4666 2255 4720; x_wconf 90' lang='lat' dir='ltr'><strong>sed</strong></span> <span class='ocrx_word' id='word_1_825' title='bbox 2306 4662 2573 4716; x_wconf 88' lang='lat' dir='ltr'><strong>ebrietate</strong></span> <span class='ocrx_word' id='word_1_826' title='bbox 2627 4668 2815 4715; x_wconf 90' lang='lat' dir='ltr'><strong>sancta</strong></span> <span class='ocrx_word' id='word_1_827' title='bbox 2851 4659 2937 4713; x_wconf 88' lang='lat' dir='ltr'><strong>illa</strong></span> <span class='ocrx_word' id='word_1_828' title='bbox 2992 4658 3059 4711; x_wconf 89' lang='lat' dir='ltr'><strong>de</strong></span> <span class='ocrx_word' id='word_1_829' title='bbox 3105 4671 3211 4724; x_wconf 89' lang='lat' dir='ltr'><strong>qua</strong></span> <span class='ocrx_word' id='word_1_830' title='bbox 3254 4653 3470 4709; x_wconf 88' lang='lat' dir='ltr'><strong>dicebat</strong></span> <span class='ocrx_word' id='word_1_831' title='bbox 3518 4649 3740 4721; x_wconf 87' lang='lat' dir='ltr'><strong>quidam</strong></span> 
     </span>
    </p>
   </div>
   <div class='ocr_carea' id='block_1_112' title="bbox 2162 4744 3742 4822">
    <p class='ocr_par' dir='ltr' id='par_1_112' title="bbox 2162 4744 3742 4822">
     <span class='ocr_line' id='line_1_112' title="bbox 2162 4744 3742 4822; baseline -0.013 -8"><span class='ocrx_word' id='word_1_832' title='bbox 2162 4770 2477 4814; x_wconf 86' lang='lat' dir='ltr'><strong>sanctorum</strong></span> <span class='ocrx_word' id='word_1_833' title='bbox 2510 4755 2571 4807; x_wconf 80' lang='grc'><strong>⁸;</strong></span> <span class='ocrx_word' id='word_1_834' title='bbox 2615 4773 2633 4806; x_wconf 74' lang='grc' dir='ltr'><strong>ι</strong></span> <span class='ocrx_word' id='word_1_835' title='bbox 2676 4753 2743 4807; x_wconf 81' lang='lat' dir='ltr'><strong>Et</strong></span> <span class='ocrx_word' id='word_1_836' title='bbox 2788 4749 3041 4822; x_wconf 88' lang='lat' dir='ltr'><strong>poculum</strong></span> <span class='ocrx_word' id='word_1_837' title='bbox 3077 4758 3227 4803; x_wconf 90' lang='lat' dir='ltr'><strong>tuum</strong></span> <span class='ocrx_word' id='word_1_838' title='bbox 3276 4744 3550 4799; x_wconf 89' lang='lat' dir='ltr'><strong>inebrians</strong></span> <span class='ocrx_word' id='word_1_839' title='bbox 3581 4754 3742 4809; x_wconf 88' lang='lat' dir='ltr'><strong>quam</strong></span> 
     </span>
    </p>
   </div>
   <div class='ocr_carea' id='block_1_113' title="bbox 2164 4831 3745 4922">
    <p class='ocr_par' dir='ltr' id='par_1_113' title="bbox 2164 4831 3745 4922">
     <span class='ocr_line' id='line_1_113' title="bbox 2164 4831 3745 4922; baseline -0.013 -16"><span class='ocrx_word' id='word_1_840' title='bbox 2164 4851 2483 4922; x_wconf 61' lang='lat' dir='ltr'><strong>prazclarum</strong></span> <span class='ocrx_word' id='word_1_841' title='bbox 2520 4845 2639 4903; x_wconf 88' lang='lat' dir='ltr'><strong>est!</strong></span> <span class='ocrx_word' id='word_1_842' title='bbox 2669 4865 2687 4899; x_wconf 76' lang='grc' dir='ltr'><strong>ι</strong></span> <span class='ocrx_word' id='word_1_843' title='bbox 2739 4843 2845 4899; x_wconf 91' lang='lat' dir='ltr'><strong>Sed</strong></span> <span class='ocrx_word' id='word_1_844' title='bbox 2871 4840 3215 4913; x_wconf 91' lang='lat' dir='ltr'><strong>postmodum</strong></span> <span class='ocrx_word' id='word_1_845' title='bbox 3248 4838 3313 4891; x_wconf 90' lang='lat' dir='ltr'><strong>de</strong></span> <span class='ocrx_word' id='word_1_846' title='bbox 3355 4834 3635 4891; x_wconf 88' lang='lat' dir='ltr'><strong>ebrietatis</strong></span> <span class='ocrx_word' id='word_1_847' title='bbox 3665 4831 3745 4885; x_wconf 84' lang='lat' dir='ltr'><strong>di-</strong></span> 
     </span>
    </p>
   </div>
   <div class='ocr_carea' id='block_1_114' title="bbox 2166 4927 3746 5001">
    <p class='ocr_par' dir='ltr' id='par_1_114' title="bbox 2166 4927 3746 5001">
     <span class='ocr_line' id='line_1_114' title="bbox 2166 4927 3746 5001; baseline -0.015 -4"><span class='ocrx_word' id='word_1_848' title='bbox 2166 4944 2427 5000; x_wconf 86' lang='lat' dir='ltr'><strong>versitate</strong></span> <span class='ocrx_word' id='word_1_849' title='bbox 2454 4939 2780 5001; x_wconf 89' lang='lat' dir='ltr'><strong>videbimus,</strong></span> <span class='ocrx_word' id='word_1_850' title='bbox 2801 4948 2947 4988; x_wconf 89' lang='lat' dir='ltr'><strong>nunc</strong></span> <span class='ocrx_word' id='word_1_851' title='bbox 2983 4930 3198 4986; x_wconf 90' lang='lat' dir='ltr'><strong>interim</strong></span> <span class='ocrx_word' id='word_1_852' title='bbox 3232 4927 3354 4981; x_wconf 88' lang='lat' dir='ltr'><strong>vide</strong></span> <span class='ocrx_word' id='word_1_853' title='bbox 3382 4934 3582 4993; x_wconf 87' lang='lat' dir='ltr'><strong>quanta</strong></span> <span class='ocrx_word' id='word_1_854' title='bbox 3617 4928 3746 4977; x_wconf 90' lang='lat' dir='ltr'><strong>sunt</strong></span> 
     </span>
    </p>
   </div>
   <div class='ocr_carea' id='block_1_115' title="bbox 2166 5016 3746 5105">
    <p class='ocr_par' dir='ltr' id='par_1_115' title="bbox 2166 5016 3746 5105">
     <span class='ocr_line' id='line_1_115' title="bbox 2166 5016 3746 5105; baseline -0.013 -19"><span class='ocrx_word' id='word_1_855' title='bbox 2166 5050 2285 5105; x_wconf 74' lang='lat' dir='ltr'><strong>qum</strong></span> <span class='ocrx_word' id='word_1_856' title='bbox 2310 5032 2581 5087; x_wconf 90' lang='lat' dir='ltr'><strong>inebriant</strong></span> <span class='ocrx_word' id='word_1_857' title='bbox 2611 5025 2845 5081; x_wconf 89' lang='lat' dir='ltr'><strong>animam</strong></span> <span class='ocrx_word' id='word_1_858' title='bbox 2871 5042 2886 5079; x_wconf 88' lang='lat'><strong>:</strong></span> <span class='ocrx_word' id='word_1_859' title='bbox 2911 5032 2965 5078; x_wconf 89' lang='lat' dir='ltr'><strong>et</strong></span> <span class='ocrx_word' id='word_1_860' title='bbox 2997 5020 3229 5078; x_wconf 84' lang='lat' dir='ltr'><strong>formido</strong></span> <span class='ocrx_word' id='word_1_861' title='bbox 3253 5016 3486 5072; x_wconf 87' lang='lat' dir='ltr'><strong>inebriat</strong></span> <span class='ocrx_word' id='word_1_862' title='bbox 3516 5025 3657 5077; x_wconf 90' lang='lat' dir='ltr'><strong>eam,</strong></span> <span class='ocrx_word' id='word_1_863' title='bbox 3692 5016 3746 5066; x_wconf 79' lang='lat' dir='ltr'><strong>et</strong></span> 
     </span>
    </p>
   </div>
   <div class='ocr_carea' id='block_1_116' title="bbox 2164 5113 3744 5195">
    <p class='ocr_par' dir='ltr' id='par_1_116' title="bbox 2164 5113 3744 5195">
     <span class='ocr_line' id='line_1_116' title="bbox 2164 5113 3744 5195; baseline -0.018 -11"><span class='ocrx_word' id='word_1_864' title='bbox 2164 5146 2300 5183; x_wconf 87' lang='lat' dir='ltr'><strong>vana</strong></span> <span class='ocrx_word' id='word_1_865' title='bbox 2337 5123 2601 5195; x_wconf 89' lang='lat' dir='ltr'><strong>suspicio.</strong></span> <span class='ocrx_word' id='word_1_866' title='bbox 2631 5121 2836 5176; x_wconf 90' lang='lat' dir='ltr'><strong>Invidia</strong></span> <span class='ocrx_word' id='word_1_867' title='bbox 2858 5126 3037 5171; x_wconf 88' lang='lat' dir='ltr'><strong>autem</strong></span> <span class='ocrx_word' id='word_1_868' title='bbox 3061 5124 3118 5169; x_wconf 91' lang='lat' dir='ltr'><strong>et</strong></span> <span class='ocrx_word' id='word_1_869' title='bbox 3151 5113 3308 5176; x_wconf 89' lang='lat' dir='ltr'><strong>livor,</strong></span> <span class='ocrx_word' id='word_1_870' title='bbox 3336 5122 3498 5178; x_wconf 89' lang='lat' dir='ltr'><strong>supra</strong></span> <span class='ocrx_word' id='word_1_871' title='bbox 3529 5117 3744 5159; x_wconf 89' lang='lat' dir='ltr'><strong>omnem</strong></span> 
     </span>
    </p>
   </div>
   <div class='ocr_carea' id='block_1_117' title="bbox 2164 5198 3746 5278">
    <p class='ocr_par' dir='ltr' id='par_1_117' title="bbox 2164 5198 3746 5278">
     <span class='ocr_line' id='line_1_117' title="bbox 2164 5198 3746 5278; baseline -0.02 0"><span class='ocrx_word' id='word_1_872' title='bbox 2164 5222 2482 5278; x_wconf 85' lang='lat' dir='ltr'><strong>ebrietatem</strong></span> <span class='ocrx_word' id='word_1_873' title='bbox 2518 5218 2801 5268; x_wconf 88' lang='lat' dir='ltr'><strong>macerant</strong></span> <span class='ocrx_word' id='word_1_874' title='bbox 2830 5223 2974 5263; x_wconf 82' lang='lat' dir='ltr'><strong>eain.</strong></span> <span class='ocrx_word' id='word_1_875' title='bbox 3010 5204 3115 5259; x_wconf 88' lang='lat' dir='ltr'><strong>Sed</strong></span> <span class='ocrx_word' id='word_1_876' title='bbox 3149 5198 3459 5259; x_wconf 89' lang='lat' dir='ltr'><strong>enumerari</strong></span> <span class='ocrx_word' id='word_1_877' title='bbox 3492 5211 3599 5250; x_wconf 91' lang='lat' dir='ltr'><strong>non</strong></span> <span class='ocrx_word' id='word_1_878' title='bbox 3624 5208 3746 5266; x_wconf 87' lang='lat' dir='ltr'><strong>pos-</strong></span> 
     </span>
    </p>
   </div>
   <div class='ocr_carea' id='block_1_118' title="bbox 2164 5287 3746 5380">
    <p class='ocr_par' dir='ltr' id='par_1_118' title="bbox 2164 5287 3746 5380">
     <span class='ocr_line' id='line_1_118' title="bbox 2164 5287 3746 5380; baseline -0.017 -13"><span class='ocrx_word' id='word_1_879' title='bbox 2164 5324 2293 5368; x_wconf 89' lang='lat' dir='ltr'><strong>sunt</strong></span> <span class='ocrx_word' id='word_1_880' title='bbox 2347 5315 2547 5380; x_wconf 86' lang='lat' dir='ltr'><strong>quanta</strong></span> <span class='ocrx_word' id='word_1_881' title='bbox 2597 5311 2743 5368; x_wconf 86' lang='lat' dir='ltr'><strong>sunt,</strong></span> <span class='ocrx_word' id='word_1_882' title='bbox 2809 5314 2930 5370; x_wconf 60' lang='lat' dir='ltr'><strong>quae</strong></span> <span class='ocrx_word' id='word_1_883' title='bbox 2984 5296 3253 5352; x_wconf 77' lang='lat' dir='ltr'><strong>infelicem</strong></span> <span class='ocrx_word' id='word_1_884' title='bbox 3314 5292 3550 5345; x_wconf 87' lang='lat' dir='ltr'><strong>animam</strong></span> <span class='ocrx_word' id='word_1_885' title='bbox 3612 5287 3746 5342; x_wconf 79' lang='lat' dir='ltr'><strong>vitio</strong></span> 
     </span>
    </p>
   </div>
   <div class='ocr_carea' id='block_1_119' title="bbox 2166 5379 3747 5463">
    <p class='ocr_par' dir='ltr' id='par_1_119' title="bbox 2166 5379 3747 5463">
     <span class='ocr_line' id='line_1_119' title="bbox 2166 5379 3747 5463; baseline -0.02 -1"><span class='ocrx_word' id='word_1_886' title='bbox 2166 5379 2455 5463; x_wconf 83' lang='lat' dir='ltr'><strong>ebrietatis</strong></span> <span class='ocrx_word' id='word_1_887' title='bbox 2494 5396 2753 5452; x_wconf 83' lang='lat' dir='ltr'><strong>alliciant.</strong></span> <span class='ocrx_word' id='word_1_888' title='bbox 2792 5391 2947 5446; x_wconf 83' lang='lat' dir='ltr'><strong>Nunc</strong></span> <span class='ocrx_word' id='word_1_889' title='bbox 2990 5388 3207 5444; x_wconf 89' lang='lat' dir='ltr'><strong>interim</strong></span> <span class='ocrx_word' id='word_1_890' title='bbox 3257 5388 3323 5440; x_wconf 91' lang='lat' dir='ltr'><strong>de</strong></span> <span class='ocrx_word' id='word_1_891' title='bbox 3370 5379 3747 5438; x_wconf 85' lang='lat' dir='ltr'><strong>sacerdotibus</strong></span> 
     </span>
    </p>
   </div>
   <div class='ocr_carea' id='block_1_120' title="bbox 3097 5512 3747 5577">
    <p class='ocr_par' dir='ltr' id='par_1_120' title="bbox 3097 5512 3747 5577">
     <span class='ocr_line' id='line_1_120' title="bbox 3097 5512 3747 5577; baseline -0.018 1"><span class='ocrx_word' id='word_1_892' title='bbox 3097 5520 3319 5577; x_wconf 70' lang='lat' dir='ltr'><strong>’lTim.</strong></span> <span class='ocrx_word' id='word_1_893' title='bbox 3345 5533 3443 5574; x_wconf 89' lang='lat' dir='ltr'><strong>vtt.</strong></span> <span class='ocrx_word' id='word_1_894' title='bbox 3516 5516 3537 5548; x_wconf 75' lang='grc'><strong><em>⁵</em></strong></span> <span class='ocrx_word' id='word_1_895' title='bbox 3565 5512 3675 5571; x_wconf 81' lang='lat' dir='ltr'><strong>Tit.</strong></span> <span class='ocrx_word' id='word_1_896' title='bbox 3706 5525 3747 5567; x_wconf 92' lang='lat' dir='ltr'><strong>l.</strong></span> 
     </span>
    </p>
   </div>
   <div class='ocr_carea' id='block_1_121' title="bbox 2142 5602 2632 5671">
    <p class='ocr_par' dir='ltr' id='par_1_121' title="bbox 2142 5602 2632 5671">
     <span class='ocr_line' id='line_1_121' title="bbox 2142 5602 2632 5671; baseline -0.027 -1"><span class='ocrx_word' id='word_1_897' title='bbox 2142 5619 2163 5648; x_wconf 80' lang='grc'><strong>⁸</strong></span> <span class='ocrx_word' id='word_1_898' title='bbox 2194 5602 2339 5669; x_wconf 81' lang='lat' dir='ltr'><strong>Psal.</strong></span> <span class='ocrx_word' id='word_1_899' title='bbox 2388 5621 2542 5671; x_wconf 60' lang='grc' dir='ltr'>χχιιι,</span> <span class='ocrx_word' id='word_1_900' title='bbox 2575 5602 2632 5658; x_wconf 80' lang='lat'><strong>5.</strong></span> 
     </span>
    </p>
   </div>
   <div class='ocr_carea' id='block_1_122' title="bbox 2170 5704 3746 5790">
    <p class='ocr_par' dir='ltr' id='par_1_122' title="bbox 2170 5704 3746 5790">
     <span class='ocr_line' id='line_1_122' title="bbox 2170 5704 3746 5790; baseline -0.021 -5"><span class='ocrx_word' id='word_1_901' title='bbox 2170 5732 2244 5785; x_wconf 84' lang='lat' dir='ltr'><strong>lat</strong></span> <span class='ocrx_word' id='word_1_902' title='bbox 2280 5724 2501 5789; x_wconf 84' lang='lat' dir='ltr'><strong>oblivio,</strong></span> <span class='ocrx_word' id='word_1_903' title='bbox 2542 5744 2556 5773; x_wconf 71' lang='grc' dir='ltr'><strong>ι</strong></span> <span class='ocrx_word' id='word_1_904' title='bbox 2593 5719 2781 5790; x_wconf 85' lang='lat' dir='ltr'><strong>sicque</strong></span> <span class='ocrx_word' id='word_1_905' title='bbox 2824 5717 2919 5775; x_wconf 85' lang='lat' dir='ltr'><strong>alii</strong></span> <span class='ocrx_word' id='word_1_906' title='bbox 2957 5730 3115 5782; x_wconf 64' lang='lat' dir='ltr'><strong>mss,</strong></span> <span class='ocrx_word' id='word_1_907' title='bbox 3160 5710 3260 5768; x_wconf 91' lang='lat' dir='ltr'><strong>nisi</strong></span> <span class='ocrx_word' id='word_1_908' title='bbox 3292 5708 3433 5779; x_wconf 90' lang='lat' dir='ltr'><strong>quod</strong></span> <span class='ocrx_word' id='word_1_909' title='bbox 3471 5704 3746 5766; x_wconf 84' lang='lat' dir='ltr'><strong>omittunt,</strong></span> 
     </span>
    </p>
   </div>
   <div class='ocr_carea' id='block_1_123' title="bbox 2176 5801 2440 5856">
    <p class='ocr_par' dir='ltr' id='par_1_123' title="bbox 2176 5801 2440 5856">
     <span class='ocr_line' id='line_1_123' title="bbox 2176 5801 2440 5856; baseline -0.015 -5"><span class='ocrx_word' id='word_1_910' title='bbox 2176 5821 2190 5854; x_wconf 81' lang='grc' dir='ltr'><strong>ι</strong></span> <span class='ocrx_word' id='word_1_911' title='bbox 2230 5801 2388 5856; x_wconf 80' lang='lat' dir='ltr'><strong>tiunt.</strong></span> <span class='ocrx_word' id='word_1_912' title='bbox 2422 5813 2440 5847; x_wconf 73' lang='grc' dir='ltr'><strong>ι</strong></span> 
     </span>
    </p>
   </div>
  </div>
