4106 6246
316 298 419 352 ΓΠ

1438 292 1505 344 ΙΝ
1549 286 1922 343 LEVITECLM
1964 285 2245 339 ilOMll.l.\
2287 283 2394 338 \‘ll.

3453 285 3555 333 ωδ

317 416 616 475 videamus,
650 423 788 480 quos
818 411 1136 465 accedentes
1167 410 1230 463 ad
1264 410 1452 475 altare,
1488 409 1616 462 vino
1644 406 1725 457 lex
1753 420 1889 473 prac-
1919 403 1962 458 A
1994 414 2049 453 ut
2088 403 2157 453 ibi
2192 404 2234 433 ιδ
2268 419 2279 453 :
2319 420 2336 451 ι
2382 397 2805 453 lnebriabuntur
2846 398 2913 451 ab
2958 397 3203 451 ubertate
3235 396 3426 449 domus
3455 405 3558 447 tua:

316 500 449 568 cipit
477 498 775 551 abstinere.
817 496 881 550 Et
911 498 1123 566 quidem
1153 509 1416 566 quantum
1451 498 1516 550 ad
1561 495 1884 550 historicum

319 592 553 661 pertinet
579 597 930 659 prznceptum,
964 587 1232 643 sufﬁciant
1264 589 1365 643 ista
1405 605 1525 658 qua:
1558 588 1698 642 dicta
1739 599 1883 643 sunt.

320 684 590 751 Quantum
637 689 816 734 autem
868 682 934 735 ad
981 682 1390 751 intelligentiam
1435 681 1717 752 mysticam
1765 697 1889 749 spe-

323 784 451 833 ctat.
486 773 539 826 in
573 770 922 840 sequentibus
947 774 1216 828 tenebitur
1244 773 1357 843 (87)
1380 781 1564 827 nostra
1597 770 1885 840 professio,

322 861 459 931 quod
494 860 788 915 secundum
822 862 1199 916 auctoritatem
1229 862 1380 915 Pauli
1416 861 1668 929 apostoli,
1703 861 1889 915 Domi-

321 969 419 1005 nus
456 963 507 1006 et
534 950 782 1006 Salvator
810 962 995 1006 noster
1019 953 1318 1007 futurorum
1344 955 1607 1008 bonorum
1647 952 1888 1021 pontifex

320 1041 523 1094 dicitur
552 1042 597 1095 ’.
640 1043 755 1112 ipse
786 1052 869 1097 est
896 1060 1024 1113 ergo
1056 1045 1261 1110 Aaron,
1299 1045 1393 1099 lilii
1425 1061 1557 1099 vero
1594 1047 1730 1112 ejus,
1754 1061 1887 1113 apo-

324 1131 448 1185 stoli
482 1133 602 1203 ejus
631 1143 781 1198 sunt,
815 1136 880 1189 ad
912 1152 1050 1205 quos
1102 1138 1215 1204 ipse
1242 1137 1454 1193 dicebat
1502 1137 1545 1168 "
1585 1158 1597 1192 :
1629 1156 1647 1189 ι
1686 1137 1887 1203 Filioli,

321 1223 497 1277 adhuc
536 1225 803 1278 modicum
840 1227 1118 1282 vobiscum
1161 1244 1301 1284 sum.
1341 1249 1359 1282 ι
1399 1228 1537 1295 Quid
1581 1244 1710 1297 ergo
1751 1244 1891 1298 pra:-

320 1313 463 1379 cepit
491 1311 580 1367 lex
611 1311 791 1368 Aaron
825 1325 877 1369 et
913 1317 1036 1371 [iliis
1066 1317 1222 1388 ejus?
1265 1330 1326 1373 ut
1355 1319 1538 1372 vinum
1568 1328 1621 1372 et
1656 1319 1889 1373 siceram

323 1419 427 1456 non
455 1403 661 1470 bibant,
691 1420 812 1459 cum
840 1408 1107 1461 accedunt
1138 1411 1205 1464 ad
1233 1410 1419 1463 altare.
1441 1410 1733 1463 Videamus
1761 1423 1893 1476 quo-

322 1495 479 1549 modo
512 1495 562 1549 id
591 1510 717 1550 vero
743 1496 986 1565 pontifici
1020 1497 1145 1552 Jesu
1172 1500 1396 1554 Christo
1429 1500 1658 1554 Domino
1678 1508 1889 1561 nostro,

320 1596 371 1636 ιιι
400 1585 773 1641 sacerdotibus
789 1587 907 1656 ejus
937 1603 1001 1643 ac
1031 1588 1180 1653 ﬁliis,
1213 1592 1420 1646 nostris
1446 1606 1580 1646 vero
1612 1589 1890 1660 apostolis,

320 1678 587 1745 possimus
616 1687 823 1746 aptare.
852 1677 917 1731 Et
940 1682 1376 1749 perspiciendum
1406 1684 1583 1752 primo
1608 1691 1710 1744 est,
1754 1696 1891 1749 quo-

323 1766 483 1819 modo
519 1768 667 1835 prius
690 1767 908 1835 quidem
936 1784 1098 1839 quam
1142 1772 1365 1827 accedat
1404 1773 1468 1825 ad
1525 1772 1693 1824 altare
1728 1785 1888 1824 verus

326 1854 411 1906 hic
448 1855 716 1923 pontifex,
749 1873 870 1911 cum
901 1862 1283 1915 sacerdotibus
1322 1861 1434 1915 suis
1476 1860 1611 1915 bibit
1649 1861 1833 1914 vinum
1871 1876 1885 1913 :

326 1959 447 1998 cum
480 1959 609 1998 vero
647 1945 837 2017 incipit
866 1948 1129 2004 accedere
1165 1950 1231 2003 ad
1255 1949 1446 2015 altare,
1478 1958 1533 2004 et
1578 1950 1793 2019 ingredi
1837 1950 1889 2004 in

328 2034 733 2090 tabernaculum
762 2039 1077 2105 testimonii,
1109 2041 1345 2094 abstinet
1379 2041 1524 2095 vino.
1565 2041 1732 2096 Putas
1760 2055 1889 2111 pos-

322 2139 510 2181 sumus
547 2128 790 2184 invenire
836 2130 942 2185 tale
989 2131 1191 2201 aliquid
1223 2133 1291 2186 ab
1331 2147 1396 2186 eo
1429 2134 1679 2203 gestum?
1725 2133 1892 2189 Putas

322 2232 608 2285 possumus
636 2220 849 2277 Veteris
891 2222 1243 2279 instrumenti
1278 2225 1503 2291 formas,
1541 2226 1674 2281 Novi
1701 2226 1893 2283 Testa-

322 2312 486 2364 menti
513 2313 677 2378 gestis
708 2322 763 2367 et
793 2316 1137 2372 sermonibus
1163 2320 1459 2389 coaptare?
1498 2320 1814 2386 Possumus,
1844 2322 1891 2376 si

324 2416 424 2456 nos
453 2402 624 2473 ipsum
662 2404 754 2459 Dei
794 2403 1033 2461 Verbum
1085 2418 1139 2463 et
1187 2409 1382 2479 juvare
1410 2423 1466 2465 et
1507 2412 1777 2481 inspirare
1808 2413 1891 2467 di-

321 2496 531 2563 gnetur.
570 2496 872 2561 Quaerimus
906 2513 1036 2569 ergo
1074 2502 1347 2570 quomodo
1381 2501 1638 2558 Dominus
1672 2512 1725 2558 et
1779 2502 1897 2558 Sal-

324 2594 476 2642 valor
508 2597 715 2657 noster,
749 2591 840 2659 qui
869 2600 952 2645 est
979 2607 1141 2647 verus
1166 2593 1426 2663 pontifex,
1463 2610 1587 2649 cum
1617 2596 1892 2666 discipulis

325 2678 458 2745 suis,
488 2681 577 2749 qui
608 2692 733 2736 sunt
762 2684 875 2737 veri
908 2685 1240 2749 sacerdotes,
1260 2695 1547 2756 antequam
1581 2689 1799 2743 accedat
1824 2688 1890 2743 ad

324 2771 497 2826 altare
531 2772 647 2838 Dei,
673 2774 823 2828 bibat
852 2772 962 2845 (88)
1007 2775 1226 2842 vinum;
1283 2792 1405 2832 cum
1454 2793 1583 2834 vero
1632 2780 1893 2834 accedere

325 2865 573 2933 creperit,
602 2882 705 2919 non
740 2867 911 2921 bibat.
944 2868 1177 2923 Venerat
1211 2870 1263 2923 in
1302 2869 1448 2924 hunc
1489 2870 1749 2923 mundum
1779 2869 1894 2924 Sal-

322 2965 499 3021 vator,
528 2967 586 3011 ut
635 2973 733 3026 pro
761 2960 1002 3028 peccatis
1034 2962 1236 3015 nostris
1271 2977 1489 3017 carnem
1536 2978 1687 3017 suam
1731 2961 1893 3017 offer-

1988 508 2043 550 et
2079 506 2376 550 torrentem
2405 493 2693 563 voluptatis
2723 502 2825 545 tua:
2854 502 3034 560 potum
3069 490 3221 544 dabis
3253 490 3356 544 illis
3384 486 3551 559 (90).»

1989 589 2044 642 In
2076 588 2309 643 Jercmia
2340 602 2554 655 quoque
2580 585 2710 639 dicit
2737 583 2993 637 Dominus
3028 583 3070 613 ¹⁸
3097 600 3149 635 :r
3189 582 3250 635 Et
3278 581 3557 635 inebriabo

1988 679 2241 749 populum
2269 692 2467 730 utcuin.
2508 696 2527 722 ι
2566 675 2631 729 Et
2673 675 2848 729 Isaias
2890 673 3023 727 dicit
3068 674 3112 705 ¹⁶
3152 691 3164 726 :
3205 692 3222 723 ι
3280 671 3417 725 Ecce
3466 672 3557 739 qui

1990 772 2231 827 serviunt
2266 768 2395 823 tnihi
2423 767 2629 830 bibent,
2662 781 2760 819 vos
2790 776 2970 819 autem
2994 764 3211 819 sitietis.
3251 782 3269 815 ι
3302 762 3365 815 Et
3392 763 3560 814 multa

1989 864 2056 919 de
2085 861 2455 933 hujuscemodi
2498 859 2763 913 ebrietate
2795 857 2846 910 in
2880 855 3186 924 Scripturis
3225 852 3427 907 divinis
3476 852 3560 905 in-

1989 954 2173 1009 venies
2212 951 2521 1006 memorari.
2548 950 2676 1016 Quae
2700 948 2937 1003 ebrietas
2966 947 3085 1000 sine
3114 944 3276 999 dubio
3300 957 3396 1011 pro
3433 956 3565 1011 gau-

1991 1051 2080 1105 dio
2120 1048 2310 1101 anlmas
2347 1053 2402 1099 et
2435 1044 2619 1097 laetitia
2650 1040 2847 1096 mentis
2888 1040 3175 1107 accipitur,
3211 1036 3350 1089 sicut
3374 1043 3428 1087 et
3460 1030 3565 1085 alio

1989 1144 2043 1198 bi
2086 1140 2406 1194 distinxisse
2446 1151 2544 1191 nos
2606 1134 2978 1199 meminimus,
3031 1129 3175 1185 aliud
3229 1142 3349 1182 esse
3404 1134 3565 1180 nocte

1990 1232 2273 1295 inebriari,
2296 1240 2349 1285 et
2388 1229 2533 1283 aliud
2566 1228 2653 1281 die
2693 1224 2985 1280 inebriari.

2060 1326 2115 1379 2.
2149 1325 2205 1378 Si
2232 1337 2362 1393 ergo
2396 1320 2755 1376 intelleximus
2788 1325 3096 1372 sanctorum
3126 1326 3245 1382 quae
3271 1312 3343 1366 sit
3373 1309 3555 1365 ebrieo

1996 1426 2103 1480 tas,
2141 1425 2196 1471 et
2235 1413 2507 1484 quomodo
2539 1413 2653 1467 haec
2683 1425 2781 1479 pro
2808 1406 2991 1462 lzetitia
3014 1406 3218 1461 sanctis
3248 1404 3299 1457 in
3334 1400 3566 1471 promis-

1993 1509 2235 1564 sionibus
2268 1509 2427 1561 datur
2451 1542 2468 1570 ,
2505 1504 2785 1559 videamus
2836 1515 2984 1555 nunc
3015 1495 3286 1568 quomodo
3318 1492 3567 1549 Salvator

1994 1609 2178 1655 noster
2210 1614 2315 1652 non
2351 1596 2485 1651 bibit
2512 1595 2697 1649 vinum
2725 1634 2741 1658 ,
2789 1604 3068 1660 usquequo
3101 1588 3249 1642 bibat
3286 1584 3413 1640 illud
3443 1599 3565 1639 cum

1992 1691 2193 1746 sanctis
2226 1703 2422 1743 novum
2473 1687 2525 1741 in
2558 1699 2723 1755 regno
2764 1684 2882 1738 Dei.
2934 1681 3191 1736 Salvator
3240 1691 3392 1733 meus
3424 1675 3571 1744 luget

1991 1782 2151 1836 etiam
2186 1794 2329 1834 nunc
2361 1778 2471 1849 (9|)
2504 1783 2727 1847 peccata
2751 1789 2893 1830 mea.
2926 1772 3177 1828 Salvator
3208 1782 3361 1823 meus
3397 1765 3568 1820 laetari

1991 1888 2098 1928 non
2125 1880 2302 1941 potest
2327 1871 2501 1924 donec
2523 1882 2623 1938 ego
2652 1868 2707 1921 in
2733 1865 3020 1936 iniquitate
3045 1875 3357 1933 permaneo.
3390 1857 3571 1925 Quare

1992 1981 2099 2021 non
2141 1963 2366 2035 potest?
2414 1962 2537 2031 quia
2591 1962 2707 2032 ipse
2742 1967 2824 2014 est
2871 1958 3169 2012 advocatus
3198 1970 3297 2024 pro
3330 1950 3571 2021 peccatis

1992 2056 2194 2111 nostris
2222 2055 2363 2125 apud
2398 2053 2641 2114 Patrem,
2670 2050 2813 2105 sicut
2846 2046 3088 2101 Joannes
3120 2052 3421 2115 synimysta
3452 2042 3569 2111 ejus

1990 2148 2323 2219 praenuntiat
2355 2146 2544 2201 dicens
2592 2143 2633 2176 "
2665 2143 2793 2212 quia
2838 2158 2858 2192 ‹
2887 2149 2941 2196 et
2977 2137 3023 2193 si
3069 2139 3190 2206 quis
3219 2133 3570 2204 peccaverit,

1993 2240 2314 2295 advocatum
2346 2236 2610 2291 habemus
2641 2232 2782 2303 apud
2821 2230 3038 2284 Patrem
3064 2224 3251 2282 Iesum
3292 2223 3571 2279 Christum

1987 2332 2229 2402 justum,
2270 2338 2325 2386 et
2369 2330 2484 2399 ipse
2505 2335 2589 2383 est
2623 2322 3000 2395 repropitiatio
3046 2336 3146 2390 pro
3188 2317 3427 2389 peccatis
3476 2331 3573 2368 no-

1993 2426 2145 2481 stris.
2176 2442 2195 2476 ι
2232 2421 2514 2490 Quomodo
2537 2434 2671 2490 ergo
2688 2425 2876 2488 potest
2907 2415 3017 2482 ille,
3046 2413 3139 2484 qui
3169 2413 3465 2467 advocatus
3490 2417 3575 2462 est

1994 2532 2090 2587 pro
2120 2516 2358 2586 peccatis
2392 2513 2550 2577 meis,
2591 2511 2775 2566 bibere
2802 2508 2991 2562 vinum
3022 2505 3243 2567 tmtitize,
3273 2516 3435 2572 quem
3470 2515 3573 2570 ego

1993 2607 2268 2678 peccando
2298 2604 2601 2660 contristo?
2631 2599 2914 2670 Quomodo
2941 2604 3118 2668 potest
3144 2596 3265 2661 iste,
3296 2594 3385 2664 qui
3417 2607 3575 2646 accec

1993 2700 2070 2754 dit
2103 2700 2169 2753 ad
2202 2698 2375 2752 altare
2404 2706 2461 2750 ut
2493 2694 2817 2765 repropitiet
2854 2704 2940 2744 me
2970 2695 3333 2758 peccatorem,
3364 2700 3484 2740 esse
3519 2683 3571 2737 in

1992 2792 2196 2856 laetitia,
2238 2790 2303 2845 ad
2332 2804 2490 2859 quem
2527 2796 2875 2857 peccatorum
2914 2795 3158 2836 meorum
3191 2792 3394 2834 mmror
3430 2793 3574 2833 sem-

1990 2896 2089 2951 per
2117 2880 2405 2935 ascendit?
2440 2877 2974 2947 Vubiscum,iuquit,
3022 2875 3150 2929 illud
3186 2873 3365 2927 bibam
3403 2871 3454 2924 in
3487 2884 3575 2924 re-

1993 2988 2098 3043 gno
2151 2972 2328 3028 Patris
2360 2972 2484 3026 mei.
2522 2971 2772 3037 Quandiu
2821 2985 2920 3023 nos
2962 2983 3068 3023 non
3116 2967 3189 3020 ita
3241 2966 3472 3036 agimus,
3514 2973 3573 3017 ut

325 3059 407 3103 ret
453 3049 687 3104 hostiam
739 3051 870 3105 Deo.
918 3051 1068 3107 lianc
1117 3055 1432 3123 priusquam
1477 3054 1717 3119 oﬂ‘erret,
1756 3056 1891 3109 inter

1999 3068 2355 3121 ascendamus
2387 3065 2453 3119 ad
2486 3079 2734 3132 regnum,
2770 3078 2877 3116 non
2913 3068 3092 3129 potest
3124 3058 3251 3113 illud
3282 3058 3465 3111 vinum
3500 3055 3575 3109 bi-

323 3142 786 3208 dispensationum
824 3159 1007 3198 moras
1047 3146 1229 3199 vinmn
1263 3147 1506 3201 bibebat.
1536 3147 1775 3216 Denique
1810 3148 1893 3203 di-

325 3232 554 3287 cebatur
582 3235 741 3288 homo
769 3251 959 3301 vorax,
992 3246 1048 3292 et
1077 3238 1185 3292 vini
1214 3250 1451 3308 potator,
1479 3241 1686 3296 amicus
1721 3241 1897 3309 publi-

325 3339 608 3390 canorum,
641 3337 691 3380 et
721 3336 1087 3395 peccatorum.
1122 3329 1223 3384 Ubi
1266 3346 1395 3386 vero
1428 3342 1641 3403 tempus
1679 3334 1897 3388 advenit

325 3416 509 3471 crucis
548 3432 678 3481 suae,
703 3428 757 3472 et
784 3435 1109 3477 accessurus
1136 3431 1254 3475 erat
1285 3425 1350 3477 ad
1380 3424 1551 3479 altare
1575 3424 1663 3478 ubi
1705 3426 1898 3482 immo-

328 3504 467 3559 laret
496 3508 722 3562 hostiam
758 3511 941 3564 carnis
974 3514 1432 3581 sua:,«accipiens,
1476 3514 1649 3583 inquit
1686 3515 1750 3579 “,
1802 3531 1896 3570 ca-

326 3593 507 3662 licem,
544 3598 846 3665 benedixit,
897 3611 946 3655 et
990 3602 1135 3656 dedit
1172 3604 1451 3672 discipul‘s
1504 3606 1617 3659 suis
1668 3605 1893 3661 dicens:

322 3686 586 3756 Accipite,
632 3700 686 3743 et
731 3690 899 3744 bibite
936 3706 1004 3747 ex
1036 3691 1160 3746 hoc.
1199 3711 1219 3745 ι
1278 3693 1406 3760 Vos,
1459 3696 1655 3764 inquit,
1699 3697 1893 3764 bibite,

323 3793 415 3848 qm
456 3780 566 3851 (εει)
595 3782 756 3835 modo
800 3782 1071 3837 accessuri
1107 3799 1211 3838 non
1259 3785 1393 3839 estis
1424 3785 1491 3839 ad
1541 3786 1730 3840 altare.
1781 3788 1897 3854 Ipse

323 3880 502 3926 autem
533 3882 785 3940 tanquam
816 3887 1137 3928 accessurus
1168 3876 1234 3928 ad
1262 3876 1451 3939 altare,
1485 3876 1621 3932 dicit
1642 3877 1709 3931 de
1737 3894 1795 3933 se
1817 3881 1892 3933 ":

327 3982 345 4015 ι
384 3965 552 4018 Amen
585 3966 704 4021 dico
737 3966 911 4031 vobis,
937 3968 1060 4035 quia
1095 3982 1201 4020 non
1232 3967 1409 4021 bibam
1445 3970 1510 4023 de
1546 3971 1896 4039 generatione

322 4057 447 4112 vitis
468 4056 650 4125 hujus,
689 4072 968 4127 usquequo
997 4057 1180 4113 bibam
1219 4058 1348 4112 illud
1384 4060 1663 4113 vobiscum
1695 4076 1891 4115 novum

323 4151 376 4206 in
403 4166 566 4221 regno
588 4150 766 4205 Patris
805 4153 932 4208 mei.
969 4172 989 4205 ι
1033 4153 1091 4206 Si
1133 4154 1257 4223 quis
1294 4162 1535 4207 vestrum
1568 4155 1792 4210 aurilms
1827 4159 1893 4212 ad

322 4244 653 4299 audiendum
698 4243 999 4313 puriﬁcatis
1036 4246 1269 4310 accedit,
1315 4245 1603 4299 inelfabilis
1648 4250 1892 4318 mysterii

323 4336 603 4390 intueatur
638 4351 921 4389 arcanum.
960 4334 1100 4400 Quid
1130 4345 1211 4389 est
1238 4336 1382 4404 quod
1417 4336 1546 4389 dicit
1574 4336 1695 4404 quia
1731 4356 1749 4390 ι
1786 4353 1890 4393 non

2000 3158 2130 3212 bere
2158 3155 2331 3219 solus,
2363 3156 2507 3224 quod
2551 3154 2833 3208 nobiscum
2869 3167 2927 3206 se
2960 3151 3143 3206 bibere
3173 3149 3442 3219 promisit.
3473 3147 3573 3201 Est

1997 3263 2127 3317 ergo
2163 3246 2345 3301 tandiu
2375 3246 2428 3299 in
2461 3257 2715 3307 maerore,
2742 3242 2982 3312 quandiu
3016 3257 3116 3295 nos
3144 3240 3484 3311 persistimus
3516 3236 3570 3289 in

1994 3353 2203 3393 errore.
2241 3336 2296 3391 Si
2327 3336 2471 3390 enim
2506 3334 2794 3404 Apostolus
2825 3333 2995 3401 ipsius
3022 3332 3161 3401 luget
3185 3328 3448 3397 quosdam
3478 3327 3570 3397 qui

1996 3442 2123 3484 ante
2168 3436 2568 3498 peccaverunt,
2604 3437 2659 3481 et
2691 3442 2797 3481 non
2833 3434 3062 3496 egerunt
3091 3423 3466 3492 paenitentiam
3517 3420 3572 3473 in

1998 3523 2086 3577 his
2111 3537 2229 3591 qua:
2260 3530 2544 3592 gesserunt
2570 3519 2633 3585 ³⁸,
2665 3518 2795 3587 quid
2826 3518 3000 3571 dicam
3040 3516 3105 3571 de
3134 3515 3269 3583 ipso,
3307 3512 3397 3582 qui
3434 3511 3575 3565 ﬁlius

1997 3612 2195 3667 dicitur
2224 3608 2552 3663 charitatis?
2584 3607 2673 3675 qui
2709 3606 3061 3674 semetipsum
3096 3600 3397 3656 cxinanivit
3442 3613 3571 3668 pro-

1996 3711 2115 3772 pter
2158 3700 2479 3754 charitatem
2515 3712 2680 3765 quam
2733 3695 2967 3750 habebat
2994 3707 3121 3762 erga
3165 3706 3305 3756 nos,
3360 3698 3411 3743 et
3466 3704 3569 3741 non

1996 3792 2248 3862 quaesivit
2276 3806 2395 3859 qua:
2433 3805 2527 3843 sua
2559 3798 2704 3850 sunt,
2740 3801 2862 3841 cum
2888 3791 3033 3839 esset
3058 3781 3283 3851 azqualis
3314 3781 3444 3843 Deo,
3478 3779 3571 3834 sed

1995 3882 2241 3951 quaesivit
2272 3894 2390 3949 quae
2440 3888 2620 3933 nostra
2648 3886 2792 3940 sunt,
2826 3885 2881 3930 et
2908 3884 3130 3944 propter
3160 3874 3261 3927 hoc
3288 3870 3572 3926 evacuavit

1995 3990 2057 4030 se
2089 3973 2179 4025 "1’
2210 3972 2343 4027 Cum
2385 3986 2514 4037 ergo
2558 3971 2659 4023 ista
2708 3983 2828 4037 qua:
2867 3976 3051 4021 nostra
3087 3974 3213 4019 sunt
3256 3964 3571 4034 quaasierit,

1996 4081 2141 4120 nunc
2169 4064 2281 4134 jam
2312 4078 2409 4117 nos
2445 4077 2548 4115 non
2584 4061 2801 4129 quaerit,
2830 4073 2930 4114 nec
2961 4073 3079 4128 quae
3109 4068 3293 4111 nostra
3322 4066 3452 4110 sunt
3480 4069 3574 4109 co-

1994 4158 2126 4227 gitat
2148 4196 2162 4219 ,
2195 4169 2291 4209 nec
2326 4154 2393 4208 de
2443 4150 2722 4207 erroribus
2755 4151 2957 4205 nostris
2991 4158 3182 4204 maeret
3208 4187 3223 4212 ,
3256 4162 3357 4201 nec
3386 4146 3570 4216 perdi-

1997 4248 2169 4300 tiones
2201 4255 2413 4298 nostras
2438 4251 2492 4297 et
2523 4242 2878 4297 contritiones
2911 4240 3088 4306 deﬂet,
3115 4241 3207 4309 qui
3236 4239 3380 4293 ﬂevit
3409 4253 3572 4307 super

1994 4334 2317 4398 Jerusalem,
2348 4345 2402 4389 et
2431 4334 2563 4388 dixit
2592 4335 2657 4387 ad
2691 4349 2811 4388 eam
2838 4332 2921 4387 ὀε
2962 4352 2978 4384 ι
3009 4331 3232 4398 Quoties
3267 4332 3408 4387 volui
3441 4346 3571 4385 conn

322 4426 504 4482 bibam
536 4441 601 4480 ex
637 4427 990 4497 generatione
1016 4426 1141 4480 vitis
1178 4426 1355 4493 hujus,
1394 4442 1678 4496 usquequo
1714 4430 1889 4483 bibam
1929 4407 1970 4463 θ
1999 4441 2222 4494 grcgare
2255 4426 2392 4479 filios
2441 4437 2561 4480 tuos
2586 4466 2602 4492 ,
2634 4426 2776 4479 sicut
2815 4425 3011 4494 gallina
3055 4434 3350 4496 congregat
3397 4424 3571 4494 pullos

322 4517 455 4571 illud
488 4517 767 4573 vobiscum
796 4532 991 4571 novum
1024 4517 1075 4569 in
1109 4532 1271 4586 regno
1312 4517 1486 4571 Patris
1520 4519 1658 4572 mei?
1694 4537 1711 4569 ι
1746 4520 1894 4574 Dice-

322 4610 512 4663 bamus
564 4611 616 4663 in
648 4610 1016 4680 superioribus
1049 4610 1465 4678 promissionem
1500 4611 1706 4666 sanctis
1740 4615 1891 4669 bonae

323 4700 483 4771 hujus
516 4703 796 4756 ebrietatis
829 4703 1028 4767 datam,
1053 4718 1174 4756 cum
1211 4703 1400 4755 dicunt
1434 4702 1475 4733 ¹³
1504 4719 1518 4755 :
1557 4721 1574 4752 ι
1618 4703 1681 4756 Ει
1716 4720 1889 4769 pocu-

321 4797 431 4848 lum
466 4805 612 4849 tnum
641 4795 933 4853 inebrians.
965 4809 1127 4864 quam
1162 4793 1482 4863 przeclarum
1516 4796 1628 4849 est!
1663 4817 1679 4847 ι
1701 4796 1805 4851 Sed
1838 4808 1892 4853 et

322 4886 377 4941 in
400 4884 520 4941 aliis
552 4885 733 4940 multis
750 4884 906 4954 221
934 4884 1225 4955 Scriptura:
1250 4884 1381 4939 locis
1408 4884 1602 4939 similia
1632 4886 1887 4956 legimus,

383 5018 403 5048 '
436 5014 599 5068 Hebr.
638 5029 712 5076 Ix,
753 5012 830 5066 Η.
912 5009 955 5042 ¹⁸
973 5010 1128 5065 Joan.
1158 5027 1274 5068 xm.
1307 5015 1394 5067 55.

315 5084 360 5116 ⁸⁸
388 5085 587 5139 Jcrcm.
623 5100 766 5140 χχχι.
803 5081 887 5135 14.
964 5082 1006 5112 ¹⁶
1039 5082 1141 5135 lsa.
1176 5099 1293 5145 LXV,
1328 5085 1410 5138 l5.

314 5172 468 5215 xxm,
501 5156 588 5209 57.
665 5154 707 5184 ’ί
743 5153 880 5206 Psal.
914 5168 1137 5211 XXXVIII,

386 5254 498 5320 (8"!)
557 5253 709 5316 Mss,
749 5272 767 5303 ι
816 5254 869 5305 in
922 5252 1271 5319 sequentibus
1312 5252 1598 5306 tenebitur.
1654 5271 1673 5305 ι
1720 5252 1875 5309 Libb.

317 5326 464 5379 editi.
495 5343 513 5375 ι
546 5326 597 5375 in
625 5324 995 5389 superioribus
1023 5331 1255 5374 tenetur.
1287 5340 1304 5372 ι

390 5394 499 5465 (88)
535 5395 686 5457 Mss.,
723 5412 742 5445 ‹
792 5395 960 5465 bibat,
996 5411 1013 5443 ι
1048 5403 1102 5443 et
1133 5390 1295 5465 paulo
1311 5400 1452 5458 post,
1480 5409 1500 5442 ι
1536 5407 1642 5445 non
1677 5392 1877 5465 bibat.»

319 5461 667 5587 tibinediti,
699 5483 716 5515 ι
759 5463 999 5527 bibebat,
1036 5480 1053 5512 ι
1092 5471 1144 5516 et
1176 5461 1334 5531 paulo
1363 5470 1501 5531 post,
1538 5479 1557 5510 ι
1603 5477 1705 5518 non
1736 5464 1888 5519 bibe-

356 5554 383 5586 ει
416 5575 427 5586 .
469 5553 488 5585 ι

356 5544 427 5586 at.
469 5553 488 5585 ι

393 5603 507 5743 (89)
539 5603 692 5667 Mss.,
734 5623 752 5658 ι
786 5602 897 5671 qui.
932 5620 948 5651 ι
986 5599 1139 5654 Libb.
1169 5601 1319 5664 editi,
1349 5621 1367 5653 ι
1416 5602 1562 5670 quia.
1616 5622 1633 5656 ι

395 5676 485 5729 "JO
560 5673 681 5727 Mss.
734 5685 827 5727 «ct
870 5683 1158 5725 torrentem
1212 5673 1499 5742 voluptatis
1553 5683 1633 5727 tua

395 5673 507 5742 ’90)
560 5673 681 5727 Mss.
734 5685 827 5727 «ct
870 5683 1158 5725 torrentem
1212 5673 1499 5742 volupvatis
1553 5683 1652 5727 tum
1701 5682 1881 5741 putum

1474 5014 1513 5044 “
1546 5012 1734 5066 Matth.
1769 5026 1913 5075 xxvr,
1946 5011 2033 5065 27.

1508 5083 1547 5113 ¹⁷
1581 5083 1601 5136 l
1632 5081 1788 5136 Joan.
1822 5099 1881 5147 ιι,
1912 5082 1962 5147 1,
1995 5082 2049 5136 2.

2000 4533 2131 4573 Suos
2154 4558 2168 4581 ,
2203 4526 2257 4572 et
2288 4518 2586 4574 noluisti?)
2620 4516 2723 4584 Qui
2757 4533 2885 4587 ergo
2915 4517 3134 4570 vulnera
3167 4529 3349 4571 nostra
3384 4533 3571 4574 susce-

2000 4615 2101 4683 pit,
2136 4622 2189 4666 et
2240 4621 2458 4682 propter
2487 4624 2583 4664 nos
2617 4610 2790 4664 doluit
2838 4620 3092 4680 tanquam
3125 4611 3434 4666 animarum
3476 4625 3571 4663 no-

2001 4716 2235 4760 strarum
2291 4713 2346 4759 et
2392 4720 2679 4774 corporum
2750 4704 3034 4770 medicus,
3092 4706 3250 4759 modo
3285 4705 3568 4757 vulnerum

2000 4809 2312 4853 nostrorum
2368 4797 2683 4866 putredines
2736 4797 3013 4866 negligit?
3057 4815 3075 4847 ι
3110 4796 3571 4857 Computruerunt

1997 4893 2140 4947 enim
2170 4890 2263 4961 (ut
2291 4891 2366 4945 ait
2397 4891 2666 4959 Pr0pheta
2700 4890 2781 4962 ¹¹)
2814 4899 2870 4945 et
2898 4900 3162 4959 corrupta
3195 4901 3320 4943 sunt
3346 4888 3568 4943 cicatri-

2114 5012 2156 5042 ³¹
2187 5010 2314 5066 ibid.
2346 5011 2437 5067 29.
2516 5013 2559 5045 ¹²
2587 5012 2729 5067 Psal.
2772 5029 2936 5075 xxm,
2966 5016 3019 5070 5.

2143 5082 2185 5113 ¹⁸
2216 5082 2255 5135 ιι
2286 5082 2410 5137 Cor.
2441 5097 2537 5148 xu,
2563 5083 2653 5136 21.

3098 5016 3141 5047 ¹⁸
3170 5017 3287 5072 Psal
3344 5034 3491 5079 xxvi,
3513 5018 3571 5075 9.

2751 5083 2793 5115 ¹⁹
2819 5082 3052 5155 Philipp.
3086 5102 3145 5152 ιι,
3180 5088 3231 5141 7.
3307 5083 3352 5119 ’⁸
3380 5089 3573 5144 Matth.

1995 5253 2150 5307 dabis
2179 5251 2306 5305 illis.
2339 5268 2357 5302 ι
2394 5248 2549 5305 Libb.
2590 5248 2721 5304 editi
2761 5265 2781 5300 ι
2808 5254 2865 5302 et
2897 5254 3138 5302 torrente
3170 5244 3423 5300 bonitatis
3464 5253 3565 5301 tua

1992 5322 2202 5392 potabis
2231 5336 2352 5392 eos.
2388 5339 2405 5371 ι

2065 5392 2173 5461 (9i)
2220 5389 2465 5461 Salvator
2491 5404 2650 5461 meus
2690 5386 2827 5461 luget
2857 5386 3016 5439 etiam
3062 5401 3236 5461 nunc,
3266 5396 3387 5461 etc.‘
3441 5382 3558 5448 Quo

1991 5455 2166 5516 sensu
2184 5459 2380 5513 dixerit
2410 5458 2671 5523 Origenes
2696 5457 2970 5511 Christum
3000 5456 3169 5523 etiam
3203 5471 3345 5510 nunc
3376 5455 3562 5517 lugere

1990 5543 2207 5601 peccata
2244 5539 2423 5583 nostra
2456 5526 2626 5601 ,_fuse
2674 5537 2729 5581 et
2758 5528 2916 5581 docte
2940 5527 3136 5601 _aperit
3171 5526 3381 5601 clariss.
3421 5524 3560 5580 tine-

1993 5595 2097 5657 tius
2130 5601 2436 5670 Origcniun.
2480 5599 2571 5655 lib.
2607 5614 2666 5664 ιι,
2706 5607 2899 5668 quzest.
2939 5595 3008 5663 5,
3029 5612 3175 5652 num.
3208 5595 3295 5653 29.
