4106 6246
570 326 672 384 ιτς)
2022 309 2150 368 ιιιιιι

2254 306 2342 360 us
3735 287 3860 343 ‘30

568 455 667 496 ces
701 449 896 495 nostrze
922 478 936 502 ,
969 455 997 490 a
1051 437 1189 491 facie
1234 436 1557 505 imipicntia:
1595 445 1815 490 nostrm.
1848 452 1864 484 ι
1917 432 2018 485 Pro
2060 430 2145 483 his
2173 430 2217 487 Α
2246 420 2555 477 intellexisti
2590 419 2715 489 qnid
2755 418 2824 472 sit
2858 433 2924 472 ex
2953 425 3127 488 parte,
3161 423 3215 507 et
3246 412 3372 507 quid
3393 411 3559 507 silex
3600 409 3858 507 integro

571 546 703 600 ergo
725 529 973 584 omnibus
1001 530 1364 582 assistituunc
1393 527 1558 581 vultui
1623 526 1748 589 Dei,
1783 523 2141 592 interpellans
2241 529 2360 568 esse
2391 511 2714 580 ειιῦἱεοιυιη»
2745 510 2858 564 redi
2893 524 3034 607 Illinc
3065 517 3118 561 θι
3149 504 3318 607 alii".
3352 503 3496 604 (ιιξοίι
3529 502 3595 554 de
3639 497 3860 565 subie-

573 597 675 694 pro
703 623 856 675 uobis
878 661 893 685 ,
928 621 1138 675 assistit
1181 620 1376 684 altari,
1414 630 1472 673 ut
1512 619 2012 689 repropitiationem
2046 629 2141 684 pro
2241 605 2423 658 οιίοιιθ
2450 597 3307 694 DominiProposul““'51e”_i_d°
3328 597 3453 664 ll"ia
3479 609 3599 694 θξηη
3624 605 3859 646 omnes

577 686 732 766 nobis
759 707 949 764 oﬂerat
983 711 1132 764 Deo:
1165 719 1219 763 et
1268 709 1389 763 ideo
1424 686 1636 764 dicebat
1670 686 1927 777 tanquam
1958 723 2144 762 acces-
2242 710 2438 761 θοτβυε
2465 694 2657 763 Ῑρδίυει
2687 701 2744 746 el
2771 691 3010 745 membra
3043 704 3165 743 esse
3197 688 3460 750 dicamur.
3493 686 3677 738 donec
3712 694 3857 738 Slllll

576 815 731 855 surus
763 800 827 853 ad
861 801 1004 855 istud
1035 801 1229 864 altare,
1267 800 1393 867 quia
1416 799 1525 866 jam
1568 817 1586 850 ‹
1613 815 1718 854 non
1760 800 1936 852 bibam
1969 801 2034 854 de
2059 815 2145 866 ge-

2254 786 2411 853 aliqui
2445 786 2497 839 in
2552 785 2706 840 nobis
2733 824 2749 850 ,
2785 783 2875 853 qui
2914 782 3150 835 nondum
3183 777 3424 849 perfecta
3477 777 3857 846 subjectione

575 892 852 946 uenatione
887 893 1017 945 vitis
1042 890 1199 958 hujus
1220 930 1234 954 ,
1268 890 1440 945 donec
1487 891 1670 945 bibam
1701 890 1833 946 illud
1864 891 2143 947 vobiscum

2254 877 2474 946 subjecti
2506 888 2652 940 sunt,
2687 879 2800 945 ipse
2833 873 3030 927 dicitur
3063 888 3166 924 non
3203 885 3323 923 esse
3353 867 3657 936 subjectus.
3695 870 3852 923 Cum

572 994 792 1037 novum,
831 1001 850 1033 ι
885 982 1172 1051 Exspectat
1205 996 1335 1051 ergo
1364 990 1423 1036 ιιι
1453 993 1853 1049 convertamur,
1891 995 1949 1038 ιιι
1979 985 2145 1055 ipsius
2247 982 2376 1022 vero
2407 966 2865 1023 consummaverit
2895 979 3030 1032 opus
3063 979 3218 1016 suum
3258 960 3393 1033 (94),
3423 970 3470 1015 et
3505 963 3849 1014 universam

573 1071 849 1127 imitemur
872 1074 983 1145 (92)
1017 1075 1348 1144 exemplum,
1381 1085 1439 1130 υι
1462 1091 1752 1145 sequamur
1781 1052 2148 1146 vestigia—ejus
2248 1069 2558 1114 creaturam
2585 1074 2734 1112 suam
2756 1060 2821 1112 ad
2855 1069 3115 1110 summam
3142 1052 3490 1122 perfectionis
3506 1054 3845 1118 adduxerit,

572 1167 626 1214 θι
659 1161 870 1216 lmen"-
908 1163 1188 1220 nobiscum
1212 1205 1227 1231 ν
1260 1175 1314 1220 ει
1343 1165 1492 1218 bibat
1519 1166 1702 1220 γίηυηι
1740 1166 2015 1221 nobiscum
2043 1145 2072 1232 ,ί
2095 1168 2146 1220 in
2251 1160 2375 1203 tunc
2409 1152 2519 1219 ipse
2548 1151 2758 1203 dicetur
2785 1146 3057 1215 subjectus
3090 1145 3140 1195 in
3164 1145 3265 1206 his,
3289 1158 3425 1212 quos
3450 1145 3694 1198 subdidit
3733 1145 3845 1198 Pa-

2252 1242 2342 1304 tri,
2375 1251 2429 1294 et
2462 1241 2515 1295 in
2550 1242 2746 1310 quibus
2780 1259 2916 1311 opus
2955 1243 3096 1312 quod
3129 1245 3176 1297 ei
3209 1242 3368 1296 Pater
3402 1243 3656 1305 dederat,
3691 1259 3840 1297 ceu-

2248 1331 2558 1400 suuunavit,
2589 1343 2644 1388 ut
2678 1334 2746 1389 sit
2773 1334 2916 1389 Deus
2961 1335 3140 1390 omnia
3197 1335 3250 1388 in
3283 1335 3560 1389 omnibus.
3619 1335 3836 1390 Verum

2249 1421 2363 1476 lucc
2408 1438 2666 1490 quorsum
2713 1425 3007 1492 spectant?
3057 1436 3115 1480 ut
3171 1425 3536 1494 intelligamus
3567 1426 3620 1479 id
3671 1427 3832 1496 quod

2249 1527 2406 1580 supra
2437 1513 2790 1567 tractavimus
2817 1552 2834 1578 ,
2864 1515 3133 1582 quomodo
3163 1530 3267 1568 non
3303 1514 3433 1567 bibit
3466 1515 3651 1567 vinum
3677 1555 3694 1580 ,
3734 1515 3829 1569 vel

2251 1604 2518 1671 quomodo
2547 1605 2682 1658 bibit
2712 1613 3000 1674 antequam
3051 1606 3274 1659 intraret
3315 1605 3368 1658 in
3398 1603 3818 1669 tabernaculum,

2254 1685 2544 1761 antequam"
2593 1696 2877 1750 accederet
2925 1695 2991 1748 ad
3049 1695 3245 1750 altare.
3300 1696 3417 1750 Non
3457 1697 3581 1750 bibit
3625 1707 3813 1750 autem

2257 1798 2420 1846 nunc,
2454 1784 2578 1852 quia
2611 1784 2819 1840 assistit
2848 1786 3035 1848 altari,
3063 1795 3117 1840 et
3158 1787 3306 1855 luget
3337 1797 3555 1854 peccata
3586 1802 3722 1852 mea;
3750 1797 3809 1840 et

2254 1888 2466 1926 rursum
2525 1875 2673 1930 bibet
2723 1877 2999 1944 posthaec,
3050 1892 3174 1930 cum
3225 1879 3471 1945 subjecta
3525 1879 3576 1932 ei
3626 1877 3824 1932 fuerint.

2251 1966 2454 2030 Omnia,
2483 1975 2539 2020 et
2564 1966 2781 2022 salvatis
2810 1967 3058 2022 omnibus
3087 1983 3150 2023 ac
3177 1969 3450 2022 destructa
3485 1979 3656 2022 morte
3700 1984 3825 2036 pec-

2251 2059 2381 2120 cati,
2413 2058 2552 2112 nltra
2574 2057 2689 2129 jam
2726 2061 3096 2114 necessariqu
3124 2075 3231 2113 non
3258 2063 3366 2113 erit
3393 2058 3592 2113 oﬂ‘crre
3625 2059 3841 2113 hostias

2254 2163 2352 2218 pro
2385 2157 2630 2218 peccato.
2663 2149 2813 2204 Tunc
2841 2150 2985 2203 enim
3022 2151 3126 2204 erit
3156 2151 3415 2220 gaudium
3447 2159 3504 2204 et
3531 2150 3743 2213 lretitia,
3766 2161 3833 2213 et

2254 2253 2380 2297 tunc
2417 2261 2434 2293 ι
2466 2241 2816 2296 exsultabuut
2849 2257 2971 2297 ossa
3005 2242 3295 2297 humiliata
3328 2244 3395 2309 ⁸⁸,
3429 2263 3447 2292 ι
3491 2252 3544 2297 et
3579 2242 3833 2311 implebi-

2254 2341 2340 2387 tttr
2374 2333 2498 2388 illud
2529 2335 2669 2401 quod
2696 2334 2957 2404 scriptum
2982 2343 3064 2389 est
3093 2335 3174 2388 ’9:
3230 2353 3248 2386 ι
3277 2333 3536 2404 Aufugiet
3567 2333 3745 2399 dolor,
3775 2345 3830 2388 et

2254 2422 2472 2477 tristitia
2493 2463 2508 2488 ,
2542 2431 2594 2477 et
2624 2424 2880 2493 gemitus.
2912 2442 2931 2475 ι
2968 2425 3072 2480 Sed
3103 2433 3158 2478 et
3183 2425 3313 2480 illud
3343 2421 3451 2478 nou
3485 2427 3831 2492 omittamus,

2254 2515 2394 2583 quod
2434 2530 2539 2568 non
2570 2514 2743 2569 solum
2777 2516 2844 2570 de
2881 2516 3062 2570 Aaron
3097 2516 3296 2571 dicitur
3323 2525 3381 2571 nt
3414 2532 3517 2571 non
3549 2518 3702 2571 bibat
3745 2521 3829 2571 vi-

2255 2620 2403 2667 nmn,
2442 2605 2532 2658 sed
2570 2606 2716 2659 etde
2742 2605 2867 2660 liliis
2901 2608 3019 2676 ejus
3042 2620 3164 2660 cum
3199 2606 3575 2676 ingrediuntur
3604 2608 3670 2662 ad
3697 2624 3826 2662 san-

2255 2704 2362 2752 cta.
2410 2695 2657 2749 Nondum
2708 2697 2851 2750 enim
2904 2706 3222 2765 receperunt
3271 2697 3509 2751 laetitiam
3561 2713 3714 2752 suam
3757 2715 3823 2753 ne

2256 2786 2481 2856 aposmli
2515 2789 2727 2856 quidem
2760 2787 2906 2858 (95),
2936 2789 3030 2842 sed
3061 2797 3114 2842 et
3146 2789 3244 2857 ipsi
3279 2798 3631 2857 exspectant,
3665 2802 3723 2844 ut
3759 2801 3814 2843 ct

2257 2892 2358 2949 ego
2389 2879 2587 2933 laetitia:
2614 2895 2798 2934 eorum
2831 2881 3105 2950 particeps
3150 2881 3294 2935 liam.
3336 2881 3518 2952 Neque
3554 2883 3698 2936 enim
3726 2884 3826 2938 dc-

2255 2972 2510 3028 cedentes
2553 2973 2680 3027 hinc
2707 2974 2922 3041 sancti,
2957 2974 3215 3029 continuo
3259 2975 3468 3045 integra
3508 2977 3825 3031 meritorum

2257 3076 2482 3115 suorum
2509 3063 2728 3131 praemia
2757 3073 3192 3132 consequuntur;
3211 3065 3303 3117 sed
3327 3074 3641 3133 exspectant
3661 3065 3820 3118 etiam

2258 3168 2376 3218 nos,
2406 3151 2534 3206 licet
2560 3163 2855 3218 morantes,
2885 3154 3005 3208 licet
3031 3154 3265 3209 desides.
3295 3154 3410 3209 Non
3444 3157 3586 3209 enim
3609 3165 3684 3211 est
3714 3159 3818 3211 illis

2255 3243 2498 3315 perfecta
2532 3244 2738 3308 laetitia,
2773 3247 2945 3300 donec
2972 3261 3072 3314 pro
3098 3247 3380 3302 erroribus
3421 3249 3618 3303 nostris
3647 3249 3818 3301 dolent

2254 3343 2312 3389 et
2339 3334 2526 3405 lugent
2565 3349 2750 3392 nostra
2787 3347 3029 3406 peccata.
3069 3337 3179 3392 Iloc
3211 3338 3444 3394 fortasse
3474 3340 3603 3393 mihi
3629 3341 3822 3394 dicenti

575 1266 741 1318 regno
770 1252 947 1308 Patris
983 1254 1085 1308 sui.
1117 1254 1272 1310 Nunc
1301 1256 1445 1309 enim
1479 1256 1606 1324 quia
1635 1257 1946 1312 misericors
1980 1270 2064 1311 est
2095 1270 2149 1311 et

577 1344 862 1397 miserator
891 1344 1170 1410 Dominus,
1205 1346 1410 1415 majore
1441 1347 1640 1404 ali‘ectu
1675 1350 1788 1418 ipse
1820 1364 1980 1417 quam
2007 1351 2150 1416 Apo.

573 1435 742 1489 stolas
774 1452 900 1490 suus
947 1436 1034 1489 llet
1070 1453 1191 1492 cum
1240 1439 1489 1495 flentibus
1514 1481 1529 1506 ,
1566 1440 1714 1509 cupit
1758 1442 1992 1509 gaudere
2025 1458 2146 1496 cum

575 1527 936 1591 gaudentibus
968 1528 1033 1581 “.
1072 1529 1137 1582 Et
1175 1531 1340 1585 multo
1377 1532 1552 1600 magis
1595 1531 1748 1600 luget
1797 1533 1910 1600 ipse
1937 1548 2029 1588 eos
2057 1533 2146 1599 qui

576 1629 700 1672 ante
751 1632 1111 1689 peccaverunt
1140 1631 1196 1676 et
1249 1639 1354 1678 non
1399 1636 1624 1695 egerunt
1676 1623 2045 1694 paenitentiam
2081 1624 2148 1677 ”.

576 1705 762 1777 Neque
789 1710 929 1766 enim
961 1715 1255 1781 putandum
1287 1724 1392 1779 est,
1428 1717 1572 1784 quod
1603 1715 1800 1770 Paulus
1828 1716 2042 1785 quidem
2073 1715 2150 1768 lu-

576 1810 697 1864 geat
729 1815 824 1869 pro
853 1804 1246 1870 peccatoribus,
1279 1815 1333 1859 et
1365 1805 1490 1860 ﬂeat
1516 1821 1617 1875 pro
1647 1804 2091 1874 delinquentibus
2125 1823 2140 1871 ;

578 1889 840 1947 Dominus
889 1904 1066 1950 autem
1122 1913 1274 1951 meus
1303 1898 1463 1952 Jesus
1505 1899 1773 1954 abstineat
1801 1914 1830 1953 a
1866 1899 1990 1952 fletu
2022 1915 2143 1954 cum

577 1981 788 2035 accedit
824 1985 888 2035 ad
920 1983 1154 2050 Patrem,
1183 2002 1303 2041 cum
1349 1989 1556 2042 assistit
1596 1988 1749 2041 altari
1776 2028 1791 2051 ,
1824 1999 1876 2043 et
1904 1989 2146 2058 repropi-

579 2072 856 2127 tiationem
889 2075 999 2147 (93)
1031 2093 1126 2146 pro
1159 2079 1315 2154 nobis
1344 2077 1533 2144 offert;
1567 2089 1620 2134 et
1649 2081 1750 2133 hoc
1775 2089 1856 2134 est
1884 2079 2146 2134 acceden-

578 2173 686 2216 tein
715 2168 779 2219 ad
805 2167 975 2222 altare
1004 2184 1105 2223 nou
1132 2171 1315 2226 bibere
1347 2173 1529 2226 viuum
1560 2173 1780 2237 laetitiae,
1805 2176 1930 2244 quia
1963 2174 2143 2228 adhuc

577 2267 926 2322 ptuiccatornm
974 2271 1282 2316 nostrorum
1317 2265 1707 2320 amaritudines
1741 2268 1966 2334 patitur.
2025 2267 2142 2321 Non

577 2351 691 2402 vult
721 2365 850 2420 ergo
880 2354 1028 2408 solus
1061 2355 1113 2408 in
1151 2371 1315 2425 regno
1346 2357 1437 2410 Dei
1470 2358 1654 2412 bibere
1683 2360 1889 2424 vinum,
1922 2376 2018 2415 nos
2051 2377 2147 2414 ex-

577 2453 808 2507 spectat.
852 2445 943 2499 Sie
972 2448 1117 2500 enim
1153 2449 1287 2502 dixit
1313 2449 1388 2502 ’δε
1428 2467 1447 2501 ‹
1484 2449 1663 2504 Donec
1695 2451 1871 2506 bibam
1903 2453 2030 2510 illud
2059 2470 2147 2509 vo-

578 2533 810 2588 b'scum.
839 2554 857 2586 »
897 2536 1002 2590 Nos
1036 2554 1220 2593 smnus
1253 2540 1417 2609 igitur
1444 2542 1555 2609 qui,
1586 2543 1746 2595 vitam
1779 2553 2014 2597 nostram
2054 2561 2147 2598 ue-

578 2625 872 2694 gligeutes,
906 2628 1144 2684 ltetitiam
1178 2631 1319 2687 illius
1341 2633 1705 2688 den-noramur.
1738 2635 2025 2703 Exspectat
2052 2654 2148 2693 nos

584 2725 645 2766 ut
676 2716 818 2770 bibat
846 2717 912 2772 de
943 2725 1294 2787 generatione
1322 2723 1447 2777 vitis
1475 2723 1655 2791 hujus.
1688 2724 1850 2790 Cujus
1881 2727 2044 2781 vitis?
2079 2728 2146 2781 ll-

579 2803 683 2859 lius
713 2811 899 2876 utique
924 2811 1075 2877 cujus
1104 2813 1218 2881 ipse
1266 2824 1380 2868 erat
1429 2815 1597 2883 figura
1634 2817 1822 2871 dicens
1849 2821 1927 2873 ’δε
1985 2838 2002 2870 ι
2038 2821 2147 2890 Ego

580 2909 703 2948 sum
728 2896 878 2963 vitis,
905 2915 998 2954 vos
1020 2901 1288 2970 palmites.
1316 2922 1334 2954 ι
1372 2903 1523 2959 Unde
1549 2906 1742 2960 iterum
1774 2906 1903 2961 dicit
1932 2908 2000 2972 '°,
2022 2910 2147 2977 quia

586 3001 610 3037 α
633 2989 851 3057 sanguis
879 3006 1031 3046 mens
1062 3008 1186 3049 vere
1214 3005 1297 3049 est
1325 3006 1506 3062 potus,
1530 3007 1583 3050 et
1610 3013 1737 3052 caro
1766 3014 1882 3051 mea
1915 3014 2041 3054 vere
2065 3009 2151 3055 est

581 3081 755 3136 cibus.
790 3100 808 3132 ι
867 3083 1006 3139 Vere
1033 3086 1174 3140 enim
1210 3085 1263 3148 in
1314 3089 1577 3157 sanguine
1612 3104 1728 3142 uva:
1777 3089 1909 3143 lavit
1956 3092 2148 3146 stolam
2177 3109 2226 3171 ο

582 3186 754 3225 Sttattt.
788 3174 925 3239 Quid
967 3191 1097 3248 ergo
1136 3179 1259 3233 est?
1288 3179 1578 3248 Exspectat
1625 3181 1889 3236 lzetitiam.
1926 3183 2152 3249 Quando

581 3266 900 3332 exspectat?
921 3265 1054 3322 Cum
1076 3284 1546 3335 consummavero,
1575 3272 1768 3342 inquit,
1791 3288 1924 3342 opus
1951 3287 2148 3329 meum.

583 3355 810 3418 Quando
840 3371 1179 3416 consummat
1204 3363 1305 3417 hoc
1329 3365 1508 3433 opus?
1534 3364 1760 3431 Quando
1792 3382 1878 3421 me
1910 3367 2000 3435 qui
2029 3383 2149 3421 sum

585 3446 828 3510 ultimus,
859 3460 914 3502 et
947 3451 1176 3518 nequior
1203 3454 1446 3508 omnium
1481 3463 1862 3524 peccatorum,
1899 3471 2154 3510 consum-

583 3546 785 3588 matum
815 3536 1005 3592 fecerit
1034 3549 1088 3594 et
1116 3541 1411 3608 perfectum
1434 3583 1449 3608 ,
1483 3552 1612 3597 tunc
1647 3555 1984 3599 consummat
2017 3561 2152 3616 opus

583 3642 762 3681 suum.
794 3628 944 3684 Nunc
970 3633 1112 3684 enim
1137 3633 1314 3686 adhuc
1341 3633 1717 3702 imperfectum
1741 3645 1823 3692 est
1857 3652 1990 3706 Opus
2013 3638 2150 3706 ejus,

581 3720 754 3773 donec
787 3735 889 3791 ego
923 3738 1115 3778 maneo
1146 3724 1514 3793 imperfectus.
1566 3727 1808 3798 Denique
1845 3731 2013 3786 donec
2055 3745 2153 3802 ego

582 3824 691 3862 non
727 3825 844 3864 sum
877 3813 1119 3868 subditus
1148 3815 1312 3880 Patri,
1355 3833 1454 3871 nec
1491 3818 1606 3886 ipse
1635 3820 1832 3874 dicitur
1862 3820 2006 3874 Patri
2037 3837 2153 3876 esse

581 3900 876 3968 subjectus.
918 3901 1032 3956 Non
1062 3906 1205 3972 quod
1239 3905 1352 3972 ipse
1383 3905 1716 3971 subjectione
1747 3908 1979 3976 indigeat
2013 3912 2152 3977 apud

582 3988 796 4044 Patrem
823 4030 840 4055 ,
890 3995 980 4047 sed
1028 4010 1124 4063 pro
1158 4011 1242 4048 me
1263 4033 1278 4058 ,
1329 3996 1382 4049 in
1415 4013 1521 4064 quo
1550 4014 1684 4067 opus
1711 4014 1865 4053 suum
1915 4003 2150 4056 nondum

583 4087 1012 4148 consummavit,
1049 4089 1163 4156 ipse
1203 4090 1403 4143 dicitur
1443 4105 1545 4144 non
1579 4106 1699 4145 esse
1728 4092 2019 4158 subjectus.
2064 4095 2154 4149 Sic

581 4175 728 4226 enim
764 4174 990 4243 legimus
1018 4177 1085 4241 ³⁷,
1110 4180 1362 4246 quoniam
1395 4194 1588 4248 corpus
1619 4196 1805 4234 sumus
1831 4182 2069 4246 Christi,
2099 4195 2153 4237 et

585 4265 825 4319 membra
873 4282 940 4321 ex
990 4278 1166 4337 parte.
1203 4268 1341 4336 Quid
1391 4281 1570 4324 autem
1617 4282 1700 4325 est
1744 4274 1885 4340 quod
1923 4274 2053 4328 dicit
2087 4291 2153 4329 ex

582 4366 759 4424 parte,
788 4357 1087 4414 videamus.
1115 4360 1226 4428 Ego
1257 4377 1400 4416 nunc
1423 4405 1438 4428 ,
1471 4362 1621 4417 verbi
1657 4365 1851 4432 gratia,
1881 4365 2151 4432 subjectus

2253 3468 2359 3509 non
2408 3456 2615 3511 credas.
2663 3457 2793 3522 Quis
2844 3457 2990 3510 enim
3036 3471 3136 3526 ego
3165 3471 3328 3520 sum,
3376 3456 3467 3525 qui
3502 3457 3827 3512 confirmare

2253 3550 2575 3601 sententiam
2617 3547 2749 3601 tanti
2786 3547 3050 3618 dogmatis
3081 3547 3343 3602 audeam?
3394 3547 3487 3602 sed
3521 3549 3696 3602 habeo
3724 3551 3818 3604 bo-

2255 3655 2372 3694 rum
2407 3647 2596 3693 testem
2623 3676 2638 3702 ,
2673 3639 2738 3691 de
2767 3652 2875 3706 quo
2927 3653 3032 3692 non
3076 3647 3230 3707 potes
3259 3637 3525 3692 dubitare.
3573 3638 3834 3707 Magister

2255 3730 2397 3784 enim
2429 3729 2668 3800 gentium
2702 3739 2783 3784 est
2812 3729 2864 3784 in
2896 3728 2998 3783 fide
3033 3738 3087 3782 et
3118 3728 3346 3784 veritate
3371 3729 3652 3799 apostolus
3685 3729 3830 3782 Pau-

2257 3822 2359 3876 lus.
2394 3821 2510 3890 lpse
2539 3821 2704 3889 igitur
2734 3820 2797 3874 ad
2836 3820 3092 3875 l-lebrteos
3119 3822 3370 3876 scribens
3394 3862 3409 3888 ,
3450 3836 3572 3874 cum
3602 3837 3832 3876 enume-

2254 3925 2314 3964 ra
2333 3920 2432 3964 "set
2461 3923 2651 3963 omnes
2691 3917 2909 3964 sanctos
2941 3918 3158 3978 patres,
3191 3912 3280 3977 qui
3314 3925 3408 3978 per
3443 3910 3600 3964 fidem
3625 3908 3830 3976 justiti-

2253 3998 2360 4052 cati
2386 4006 2531 4062 sunt,
2560 3997 2764 4051 addidit
2792 4007 2914 4066 post
2935 3998 3120 4051 omnia
3148 3997 3312 4050 etiam
3347 3998 3482 4052 hoc:
3531 4016 3550 4048 ‹
3577 3996 3681 4051 Sed
3715 3997 3831 4062 isti,

2256 4089 2429 4158 inquit
2455 4089 2500 4120 ⁸ο
2524 4127 2541 4154 ,
2571 4102 2760 4142 omnes
2794 4088 3161 4143 testimonium
3195 4089 3458 4144 habentes
3497 4103 3594 4158 per
3625 4090 3787 4143 fidem
3811 4129 3828 4152 ,

2257 4179 2489 4232 nondum
2517 4178 2749 4232 assecuti
2783 4187 2910 4232 sunt
2939 4179 3440 4247 repromissionem,
3474 4181 3582 4234 Deo
3611 4196 3707 4249 pro
3740 4197 3834 4234 no-

2257 4270 2340 4325 bis
2389 4271 2582 4324 melius
2615 4271 2820 4340 aliquid
2869 4271 3228 4340 providente,
3279 4271 3354 4324 nti
3405 4287 3471 4326 ne
3524 4272 3640 4326 sine
3674 4273 3833 4326 nobis

2257 4361 2646 4430 perfectionem
2697 4370 3185 4430 consequerentur.
3223 4380 3241 4413 ι
3307 4362 3472 4417 Vides
3524 4376 3653 4431 ergo
3704 4363 3831 4428 quia

583 4462 701 4501 sum
739 4450 846 4503 Deo
876 4455 1166 4505 secundum
1209 4454 1479 4522 spiritum,
1513 4455 1616 4509 hoc
1643 4466 1724 4510 est
1762 4458 2042 4525 proposito
2099 4468 2153 4511 et
2184 4437 2228 4492 Ῑ)
2257 4462 2534 4522 exspectat
2559 4453 2735 4507 adhuc
2754 4452 3049 4520 Abraham,
3081 4435 3272 4522 utqua‘
3292 4453 3522 4522 perfecta
3550 4463 3673 4506 sunt
3703 4470 3833 4506 con—

583 4538 901 4604 voluutate;
939 4544 1031 4596 sed
1059 4545 1292 4611 quandiu
1328 4545 1378 4597 in
1413 4559 1498 4598 me
1529 4560 1654 4598 caro
1686 4547 2023 4615 concupiscit
2055 4549 2149 4600 ad-

583 4644 774 4685 versus
820 4633 1064 4699 spiritum
1096 4675 1111 4699 ,
1157 4645 1210 4688 et
1243 4637 1466 4703 spiritus
1513 4639 1770 4692 adversus
1813 4653 2056 4701 carnem,
2095 4648 2148 4692 et

583 4728 820 4782 nondum
857 4729 1004 4796 potui
1044 4730 1316 4796 subjicere
1353 4746 1571 4784 carnem
1611 4732 1846 4799 spiritui,
1878 4731 2149 4798 subjectus

585 4818 801 4885 quidem
835 4834 952 4872 sum
1009 4819 1117 4873 Deo
1143 4859 1158 4884 ,
1191 4835 1374 4873 verum
1411 4837 1513 4874 nou
1557 4836 1622 4875 ex
1661 4823 1870 4890 integro
1901 4861 1916 4886 ,
1953 4824 2043 4875 sed
2087 4839 2154 4876 ex

583 4920 759 4978 parte.
817 4910 873 4963 Si
926 4922 1104 4965 autem
1143 4923 1370 4980 potuero
1416 4913 1582 4966 etiam
1619 4928 1837 4967 carnem
1897 4927 2068 4966 meam
2101 4922 2156 4967 ct

583 5003 763 5055 omnia
802 5002 1040 5056 membra
1079 5019 1194 5057 mea
1245 5004 1294 5056 in
1331 5005 1738 5057 consonantiam
1782 5003 2006 5071 spiritus
2041 5013 2153 5056 tra-

584 5096 735 5160 here,
767 5096 928 5164 222
957 5106 1082 5150 tunc
1105 5096 1345 5164 perfecte
1374 5097 1599 5150 videbor
1626 5112 1747 5150 esse
1774 5095 2064 5162 subjectus.
2098 5095 2154 5148 Si

653 5216 698 5247 ”
729 5217 882 5268 Rom.
904 5231 998 5279 xu,
1036 5215 1122 5269 15.
1197 5214 1242 5247 ³³
1275 5211 1315 5265 ΙΙ
1350 5212 1590 5276 Cor.xn,
1622 5213 1713 5265 2|.

581 5286 673 5341 27.
750 5285 795 5317 ⁸⁸
828 5283 967 5338 Psal.
996 5300 1047 5350 L,
1075 5287 1158 5337 10.
1230 5285 1276 5317 ²⁹
1314 5285 1415 5338 lsa.
1444 5299 1608 5347 xxxv,
1644 5284 1728 5336 10.

657 5379 770 5448 (92)
811 5379 938 5435 Mss.
977 5399 994 5434 α
1022 5388 1080 5434 ut
1107 5381 1273 5450 ipsius
1299 5380 1594 5435 imitemur.
1631 5399 1649 5431 ι
1678 5378 1832 5433 Libb.
1859 5377 2012 5439 editi,
2053 5397 2070 5427 ι
2097 5388 2151 5430 et

583 5451 756 5522 ipsius
786 5449 1079 5522 imitemur.
1115 5449 1133 5501 ἡ

656 5521 788 5592 (95)
823 5521 976 5592 Μεε.,
1036 5538 1054 5571 ‹
1112 5521 1632 5591 repropitiationcm.
1690 5539 1708 5571 ι
1775 5519 1930 5576 Libb.
1988 5519 2153 5579 edizi,

591 5607 612 5642 c
642 5591 1102 5658 propitiationem.
1141 5610 1160 5644 ι

661 5661 772 5728 (94)
831 5660 961 5713 Cum
997 5678 1114 5714 vero
1161 5661 1592 5714 consummaverit
1641 5677 1772 5726 aptis
1821 5678 1997 5724 suum,
2043 5672 2149 5714 etc.

588 5729 822 5785 Consule
860 5730 1108 5786 lluetium
1156 5729 1591 5800 Origenimwrum
1626 5732 1716 5787 lib.
1749 5747 1809 5800 ll,
1838 5745 2028 5801 qiucst.
2069 5733 2149 5797 ll,

1784 5212 1828 5245 "'
1861 5211 2009 5264 Matt.
2047 5227 2192 5272 χχιιι,
2230 5209 2322 5264 9.9.

1805 5282 1849 5312 ³ο
1879 5282 2039 5335 Ilebr.
2072 5297 2145 5344 χι,
2177 5281 2265 5337 39.

2254 4556 2536 4615 sequatur.
2594 4545 2884 4613 Exspectat
2915 4555 2968 4599 et
3016 4545 3168 4599 lsaac
3193 4555 3247 4599 et
3294 4542 3505 4611 Jacol),
3539 4555 3595 4598 et
3643 4561 3832 4600 omnes

2250 4637 2526 4707 pmphetae
2568 4645 2888 4702 exspectant
2935 4651 3035 4690 uos
3083 4644 3141 4689 ut
3189 4635 3471 4689 nobiscum
3529 4635 3826 4706 perfectam

2250 4728 2634 4784 beatitudinem
2654 4729 2888 4797 capiant.
2910 4728 3136 4798 Propter
3167 4727 3280 4782 haec
3292 4743 3421 4797 ergo
3442 4729 3604 4783 etiam
3631 4737 3831 4797 myste-

2262 4821 2400 4874 rium
2428 4819 2554 4874 illud
2587 4820 2638 4873 itt
2670 4817 2911 4872 ultimam
2937 4819 3076 4872 diem
3114 4819 3265 4873 dilati
3290 4819 3476 4888 judicii
3505 4818 3826 4872 custoditur.

2266 4910 2441 4965 Unum
2469 4909 2611 4964 enim
2629 4923 2825 4978 corpus
2855 4918 2956 4972 est,
2987 4907 3426 4977 quodjustificari
3455 4914 3829 4977 exspectatur,

2261 5018 2424 5056 nnmn
2467 5002 2608 5070 quod
2675 5015 2959 5068 resurgere
3010 5000 3208 5054 dicitur
3241 5002 3293 5054 in
3336 4999 3564 5068 judicio.
3628 4997 3827 5054 (Licet

2262 5097 2405 5150 enim
2445 5096 2556 5150 siut
2608 5094 2776 5149 multa
2809 5095 3046 5148 membra
3072 5135 3088 5159 ,
3126 5095 3218 5149 sed
3249 5110 3414 5149 unum
3449 5108 3684 5163 corpus,
3720 5107 3824 5146 non

2425 5209 2470 5239 ’⁵
2493 5205 2653 5262 Joan.
2679 5220 2771 5268 xv,
2795 5205 2852 5262 5.
2923 5207 2970 5239 ’θ
2997 5205 3151 5262 Joan.
3185 5221 3256 5272 vn,
3291 5205 3380 5261 56.
3455 5206 3500 5238 "
3532 5205 3548 5259 l
3575 5204 3703 5260 Cor.
3727 5217 3827 5270 xu,

2259 5389 2410 5428 num.
2453 5371 2540 5426 16.

2330 5442 2442 5513 (95)
2479 5442 2729 5494 Nondum
2778 5442 2915 5495 enim
2963 5452 3262 5508 receperunt
3294 5439 3532 5513 (mitium
3558 5457 3724 5513 suum
3765 5456 3825 5494 tu

2258 5511 2483 5567 nitustoli
2528 5513 2776 5578 quidem,
2813 5524 2921 5564 etc.
2955 5512 3088 5576 Quis
3135 5513 3202 5565 sit
3256 5512 3520 5577 genuinus
3558 5511 3658 5564 ho:
3708 5511 3828 5562 loco

2258 5584 2506 5650 Oregcuis
2538 5597 2762 5644 sensus,
2801 5582 2974 5649 apct'it
3008 5582 3230 5636 lluetius
3280 5578 3586 5650 Orig/enin".
3627 5582 3718 5637 lib.
3765 5593 3827 5644 II,

2261 5663 2447 5721 quast.
2485 5653 2572 5718 ll,
2609 5668 2754 5705 num.
2791 5652 2872 5705 10.
