4106 6246
269 249 368 304 481

1392 249 1462 302 ΙΝ
1502 245 1876 302 ιειιιτιιῖιιιι
1914 246 2198 303 llOMlLIA
2241 248 2354 307 Vll.

3415 252 3519 305 48‘3

272 377 451 437 potest
484 367 664 422 dicere
705 368 894 423 oculus
933 369 1136 432 manui,
1170 366 1281 422 Non
1320 382 1378 422 es
1413 369 1543 422 mihi
1591 383 1845 422 necessa-
1875 372 1922 429 Α
1952 369 2172 424 ειιιιι³⁸;
2198 387 2214 419 ι
2239 368 2490 438 Dispersa
2515 378 2639 421 sunt
2661 381 2783 422 ossa
2809 379 2988 422 nostra
3013 368 3516 426 secusinfernum.»

276 461 356 513 ria
389 459 456 522 ³⁸,
486 477 506 512 ο
538 459 702 512 etiam
737 459 780 513 si
809 474 970 513 sanus
1017 460 1083 514 sil
1143 459 1352 524 oculus,
1384 470 1435 514 et
1472 475 1577 513 non
1633 459 1702 512 sit
1737 468 1850 511 tur-

275 552 456 606 batus.
486 550 756 617 Quantum
787 550 1021 618 pertinet
1063 549 1128 604 ad
1164 551 1477 613 videndmn,
1514 549 1556 602 si
1592 548 1767 602 desim
1800 547 1847 601 ei

280 643 487 711 reliqua
536 645 774 695 membra
806 681 820 705 ,
853 656 972 709 qua:
1008 641 1110 694 erit
1143 641 1298 694 neuio
1347 639 1576 695 laetitia?
1608 650 1701 690 attt
1732 653 1848 705 qua:

280 733 549 786 videbitur
595 746 715 786 esse
762 731 1024 799 perfectio
1054 731 1097 784 si
1143 747 1331 786 manus
1373 746 1475 784 non
1519 730 1758 783 haheat?
1802 730 1848 782 si

282 827 445 893 pedes
473 823 669 887 desim,
695 830 788 875 aut
818 821 1022 889 reliqua
1058 823 1297 876 membra
1327 837 1430 875 non
1463 819 1686 873 adsint?
1712 817 1848 883 Quia

281 927 334 969 et
369 916 411 969 si
445 924 526 968 est
557 913 871 982 praecellens
896 913 1074 982 aliqtta
1105 913 1246 967 oeuli
1279 913 1470 984 gloria,
1497 912 1548 966 iu
1579 927 1645 965 eo
1675 909 1850 963 maxi-

283 1023 367 1060 ne
398 1016 504 1069 est,
532 1015 589 1058 ιιι
625 1005 703 1058 vel
733 1005 845 1074 ipse
872 1004 979 1058 dux
1011 1005 1084 1058 sit
1113 1006 1378 1073 corporis,
1410 1003 1492 1056 vel
1526 1014 1846 1057 caeterorum

281 1101 648 1153 tuesubrorttut
699 1113 804 1151 non
841 1099 1124 1153 deseratur
1163 1096 1370 1152 otiiciis.
1413 1094 1526 1150 Hoc
1545 1105 1724 1149 autem
1750 1109 1848 1148 nos

279 1207 374 1258 per
428 1188 573 1242 illam
644 1188 945 1243 Ezechielis
1005 1187 1281 1257 propheta:
1339 1187 1601 1240 visionem
1662 1184 1848 1239 doceri

279 1289 432 1349 puto,
461 1295 580 1334 cum
609 1280 741 1335 dicit
763 1289 1192 1350 congregandum
1213 1293 1272 1332 os
1289 1277 1355 1332 ad
1372 1293 1453 1343 os,
1477 1287 1522 1332 et
1540 1277 1845 1346 juncturam

279 1371 345 1422 ad
373 1369 678 1436 juncturam
706 1409 722 1433 ,
774 1379 828 1423 et
867 1383 1090 1432 nervos,
1125 1382 1186 1420 ac
1218 1381 1418 1432 venas,
1457 1375 1510 1420 et
1539 1365 1757 1434 pellem,
1785 1382 1850 1420 ac

278 1461 491 1531 singula
539 1462 670 1515 locis
724 1462 838 1515 suis
890 1475 1013 1515 esse
1063 1458 1386 1529 reparanda.
1437 1457 1678 1526 Denique
1729 1459 1850 1512 \idc

277 1551 409 1619 quid
441 1550 590 1604 addit
621 1551 919 1620 propheta:
962 1567 980 1600 ι
1012 1547 1146 1602 Ossa
1172 1586 1186 1611 ,
1223 1547 1398 1614 inquit
1422 1547 1466 1577 ”
1492 1585 1507 1612 ,
1539 1547 1660 1609 ista,
1692 1565 1710 1598 ι
1746 1562 1849 1600 non

278 1644 414 1697 dixit
444 1657 632 1696 omnes
675 1641 922 1695 homines
966 1649 1126 1705 sunt,
1175 1639 1270 1694 sed
1313 1637 1483 1703 dixit,
1540 1656 1557 1689 ι
1585 1653 1706 1693 ossa
1749 1639 1845 1692 ista

1954 458 2090 524 Quia
2128 473 2261 527 ergo
2291 458 2540 526 dispersa
2570 465 2747 520 erant,
2773 467 3058 527 propterea
3081 459 3212 513 dicit
3237 477 3332 530 per
3353 461 3517 516 alium

1953 551 2272 618 prophetam
2292 549 2333 581 ³⁸
2357 566 2370 602 :
2398 567 2414 599 ι
2442 550 2815 618 Cougregctur
2854 565 2917 604 os
2961 550 3025 603 ad
3057 566 3138 614 os,
3185 562 3236 604 ct
3264 551 3518 618 junctura

1952 643 2015 694 ad
2045 641 2381 709 juncturam,
2420 649 2473 692 ct
2513 641 2687 703 uervi,
2729 649 2782 693 et
2829 654 2998 705 venre,
3035 649 3088 693 et
3123 641 3307 709 pelles.
3335 659 3352 691 ι
3386 641 3518 696 Cum

1950 735 2092 786 enim
2129 734 2230 786 hoc
2262 731 2462 784 factum
2507 729 2689 791 fuerit,
2728 743 2853 783 tunc
2889 731 3109 784 «omnia
3151 732 3250 784 ista
3294 733 3516 786 dicent:

1953 823 2201 887 Domine,
2225 822 2346 890 quis
2374 820 2567 874 similis
2593 819 2727 872 tibi?
2751 819 2999 887 Eripiens
3027 821 3240 889 inopem
3265 823 3329 874 de
3360 838 3518 874 manu

1950 911 2190 966 fortioris
2224 912 2418 978 ejus“.
2450 929 2469 963 ι
2521 909 2955 978 Unumquodque
2989 911 3131 965 enim
3183 928 3244 966 os
3291 927 3356 966 ex
3405 913 3522 966 istis

1949 1005 2163 1057 ossibus
2195 1005 2348 1071 inops
2382 1012 2525 1068 erat,
2574 1012 2629 1056 ct
2675 1002 3014 1055 atterebatur
3062 1001 3303 1056 fortioris
3335 1020 3518 1058 manu.

1949 1093 2065 1148 Non
2101 1095 2244 1148 enim
2281 1095 2513 1150 habebat
2551 1093 2861 1162 juncturam
2909 1095 3218 1160 cbaritatis,
3256 1111 3360 1149 non
3393 1114 3520 1150 uer-

1948 1203 2044 1240 vos
2085 1188 2378 1256 patientim,
2415 1203 2518 1241 non
2553 1202 2720 1241 venas
2764 1187 2946 1241 vitalis
2991 1187 3177 1251 animi,
3209 1196 3262 1240 et
3296 1187 3414 1240 fidei
3445 1189 3520 1241 vi—

1948 1295 2158 1348 gorem.
2199 1279 2298 1333 Ubi
2343 1294 2471 1334 vero
2517 1280 2663 1332 venit
2697 1280 2786 1347 qui
2838 1279 3079 1346 dispersa
3131 1279 3432 1350 colligeret,
3463 1292 3520 1335 et

1948 1370 2039 1438 qui
2078 1369 2343 1436 dissipata
2373 1369 2750 1438 conjungeret,
2780 1369 3103 1424 eonsociaus
3147 1385 3210 1423 os
3240 1371 3306 1423 ad
3348 1386 3430 1436 os,
3463 1382 3518 1424 et

1945 1460 2257 1529 juncturam
2301 1460 2366 1513 ad
2396 1460 2730 1528 juncturam,
2762 1459 3032 1513 tedificare
3078 1461 3242 1530 cmpit
3271 1473 3516 1516 sanctum

1953 1566 2148 1620 corpus
2182 1551 2452 1606 Ecclesiae.
2497 1551 2621 1604 "me
2664 1549 2967 1604 inciderunt
2997 1552 3214 1620 quidem
3246 1553 3515 1606 extrinse-

1953 1657 2047 1695 cns
2105 1642 2229 1694 huic
2290 1641 2663 1709 disputationi,
2720 1641 2812 1694 sed
2871 1641 3182 1695 necessario
3231 1641 3513 1711 explanata

279 1737 479 1788 domus
507 1732 668 1786 Israel
701 1741 802 1786 est.
835 1749 853 1782 ι
909 1730 1141 1786 Habebis
1185 1745 1315 1798 ergo
1347 1730 1584 1783 lmtitiam
1635 1730 1700 1784 de
1748 1730 1848 1784 hac
1881 1728 1920 1781 Β
1951 1742 2096 1795 sunt,
2133 1743 2190 1785 ut
2223 1733 2561 1786 manifestior
2591 1731 2744 1786 ﬁeret
2778 1734 3050 1801 pontificis
3087 1735 3188 1788 mei
3240 1735 3516 1803 ingressos

291 1829 400 1879 vita
438 1826 737 1886 discedens,
774 1826 816 1880 si
850 1823 1017 1880 fueris
1039 1837 1277 1880 sanctus.
1309 1822 1412 1878 Sed
1450 1833 1576 1877 tunc
1603 1825 1705 1878 erit
1736 1825 1846 1895 ple—

287 1934 355 1970 na
388 1917 570 1971 lzntitia
601 1957 616 1981 ,
648 1933 771 1972 cum
811 1917 1010 1970 nullum
1063 1916 1155 1969 tibi
1206 1917 1564 1970 membrorqu
1602 1919 1845 1986 corporis

281 2011 450 2060 deest.
485 2007 828 2076 Exspectabis
853 2009 993 2060 enim
1022 2017 1074 2059 ιιι
1101 2007 1252 2070 alios,
1279 2008 1420 2060 sicut
1443 2018 1494 2061 et
1517 2008 1636 2077 ipse
1663 2024 1848 2076 exspe-

278 2104 452 2150 ctatus
483 2111 562 2150 es.
594 2096 745 2163 Quod
771 2098 814 2150 si
849 2098 962 2159 tibi,
991 2097 1080 2166 qui
1112 2100 1410 2150 tuetnbrum
1445 2114 1524 2164 es,
1566 2114 1669 2153 non
1702 2101 1848 2154 vidc-

279 2190 366 2233 tur
397 2197 517 2236 esse
564 2183 800 2252 perfecta
828 2185 1012 2238 laetitia
1061 2185 1104 2240 si
1149 2185 1289 2240 desit
1325 2187 1466 2240 aliud
1501 2191 1798 2243 membrum
1829 2207 1844 2254 ;

273 2283 478 2340 quanto
507 2276 674 2342 magis
721 2276 982 2331 Dominus
1013 2289 1068 2332 et
1103 2277 1351 2334 Salvator
1379 2288 1561 2334 noster
1588 2321 1601 2345 ,
1635 2283 1722 2350 qui
1751 2297 1845 2336 ca-

277 2373 371 2431 pttt
403 2374 455 2418 ct
481 2377 668 2420 auctor
696 2377 776 2420 est
814 2369 976 2422 totius
1003 2371 1272 2438 corporis,
1297 2386 1399 2423 nou
1423 2372 1522 2425 sibi
1553 2373 1844 2440 perfectam

277 2453 405 2507 dicit
440 2471 556 2510 essr
589 2457 831 2512 lmtitiam
859 2500 873 2523 ,
911 2461 1084 2515 donec
1119 2461 1318 2529 aliquid
1350 2477 1415 2516 ex
1464 2463 1718 2517 membris
1754 2466 1845 2518 tle-

274 2561 394 2602 esse
429 2551 642 2616 corpori
683 2566 783 2604 suo
815 2552 1001 2605 videt?
1038 2553 1101 2605 Et
1137 2563 1424 2622 propterea
1464 2553 1602 2609 forte
1647 2559 1846 2611 oratio-

279 2654 397 2693 nem
434 2639 686 2695 fundebat
713 2645 778 2695 ad
813 2643 1049 2707 Patrem,
1085 2646 1269 2699 dicens
1299 2647 1376 2700 ³³ε
1404 2665 1421 2697 ι
1457 2647 1614 2701 Pater
1639 2659 1844 2715 sancte,

279 2729 513 2797 glorifica
549 2748 632 2786 tne
663 2733 747 2786 illa
777 2734 967 2801 gloria,
1004 2752 1162 2804 quam
1196 2737 1354 2790 habui
1393 2739 1529 2805 apud
1578 2749 1628 2793 te
1664 2741 1846 2807 prius-

279 2837 436 2888 quam
467 2825 693 2877 mundus
742 2835 902 2879 CSsct.
937 2847 954 2878 ι
1012 2827 1126 2881 Non
1161 2828 1270 2880 vult
1299 2843 1426 2896 ergo
1464 2829 1583 2882 sine
1615 2838 1663 2883 te
1706 2831 1845 2884 reci-

281 2926 406 2979 pere
434 2913 723 2981 perfectam
755 2915 978 2984 gloriam
1015 2932 1189 2978 suam,
1248 2917 1349 2970 hoc
1384 2926 1468 2970 est
1500 2919 1618 2971 sine
1649 2919 1844 2987 populo

279 3016 398 3066 suo,
429 3003 517 3069 qui
547 3013 630 3056 est
663 3018 859 3072 corpus
889 3005 1026 3073 ejus,
1065 3016 1118 3060 et
1151 3007 1240 3074 qui
1273 3015 1402 3060 sunt
1438 3007 1674 3061 membra
1704 3008 1840 3076 ejus.

279 3090 404 3146 Vult
445 3095 586 3148 enim
626 3095 678 3149 itt
713 3098 814 3151 isto
849 3114 1076 3168 corpore
1111 3099 1360 3152 Ecclesia:
1394 3114 1504 3153 sua:
1532 3109 1585 3153 et
1631 3100 1681 3154 in
1725 3102 1842 3154 istis

279 3183 536 3237 membris
563 3187 738 3254 populi
770 3189 850 3241 sui
877 3228 892 3250 ,
923 3189 1035 3258 ipse
1067 3189 1212 3241 velut
1242 3190 1424 3242 anima
1466 3191 1753 3257 habitare;
1787 3203 1845 3246 ut

279 3288 470 3326 omnes
522 3285 714 3337 motus,
748 3285 909 3345 atque
945 3280 1126 3332 omnia
1155 3295 1316 3348 opera
1351 3283 1644 3336 secundum
1675 3284 1845 3353 ipsius

281 3363 479 3416 habeat
527 3367 894 3432 voluntatem;
939 3380 996 3423 ut
1033 3386 1156 3424 vere
1189 3373 1522 3441 compleatur
1577 3374 1629 3426 in
1691 3376 1846 3430 nobis

280 3452 410 3506 illud
441 3456 713 3522 propheta:
738 3457 938 3512 dictum
956 3458 1027 3511 διε
1049 3479 1065 3509 ι
1085 3461 1346 3516 llabitabo
1376 3464 1426 3516 in
1451 3462 1553 3528 eis,
1581 3474 1635 3518 et
1659 3465 1847 3518 ambu-

276 3544 421 3597 labo.
463 3571 482 3597 ρ
531 3545 682 3602 Νιιιιε
741 3559 921 3603 autem
978 3550 1151 3606 donec
1204 3553 1426 3622 perfecti
1486 3571 1590 3609 non
1660 3571 1846 3611 sumus

274 3651 486 3701 omnes,
543 3639 636 3692 sed
681 3639 856 3692 adhuc
887 3655 1074 3696 sumus
1111 3643 1160 3697 in
1193 3646 1430 3712 peccatis
1458 3685 1474 3710 ,
1509 3660 1570 3699 ex
1604 3657 1759 3714 parte
1793 3649 1842 3701 in

277 3729 436 3782 nobis
469 3736 550 3782 est
580 3769 594 3792 ,
629 3739 682 3782 et
731 3730 850 3785 ideo
884 3751 903 3782 ι
929 3748 994 3786 ex
1041 3743 1194 3802 parte
1227 3736 1429 3790 scimus
1455 3777 1470 3800 ,
1510 3747 1563 3792 et
1593 3753 1655 3791 ex
1693 3748 1844 3808 parte

274 3821 668 3889 prophetatuus
705 3821 779 3887 ³⁸,
816 3841 836 3874 ι
875 3823 1046 3877 donec
1092 3825 1212 3892 quis
1247 3829 1532 3894 pervenire
1571 3839 1844 3882 mercatur

276 3913 344 3965 ad
373 3913 512 3966 illam
539 3927 875 3977 mensuram,
910 3929 1072 3983 quam
1109 3914 1242 3970 dicit
1278 3917 1566 3986 Apostolus
1598 3919 1672 3974 "z
1713 3938 1732 3971 ι
1756 3921 1843 3975 Vi-

275 4017 346 4055 vo
376 4013 551 4057 autem
573 4004 681 4073 jam
713 4019 818 4059 non
851 4021 970 4076 ego,
1003 4006 1134 4060 vivit
1166 4021 1293 4061 vero
1322 4008 1374 4062 in
1405 4025 1488 4062 me
1519 4009 1785 4066 Christus.
1817 4031 1836 4064 ι

278 4095 357 4148 Ex
394 4105 542 4164 parte
586 4111 714 4161 ergo
743 4136 757 4158 ,
792 4105 851 4150 ut
895 4097 1027 4151 dicit
1059 4098 1380 4167 Apostolus,
1418 4116 1561 4153 nunc
1598 4105 1836 4157 membra

277 4187 396 4254 ejus
422 4201 628 4250 sumus,
679 4196 733 4240 et
761 4203 827 4241 ex
855 4197 1006 4256 parte
1044 4203 1166 4242 ossa
1195 4187 1312 4258 ejus
1341 4205 1546 4246 sumus.
1578 4193 1708 4246 Cum
1739 4212 1838 4248 au.

279 4289 384 4331 tem
421 4279 703 4347 conjuncta
741 4277 941 4331 fuerint
969 4293 1088 4333 ossa
1124 4281 1188 4332 ad
1221 4295 1365 4347 ossa,
1399 4291 1450 4334 et
1474 4281 1742 4350 juncturae
1772 4279 1839 4338 ad

274 4369 559 4438 juncturas
590 4369 725 4440 (96),
759 4369 1054 4422 secundum
1091 4370 1191 4424 hoc
1219 4369 1359 4439 quod
1388 4387 1549 4441 supra
1581 4374 1834 4439 diximus,

279 4471 408 4513 tunc
433 4460 596 4512 etiam
622 4459 736 4528 ipse
763 4458 906 4513 dicet
941 4461 1008 4513 de
1039 4461 1192 4514 nobis
1216 4462 1344 4515 illud
1373 4464 1744 4532 propheticum
1772 4468 1836 4520 ’τε

280 4571 298 4602 ι
320 4551 508 4605 Omnia
530 4565 652 4604 ossa
679 4564 796 4603 mea
821 4550 1000 4604 dicent
1019 4569 1032 4604 :
1049 4550 1294 4616 Domine,
1318 4554 1436 4620 quis
1460 4555 1650 4607 similis
1669 4557 1796 4610 tibi?
1816 4576 1833 4608 ι

274 4648 463 4700 Omnia
494 4663 727 4717 namque
753 4666 874 4704 ossa
907 4652 1009 4703 ista
1042 4649 1354 4716 loquuntur,
1384 4657 1438 4702 et
1472 4649 1729 4717 hymnum
1759 4653 1841 4706 di-

269 4751 423 4803 cunt,
457 4749 508 4792 et
537 4741 738 4808 gratias
765 4751 932 4810 agunt
966 4741 1091 4794 Deo.
1120 4738 1479 4793 Meminerunt
1506 4741 1649 4794 enim
1682 4741 1841 4798 bette-

276 4829 382 4881 ficii
440 4828 578 4894 ejus,
610 4839 662 4883 et
690 4830 810 4883 ideo
850 4847 869 4880 ι
902 4832 1080 4883 omnia
1108 4846 1227 4884 ossa
1263 4845 1378 4883 mea
1406 4831 1622 4884 dicent:
1658 4833 1840 4886 Domi-

274 4933 378 4981 ne,
418 4920 536 4986 quis
566 4917 759 4973 similis
791 4919 927 4972 tibi?
969 4919 1214 4986 Eripiens
1246 4933 1536 4987 pauperem
1573 4921 1638 4974 de
1673 4937 1834 4974 mauu

274 5005 512 5058 fortioris
539 5007 676 5073 ejus.
711 5026 729 5058 ι
784 5009 856 5062 De
884 5007 1001 5061 istis
1029 5006 1244 5060 ossibus
1276 5020 1398 5057 cum
1431 5005 1608 5060 adhuc
1651 5017 1836 5060 essent

271 5095 431 5165 223
451 5097 714 5165 dispersa,
733 5107 1018 5167 antequam
1045 5097 1257 5150 veniret
1280 5096 1368 5164 qui
1393 5110 1453 5149 ea
1481 5097 1756 5164 colligeret
1783 5107 1839 5152 et

271 5198 624 5257 congregaret
655 5188 706 5242 in
733 5204 922 5252 unum,
955 5188 1158 5242 dictum
1187 5196 1268 5241 est
1291 5196 1353 5240 et
1381 5187 1508 5240 illud
1553 5188 1834 5256 propheti-

340 5362 382 5394 "
415 5361 431 5416 I
465 5363 588 5416 Cor.
635 5379 730 5426 xu,
759 5364 848 5416 ‘20.

271 5432 317 5464 ³⁸
346 5433 519 5486 Galat.
559 5449 614 5494 tl,
650 5435 737 5486 9.0.
850 5435 893 5465 ³⁷
926 5433 1062 5486 Psal.
1099 5449 1276 5488 Ἆλιν,
1314 5433 1396 5484 10.

269 5502 312 5532 ⁸⁸
347 5505 536 5555 Matth.
581 5519 654 5565 Ix,
700 5504 784 5555 17.
861 5505 903 5534 δ’
939 5505 976 5555 ιι
1009 5505 1131 5556 Cor.
1175 5519 1243 5565 tv,
1281 5503 1361 5554 lti.

340 5619 451 5688 (θῇ)
487 5618 610 5688 Mss.
643 5636 660 5668 ι
683 5619 988 5688 juncturas.
1019 5639 1035 5669 ι
1072 5620 1205 5672 Libb
1253 5619 1402 5678 editi,
1436 5616 1837 5680 «juncturaum

340 5687 450 5750 (ξιτ)
485 5687 638 5752 Mss.,
673 5687 695 5740 ι
731 5690 893 5744 bibet.
930 5709 946 5740 ι
981 5690 1134 5744 Libb.
1164 5690 1330 5746 editi.
1369 5705 1385 5738 ι
1436 5688 1589 5741 bibit.
1625 5705 1642 5738 ι

959 5365 1002 5396 ³³
1041 5365 1233 5416 Eaecb.
1273 5379 1478 5425 uxvu,
1531 5363 1616 5415 ll.

1729 5365 1772 5394 ³³
1803 5363 1957 5418 Joan.
1991 5381 2121 5432 xvit,
2155 5367 2244 5419 51.

1510 5433 1552 5461 ³”¹
1579 5432 1720 5485 l’sai.
1775 5450 1896 5498 exc,

1438 5501 1483 5532 *3
1511 5501 1683 5554 Levit.
1723 5520 1774 5565 κ,
1811 5506 1888 5558 Η.

1948 1823 1999 1875 in
2035 1833 2219 1876 saneta
2257 1839 2360 1876 non
2398 1822 2633 1876 bibentis
2665 1823 2845 1876 vinttm
2897 1840 3179 1892 usquequo
3211 1828 3516 1880 sacerdotio

1946 1913 2278 1984 fungeretur.
2327 1913 2453 1968 Post
2487 1916 2600 1967 haec
2638 1924 2812 1967 tamen
2845 1915 2993 1968 bibet
3023 1916 3131 1984 (97)
3173 1917 3378 1980 vinum,
3414 1924 3505 1970 sed

1947 2009 2132 2060 vinum
2175 2021 2394 2071 novum,
2426 2015 2479 2059 et
2523 2006 2704 2058 viuum
2758 2019 2954 2057 novmn
3003 2006 3053 2057 in
3095 2006 3229 2058 coelo
3272 2022 3430 2069 novo,
3460 2018 3517 2061 ει

1949 2099 2002 2155 in
2037 2117 2172 2155 nova
2207 2111 2377 2166 terra,
2408 2109 2461 2154 et
2507 2100 2560 2154 in
2610 2115 2748 2152 novo
2780 2097 3016 2165 homine,
3051 2113 3170 2172 eum
3205 2100 3516 2155 hominibus

1950 2193 2121 2254 novis,
2152 2201 2207 2246 et
2253 2207 2373 2245 cum
2408 2191 2492 2245 his
2524 2192 2614 2260 qui
2647 2198 2871 2244 cantant
2900 2189 2946 2242 ei
2993 2191 3261 2242 canticum
3292 2206 3512 2247 novum.

1948 2281 2108 2337 Vides
2129 2299 2277 2351 ergo,
2304 2284 2428 2351 quia
2455 2283 2787 2352 impossibile
2811 2293 2894 2335 est
2922 2283 2989 2334 de
3014 2296 3150 2335 nova
3181 2282 3287 2335 vite
3317 2296 3512 2334 novum

1948 2376 2194 2444 poculqu
2229 2375 2336 2429 bibi
2372 2387 2437 2428 ab
2472 2390 2560 2437 eo,
2589 2375 2679 2442 qui
2714 2375 2889 2428 adhuc
2923 2373 3137 2426 indutus
3166 2381 3250 2426 est
3276 2384 3509 2427 veterem

1946 2467 2219 2522 hominem
2244 2482 2366 2520 cum
2393 2467 2604 2520 actibus
2632 2467 2766 2518 suis.
2806 2483 2824 2515 ι
2854 2463 3022 2518 Νειιιο
3051 2465 3217 2525 enim,
3254 2464 3510 2533 inquit“,

1947 2559 2110 2612 mittit
2137 2560 2318 2612 vinum
2349 2572 2543 2610 novum
2593 2557 2645 2610 in
2683 2566 2830 2610 utres
2863 2567 3090 2610 veteres.
3121 2573 3138 2606 ι
3175 2555 3228 2608 Si
3264 2557 3344 2608 vis
3384 2573 3512 2623 ergo

1947 2651 2002 2698 et
2036 2654 2086 2698 ιιι
2133 2643 2318 2698 bibere
2358 2644 2424 2698 de
2455 2644 2553 2699 hoc
2582 2659 2721 2698 novo
2752 2645 2896 2707 vino,
2934 2645 3213 2708 innovare,
3245 2654 3296 2696 et
3330 2646 3414 2698 die
3463 2644 3506 2675 “

1942 2737 2084 2805 quia,
2115 2736 2206 2790 «Et
2230 2737 2272 2792 si
2305 2737 2536 2791 exterior
2583 2737 2743 2790 horno
2787 2744 2970 2789 noster
3001 2735 3388 2802 corrumpitur,
3417 2737 3510 2788 sed

1946 2827 2035 2895 qui
2072 2828 2216 2882 intus
2247 2836 2330 2880 est
2357 2838 2647 2882 renovatur
2677 2827 2743 2879 de
2771 2826 2854 2879 die
2877 2831 2926 2880 in
2955 2828 3118 2884 diem.
3148 2846 3166 2878 ι
3206 2827 3269 2880 Et
3295 2829 3510 2895 quidem

1946 2920 2012 2973 de
2043 2919 2126 2973 bis
2154 2919 2482 2975 sufﬁcienter
2512 2923 2738 2976 dictum.
3489 2927 3494 2932 “

2017 3009 2070 3063 5.
2109 3009 2271 3064 Multa
2300 3021 2428 3063 sunt
2451 3019 2505 3064 ει
2529 3010 2657 3076 alia,
2689 3025 2806 3079 qum
2839 3011 3065 3064 recitata
3099 3011 3374 3078 sunt(98).
3404 3011 3511 3065 Sed

1947 3102 2202 3171 quoniam
2240 3111 2434 3156 cuncta
2483 3118 2586 3156 non
2641 3118 2949 3171 possumus,
2982 3103 3292 3172 eligendum
3330 3116 3408 3157 est
3445 3108 3510 3158 de

1946 3194 2140 3262 quibus
2173 3193 2352 3247 dicere
2403 3194 2718 3251 debeamus.
2773 3193 2838 3246 Et
2889 3196 3144 3262 quoniam
3193 3195 3318 3264 quid
3366 3207 3512 3250 esset

1947 3286 2155 3349 bibere,
2192 3295 2244 3339 et
2283 3301 2383 3338 non
2417 3286 2604 3340 bibere
2641 3287 2820 3339 vinum
2866 3303 2962 3356 pro
2996 3288 3204 3343 viribus
3253 3289 3509 3356 diximus,

1947 3390 2088 3428 nunc
2121 3375 2246 3443 quid
2279 3376 2349 3428 sit
2373 3375 2535 3428 etiam
2573 3377 2856 3430 comedere
2889 3378 3261 3447 pectusculum
3289 3395 3509 3448 separa-

1949 3466 2128 3522 tiouis.
2162 3475 2211 3518 et
2249 3464 2527 3518 brachium
2557 3465 2865 3530 ablationis,
2905 3467 3202 3521 videamus.
3238 3467 3362 3522 Post
3397 3470 3512 3523 bzec

1948 3557 2012 3610 de
2053 3557 2282 3618 mundis,
2318 3567 2371 3609 et
2398 3555 2711 3619 immundis,
2742 3556 2823 3610 vel
2851 3556 3009 3619 cibis,
3045 3557 3127 3609 vel
3163 3557 3510 3620 animalibus,

1947 3646 2262 3714 inquantum
2301 3644 2560 3698 Dominus
2607 3644 2840 3708 dederit,
2871 3655 2923 3697 et
2971 3646 3228 3712 temporis
3276 3647 3508 3713 spatium

1947 3733 2128 3795 fuerit,
2146 3733 2492 3786 disseremus.
2520 3731 2658 3785 Dicit
2691 3746 2819 3801 ergo
2852 3728 3127 3799 Scriptura
3147 3729 3223 3781 "z
3251 3747 3268 3779 ι
3295 3729 3514 3781 Pectus-

1946 3825 2120 3878 eulmu
2159 3823 2572 3892 segregationis,
2605 3832 2659 3876 et
2711 3821 2990 3874 brachium
3039 3818 3326 3871 ahlattonis
3359 3835 3511 3870 nian-

1945 3914 2172 3968 ducabis
2203 3915 2253 3966 in
2292 3913 2407 3967 loco
2436 3921 2650 3979 sancto,
2690 3920 2744 3965 tu
2769 3921 2822 3964 et
2854 3911 2946 3963 filii
2980 3909 3074 3972 tui,
3105 3919 3158 3963 et
3192 3912 3386 3963 tlUlllUS
3422 3922 3510 3961 tua

1947 4013 2162 4067 tecum;
2198 4003 2496 4072 legitimum
2528 4003 2669 4057 enim
2700 4002 2816 4066 tibi,
2847 4011 2901 4056 et
2928 4001 3225 4071 legitimum
3253 3999 3376 4054 filiis
3406 4001 3512 4054 tuis

1943 4097 2126 4151 datum
2158 4103 2242 4149 est
2273 4095 2341 4149 de
2370 4094 2653 4148 sacrificiis
2685 4093 3012 4148 salutaribus
3045 4091 3279 4147 filiorqu
3323 4093 3510 4158 Israel,

1939 4185 2220 4244 brachium
2251 4183 2562 4248 ablationis,
2584 4193 2635 4238 et
2662 4183 3032 4253 pectusculum
3059 4183 3504 4252 segregationis.»

1939 4278 2059 4333 Non
2085 4291 2243 4330 omne
2266 4276 2660 4346 pectusculum,
2698 4273 3088 4342 scgregationis
3114 4283 3197 4327 est
3221 4285 3508 4342 pectuscu-

1944 4365 2090 4430 lum;
2121 4381 2222 4421 nec
2252 4381 2414 4420 omne
2445 4365 2727 4421 brachium
2753 4366 3040 4420 ablationis
3065 4375 3119 4418 et
3145 4365 3512 4434 separationis

1944 4467 2029 4512 est
2058 4458 2362 4511 brachium.
2412 4457 2517 4512 Sed
2567 4458 2820 4526 quoniam
2873 4457 2937 4510 ad
2989 4456 3276 4510 Dominum
3329 4471 3508 4510 meum

1943 4547 2124 4602 Jesum
2147 4563 2432 4619 personam
2465 4549 2739 4617 pontiﬁcis
2770 4546 3166 4612 revocavimus,
3189 4557 3242 4601 et
3271 4547 3336 4601 ad
3366 4548 3511 4603 ﬁlios

1944 4638 2060 4706 ejus
2109 4649 2326 4694 sanctos
2373 4641 2672 4708 apostolos,
2733 4641 3015 4694 videamus
3064 4639 3338 4709 quomodo
3396 4640 3512 4710 ipse

1945 4729 2166 4797 quidem
2223 4732 2595 4800 pectusculum
2644 4732 3040 4801 segregationis
3090 4733 3402 4795 manducat,
3459 4741 3513 4783 et

1948 4819 2039 4873 filii
2077 4820 2215 4888 ejus,
2258 4821 2347 4874 alii
2394 4829 2572 4875 autem
2609 4837 2711 4875 non
2762 4837 2952 4877 omnes
3000 4832 3222 4889 possunt
3257 4835 3512 4888 segrega-

1945 4910 2108 4964 liouis
2152 4911 2523 4978 pectusculum
2579 4912 2926 4967 manducare.
2990 4910 3128 4976 Quid
3186 4911 3350 4979 igitur
3405 4918 3510 4971 cat,

1942 5001 2085 5067 quod
2116 5015 2146 5053 a
2177 4999 2338 5054 rebus
2360 4999 2610 5055 omnibus
2631 5009 2967 5068 segregatur.
2993 5013 3091 5053 nec
3113 5007 3196 5052 est
3218 5009 3505 5052 commune

1942 5107 2064 5146 cum
2115 5091 2358 5159 reliquis,
2408 5090 2510 5144 nisi
2565 5090 2676 5142 sola
2733 5089 3038 5142 substantia
3088 5085 3412 5142 Trinitatis?
3451 5085 3509 5138 Si

1943 5199 2072 5255 ergo
2100 5184 2395 5254 intelligam
2427 5183 2648 5252 quidem
2682 5180 2948 5235 rationem
2992 5177 3198 5246 mundi,
3241 5193 3348 5233 non
3382 5192 3509 5248 pos-

3018 5359 3106 5413 ³⁵1
3142 5358 3265 5412 Cor.
3301 5371 3419 5418 xui.
3453 5354 3508 5412 9.

2353 5365 2396 5396 ³⁵
2424 5365 2596 5419 Levit.
2634 5379 2781 5428 xxvi,
2817 5361 2905 5414 12.
3018 5361 3106 5413 ³⁵1
3142 5361 3265 5412 Cor.
3301 5371 3419 5418 xui.
3453 5361 3508 5412 9.

2353 5438 2396 5488 lt.
2433 5450 2634 5494 xxxvu,
2692 5435 2745 5494 7,
2789 5434 2842 5488 8.
2958 5431 2999 5465 ’⁸⁸
3035 5429 3369 5494 l'sal.xutv,
3406 5425 3510 5482 ιι).

1963 5437 2011 5488 7.
2128 5436 2170 5466 ³⁸
2198 5435 2396 5490 Ezecb.
2433 5450 2634 5498 xxxvu,
2692 5435 2745 5500 7,
2789 5434 2842 5488 8.

2023 5623 2132 5693 (9;)
2172 5624 2283 5677 Duo
2315 5638 2466 5690 mss.,
2504 5638 2522 5673 ι
2561 5619 2834 5676 reeitauda
2863 5627 3006 5672 sunt.
3042 5634 3060 5668 ι
