4106 6246
646 249 749 303 Δ83

2101 243 2425 299 ORlGENIS

3856 237 3961 289 485

648 368 750 421 sint
783 375 963 421 autem
1019 374 1183 419 etiam
1217 365 1283 419 de
1321 364 1430 419 Deo
1476 365 1777 435 intelligere
1828 368 1963 421 sicut
2002 367 2219 437 dignum
2252 372 2297 427 Α
2328 367 2470 419 dicat
2498 368 2623 437 quis
2678 368 3006 430 auditorum,
3058 368 3165 421 (Zur
3212 368 3319 420 vini
3378 365 3515 421 facis
3583 364 3961 437 Scriptura-3

647 471 753 523 est,
791 475 963 529 neque
996 457 1234 511 revelata
1280 457 1412 510 mihi
1457 456 1622 512 fuerit
1655 458 1882 512 scientia
1924 459 2039 523 Dei,
2075 476 2227 511 utan-

650 555 789 607 dueo
835 553 1051 621 quidem
1106 546 1504 617 peetusculum,
1552 549 1647 603 sed
1701 563 1804 602 non
1848 547 2223 618 pectusculnm

650 646 1063 714 segregationis.
1111 642 1337 695 Etiamsi
1386 650 1614 711 potuero
1663 641 1863 708 dicere,
1910 641 2032 709 Ipse
2072 642 2218 695 enim

652 737 780 790 mihi
811 736 954 786 dedit
983 735 1223 787 omnium
1264 750 1386 804 quae
1433 742 1560 789 sunt
1606 733 1888 788 scientiam
1924 747 2132 797 veram,
2170 742 2229 787 ut

649 829 815 881 sciam
848 827 1116 880 rationem
1162 826 1371 889 mundi,
1410 835 1464 880 et
1499 826 1758 878 virtutem
1807 824 2227 890 elementorum,

650 919 862 973 initium
892 929 945 971 et
979 918 1163 983 finem,
1201 917 1548 973 medietatem
1585 930 1910 987 temporum,
1947 928 2228 985 permuta-

651 1014 859 1066 tionum
912 1011 1344 1074 vicissitudines,
1380 1020 1433 1064 et
1475 1010 1862 1065 cenversiones
1901 1019 2226 1078 temporum,

651 1105 778 1157 anni
833 1101 1090 1166 circulos,
1148 1110 1200 1155 et
1246 1101 1525 1156 stellarum
1575 1101 1963 1171 dispositiones
1992 1118 2006 1154 :
2038 1102 2227 1154 horum

642 1196 899 1259 omnium
940 1194 1187 1255 srientia,
1226 1193 1350 1263 quia
1389 1193 1732 1247 rationabilis
1764 1203 1867 1256 est,
1926 1192 2227 1263 pectuscnli

655 1285 810 1339 cibus
844 1294 947 1348 est,
977 1285 1071 1338 sed
1118 1300 1220 1337 non
1258 1284 1553 1355 pectusculi
1592 1284 2008 1353 segregationis.
2043 1283 2097 1337 Si
2134 1300 2232 1337 au-

653 1388 760 1431 tem
792 1386 1017 1447 potuero
1048 1376 1113 1429 de
1158 1376 1264 1428 Deo
1295 1378 1502 1428 sentire
1548 1390 1668 1443 qua:
1708 1390 1921 1443 magna,
1954 1389 2073 1443 qua:
2099 1390 2228 1428 san-

651 1478 760 1534 cta,
799 1483 919 1537 qua:
967 1482 1094 1520 vera
1140 1475 1266 1521 sun-t
1313 1475 1368 1520 et
1417 1477 1650 1533 secreta,
1706 1476 1834 1522 tunc
1889 1467 2229 1521 mandueabo

651 1559 1021 1631 pectusculum
1071 1558 1488 1628 segregationis,
1520 1575 1641 1613 cum
1673 1560 1748 1623 id,
1780 1559 1923 1628 quod
1974 1560 2042 1612 ab
2079 1559 2227 1612 omni

651 1665 904 1710 creatura
944 1650 1147 1705 eminet
1190 1660 1245 1706 et
1290 1662 1632 1722 segregatur,
1666 1667 1962 1722 agnovere.
2014 1650 2230 1706 Primus

650 1764 780 1818 ergo
812 1745 1185 1815 pectusculum
1219 1747 1361 1799 istud
1395 1761 1559 1800 verus
1593 1745 1835 1815 pontifex
1866 1760 2018 1799 meus
2048 1760 2230 1799 come-

653 1837 753 1889 dit.
808 1835 1092 1901 Quomodo
1144 1835 1413 1889 comedit?
1470 1834 1704 1900 «Nemo,
1764 1836 2021 1906 inquit“,
2082 1836 2232 1890 novit

650 1926 893 1992 Patrem,
936 1925 1039 1979 nisi
1097 1924 1287 1982 Filius.
1314 1945 1331 1977 ι
1374 1925 1623 1980 Secundo
1659 1926 1709 1979 in
1760 1926 1878 1979 loco
1907 1926 2232 1979 manducaui

651 2026 707 2071 et
735 2017 827 2070 lilii
871 2017 1008 2085 ejus.
1050 2035 1067 2067 ι
1096 2015 1265 2071 Nemo
1288 2015 1432 2071 enim
1465 2016 1611 2069 novit
1639 2014 1880 2081 Patrem,
1910 2016 2011 2070 nisi
2038 2015 2229 2081 Filius,

650 2116 707 2161 et
732 2107 817 2160 cui
853 2105 1084 2160 voluerit
1116 2105 1285 2159 Filius
1316 2104 1579 2159 revelare.
1605 2124 1623 2157 ο
1662 2104 1871 2169 Quibus
1902 2113 2080 2156 autem
2111 2102 2233 2158 aliis

651 2198 752 2253 nisi
787 2198 1051 2268 apostolis
1089 2199 1203 2253 suis
1242 2198 1483 2253 revelat?
1524 2197 1630 2252 Sed
1660 2205 1716 2250 et
1762 2195 2042 2249 brachium
2073 2210 2233 2265 sepa-

646 2291 903 2363 rationis,
935 2291 1019 2345 vel
1055 2291 1371 2353 ablationis,
1418 2291 1561 2345 sicut
1606 2298 1659 2344 et
1691 2289 1941 2358 superius
1971 2288 2229 2352 diximus,

651 2392 812 2439 actus
841 2392 967 2436 sunt
996 2391 1051 2434 et
1078 2396 1245 2449 opera
1278 2381 1639 2434 eminentiora
1681 2379 1918 2443 caeteris,
1966 2393 2088 2448 qua:
2123 2379 2232 2432 uti-

651 2490 755 2544 que
786 2475 996 2542 primus
1025 2473 1139 2542 ipse
1173 2471 1427 2527 Salvator
1457 2482 1510 2524 et
1548 2471 1809 2525 Dominus
1845 2486 1996 2525 meus
2040 2470 2232 2539 imple-

651 2567 749 2619 vit.
779 2564 1061 2630 Quomodo
1087 2562 1367 2632 implevit?
1406 2580 1423 2612 ι
1452 2561 1620 2626 Meus,
1656 2560 1917 2629 inquit“,
1946 2561 2103 2615 cibus
2126 2570 2232 2626 est,

651 2664 712 2709 ut
738 2655 932 2709 faciam
964 2653 1295 2707 voluntatem
1318 2654 1433 2723 ejus
1458 2653 1549 2722 qui
1580 2667 1666 2706 me
1698 2652 1937 2717 misit,et
1955 2652 2232 2721 perficiant]

652 2764 789 2818 Opus
837 2747 1017 2819 ejus.»
1057 2745 1192 2800 Cum
1243 2761 1374 2815 ergo
1425 2745 1555 2798 facit
1613 2744 1951 2800 voluntatem
1985 2744 2100 2815 ejus
2140 2744 2231 2813 qui

652 2840 801 2896 misit
828 2854 975 2904 eum,
1006 2838 1060 2893 in
1104 2839 1207 2893 hoc
1237 2854 1343 2893 non
1384 2837 1779 2908 peetusculuin,
1821 2839 1915 2893 sed
1946 2839 2232 2892 brachium

652 2931 1015 3001 separationis
1058 2930 1316 2985 comedit.
1357 2929 1627 2984 Similiter
1677 2939 1858 2983 autem
1895 2939 1951 2984 et
1999 2929 2231 2999 apostoli

2329 456 2597 509 Animalia
2623 458 2900 521 dicuntur,
2927 457 3183 510 animalia
3212 456 3627 525 intelligantur.
3692 456 3781 511 Ne
3817 472 3958 529 ergo

2332 549 2529 617 aliquis
2575 548 2689 603 hmc
2752 548 3038 619 depravari
3087 549 3323 601 humano
3386 549 3579 603 credat
3638 549 3889 617 ingenio
3942 589 3958 614 ,

2331 640 2619 712 apostolica
2669 640 2722 693 in
2752 641 2829 695 eis
2860 639 3161 692 auctoritas
3185 639 3457 694 evocanda
3482 648 3592 697 est.
3630 640 3788 691 Audi
3824 656 3955 705 ergo

2331 732 2564 801 primum
2615 734 2858 788 omnium
2924 733 3121 788 Paulus
3172 730 3238 785 de
3313 731 3393 784 eis
3454 732 3717 801 qualiter
3773 733 3929 783 dii-at

2337 842 2354 874 ο
2389 824 2589 878 Omnes
2619 827 2789 891 enim,
2842 826 3016 896 inquit
3041 824 3109 888 ⁸⁷,
3141 838 3237 891 per
3268 838 3420 897 mare
3451 824 3848 885 transierunt,
3902 831 3952 876 et

2331 929 2520 969 omnes
2549 916 2600 969 in
2632 915 2870 987 llloysem
2906 912 3162 983 baptizati
3187 922 3313 966 sunt
3339 912 3391 965 in
3420 913 3560 967 nube
3590 922 3659 967 et
3692 913 3751 967 in
3784 913 3949 978 mari,

2330 1016 2385 1061 et
2435 1022 2622 1062 onmes
2664 1005 2907 1060 eamdem
2941 1021 3124 1059 escam
3182 1003 3486 1074 Spit-italem
3535 1005 3942 1058 manducave-

2335 1110 2482 1163 runt,
2513 1111 2567 1155 et
2595 1115 2784 1155 omnes
2814 1101 3060 1155 eumdem
3087 1107 3268 1168 potum
3297 1098 3609 1167 Spiritalem
3647 1098 3940 1153 biberunt.

2330 1191 2597 1246 Bibebant
2629 1202 2809 1246 autem
2841 1192 2906 1245 de
2930 1191 3164 1260 spiritali
3191 1199 3563 1257 consequente
3585 1204 3696 1244 eos
3726 1200 3889 1258 petra
3920 1202 3938 1241 :

2332 1292 2487 1351 petra
2525 1294 2710 1335 autem
2769 1291 2887 1335 erat
2926 1282 3201 1336 Christus.
3243 1300 3261 1333 ι
3322 1279 3530 1333 Paulus
3579 1281 3706 1336 haec
3749 1280 3935 1339 dicit:

2332 1373 2595 1428 llebrieus
2623 1389 2689 1428 ex
2728 1373 2987 1437 llebrzeis,
3043 1373 3341 1427 secundum
3374 1372 3551 1441 legem
3585 1372 3932 1436 Pharisaeus,

2332 1477 2386 1521 et
2417 1467 2610 1523 doctus
2642 1483 2799 1523 secus
2825 1470 2991 1537 pedes
3033 1467 3370 1532 Gamalielis,
3419 1469 3510 1536 qui
3557 1468 3752 1538 utique
3785 1483 3930 1523 nun-

2331 1574 2496 1629 quam
2526 1559 2751 1612 auderet
2786 1558 3083 1627 spiritalem
3118 1573 3329 1623 escam,
3372 1568 3423 1612 et
3469 1557 3771 1627 spiritalem
3814 1574 3924 1628 po-

2335 1656 2447 1702 tum
2476 1648 2770 1718 appellare,
2810 1649 2910 1703 nisi
2947 1650 3089 1704 hunc
3129 1663 3250 1704 esse
3294 1663 3508 1703 sensum
3568 1648 3921 1718 legislatoris

2339 1755 2437 1810 per
2467 1741 2717 1794 traditam
2749 1739 2852 1794 sibi
2887 1740 3187 1795 verissimze
3213 1740 3482 1796 doctrina:
3503 1739 3775 1793 scientiam
3815 1740 3912 1793 di-

2341 1832 2583 1887 dicisset.
2616 1831 2768 1886 Unde
2789 1839 2844 1885 et
2871 1831 2998 1886 illud
3024 1832 3189 1898 addit,
3243 1841 3503 1901 tanquam
3533 1832 3817 1895 conlidens,
3847 1840 3906 1886 et

2341 1932 2523 1977 certus
2555 1924 2620 1976 de
2653 1923 2897 1977 ciborum
2933 1926 3144 1978 ratione
3174 1925 3528 1988 mundorum,
3564 1923 3648 1977 vel
3678 1923 3903 1978 immun-

2341 2014 2555 2079 dorum,
2585 2014 2729 2082 quod
2763 2028 2869 2067 non
2908 2014 3203 2068 secundum
3244 2013 3505 2077 litteram,
3561 2014 3658 2069 sed
3701 2013 3917 2083 spirita-

2344 2106 2466 2162 liter
2498 2106 2837 2162 observanda
2882 2107 3017 2172 sint,
3050 2115 3105 2161 et
3145 2106 3277 2161 dicit
3315 2106 3361 2139 ⁸⁸
3398 2122 3412 2159 :
3453 2124 3472 2158 ε
3511 2106 3588 2160 Ne
3618 2107 3741 2175 quis
3793 2120 3918 2175 ergo

2342 2197 2665 2265 vosjudicet
2709 2198 2764 2253 in
2794 2197 2942 2264 cibo,
2989 2207 3083 2253 aut
3126 2199 3178 2252 in
3213 2208 3363 2267 νοω,
3391 2206 3486 2252 aut
3521 2197 3574 2251 in
3620 2206 3777 2266 parte
3812 2196 3915 2250 diei

2342 2289 2486 2357 festi,
2545 2298 2639 2343 aut
2689 2289 3012 2353 neomenim,
3062 2297 3156 2343 aut
3194 2288 3544 2345 sabbatorum
3598 2287 3741 2357 (99),
3798 2304 3915 2357 qua:

2342 2392 2467 2437 sunt
2498 2381 2689 2436 umbra
2717 2381 3042 2435 futurorum.
3080 2399 3098 2433 ι
3152 2379 3314 2435 Vides
3341 2396 3475 2451 ergo
3506 2381 3782 2450 quomodo
3805 2380 3917 2434 haec

2343 2474 2546 2541 omnia,
2585 2488 2702 2542 qua:
2729 2472 2796 2528 de
2823 2472 2957 2528 cibis
2987 2471 3066 2527 vel
3094 2481 3221 2541 potu
3251 2473 3491 2541 loquitur
3520 2473 3757 2542 Moyses,
3782 2472 3919 2526 Pauo

2343 2566 2449 2632 lus,
2502 2566 2593 2636 qui
2642 2565 2837 2621 melius
2875 2566 2979 2621 ista
3018 2564 3282 2619 didicerat
3330 2581 3491 2635 quam
3536 2566 3595 2620 hi
3635 2566 3726 2634 qui
3778 2580 3917 2619 nunc

2337 2660 2547 2729 jactant
2590 2674 2648 2714 se
2694 2673 2815 2713 esse
2852 2658 3132 2723 doctores,
3172 2658 3352 2712 omnia
3399 2659 3515 2713 haec
3561 2661 3754 2713 umbra
3792 2658 3918 2712 dicit

2343 2767 2464 2809 esse
2487 2752 2815 2806 futurorum.
2848 2751 2915 2805 Et
2948 2750 3088 2812 ideo,
3122 2751 3263 2804 sicut
3293 2751 3549 2813 diximus,
3576 2753 3644 2805 ah
3666 2752 3771 2805 hac
3804 2767 3921 2804 um-

2342 2845 2439 2900 bra
2471 2844 2535 2899 ad
2567 2845 2851 2899 veritatem
2876 2841 3136 2898 debemus
3167 2843 3485 2897 ascendere.
3518 2844 3845 2897 Christianis
3861 2851 3916 2898 et

2345 2952 2374 2991 a
2403 2935 2732 2992 Christianis
2763 2936 2842 3007 (l)
2884 2948 3066 2989 sermo
3103 2941 3207 2999 est,
3251 2934 3450 3004 quibus
3492 2934 3915 3003 apostolicorum

654 3023 793 3094 ejus,
827 3040 948 3078 cum
1000 3022 1206 3077 faciunt
1237 3036 1375 3091 opus
1404 3021 1775 3091 evangelistw.
1820 3030 1875 3076 et
1923 3020 2232 3077 efﬁciuntur
2344 3030 2613 3084 dictorum
2644 3027 2809 3081 chara
2837 3040 2957 3080 esse
2983 3026 3141 3081 debet
3181 3026 3506 3080 auctoritas.
3552 3025 3609 3080 Si
3634 3026 3759 3094 quis
3790 3040 3914 3078 vero

655 3116 892 3188 operarii
924 3114 1364 3178 inconfusibiles,
1398 3123 1548 3167 recte
1596 3122 1893 3167 tractantes
1923 3128 2231 3170 sermonem

653 3208 930 3271 veritatis,
980 3205 1343 3276 separationis
1372 3204 1454 3259 vel
1486 3203 1779 3258 ablatiouis
1827 3204 2108 3260 brachium
2143 3220 2237 3260 co-

656 3302 900 3357 medunt.
942 3298 1034 3355 Vis
1062 3298 1238 3352 adhuc
1281 3297 1495 3367 planius
1524 3298 1709 3351 videre
1739 3299 2012 3366 quomodo
2042 3297 2235 3353 Salva—

659 3404 746 3447 tor
775 3390 1137 3461 separationis
1166 3388 1448 3443 brachium
1476 3390 1914 3444 comedat?Audi
1940 3389 2068 3458 quid
2090 3390 2233 3443 dicat

656 3488 724 3540 ad
748 3481 964 3538 Iudaeos
989 3500 1013 3537 :7
1038 3500 1057 3533 ι
1082 3480 1140 3536 Si
1170 3481 1296 3546 feci,
1333 3480 1589 3549 inquit“,
1621 3496 1789 3550 opera
1827 3481 1879 3534 in
1914 3483 2084 3546 vobis,
2117 3496 2235 3551 quae

658 3578 842 3633 nullus
872 3577 1013 3631 alius
1046 3576 1192 3640 fecit,
1230 3590 1327 3645 pro
1368 3588 1479 3643 quo
1521 3574 1712 3626 horum
1750 3574 1911 3627 vultis
1957 3588 2041 3627 me
2085 3575 2233 3628 occi-

657 3670 829 3724 dere?
875 3690 893 3722 ι
925 3667 1086 3723 Vides
1128 3669 1403 3738 quomodo
1438 3668 1555 3737 ipse
1608 3680 1733 3719 vere
1774 3666 2069 3721 manducat
2113 3666 2237 3718 bra-

659 3762 843 3817 chium
874 3760 1253 3831 separationis.
1278 3759 1370 3828 qui
1400 3774 1564 3827 opera
1595 3768 1703 3812 tam
1734 3769 2009 3830 segregata
2043 3770 2099 3813 et
2128 3769 2233 3812 tam

657 3853 908 3907 sublimia
946 3852 1093 3917 fecit,
1124 3867 1288 3921 quam
1324 3852 1503 3907 nullus
1532 3852 1669 3906 alius
1700 3852 1850 3907 fecit.

734 3944 789 3998 4.
826 3945 931 3999 Sed
952 3942 1064 4011 jam
1092 3944 1373 3997 videamus
1401 3944 1577 4012 aliqua
1603 3944 1767 3997 etiam
1796 3958 1860 3996 ex
1894 3943 2001 4008 his,
2029 3960 2148 4013 qua:
2171 3945 2238 3999 de

657 4036 897 4097 mundis,
928 4042 1089 4101 atque
1122 4032 1437 4098 immundis,
1474 4032 1558 4086 vel
1599 4032 1667 4086 de
1701 4032 1859 4098 cibis,
1904 4033 1985 4087 vel
2026 4035 2237 4087 anima-

662 4127 802 4179 libus
843 4127 982 4178 lecta
1009 4132 1173 4189 sunt;
1198 4132 1253 4177 et
1284 4123 1427 4178 sicut
1454 4123 1507 4176 in
1535 4124 1920 4193 explanatione
1968 4126 2142 4194 poculi
2171 4127 2238 4181 de

659 4217 852 4270 umbra
897 4213 1245 4269 ascendimus
1288 4213 1354 4267 ad
1394 4213 1678 4268 veritatem
1725 4214 1993 4283 spiritalis
2035 4215 2235 4284 poculi,

662 4309 734 4362 ita
789 4307 952 4363 etiam
1009 4306 1075 4362 de
1129 4305 1269 4361 cibis
1334 4306 1426 4376 qui
1490 4320 1586 4375 per
1641 4307 1887 4361 umbram
1946 4308 2234 4373 dicuntur,

2344 3119 2655 3190 arrogantia
2707 3117 2946 3171 tumidus
2978 3117 3275 3185 apostolica
3321 3117 3467 3170 dicta
3504 3116 3799 3170 contemnit
3824 3125 3915 3169 aut

2342 3212 2573 3281 spernit,
2603 3211 2719 3280 ipse
2742 3210 2959 3264 viderit.
3016 3210 3146 3264 Mihi
3175 3220 3376 3270 autem.
3417 3210 3560 3264 sicut
3591 3208 3694 3263 Deo
3731 3218 3785 3261 et
3814 3208 3909 3261 Do-

2346 3304 2496 3358 mino
2550 3310 2736 3356 nostro
2783 3299 2911 3355 Jesu
2972 3300 3212 3364 Christo,
3266 3300 3341 3353 ita
3396 3308 3453 3352 et
3510 3297 3762 3367 apostolis
3800 3296 3910 3362 ejus

2343 3394 2623 3448 adhaerere
2663 3393 2865 3447 bonum
2896 3402 3005 3453 est.
3044 3400 3100 3444 et
3144 3406 3209 3445 ex
3256 3389 3455 3444 divinis
3515 3388 3812 3458 Scripturis
3842 3403 3919 3441 se-

2344 3488 2579 3541 cundum
2612 3486 2853 3555 ipsorum
2884 3485 3233 3539 traditionem
3266 3483 3677 3553 intelligentiam
3702 3497 3915 3551 capere.

2344 3577 2460 3631 Erit
2491 3586 2671 3631 autem
2714 3584 3077 3645 opportunum
3108 3573 3345 3627 fortasse
3372 3584 3606 3641 tempus,
3657 3571 3702 3625 si
3741 3581 3918 3624 tamen

2348 3671 2439 3726 Dei
2465 3669 2715 3724 voluntas
2760 3669 2812 3721 in
2842 3667 2945 3721 hoc
2990 3664 3190 3729 fuerit,
3238 3674 3293 3720 et
3327 3680 3509 3719 rerum
3554 3664 3921 3733 tranquillitas

2345 3760 2509 3816 fuerit
2545 3760 2843 3825 (nescimus
2900 3758 3045 3814 enim
3104 3755 3232 3825 quid
3297 3756 3473 3825 pariat
3517 3766 3915 3822 superventura

2346 3854 2505 3922 dies),
2533 3860 2591 3906 ut
2630 3852 2790 3906 etiam
2826 3865 2894 3904 ex
2942 3849 3122 3905 V'eteri
3180 3847 3529 3902 Testamento
3558 3845 3923 3915 assignemns,

2346 3945 2638 4001 secmidum
2682 3944 2735 3996 id
2778 3946 2920 4010 quod
2972 3940 3231 4010 apostolis
3276 3940 3450 3992 visum
3490 3947 3604 4003 est,
3656 3939 3923 3993 rationem

2347 4040 2592 4094 ciborum
2635 4033 2712 4103 (“2)
2756 4032 3105 4097 mundorum,
3153 4031 3239 4085 vel
3284 4031 3705 4092 immundorum,
3745 4031 3837 4083 sed
3867 4041 3928 4083 et

2346 4126 2683 4189 animalium,
2729 4124 2811 4177 vel
2852 4126 3055 4184 avium,
3107 4122 3193 4176 vel
3232 4121 3485 4191 piscium,
3527 4119 3594 4173 de
3633 4120 3830 4188 quibus
3868 4119 3926 4171 in

2347 4218 2464 4287 lege
2502 4215 2781 4278 scribitur,
2813 4212 3226 4283 intelligentiam
3278 4212 3342 4265 ad
3386 4202 3638 4267 homines
3679 4210 3928 4265 refereno

2347 4311 2493 4363 dam.
2545 4307 2651 4363 Sed
2693 4322 2836 4360 nunc
2893 4307 3152 4375 quoniam
3195 4304 3390 4359 latiore
3424 4304 3503 4358 uti
3541 4303 3927 4373 explanatione

659 4401 1018 4455 ascendamus
1054 4400 1121 4454 ad
1152 4414 1248 4454 eos
1274 4400 1362 4469 qui
1397 4416 1494 4471 per
1515 4400 1768 4469 spiritum
1806 4401 1917 4453 veri
1951 4410 2079 4455 sunt
2106 4402 2235 4456 cibi.
2271 4419 2317 4477 ο
2349 4417 2453 4456 non
2493 4409 2575 4454 est
2615 4408 2851 4468 tempus,
2902 4397 3117 4451 duobus
3170 4396 3470 4450 luminibus
3522 4395 3923 4464 apostolorum,

661 4492 767 4546 Sed
798 4494 865 4546 ad
898 4492 1012 4545 h:ec
1043 4490 1443 4560 investiganda,
1497 4492 1799 4560 Scriptum
1835 4491 2036 4546 divina:
2083 4492 2236 4545 testi-

661 4586 860 4637 moniis
890 4582 1214 4651 indigemus,
1266 4598 1334 4636 ne
1361 4583 1485 4652 quis
1530 4593 1685 4651 putet
1729 4588 1938 4652 (amant
1962 4584 2109 4638 enim
2142 4584 2239 4638 hoc

662 4677 839 4731 mines
891 4689 1160 4729 exacuere
1187 4674 1401 4744 linguas
1440 4691 1568 4730 suas
1602 4684 1661 4728 ut
1704 4675 1966 4747 gladium)
1995 4692 2063 4732 ne
2090 4678 2235 4746 quis,

663 4768 909 4839 inquam,
943 4775 1115 4836 putet,
1148 4768 1291 4835 quod
1321 4782 1421 4838 ego
1450 4769 1555 4821 vim
1597 4766 1790 4820 faciam
1838 4765 2134 4836 Scripturis
2161 4770 2239 4823 dio

660 4861 825 4926 vinis,
853 4872 907 4914 et
934 4874 999 4913 ea
1027 4874 1148 4929 qua:
1174 4861 1240 4914 de
1268 4859 1617 4924 animalibus,
1655 4858 2123 4927 quadrupedibus,
2155 4859 2238 4912 vel

660 4955 824 5009 etiam
850 4956 1064 5018 avibus,
1097 4953 1448 5021 autpiscibus
1482 4952 1721 5015 mundis,
1761 4950 1877 5004 sive
1924 4950 2237 5015 immundis,

661 5048 715 5101 in
742 5046 857 5117 lege
889 5046 1220 5109 referuntur,
1250 5045 1414 5119 224
1446 5046 1513 5099 ad
1548 5045 1797 5099 homines
1823 5043 2058 5108 traham,
2085 5056 2141 5098 et
2173 5045 2240 5099 de

659 5138 972 5194 hominibus
999 5139 1115 5193 haec.
1134 5138 1279 5192 dicta
1298 5151 1418 5191 esse
1441 5138 1769 5208 contingam.
1797 5136 2074 5192 Fortassis
2094 5138 2238 5191 enim

736 5274 784 5309 “
813 5275 1006 5331 Matth.
1031 5291 1106 5340 ιι,
1144 5275 1235 5329 27.
1308 5274 1355 5306 “
1380 5272 1539 5328 Joan.
1566 5287 1637 5339 iv,
1667 5270 1758 5328 54.
1838 5270 1882 5303 ⁸⁸
1905 5268 2061 5327 Joan.
2088 5287 2144 5337 ι,
2180 5270 2269 5330 52.

737 5420 847 5489 (99)
877 5422 989 5473 Duo
1017 5437 1171 5481 inss.,
1202 5440 1220 5473 ι
1258 5420 1506 5475 sabbato.
1534 5440 1554 5473 ›

737 5488 1034 5561 (UOmnes
1060 5507 1217 5554 mss.,
1256 5510 1274 5542 ι
1310 5491 1654 5552 Christianis,
1684 5500 1788 5543 eta
1817 5488 2169 5545 Christianis.
2214 5506 2233 5538 ι

576 5562 581 5565 ’
666 5563 822 5618 Libli.
850 5562 1005 5625 editi,
1042 5579 1060 5612 ι
1095 5560 1417 5625 Chrisﬁani,
1446 5572 1499 5617 et
1526 5561 1591 5613 ad
1629 5561 1991 5615 Clit'iStianos.
2037 5577 2058 5612 ι

737 5636 814 5698 (‘2)
843 5631 1001 5685 Libh.
1034 5642 1192 5684 antea
1224 5632 1379 5695 editi,
1416 5649 1434 5682 ι
1482 5634 1775 5686 secundum
1810 5646 1928 5685 eam
1956 5644 2078 5700 quae
2105 5643 2238 5695 apo—

666 5704 821 5759 stolis
848 5703 958 5755 visa
986 5710 1069 5756 est
1095 5704 1386 5767 rationem,
1429 5702 1698 5768 ciborum,
1742 5721 1760 5753 ›
1793 5712 1925 5769 etc.,
1968 5701 2062 5756 sed
2106 5714 2236 5753 mss.

2343 4494 2506 4549 Petro
2543 4502 2600 4548 et
2635 4491 2801 4546 Paulo
2842 4490 3072 4543 testibus
3113 4487 3353 4543 contenti
3383 4487 3575 4543 simus.
3614 4486 3679 4540 Et
3704 4486 3926 4554 quidem

2347 4586 2547 4641 Paulus
2583 4598 2704 4653 qua:
2726 4582 2983 4644 senserit,
3021 4580 3130 4649 jam
3183 4580 3528 4649 protulimus.
3565 4578 3757 4632 Petrus
3794 4591 3927 4630 vero

2345 4679 2621 4747 apostolus
2642 4691 2763 4730 cum
2799 4684 2943 4729 esset
2969 4673 3020 4725 in
3050 4669 3244 4741 Joppe,
3266 4681 3323 4725 et
3346 4685 3505 4726 orare
3534 4670 3717 4731 vellet,
3740 4683 3929 4722 ascen-

2348 4774 2427 4828 dit
2480 4770 2534 4824 in
2586 4769 2867 4838 superiora
2909 4766 2977 4818 ‘9.
3010 4765 3121 4835 Ego
3177 4774 3357 4819 tamen
3388 4773 3442 4818 et
3472 4763 3576 4818 hoc
3632 4761 3809 4830 ipsum
3842 4760 3923 4831 (ὅ)

2347 4864 2488 4934 quod
2529 4863 2700 4918 noluit
2740 4860 2791 4914 in
2834 4857 3183 4912 inferioribus
3218 4872 3397 4921 orare,
3450 4856 3543 4910 sed
3584 4850 3928 4909 ascenditad

2348 4955 2652 5025 superiora,
2708 4966 2813 5005 non
2860 4949 3061 5004 frustra
3110 4950 3214 5005 dici
3258 4948 3486 5016 accipio.
3546 4945 3732 5013 Neque
3773 4942 3922 4996 enim

2350 5049 2483 5103 tanti
2523 5045 2749 5116 apostoli
2791 5043 3079 5099 consilium
3112 5058 3176 5097 ex
3208 5039 3480 5111 superfluo
3519 5040 3807 5107 superiora
3840 5037 3931 5087 de—

2350 5140 2479 5211 legit
2526 5138 2595 5194 ad
2641 5137 2932 5206 orandum,
2992 5137 3112 5200 sed,
3143 5147 3407 5205 quantum
3447 5148 3547 5204 ego
3578 5132 3838 5191 arbitror,
3868 5134 3930 5180 ut

3166 5269 3209 5301 ⁸⁸
3234 5267 3351 5323 Col.
3386 5263 3556 5334 11,16.
3633 5263 3679 5295 "
3717 5262 3818 5317 Act
3868 5274 3925 5318 ι.

2353 5274 2397 5306 ⁸⁷
2439 5273 2460 5327 l
2493 5273 2621 5328 Cor.
2661 5290 2715 5338 x,
2760 5273 2795 5326 2
2845 5281 2902 5327 et
2936 5286 3085 5342 seqq.

2347 5432 2407 5476 ut
2440 5422 2491 5475 in
2522 5430 2714 5475 nostro
2746 5428 2917 5474 textu.

2419 5493 2496 5564 (ὅ)
2522 5491 2659 5544 Male
2700 5493 2749 5544 in
2783 5500 2940 5543 antea
2972 5486 3131 5564 etlitis
3177 5484 3398 5564 legitur,
3421 5503 3449 5564 .1
3487 5497 3616 5551 ergo
3654 5481 3929 5564 sta-timuet

2346 5550 2450 5617 hoc
2478 5550 2674 5630 ipsum,
2717 5580 2733 5609 ι
2763 5570 2892 5617 etc..
2921 5559 3137 5630 omissis
3177 5550 3259 5609 his
3284 5556 3483 5617 verbis,
3525 5572 3542 5604 ι
3584 5568 3689 5606 nou
3721 5550 3929 5603 [ωειλ-,ι

2350 5634 2456 5685 dici
2488 5628 2718 5700 accipin,
2756 5650 2773 5680 ι
2814 5643 2934 5697 quae
2964 5628 3284 5697 supplentur
3312 5640 3339 5678 e
3370 5640 3500 5677 mss.
