4106 6246
383 214 491 271 ωδ

1505 212 1571 267 IN
1611 210 1984 266 LEVlTltIUH
2032 209 2317 267 llOMlLH
2365 209 2473 265 νη.

3539 209 3646 264 ωδ

384 340 759 390 ostenderetur
803 332 944 401 quod
982 332 1174 386 Petrus
1216 333 1341 401 quia
1378 342 1629 386 mortuus
1690 340 1808 385 erat
1843 347 1962 383 cum
1995 336 2040 390 Α
2071 331 2345 385 manebat.
2386 328 2547 383 Venit
2603 343 2734 398 ergo
2795 328 3123 396 Cazsaream,
3183 330 3388 385 invenit
3448 333 3645 386 multos

386 424 630 487 Christo,
660 437 781 491 qua:
827 437 1049 476 sursum
1094 431 1220 475 sunt
1258 422 1558 489 quaerebat,
1596 423 1683 474 ubi
1716 422 1965 476 Christus

387 527 473 571 est
504 516 557 569 in
586 515 806 568 dextera
840 514 931 566 Dei
962 513 1164 567 sedens
1186 512 1254 578 ⁸⁸,
1295 524 1350 566 et
1374 528 1479 566 non
1510 527 1630 580 qua:
1653 527 1819 580 super
1862 523 1967 565 ter-

391 623 529 661 ram.
559 605 688 660 Illuc
720 604 1070 669 ascendebat,
1105 605 1169 657 ad
1206 604 1295 658 illa
1325 613 1491 668 tecta,
1519 605 1583 657 ad
1611 604 1696 656 illa
1729 604 1964 675 fastigia,

389 700 457 753 de
503 696 699 767 quibus
755 695 888 749 dicit
926 705 980 748 et
1017 694 1277 749 Dominus
1330 696 1373 726 ἰ
1435 710 1446 743 :
1504 712 1522 745 ι
1578 694 1679 760 Qui
1712 696 1765 748 in
1824 707 1967 750 tecto

389 800 494 855 est,
526 804 630 843 non
668 789 962 842 descendat
1016 787 1208 841 tollere
1238 787 1441 854 aliquid
1472 788 1537 839 de
1583 789 1759 840 domo.
1805 805 1823 838 ι
1867 787 1967 841 De-

390 880 551 949 nique
589 886 647 931 ut
684 877 827 931 scias
868 875 993 944 quia
1032 892 1138 930 non
1175 876 1290 930 haec
1325 876 1623 944 suspiciose
1650 878 1728 944 (4)
1771 877 1835 930 de
1867 876 1968 931 Pe-

388 985 476 1028 tro
528 972 783 1033 dicimus,
833 970 957 1038 quia
1000 968 1067 1022 ad
1114 970 1394 1037 superiora
1436 969 1854 1031 conscenderit,
1896 985 1963 1022 ex

385 1062 845 1131 consequentibus
877 1058 1225 1130 approbabis.
1274 1079 1291 1112 σ
1342 1061 1624 1123 Ascendit,
1685 1061 1861 1130 inquit
1894 1062 1963 1125 ",

388 1156 455 1208 ad
481 1153 785 1223 superiora,
822 1160 880 1205 ut
918 1159 1120 1210 oraret.
1148 1160 1204 1205 et
1249 1150 1379 1204 vidit
1403 1150 1598 1203 caelum
1641 1162 1910 1218 apertmu.
1941 1170 1958 1202 ι

385 1244 633 1301 Nondum
656 1243 751 1298 tibi
784 1241 995 1296 videtur
1022 1240 1215 1296 Petrus
1244 1244 1308 1295 ad
1338 1241 1615 1310 superiora
1654 1256 1758 1293 non
1789 1242 1963 1295 solum

386 1350 635 1407 corpore,
687 1335 779 1389 sed
822 1343 1003 1388 mente
1027 1347 1090 1386 ac
1128 1333 1326 1402 spiritu
1367 1331 1787 1387 conscendisse?
1817 1350 1835 1380 ‹
1877 1331 1968 1383 Vi-

386 1432 484 1495 dit,
527 1428 703 1496 inquit
744 1425 810 1489 ⁵³,
877 1423 1073 1479 etclam
1132 1434 1401 1492 apertum,
1454 1432 1508 1475 et
1564 1437 1656 1475 Vas
1697 1423 1964 1491 quoddam

385 1521 585 1592 deponi
618 1527 675 1572 ttt
704 1517 928 1569 linteum
960 1515 1014 1568 in
1058 1522 1285 1577 terram,
1327 1515 1380 1567 in
1433 1528 1538 1581 quo
1580 1522 1738 1565 erant
1776 1514 1961 1567 omnia

384 1609 780 1684 quadrupedia,
814 1616 868 1663 et
903 1607 1140 1675 reptilia,
1170 1606 1501 1660 et‘volatilia
1547 1605 1691 1665 caeli,
1725 1616 1778 1660 et
1819 1605 1964 1658 audi-

384 1709 460 1758 vit
490 1719 676 1759 vocem
708 1702 977 1757 dicentem
1011 1702 1111 1755 sibi
1156 1718 1168 1753 :

388 1797 691 1859 manduca;
747 1812 767 1845 ι
804 1794 868 1848 de
905 1795 989 1848 bis
1033 1794 1149 1846 sine
1189 1792 1355 1844 dubio
1407 1790 1680 1856 imperans
1732 1787 1959 1841 mandu-

386 1886 577 1941 caudis
599 1885 1055 1957 quadrupedibus,
1077 1894 1130 1939 et
1156 1881 1522 1950 serpentibus,
1544 1889 1597 1933 et
1627 1878 1958 1942 volatilibus,

389 1992 511 2043 qure
538 1976 874 2044 superposita
900 1974 1067 2028 linteo
1098 1972 1164 2026 ad
1206 1987 1328 2025 eum
1358 1970 1574 2024 ctelitus
1604 1979 1731 2022 sunt
1760 1970 1958 2024 delata.

384 2067 451 2117 At
481 2065 569 2119 ille
612 2081 625 2117 :
658 2083 676 2115 ι
724 2064 966 2128 Domine,
996 2062 1171 2131 inquit
1204 2060 1273 2124 ⁸⁵,
1308 2071 1361 2113 ttt
1388 2062 1496 2113 scis
1527 2060 1652 2129 quia
1687 2075 1959 2129 nunquam

384 2168 673 2207 commune
714 2161 808 2206 aut
838 2154 1170 2206 immundum
1199 2151 1441 2204 introivit
1470 2150 1521 2204 in
1554 2166 1617 2206 os
1653 2167 1857 2205 meum.
1897 2152 1961 2204 Et

383 2258 515 2311 vox,
544 2244 738 2313 inquit,
784 2246 849 2299 ad
880 2259 1003 2298 eum
1036 2244 1276 2298 secundo
1310 2260 1323 2296 :
1371 2242 1522 2308 Quod
1556 2243 1699 2297 Deus
1729 2244 1963 2296 munda-

383 2336 482 2403 vit,
511 2344 564 2388 tu
606 2350 894 2390 commune
922 2349 988 2389 ne
1014 2334 1249 2398 dixeris;
1277 2342 1330 2386 et
1364 2333 1471 2387 hoc
1510 2334 1711 2387 factum
1740 2343 1819 2386 est
1864 2348 1961 2403 per

386 2437 489 2482 ter.
526 2427 590 2481 Et
628 2436 749 2498 post
780 2429 902 2494 hoc,
958 2427 1164 2496 inquit,
1198 2435 1475 2495 receptum
1525 2436 1609 2478 est
1637 2425 1862 2478 linteum
1901 2427 1956 2479 in

384 2520 561 2575 caelis.
613 2537 633 2572 ι
691 2519 766 2574 De
818 2519 1036 2574 mundis
1080 2520 1168 2574 hic
1200 2528 1255 2574 et
1310 2517 1605 2572 immundis
1634 2516 1959 2571 animalibus

385 2611 523 2665 ratio
554 2620 655 2666 est.
690 2611 767 2666 De
793 2611 1013 2680 quibus,
1055 2625 1234 2664 rerum
1268 2609 1494 2665 scientia
1528 2608 1744 2662 caelitus
1790 2610 1958 2663 doce-

390 2712 479 2757 tur
507 2703 783 2772 apostolus
806 2704 1063 2772 quouiam
1093 2702 1310 2771 quidem
1336 2701 1753 2755 eminentiorem
1797 2715 1876 2767 se,
1905 2710 1961 2755 et

386 2791 647 2861 majorem
678 2810 786 2848 non
826 2793 1065 2867 habebat
1088 2794 1141 2847 in
1176 2791 1332 2847 terris
1351 2830 1367 2857 ,
1393 2801 1446 2845 et
1471 2791 1696 2845 docetur
1719 2806 1824 2845 non
1853 2805 1961 2845 una

384 2900 521 2941 voce
543 2901 644 2941 nec
668 2900 769 2939 una
797 2885 1027 2949 visione,
1056 2886 1148 2938 sed
1182 2884 1344 2937 trina.
1368 2880 1483 2951 Ego
1508 2897 1607 2936 nec
1632 2882 1734 2936 hoc
1760 2880 1957 2949 ipsum,

381 2979 524 3049 quod
570 2978 732 3033 tertio
768 2976 885 3032 base
932 2976 1208 3041 dicuntur,
1251 2976 1427 3030 otiose
1454 2974 1657 3029 dictum
1694 2974 1953 3043 suscipio.

2069 421 2208 489 apud
2245 419 2557 474 Cornelium
2616 428 2991 486 congregatos,
3023 418 3090 472 'et
3152 420 3227 473 ait
3279 419 3345 473 ad
3398 434 3492 474 eos
3524 432 3646 489 post

2070 510 2291 565 multa:
2339 529 2356 561 ι
2402 510 2467 564 Ει
2520 508 2685 573 mihi,
2741 508 3011 577 inquit",
3075 511 3310 565 ostendit
3372 508 3511 563 Deus
3545 525 3641 563 ne-

2071 601 2275 653 tninctn
2324 614 2669 653 communem
2725 608 2819 650 attt
2875 598 3209 651 intmundum
3256 599 3438 652 dicere
3469 600 3644 654 homi-

2071 701 2214 741 nem.
2253 704 2272 737 ι
2311 685 2426 740 Νοη
2468 686 2684 739 videtur
2711 686 2805 739 tibi
2839 685 3033 740 Petrus
3079 688 3354 754 apostolus
3394 691 3636 756 quadrn-

2068 777 2224 847 pedia
2277 777 2364 830 illa
2396 778 2602 842 omnia,
2631 786 2685 831 et
2719 777 2958 846 reptilia,
3012 786 3066 829 et
3116 777 3299 831 volatil
3328 794 3355 831 a
3404 779 3641 833 dilucide

2066 870 2135 922 ad
2183 870 2456 924 hominem
2509 870 2884 934 transtulisse,
2922 880 2975 923 et
3020 870 3267 924 homines
3303 871 3640 927 intellexisse

2067 974 2128 1013 ea
2160 974 2280 1028 quae
2309 960 2411 1014 sibi
2443 959 2496 1013 in
2536 959 2703 1013 linteo
2732 960 2949 1015 caelitus
2982 960 3132 1029 lapso
3166 960 3383 1015 fuerant
3410 961 3642 1016 demon-

2071 1057 2240 1102 strata
2262 1049 2284 1100 ?

2139 1137 2189 1191 5.
2233 1138 2341 1192 Sed
2378 1138 2611 1194 fortasse
2650 1140 2795 1193 dicat
2825 1139 3021 1209 aliquis
3048 1157 3061 1194 :
3091 1140 3166 1195 De
3197 1140 3643 1211 quadrupedibus

2066 1228 2309 1295 quidem,
2347 1240 2401 1283 et
2432 1229 2736 1299 reptilibus,
2766 1240 2820 1283 et
2848 1231 3039 1285 avibus
3065 1232 3343 1286 reddidisti
3375 1232 3450 1303 (ϐ)
3483 1237 3646 1289 ratio-

2069 1333 2213 1383 nem,
2245 1321 2387 1386 quod
2407 1320 2663 1373 homines
2699 1321 2924 1391 intelligi
2961 1320 3229 1387 debeant;
3267 1324 3330 1376 da
3374 1326 3535 1377 etiam
3578 1326 3647 1380 de

2069 1412 2153 1463 his
2185 1427 2304 1477 quin
2329 1412 2380 1464 in
2420 1414 2575 1481 aquis
2608 1422 2754 1466 sunt.
2791 1413 3060 1477 Quoniam
3096 1414 3315 1483 quidem
3362 1415 3444 1470 lex
3477 1417 3643 1471 etiam

2069 1500 2134 1553 de
2177 1499 2311 1570 ipsis
2352 1502 2550 1555 munda
2587 1517 2709 1556 esse
2739 1503 3007 1571 qturdam,
3043 1513 3096 1556 et
3130 1504 3232 1557 alia
3264 1506 3503 1575 designat
3536 1507 3643 1560 im-

2070 1593 2292 1654 munda,
2322 1593 2454 1646 nihil
2492 1595 2541 1647 in
2577 1594 2662 1647 his
2693 1603 2750 1645 ut
2778 1595 2961 1647 verbis
2990 1598 3124 1649 meis
3175 1598 3431 1651 credatur
3477 1614 3643 1667 expo-

1226 1700 1420 1770 Surge,
1475 1696 1655 1761 Petre,
1696 1697 1882 1750 occide
1907 1708 1959 1749 et
1994 1683 2036 1740 Β
2065 1696 2178 1747 sco,
2217 1683 2318 1736 nisi
2360 1693 2528 1737 testes
2555 1686 2780 1737 idoneos
2810 1686 3032 1738 dedero.
3060 1684 3236 1753 Ipsum
3272 1687 3423 1741 vobis
3458 1689 3643 1743 Domi-

2072 1787 2200 1823 num
2232 1779 2285 1824 et
2310 1771 2648 1824 Salvatoretn
2673 1788 2743 1824 no
2766 1781 2918 1825 .trutn
2943 1772 3125 1827 Jesum
3148 1774 3421 1829 Christum
3449 1786 3641 1831 testem

2068 1862 2263 1915 horum
2302 1872 2357 1915 et
2408 1874 2685 1917 auctorem
2722 1863 2878 1927 dabo,
2915 1867 3187 1933 quomodo
3235 1866 3413 1933 pisces
3462 1868 3643 1922 horni-

2069 1971 2163 2009 nes
2197 1971 2320 2009 esse
2356 1956 2629 2008 dicantur.
2661 1973 2680 2005 ‹
2719 1955 2908 2009 Simile
2968 1964 3088 2020 est,
3170 1958 3347 2025 inquit
3375 1956 3425 1990 ⁸⁸
3457 1998 3474 2023 ,
3556 1973 3645 2013 re-

2068 2064 2230 2117 gnum
2263 2047 2530 2101 caelorum
2581 2047 2680 2099 reti
2716 2047 2886 2101 misso
2930 2047 2983 2101 in
3015 2062 3186 2110 mare,
3222 2049 3363 2117 quod
3395 2063 3462 2102 ex
3492 2051 3641 2105 onmi

2067 2153 2265 2209 genere
2309 2137 2537 2208 piscium
2588 2137 2814 2207 colligit,
2868 2149 2921 2192 et
2968 2154 3093 2193 cum
3143 2138 3404 2205 repletum
3455 2138 3645 2207 fuerit,

2069 2231 2321 2284 sedentes
2369 2245 2531 2298 supra
2562 2228 2717 2283 littus
2752 2231 2991 2283 condunt
3025 2245 3119 2284 eos
3146 2231 3236 2298 qui
3269 2231 3393 2285 boni
3428 2240 3553 2285 sunt
3587 2233 3643 2284 in

2068 2321 2237 2385 vasis,
2277 2322 2366 2388 qui
2396 2331 2577 2373 autem
2628 2319 2776 2382 tituli,
2820 2320 2966 2373 foras
3015 2320 3316 2375 tuittuutur.
3355 2340 3374 2374 ι
3410 2322 3643 2377 Eviden-

2065 2423 2148 2468 ter
2186 2412 2404 2467 edocuit
2438 2426 2532 2465 eos
2562 2412 2656 2480 qul
2705 2413 2913 2465 retibus
2938 2412 3119 2481 colligi
3155 2413 3410 2465 dicuntur
3440 2414 3641 2482 pisces,

2065 2506 2148 2559 vel
2180 2506 2349 2560 bonos
2382 2504 2629 2559 homines
2661 2519 2801 2569 esse,
2854 2504 2935 2558 vel
2974 2505 3163 2560 malos.
3195 2502 3285 2559 Isti
3319 2519 3450 2573 ergo
3492 2516 3643 2575 sunt,

2065 2596 2154 2664 qui
2184 2598 2479 2651 secundum
2505 2595 2742 2664 Moysem
2766 2595 2942 2663 pisces
2967 2593 3045 2647 vel
3080 2594 3263 2648 mundi
3293 2595 3372 2648 vel
3404 2595 3639 2648 immun-

2067 2689 2117 2743 di
2156 2688 2527 2741 nominantur.
2572 2687 2665 2740 l‘lis
2698 2688 2861 2754 igitur
2888 2701 2951 2740 ex
2984 2684 3306 2739 auctoritate
3336 2685 3635 2753 apostolica

2066 2785 2229 2842 atque
2259 2776 2573 2844 evangeliea
2632 2774 3024 2845 comprobatis,
3059 2775 3337 2828 videamus
3369 2779 3640 2842 quomodo

2067 2870 2441 2937 unusquisque
2478 2867 2759 2921 hominum
2797 2867 2881 2921 vel
2929 2865 3179 2931 mundus,
3215 2866 3299 2919 vel
3333 2868 3645 2920 immundus

2066 2963 2239 3030 possit
2264 2961 2499 3015 ostendi.
2539 2960 2730 3017 Omnis
2780 2959 2941 3012 homo
2989 2958 3151 3012 habet
3199 2957 3435 3026 aliquem
3481 2959 3533 3011 in
3581 2975 3640 3013 se

383 3070 570 3126 Tertio
624 3071 671 3125 ei
724 3070 945 3135 dicitur,
990 3079 1046 3124 et
1088 3084 1183 3139 per
1235 3067 1390 3121 illmn
1440 3067 1695 3121 omnibus
1748 3066 1956 3122 nol-is:

2067 3053 2266 3114 cibum,
2299 3067 2460 3120 quem
2504 3050 2786 3103 accedenti
2849 3049 2915 3101 ad
2970 3062 3028 3101 se
3078 3049 3327 3115 proximo
3384 3049 3639 3116 praebeat.

387 3183 405 3215 ι
453 3163 608 3230 Quod
637 3161 778 3216 Deus
806 3164 1109 3226 inundavit,
1161 3170 1214 3215 tu
1247 3174 1541 3215 commune
1576 3172 1642 3213 ne
1677 3158 1901 3212 dixeris.
1937 3174 1957 3209 ι

384 3255 518 3320 Quae
560 3253 704 3306 enim
760 3254 1077 3318 mundavit,
1132 3268 1236 3307 non
1285 3253 1386 3308 sub
1429 3246 1547 3306 una
1596 3249 1963 3319 appellatione

387 3345 738 3410 ntundantur,
775 3359 951 3414 neque
990 3346 1091 3400 sub
1130 3346 1393 3409 secunda,
1424 3344 1519 3399 sed
1555 3343 1655 3397 nisi
1691 3352 1747 3397 et
1805 3341 1962 3396 tertia

382 3435 677 3507 appellatio
709 3437 1039 3500 nominetur,
1093 3451 1253 3490 nemo
1296 3436 1612 3489 mundatur.
1657 3434 1767 3489 Nisi
1814 3433 1961 3487 enim

388 3529 442 3584 in
472 3528 654 3596 Patre,
679 3538 735 3584 et
756 3528 913 3593 Filio,
940 3536 995 3582 et
1014 3528 1217 3597 Spiritu
1242 3537 1431 3581 sancto
1456 3526 1624 3580 fueris
1649 3530 1960 3590 mundatus,

385 3621 622 3676 mundus
651 3634 771 3675 esse
804 3634 909 3673 non
940 3620 1166 3689 poteris.
1192 3618 1492 3688 Propterea
1532 3632 1662 3685 ergo
1704 3632 1823 3685 quae
1864 3631 1963 3684 pro

384 3711 772 3767 emundatione
796 3709 1252 3773 ostendebautur,
1297 3723 1402 3762 non
1435 3706 1627 3770 semel,
1668 3719 1842 3773 neque
1871 3706 1966 3759 ite-

385 3820 529 3868 rum,
556 3804 650 3857 sed
700 3802 863 3855 tertio
902 3799 1283 3863 ostemluutur,
1336 3806 1393 3851 et
1432 3797 1593 3851 tertio
1635 3796 1964 3865 praecipiun-

350 3878 495 3950 ‘tur.
535 3893 707 3947 Erant
735 3906 867 3960 ergo
914 3890 1097 3945 omnia
1141 3889 1193 3941 iu
1242 3889 1333 3942 illo
1367 3889 1532 3943 linteo
1566 3887 1961 3957 quadrupedia,

384 3995 440 4040 et
472 3984 707 4054 reptilia,
735 3991 791 4038 et
816 3980 1066 4035 volucres
1096 3978 1246 4033 emli.
1280 3979 1343 4032 Et
1377 3988 1499 4047 post
1524 3978 1637 4031 haec
1664 3977 1962 4045 cogitabat,

386 4075 585 4144 inquit,
626 4075 766 4127 intra
814 4069 1165 4134 semetipsum
1219 4067 1435 4131 Petrus,
1493 4067 1622 4133 quid
1657 4068 1757 4119 hoc
1797 4074 1959 4119 esset.

388 4168 455 4222 Et
480 4168 654 4221 adlme
696 4179 761 4219 eo
801 4164 1078 4235 cogitante
1109 4168 1565 4231 supervenerunt,
1597 4158 1770 4226 inquit
1800 4158 1867 4220 ⁸⁸,
1906 4157 1960 4211 hi

386 4263 479 4331 qui
506 4276 534 4312 a
567 4258 821 4313 Cornelio
856 4256 1175 4311 centurione
1201 4252 1350 4306 missi
1377 4257 1591 4304 luerant
1617 4264 1682 4302 ex
1717 4250 1816 4302 hac
1834 4248 1965 4303 civi-

390 4363 500 4407 tate
520 4350 619 4422 (5),
651 4350 701 4404 id
725 4358 806 4402 est
834 4364 862 4400 a
892 4347 1143 4401 Catsarea
1182 4344 1231 4397 iu
1257 4341 1446 4411 Joppe.
1470 4340 1545 4394 lbi
1580 4354 1809 4407 namque
1842 4346 1961 4392 erat

386 4444 602 4506 Petrus,
620 4454 675 4496 et
698 4440 1080 4510 hospitabatur
1104 4436 1244 4505 apud
1266 4434 1540 4487 Simonem
1559 4430 1850 4499 quemdam
1872 4444 1960 4483 co-

389 4538 636 4591 riarium.
672 4533 817 4588 Bene
847 4538 1025 4584 autem
1061 4527 1252 4581 Petrus
1268 4524 1408 4593 apud
1432 4524 1727 4578 coriarium
1758 4528 1957 4584 manet,

389 4623 539 4678 illum
568 4619 900 4682 fortasse,de
915 4631 1021 4685 quo
1042 4612 1439 4675 dicitJaeob“,
1457 4613 1581 4681 quia
1607 4629 1624 4661 ε
1649 4611 1787 4680 pelle
1809 4625 1892 4662 me
1909 4618 1965 4663 et

389 4729 552 4771 carne
582 4712 742 4781 225
771 4709 1013 4764 induisti.
1038 4726 1056 4760 ›
1081 4706 1186 4761 Sed
1213 4707 1323 4759 lucc
1352 4707 1402 4757 in
1420 4718 1644 4758 excessu
1678 4703 1819 4755 dicta
1836 4702 1964 4755 sint.

392 4806 610 4860 Interim
651 4798 1040 4872 superveniunt
1079 4796 1169 4865 qui
1214 4795 1364 4847 missi
1400 4795 1613 4847 fuerant
1647 4807 1674 4844 a
1707 4789 1966 4845 Cornelio

389 4895 457 4948 ad
486 4894 705 4948 Petrum
733 4907 747 4944 :
781 4903 918 4959 quos
952 4886 1039 4939 ille
1084 4885 1406 4953 suscipiens,
1440 4882 1591 4935 audit
1638 4882 1704 4936 ab
1734 4881 1812 4935 eis
1845 4895 1965 4948 qtue

391 4983 496 5039 sibi
532 4979 817 5036 Cornelius
846 4976 1082 5030 mandat.
1116 4973 1178 5026 Et
1211 4972 1544 5025 descendens
1570 4972 1635 5024 de
1666 4969 1963 5038 superiori—

392 5075 515 5141 bus,
556 5071 703 5125 venit
735 5068 802 5122 ad
836 5064 1166 5121 Cornelium.
1221 5063 1530 5127 Descendit,
1562 5062 1689 5115 dicit
1736 5079 1748 5114 :
1786 5061 1964 5115 adlmc

390 5173 537 5231 enim
590 5172 847 5228 deorsum
898 5176 1017 5221 erat
1067 5163 1378 5227 Cornelius,
1418 5169 1471 5212 et
1510 5160 1562 5211 in
1612 5152 1962 5209 inferioribus

458 5320 504 5352 ⁸⁸
527 5318 837 5377 Colostht,
867 5313 918 5366 1.
996 5312 1035 5342 ⁸⁸
1056 5309 1403 5369 .\latth.xxrv,
1432 5302 1517 5354 l7.

389 5407 448 5454 Χ,
473 5389 563 5444 li.
639 5388 683 5419 ⁸⁷
711 5388 834 5439 Act.
869 5400 923 5447 ι,
952 5380 1044 5436 28.

460 5506 537 5571 (5)
574 5504 720 5565 Mss.,
760 5521 777 5553 t
818 5502 1011 5555 otiose.
1044 5518 1108 5571 I___
1209 5564 1242 5571 η
1403 5559 1436 5571 Α
1478 5560 1488 5571 ο
1715 5556 1727 5571 Ι
1765 5570 1773 5571 7
1828 5569 1876 5571 Α
1910 5552 1920 5571 ε

568 5556 648 5627 his
674 5556 894 5629 civitate.
916 5568 1182 5647 etczllinc
1209 5559 1686 5647 iiqtteilot‘igettcm
1715 5556 1882 5609 hasce
1910 5556 1963 5605 in

394 5633 693 5700 Le‘vi'tit‘tttn
722 5643 972 5696 ltotnilias
1000 5637 1261 5692 Caesarea:
1303 5633 1577 5685 imbuisse.

1598 5302 1790 5353 "Act.
1850 5312 1903 5355 x,
1938 5292 2109 5356 9,11.

1120 5379 1166 5411 ⁵⁸
1190 5365 1537 5436 Μαιιιιζχιιι,
1573 5370 1663 5423 47.
1715 5370 1760 5399 δ’
1784 5368 1910 5421 Cor.
1942 5365 2103 5427 v,ll.

2064 3140 2180 3196 Non
2212 3143 2358 3196 enim
2392 3150 2570 3210 potest
2603 3140 2741 3203 fieri,
2794 3148 2850 3192 ut
2887 3153 3009 3191 cum
3056 3139 3456 3192 accesserimus
3488 3141 3643 3191 adin-

2065 3235 2237 3287 vicem
2273 3247 2370 3285 nos
2402 3233 2675 3295 homines,
2712 3240 2765 3285 et
2816 3230 3254 3283 conseruet-imus
3306 3244 3641 3295 sermonem,

2065 3342 2174 3381 non
2208 3324 2468 3392 aliquem,
2499 3323 2580 3376 vel
2613 3337 2678 3375 ex
2716 3322 3090 3389 responsione,
3122 3320 3204 3373 vel
3236 3334 3299 3373 ex
3335 3321 3643 3387 interregn-

2069 3415 2236 3476 tione,
2274 3412 2357 3466 vel
2391 3425 2459 3466 ex
2491 3411 2671 3480 aliquo
2710 3420 2863 3479 gestu
2906 3417 3001 3462 aut
3033 3408 3308 3476 capiamus
3354 3408 3495 3461 inter
3545 3425 3643 3463 nos

2065 3512 2303 3573 gustum,
2347 3511 2439 3556 aut
2489 3503 2851 3572 prtebeatnns.
2907 3498 2973 3552 Et
3037 3500 3082 3552 si
3128 3498 3344 3568 quidem
3405 3503 3642 3555 mundus

2068 3598 2227 3651 homo
2274 3605 2379 3659 est,
2414 3604 2468 3648 et
2498 3595 2651 3647 boum
2681 3592 2881 3645 tuentis
2931 3590 2997 3656 is,
3040 3589 3106 3644 de
3154 3605 3261 3659 quo
3290 3599 3504 3660 gustum
3546 3607 3640 3645 ea-

2066 3690 2269 3758 pimns,
2307 3686 2564 3742 mundum
2600 3685 2869 3740 sumimus
2898 3687 3101 3740 cibum.
3146 3681 3203 3735 Si
3237 3697 3368 3735 vero
3410 3683 3641 3735 immun-

2067 3781 2170 3833 tlus
2196 3780 2263 3833 sit
2299 3794 2457 3848 quem
2496 3778 2885 3849 contingimus,
2933 3785 2987 3830 et
3037 3775 3376 3829 immundum
3431 3774 3638 3841 cibum,

2066 3871 2367 3925 secundum
2401 3885 2462 3924 ea
2499 3885 2616 3939 qua:
2649 3885 2813 3938 supra
2851 3868 2994 3921 dicta
3049 3874 3198 3927 sunt,
3256 3864 3542 3921 sumimus.
3577 3865 3641 3918 Et

2066 3971 2378 4030 propterea,
2408 3971 2558 4028 puto,
2589 3959 2868 4028 apostolus
2903 3956 3099 4011 Paulus
3133 3957 3202 4012 de
3233 3956 3450 4021 talibus,
3494 3957 3641 4011 velut

2068 4051 2358 4106 immundis
2397 4050 2749 4115 animalibus,
2797 4051 2931 4106 dicit
2962 4050 3007 4083 ⁸⁹
3044 4069 3057 4103 :
3101 4068 3119 4101 ι
3159 4049 3295 4105 Cum
3330 4048 3637 4116 hujusmodi

2067 4156 2168 4195 nec
2195 4141 2375 4196 cibum
2401 4157 2638 4196 sumere.
2684 4161 2703 4195 ι
2740 4143 2937 4198 Verum
2974 4153 3031 4195 ut
3075 4141 3384 4198 evidentius
3411 4141 3508 4198 tibi
3543 4158 3637 4209 pa-

2067 4243 2275 4287 tescant
2309 4234 2374 4286 ad
2408 4233 2742 4288 intellectum
2778 4249 2897 4303 qua:
2941 4233 3193 4295 dicimus,
3229 4232 3298 4286 de
3347 4232 3641 4300 majoribus

2066 4340 2343 4379 sumamus
2376 4324 2705 4393 exemplum,
2736 4334 2795 4377 ut
2830 4324 2955 4377 inde
2992 4323 3252 4391 paulatim
3301 4323 3637 4375 descenden-

2069 4430 2147 4472 tes
2175 4433 2343 4487 usque
2385 4417 2450 4469 ad
2486 4416 2743 4469 inferiora
2788 4416 3089 4467 veniamus.
3121 4414 3382 4466 Dominus
3416 4420 3469 4465 et
3520 4410 3639 4465 Sal-

2067 4518 2222 4562 vator
2272 4518 2456 4561 noster
2478 4507 2708 4561 dicit“:
2750 4525 2768 4558 ι
2809 4506 2921 4560 Nisi
2943 4506 3403 4561 manducaveritis
3421 4522 3637 4561 carnem

2068 4617 2256 4666 meam,
2293 4610 2345 4654 et
2370 4599 2614 4654 biberitis
2645 4601 2963 4669 sanguinem
2999 4615 3191 4662 meum,
3220 4615 3328 4652 non
3376 4600 3642 4652 habebitis

2066 4694 2233 4747 vitam
2267 4692 2320 4746 iu
2348 4692 2499 4746 vobis
2531 4692 2685 4760 ipsis.
2723 4690 2863 4746 Caro
2907 4704 3023 4744 mea
3063 4706 3191 4745 vere
3254 4700 3335 4742 est
3382 4688 3556 4748 cibus,
3588 4698 3643 4740 et

2067 4784 2292 4851 sanguis
2320 4797 2472 4837 meus
2503 4798 2629 4837 vere
2664 4791 2748 4836 est
2780 4792 2957 4851 potus.
3001 4798 3020 4832 ι
3053 4777 3213 4833 Jesus
3249 4792 3378 4845 ergo
3409 4775 3533 4842 quia
3563 4783 3643 4827 to-

2069 4882 2155 4927 tus
2188 4889 2255 4927 cx
2301 4883 2413 4927 toto
2448 4874 2683 4927 mundus
2711 4881 2820 4936 est,
2867 4879 2976 4925 tota
3013 4869 3129 4935 ejus
3158 4883 3287 4921 caro
3333 4865 3487 4918 cibus
3534 4872 3640 4928 est,

2068 4976 2122 5021 et
2153 4975 2298 5021 totus
2347 4967 2569 5035 sanguis
2603 4967 2720 5033 ejus
2771 4974 2927 5033 potus
2969 4971 3085 5025 est;
3141 4962 3265 5030 quia
3314 4973 3475 5013 omne
3507 4973 3642 5027 Opus

2070 5054 2187 5123 ejus
2222 5066 2468 5111 sanctum
2501 5064 2604 5122 est,
2639 5065 2694 5111 et
2748 5055 2924 5110 omnis
2961 5068 3140 5107 sermo
3179 5052 3294 5119 ejus
3339 5064 3498 5103 verus
3535 5057 3641 5103 est.

2073 5146 2363 5217 Propterea
2393 5164 2525 5218 ergo
2554 5158 2607 5202 et
2632 5163 2763 5202 caro
2786 5146 2903 5215 ejus
2936 5160 3096 5200 verus
3118 5154 3202 5199 est
3232 5142 3405 5205 cibus.
3436 5148 3489 5194 et
3520 5155 3645 5193 san-

2186 5292 2231 5324 σε
2272 5291 2404 5345 ibid.
2484 5291 2529 5322 ει
2558 5291 2712 5352 nam,
2756 5288 2822 5342 M
2853 5298 2907 5343 et
2934 5301 3089 5355 seqtt-
3168 5277 3375 5336 "ibid-
3446 5276 3638 5344 ⁸⁶³⁰¹³ν

2183 5362 2227 5392 ⁶⁰
2251 5360 2409 5419 Joan.
2434 5376 2511 5425 VI,
2538 5361 2607 5415 δι
2632 5370 2689 5414 et
2711 5360 2804 5415 56.

2072 5555 2122 5609 (Γ
2247 5478 2447 5534 Omnes
2478 5494 2631 5546 mss.,
2664 5496 2684 5531 ι
2713 5473 3011 5533 reddidisti.
3045 5491 3063 5526 ι
3092 5470 3247 5527 Libb.
3268 5466 3422 5535 editi,
3456 5484 3475 5517 ε
3516 5463 3620 5520 τεάν

2113 5572 2144 5608 n
2168 5565 2329 5606 unus.
2368 5567 2386 5599 ι

2113 5565 2329 5608 ttltttttts.
2368 5567 2386 5599 ›
