4106 6246
520 305 620 364 ⁸87

1929 304 2248 364 ORIGENIS

3683 311 3799 366 458

519 427 638 497 guis
668 436 783 492 ejus
812 437 971 476 verus
987 427 1069 475 εει
1089 434 1266 488 potus.
1289 420 1558 475 Carnibus
1585 422 1803 476 enimet
1829 423 2089 491 sanguine
2121 427 2162 481 Α
2193 419 2324 474 cidit
2349 422 2372 473 τ
2401 438 2419 470 ι
2455 417 2556 485 Qui
2590 430 2696 472 non
2751 417 2913 473 habet
2935 461 2948 486 ,
3005 414 3175 487 inquit
3212 416 3284 482 °‘,
3334 417 3575 490 gladium
3597 461 3614 485 ,
3658 438 3803 478 ven-

520 515 672 570 verbi
707 514 793 569 sui
830 523 1082 580 tanquam
1122 513 1321 565 mundo
1351 512 1472 567 cibo
1518 529 1583 568 ac
1635 523 1786 582 potu,
1841 522 1989 581 potat
2035 522 2090 568 et

521 605 702 660 reﬁcit
740 617 898 657 omne
939 601 1219 656 hominum
1250 617 1440 671 genus.
1477 603 1727 659 Secundo
1752 605 1803 660 in
1839 605 1941 659 hoc
1970 604 2087 658 loco

520 704 645 764 post
697 695 842 748 illius
877 708 1118 758 carnem,
1153 695 1389 748 mundus
1439 697 1591 752 cibus
1640 706 1723 750 est
1763 697 1976 758 Petrus,
2036 704 2092 750 et

520 787 738 850 Paulus,
779 795 834 840 et
859 800 1050 840 omnes
1077 785 1327 854 apostoli.
1357 785 1543 840 Tertio
1576 789 1695 841 loco
1718 787 1964 854 discipuli
2000 801 2093 840 eo-

518 895 636 933 rum
669 897 681 931 :
714 879 877 932 etsic
935 878 1305 946 unusquisque
1368 894 1464 947 pro
1514 879 1816 947 quantitate
1873 879 2092 932 merito-

520 986 662 1034 rum,
698 969 782 1023 vel
818 984 1072 1024 sensuum
1116 971 1390 1039 puritate,
1437 970 1683 1037 proximo
1719 983 1818 1024 suo
1859 969 2091 1023 mundus

517 1062 744 1117 cllicilur
773 1063 948 1116 cibus.
996 1061 1119 1115 Haec
1163 1063 1256 1131 qni
1292 1063 1481 1115 audire
1524 1061 1719 1125 neScit,
1772 1061 2091 1129 detorqueat

517 1154 794 1217 fortassis,
839 1163 892 1207 et
926 1163 1142 1206 avertat
1195 1155 1437 1208 auditum
1480 1153 1780 1208 seetmduni
1826 1153 1964 1214 illos,
1997 1152 2088 1220 qui

515 1246 769 1299 dicebant
800 1245 842 1276 ⁶¹
890 1263 904 1298 :
949 1264 966 1296 ι
1004 1246 1285 1312 Quomodo
1325 1245 1477 1299 dabit
1521 1245 1676 1300 nobis
1736 1244 1822 1297 hic
1870 1257 2088 1297 carnem

517 1349 672 1386 suam
712 1334 1082 1389 manducare?
1109 1335 1238 1400 Quis
1267 1345 1442 1403 potest
1473 1335 1660 1388 audire
1689 1335 1851 1388 cum?
1887 1335 1951 1388 Et
1976 1335 2089 1391 dis-

517 1435 801 1476 cesserunt
833 1425 899 1476 ab
929 1439 1014 1478 eo.
1061 1442 1080 1475 ι
1116 1421 1218 1478 Sed
1249 1439 1344 1478 vos
1371 1424 1414 1478 si
1447 1423 1539 1477 lilii
1568 1423 1698 1477 estis
1735 1422 2010 1487 Ecclesiae,
2041 1424 2086 1478 si

516 1513 842 1582 evangelicis
894 1514 1082 1569 imbuti
1128 1515 1422 1585 mysteriis,
1461 1514 1506 1568 si
1561 1513 1795 1568 Verbum
1827 1530 1956 1568 caro
2006 1515 2086 1568 fa-

516 1617 663 1661 ctum
697 1606 909 1661 habitat
941 1607 1200 1668 invobis,
1235 1607 1511 1676 agnoscite
1533 1622 1651 1676 qua:
1680 1607 1934 1667 dicimus,
1961 1607 2086 1673 quia

518 1699 729 1752 Domini
776 1707 924 1760 sunt,
989 1714 1056 1752 ne
1117 1697 1256 1750 forte
1295 1698 1386 1766 qui
1450 1698 1662 1766 ignorat
1715 1697 1995 1765 ignoretur
2020 1697 2082 1754 ⁸³.

2193 512 2281 564 dat
2315 511 2549 564 tunicam
2586 519 2739 563 suam
2785 519 2841 564 et
2879 518 3025 564 emat
3049 507 3306 579 gladium.
3344 529 3362 561 ›
3393 509 3540 566 Ecce
3575 522 3641 567 et
3679 513 3805 567 huic

2195 601 2373 655 littera
2413 601 2686 671 Evangelii
2721 610 2827 666 est,
2864 601 2959 655 sed
3011 600 3230 655 occidit.
3270 599 3326 656 Si
3364 618 3493 659 vero
3545 604 3800 674 spirita-

2193 693 2318 747 liter
2340 709 2457 747 eam
2495 694 2785 762 suscipias,
2821 710 2923 747 non
2951 693 3173 760 occidit,
3207 695 3304 748 sed
3329 696 3493 750 estin
3537 713 3605 752 ea
3662 700 3798 768 spi-

2196 785 2329 838 ritus
2358 783 2657 836 vivilicans.
2689 783 2752 836 Et
2779 783 2896 838 ideo
2932 784 3046 837 sive
3085 785 3136 839 in
3171 785 3310 856 lege,
3345 786 3460 841 sive
3494 788 3553 843 in
3603 789 3798 845 Evan-

2193 874 2347 942 geliis
2367 889 2485 942 qua:
2511 873 2790 939 dicuntur,
2823 874 3140 943 spiritaliter
3165 876 3403 945 suscipe,
3449 879 3580 948 quia
3626 898 3646 931 ‹
3676 881 3794 951 spi-

2195 965 2366 1018 ritalis
2401 963 2654 1030 dijudicat
2683 966 2888 1028 omnia,
2922 966 3034 1032 ipse
3068 981 3199 1022 vero
3246 983 3275 1020 a
3314 972 3534 1024 nemine
3577 972 3794 1040 dijudi-

2193 1057 2406 1110 dicatnr
2438 1056 2504 1109 εδ.
2551 1075 2567 1106 ι
2612 1056 2676 1111 Ut
2726 1071 2854 1127 ergo
2887 1057 3144 1122 diximus,
3191 1050 3368 1114 omnis
3411 1066 3578 1117 homo
3615 1063 3788 1120 habet

2194 1147 2246 1200 in
2283 1162 2342 1201 se
2365 1147 2597 1216 aliquem
2635 1147 2837 1212 cibum,
2865 1164 2930 1202 ex
2964 1163 3069 1217 quo
3100 1150 3189 1218 qui
3219 1153 3532 1221 sumpserit,
3576 1157 3622 1210 si
3649 1159 3781 1226 qui-

2192 1235 2313 1293 dem
2344 1239 2516 1294 bouus
2551 1250 2654 1304 est,
2681 1251 2733 1294 et
2762 1241 2828 1295 de
2858 1242 2998 1296 bono
3035 1243 3288 1296 thesauro
3317 1247 3501 1299 cordis
3528 1250 3612 1303 sui
3647 1266 3778 1319 pro-

2193 1330 2296 1384 fert
2328 1333 2486 1395 bona,
2535 1333 2791 1385 mundum
2829 1333 3004 1386 cibum
3041 1335 3242 1401 pra-bet
3269 1339 3518 1404 proximo
3541 1357 3663 1397 suo.
3710 1344 3768 1397 Si

2193 1436 2318 1476 vero
2355 1422 2546 1485 tnalns,
2599 1431 2652 1475 et
2709 1422 2916 1492 profert
2965 1425 3126 1490 mala,
3192 1426 3523 1484 immundum
3574 1435 3762 1488 cibum

2191 1515 2393 1582 praebet
2425 1515 2670 1583 proximo
2699 1531 2816 1570 suo.
2852 1515 3033 1569 Potest
3060 1517 3202 1569 enim
3234 1520 3353 1587 quis
3389 1523 3645 1580 innocens
3695 1538 3755 1582 et

2193 1615 2377 1660 rectus
2405 1606 2592 1670 corde,
2643 1607 2896 1660 mnndmn
2941 1607 3138 1662 animal
3183 1610 3299 1664 ovis
3329 1613 3506 1678 videri,
3533 1624 3585 1670 et
3605 1633 3749 1686 pra..-

2192 1699 2319 1752 bere
2357 1698 2592 1752 audienti
2616 1712 2673 1752 se
2703 1698 2878 1751 cibum
2911 1699 3167 1753 mundum
3203 1709 3454 1772 tanquam
3474 1709 3592 1770 ovis,
3619 1724 3740 1777 qua:

519 1789 807 1857 Agnoscite
838 1789 963 1856 quia
999 1788 1182 1855 figurae
1212 1797 1358 1852 sunt,
1385 1801 1506 1855 quae
1541 1787 1593 1839 in
1632 1786 1831 1840 divinis
1867 1787 2088 1840 volnmi-
2119 1771 2159 1824 Β
2190 1798 2272 1843 est
2300 1790 2494 1842 animal
2528 1791 2805 1844 mundum.
2839 1791 3102 1846 Similiter
3121 1807 3173 1846 et
3202 1794 3254 1847 in
3286 1771 3513 1850 caeteris.
3537 1799 3598 1851 Et
3618 1771 3731 1855 ideo

520 1879 678 1934 nibus
710 1880 910 1948 scripta
963 1890 1112 1942 sunt,
1157 1889 1212 1934 et
1267 1880 1386 1934 ideo
1428 1889 1682 1947 tanquam
1734 1879 2002 1947 spiritales
2035 1888 2088 1935 et

515 1990 617 2028 non
653 1985 904 2043 tanquam
937 1974 1184 2027 carnales
1214 1971 1545 2037 examinate,
1575 1983 1631 2025 et
1657 1972 1935 2040 intelligite
1966 1988 2084 2038 quae

513 2067 785 2121 dicuntur.
829 2065 884 2118 Si
931 2065 1074 2118 enim
1111 2064 1267 2134 quasi
1323 2062 1571 2117 carnales
1624 2063 1723 2116 ista
1785 2063 2079 2130 suscipitis,

509 2156 709 2211 laedunt
739 2171 855 2220 vos,
879 2165 934 2211 et
963 2171 1069 2210 non
1100 2155 1268 2210 alunt.
1302 2153 1398 2209 Est
1429 2155 1574 2209 enim
1607 2163 1662 2208 et
1693 2155 1745 2208 in
1777 2155 2082 2225 Evangeliis

511 2247 691 2303 littera
719 2264 838 2318 qua:
863 2249 1083 2314 occidit,
1110 2264 1218 2302 non
1257 2247 1429 2302 solum
1465 2248 1517 2301 in
1553 2247 1730 2302 Veteri
1761 2246 2078 2302 Testamen-

511 2350 567 2396 to
587 2342 839 2396 occidens
863 2341 1042 2395 littera
1075 2339 1514 2408 deprehenditur.
1532 2337 1626 2392 Est
1645 2348 1698 2392 et
1721 2337 1772 2392 in
1797 2337 1945 2392 Novo
1973 2337 2081 2392 Te-

511 2442 778 2488 stamento
805 2433 982 2486 littera
1014 2471 1030 2497 ,
1063 2446 1182 2498 quae
1233 2429 1447 2485 occidat
1490 2443 1634 2492 eum,
1669 2429 1760 2496 qui
1813 2443 1917 2481 non
1970 2427 2081 2497 spi-

512 2525 744 2578 ritaliter
765 2539 886 2590 qua:
911 2523 1162 2577 dicuntur
1186 2521 1502 2576 adverterit.
1528 2520 1583 2574 Si
1608 2519 1753 2573 enim
1783 2518 2080 2572 secundum

512 2613 755 2667 litteram
787 2613 1037 2680 sequaris
1077 2613 1177 2664 hoc
1235 2613 1407 2680 ipsum
1437 2609 1577 2678 quod
1613 2609 1816 2662 dictum
1867 2617 1953 2661 est
1985 2607 2032 2638 °'
2062 2625 2077 2660 :

516 2722 536 2755 ι
575 2703 688 2758 Nisi
725 2703 1182 2758 manducaveritis
1235 2716 1454 2756 carnem
1510 2715 1682 2754 meam
1719 2699 1818 2770 (7),
1850 2707 1903 2753 et
1931 2698 2082 2753 hibe-

513 2795 634 2849 ritis
665 2795 979 2863 sanguinein
1000 2804 1231 2856 meum,»
1253 2792 1452 2847 occidit
1484 2792 1595 2846 lucc
1623 2791 1826 2845 littera.
1855 2791 1951 2844 Vis
1984 2787 2079 2842 tibi

509 2895 563 2940 et
597 2886 760 2940 aliam
792 2886 856 2940 de
885 2884 1172 2954 Evangelio
1212 2883 1481 2953 proferant
1521 2883 1783 2946 litteram,
1819 2896 1939 2951 qum
1984 2895 2080 2935 oc-

580 3046 622 3078 “
651 3044 806 3100 Joan.
841 3061 912 3110 vr,
946 3046 1038 3111 55,
1066 3044 1151 3108 6|,
1181 3044 1268 3098 67.
1346 3044 1390 3074 ⁶²
1419 3044 1435 3097 1
1467 3041 1592 3098 Cor.
1628 3058 1736 3104 xw,
1767 3042 1856 3098 '58.

1964 3038 2009 3073 ⁸³
2034 3037 2193 3095 .ioan.
2221 3053 2296 3101 vt,
2329 3037 2416 3090 54.

2190 1881 2367 1936 omnis
2400 1881 2579 1946 homo,
2643 1893 2700 1935 nt
2739 1884 2992 1948 diximus,
3051 1900 3172 1938 cum
3221 1885 3462 1954 loquitur
3511 1891 3740 1958 proximo

2186 1988 2306 2036 suo,
2335 1982 2389 2026 et
2412 1975 2523 2028 sive
2560 1975 2723 2044 226
2765 1977 2984 2042 prodest
3034 1977 3082 2030 ei
3129 1993 3192 2030 ex
3242 1981 3587 2033 sermonibus
3619 1983 3745 2044 suis,

2188 2057 2300 2111 sive
2324 2067 2499 2120 uocet,
2538 2069 2594 2110 et
2629 2060 2885 2111 mundum
2926 2060 2996 2124 ei,
3029 2069 3121 2113 aut
3163 2061 3498 2116 immundum
3529 2053 3753 2117 cllicitu'r

2189 2144 2412 2210 animal,
2445 2159 2510 2198 ex
2543 2145 2736 2213 quibus
2763 2145 2843 2200 vel
2867 2147 3077 2200 mundis
3107 2149 3392 2214 utendum,
3419 2153 3500 2205 vel
3527 2152 3753 2205 illlmttll-

2182 2235 2264 2290 dis
2293 2237 2610 2306 prtecipitur
2642 2237 3045 2292 abstinendum.
3083 2240 3139 2294 Si
3169 2245 3464 2296 secundum
3497 2244 3640 2299 hanc
3671 2247 3750 2297 in-

2185 2329 2536 2398 telligentiam
2565 2331 2809 2384 dicamus
2841 2332 3004 2385 Deum
3041 2346 3307 2387 summum
3344 2335 3418 2406 (8)
3468 2336 3612 2404 leges
3661 2339 3754 2392 ho-

2186 2419 2418 2473 minibus
2472 2420 2867 2489 promulgasse,
2925 2429 3051 2489 puto
3105 2423 3247 2491 quod
3283 2424 3441 2492 digna
3484 2426 3756 2480 videbitur

2187 2509 2372 2564 divina
2409 2509 2690 2578 majestate
2723 2511 3005 2578 legislatio.
3042 2512 3096 2567 Si
3132 2530 3256 2568 vero
3299 2517 3636 2572 assideamus
3674 2519 3758 2573 lit-

2189 2598 2425 2674 tera-(9),
2460 2611 2511 2655 et
2541 2604 2834 2656 secundum
2871 2603 2990 2666 hoc,
3035 2604 3114 2659 vel
3143 2608 3281 2674 quod
3343 2605 3564 2674 Jiidmis,
3595 2611 3679 2663 vel
3705 2612 3755 2663 id

2184 2695 2326 2762 quod
2373 2693 2530 2764 vulgo
2579 2694 2789 2748 videtur
2813 2695 3145 2764 accipiamus
3177 2713 3295 2764 quae
3323 2701 3374 2751 in
3405 2701 3520 2769 lege
3551 2705 3752 2772 scripta

2182 2801 2329 2852 sunt,
2361 2789 2622 2843 erubesco
2650 2789 2829 2844 dicere
2861 2799 2913 2843 et
2937 2791 3207 2859 confiteri,
3238 2794 3363 2861 quia
3417 2795 3546 2850 tales
3603 2797 3752 2869 leges

2183 2880 2391 2934 dederit
2427 2880 2584 2934 Deus.
2617 2881 2949 2934 Videbuntur
3000 2881 3142 2936 enim
3189 2885 3359 2954 magis
3394 2885 3671 2956 elegantes
3702 2899 3754 2950 et

2521 3035 2564 3068 ⁸⁸
2599 3035 2728 3088 Luc.
2755 3053 2863 3091 xxn
2889 3037 2995 3104 ,56.
3100 3040 3144 3072 ⁶⁸
3175 3040 3190 3093 1
3218 3039 3341 3095 Cor.
3379 3059 3436 3108 tt,
3465 3043 3550 3098 15.

580 3161 660 3234 (7)
768 3162 905 3214 enim
943 3161 1228 3242 “emittam
1259 3160 1487 3242 litterati:
1514 3159 1747 3240 sequaris
1778 3160 1873 3212 hoc
1907 3160 2076 3224 ipsum
2106 3165 2148 3223 α
2182 3154 2435 3242 operibus
2455 3151 2651 3242 .lustiui
2692 3159 2965 3238 martyris,
2999 3162 3744 3242 responsaadqti._55’3alque

507 3227 862 3304 qitod'idictum
906 3241 1021 3304 est:
1044 3227 1163 3304 Nisi
1187 3231 1860 3304 manducaveritiscarnem
1885 3245 2074 3290 meam,

507 3298 614 3357 etc.
649 3302 703 3354 Id
752 3316 910 3352 unum
951 3299 1225 3368 signiﬁcm
1254 3300 1355 3351 hoc
1400 3298 1517 3351 loco
1555 3298 1814 3364 Origenes
1855 3313 2073 3351 carnem

506 3372 710 3426 Christi
740 3383 846 3422 non
878 3369 1193 3422 manducari
1219 3383 1369 3421 more
1399 3368 1625 3420 aliorum
1651 3368 1897 3421 ciborum
1931 3369 2075 3421 circa

507 3452 792 3495 externum
813 3439 1144 3509 symbolum.
1179 3437 1290 3491 lloc
1321 3437 1707 3509 nihilpertinet
1743 3438 1806 3509 ad
1838 3451 2075 3509 retusa--

507 3519 787 3564 cramento
836 3504 1199 3562 eucharistico
1235 3507 1701 3574 comprehensam.
1755 3504 1882 3558 Vide
1933 3507 2075 3560 llue-

511 3585 641 3632 tium
675 3577 1106 3647 Origenariorum
1139 3578 1231 3631 lib.
1258 3592 1316 3640 tt,
1341 3586 1532 3647 qttrest.
1567 3574 1654 3647 lli,
1681 3591 1829 3629 num.
1860 3575 1913 3626 2.

579 3648 655 3719 (8)
687 3645 831 3713 Mss.,
910 3665 928 3699 ‹
966 3662 1260 3712 summum,
1299 3665 1317 3698 ι
1381 3646 1532 3700 Libb.
1577 3646 1728 3706 editi,
1777 3662 1794 3694 ι
1829 3645 2073 3714 omnipo-

511 3731 739 3774 tentem.
769 3735 787 3768 ι

579 3789 653 3861 (9)
676 3788 738 3861 Si
760 3785 1223 3861 ve_ro_asside_amus
1251 3783 1473 3861 (iucer
1481 3794 1586 3861 etc.
1713 3783 1813 3837 hoc
1845 3783 2071 3861 aliisque

507 3854 773 3914 similibus
805 3856 933 3909 locis
955 3856 1164 3909 clariss.
1194 3857 1416 3908 Iluetius
1435 3855 1871 3923 Origenianiorum
1894 3854 1984 3906 lib.
2013 3870 2068 3913 II,

504 3927 800 4000 qii:est.l3,
823 3941 968 4000 num.
998 3926 1055 3989 2,
1089 3926 1276 3993 probat
1304 3939 1408 3977 non
1432 3922 1595 4000 semel
1617 3923 1682 4000 ab
1702 3922 2077 4000 Qrigenelittc-

508 3991 677 4052 ralem
716 3996 1011 4062 Scriptura:
1051 3991 1269 4046 sensum
1304 3995 1665 4060 pessumdari,
1702 3991 1831 4062 licet
1875 3993 2072 4045 ibidem

506 4085 654 4123 nunt.
679 4066 712 4119 4
731 4061 1088 4134 agnuscatﬁb
1099 4063 1282 4115 eodem
1301 4062 1590 4134 aliquando
1606 4076 1756 4134 suam
1776 4061 2076 4134 l_i__tter2e__di-

506 4129 1026 4206 gnitatem'servari.
1059 4133 1321 4206 Qzeterum
1357 4129 1496 4184 idem
1522 4129 2074 4206 peccavit_'l‘ertnllia_:

509 4198 609 4259 nus
639 4205 781 4258 lib.v
804 4201 1055 4255 adversus
1078 4198 1553 4268 Marciorarm,cap.
1583 4200 1638 4263 5,
1664 4198 1908 4253 scribens
1940 4199 2073 4252 nihil

509 4288 614 4328 tam
653 4272 1056 4339 contemptibile
1078 4287 1222 4337 esse,
1243 4286 1404 4340 quam
1428 4270 1671 4323 ciborum
1702 4269 2070 4340 exceptionem

508 4361 600 4412 per
625 4338 1242 4414 Moysemprmce’ptain.
1262 4338 1635 4414 Tolerabilius
1657 4339 1706 4414 id
1742 4338 1910 4414 fuerit
1931 4340 2072 4407 quod

507 4408 833 4468 Plutarchus
871 4408 1032 4466 homo
1073 4408 1344 4466 'ethnicns
1371 4412 1422 4464 in
1456 4409 1827 4478 Symposiacon
1858 4408 1950 4460 lib.
1992 4423 2064 4471 tv,

508 4485 844 4555 problemate
986 4499 1156 4552 agens
1203 4483 1270 4536 de
1306 4480 1614 4555 .Iud_:e_or_nm
1642 4478 1969 4555 abstinentia
2001 4480 2066 4533 ab

506 4547 603 4608 esu
638 4555 818 4606 carnis
843 4547 1046 4616 suillze,
1069 4552 1344 4606 censuerit
1394 4550 1604 4602 fabulas
1634 4547 1804 4600 videri
1837 4548 1976 4614 leges
2003 4562 2066 4601 ac

506 4627 641 4677 ritus
671 4620 853 4691 populi
887 4619 1118 4684 Iudaici,
1168 4622 1270 4674 nisi
1323 4621 1368 4691 is
1401 4619 1594 4691 habeat
1633 4617 1871 4691 rationes
1893 4633 2063 4691 quas-

505 4695 626 4747 dam
672 4686 897 4763 graves,
945 4705 1081 4758 quas
1127 4704 1231 4763 non
1290 4688 1498 4763 allerat.
1529 4687 1835 4763 Atqniuion
1873 4686 2066 4763 desunt

503 4755 765 4829 ejusmodi
799 4755 1041 4814 rationes
1072 4760 1268 4829 partim
1296 4755 1778 4829 physicm,partim
1811 4756 2062 4829 murales.

505 4825 767 4902 l‘hysicas
799 4832 1056 4902 quasdam
1076 4825 1242 4902 affert
1274 4825 1491 4883 sanctus
1519 4827 1754 4878 Thomas
1773 4825 1958 4902 'lll'lllta
1979 4843 2065 4902 se—

508 4893 696 4956 cunda:
720 4893 912 4971 quzesl.
939 4899 1060 4964 102,
1091 4901 1268 4971 art._6,
1290 4906 1685 4971 tangunturque
1716 4911 1744 4946 a
1772 4893 2062 4971 Plutarcho

505 4972 624 5026 loco
651 4962 809 5041 supra
843 4962 1131 5036 citato,'et
1167 4969 1326 5041 alibi;
1371 4962 1465 5041 _é_ui
1516 4962 1742 5041 adiunge
1786 4962 2060 5018 jElianuni

503 5041 600 5097 lib.
631 5059 663 5096 ι
695 5037 767 5094 De
795 5042 1039 5105 enimah,
1092 5055 1210 5108 cap.
1247 5039 1332 5093 l6.
1369 5037 1598 5090 Morales
1643 5048 1928 5108 sumuntur
1971 5044 2063 5086 aut

504 5127 569 5165 ex
603 5113 958 5164 animantium
999 5105 1286 5172 instinctu,
1313 5112 1379 5162 de
1403 5109 1599 5175 quibus
1629 5105 1790 5154 inulta
1821 5114 1874 5157 et
1910 5107 2060 5156 varia

509 5182 692 5235 videre
715 5191 799 5253 est
823 5182 1112 5253 passini__in_
1153 5181 1366 5253 sanctis
1393 5177 1649 5253 Patribus
1683 5183 1738 5226 et
1766 5175 1919 5253 apud
1940 5175 2061 5226 Ari-

507 5260 678 5304 steani
713 5245 932 5304 lib.'l)e
962 5249 1112 5321 LXX
1146 5250 1540 5321 Interpretibgs,
1588 5245 1734 5297 circa
1783 5245 2013 5321 medium
2043 5284 2057 5309 ,

504 5333 666 5388 quem
697 5321 868 5374 locum
905 5320 1110 5388 profert
1139 5313 1399 5373 Eusebius
1441 5314 1736 5388 Prteparat.
1775 5313 2057 5380 evangelio.

509 5382 606 5443 lib.
654 5406 767 5453 cui,
800 5382 919 5459 cap.
954 5391 1017 5453 9,
1057 5400 1110 5445 et
1142 5389 1279 5458 apud
1308 5388 1586 5461 lfhilonetn
1618 5382 1857 5461 Judzeuni
1882 5398 2056 5449 saepe;

507 5470 597 5513 aut
651 5477 716 5516 ex
757 5455 1238 5516 consuetudinibus
1284 5455 1682 5528 Egyptiorum,
1726 5455 2059 5528 nimiumque

506 5543 658 5601 vana:
689 5533 832 5601 genti
866 5521 1768 5601 addit-tortim_llebrico_rum._Nam
1805 5532 1861 5573 ut
1904 5524 2058 5601 dutet

505 5591 763 5670 Origenes
788 5602 878 5654 lib.
908 5617 955 5652 tv
984 5599 1176 5653 Contra
1199 5597 1424 5670 Celslmt,
1443 5594 2004 5670 'l‘lt‘eodoritusquiest.
2030 5591 2051 5642 l

505 5667 557 5720 in
597 5662 915 5730 Eevitiruni,
944 5683 996 5722 ct
1031 5684 1275 5722 sermone
1297 5665 1370 5718 De
1391 5664 1683 5732 sacriﬁciis,
1725 5673 1852 5716 toni.
1885 5662 1966 5724 IV,
2002 5678 2052 5728 ιι.

505 5739 629 5804 551,
665 5742 802 5794 585'.
838 5753 1022 5792 auctor
1071 5740 1476 5802 liesponsioiium
1512 5736 1576 5786 ml
1632 5736 1966 5794 orthodoa‘os,
2003 5749 2054 5784 tn

2185 3224 2432 3299 IElianns
2468 3223 2584 3299 loco
2613 3239 2773 3299 supra
2823 3223 3009 3292 citato,
3044 3223 3285 3299 IEgyptii
3320 3223 3504 3284 multis
3558 3223 3740 3292 besliis

2185 3295 2248 3346 ad
2285 3294 2544 3362 ptzesagia
2573 3295 2881 3370 utebantur,
2912 3294 3218 3366 cunctaque
3253 3301 3507 3353 animalia
3551 3317 3746 3370 prmter

2184 3379 2358 3436 suem,
2399 3378 2555 3436 quem
2597 3367 3020 3436 exsecrabantur
3045 3405 3062 3429 ,
3111 3383 3328 3436 quoque
3382 3367 3748 3430 vescebantur

2183 3432 2318 3496 solo,
2353 3431 2668 3513 adprobant.
2716 3433 2825 3486 lino
2871 3445 2923 3488 et
2971 3431 3143 3513 ipsum
3195 3431 3345 3513 suem
3383 3440 3748 3513 aligEgyptiis

2184 3501 2458 3554 nonnullis
2483 3501 2762 3553 adoratum
2789 3518 2819 3556 e
2853 3517 2911 3556 se
2931 3501 3084 3558 testis
3111 3515 3194 3559 est
3220 3507 3442 3561 historia
3475 3501 3748 3570 Barlaami

2180 3572 2320 3647 apud
2350 3571 2742 3647 Damascenutn
2769 3573 2997 3647 ca_p._27_.
3024 3575 3152 3628 Item
3175 3577 3238 3628 de
3260 3575 3577 3647 IEgyptiaca
3596 3585 3747 3639 circa

2182 3641 2283 3694 hoc
2308 3638 2871 3709 animalindulgentia
2898 3643 3157 3698 habemus
3183 3638 3510 3701 sententiam
3534 3638 3746 3709 Eudoxi

2178 3712 2364 3780 eodem
2389 3707 2590 3780 Eliani
2620 3707 2818 3778 Capite,
2854 3722 3013 3780 atque
3040 3716 3442 3771 Anaxandridis
3470 3734 3657 3775 versns
3688 3707 3743 3778 irin—

2177 3778 2420 3853 Athenaei
2448 3777 3040 3853 Deipnoiioriltistis,'lib.
3076 3798 3168 3849 vn,
3209 3800 3259 3853 p.
3301 3784 3426 3852 299,
3455 3788 3576 3842 500.
3607 3777 3745 3847 Hinc

2182 3847 2365 3919 itaque
2394 3849 2618 3902 vetitum
2639 3847 2839 3904 Judmis
2857 3855 3132 3919 porcinam
3155 3847 3442 3911 comedere
3472 3880 3485 3914 :
3521 3859 3646 3914 hinc
3671 3864 3742 3917 ad

2182 3917 2576 3970 ininiundarnm
2603 3917 2885 3972 numerum
2923 3921 3103 3975 relatae
3128 3925 3434 3980 animantes
3475 3930 3741 3986 universa:

2181 4001 2302 4064 quae
2328 4003 2440 4064 pro
2485 3990 2740 4064 praesagis
2787 3991 3162 4064 habebantur:
3193 3993 3317 4048 hinc
3345 4011 3408 4050 ex
3442 4001 3740 4064 pecudibus

2182 4055 2281 4139 diis
2303 4055 2704 4139 Aflgyptiorunni,
2741 4062 3132 4139 mansuetiores
3167 4055 3463 4139 sacrificiis
3489 4077 3542 4120 et
3587 4055 3739 4139 dapi;

2179 4124 2280 4201 bus
2315 4124 2586 4193 deputata:
2613 4128 2980 4201 fue_runt,alia:
3005 4145 3132 4184 vero
3166 4132 3496 4201 impurarutn
3519 4124 3736 4194 nomine

2176 4192 2428 4277 donatas:
2469 4211 2575 4264 quo
2624 4198 2798 4277 cultus
2847 4200 3064 4268 indigna
3107 4192 3482 4277 iudicarentur
3524 4221 3586 4259 ea
3618 4192 3737 4277 qua:

2175 4267 2583 4344 apponebantur
2611 4267 2870 4344 altaribus
2893 4279 2948 4344 et
2970 4267 3188 4344 inensis,
3220 4287 3444 4344 quisque
3467 4277 3535 4329 ab
3562 4267 3734 4344 epulis

2177 4336 2507 4401 iuipuritatis
2534 4353 2694 4390 causa
2731 4339 3109 4401 eliciebantur.
3152 4336 3416 4395 l’r.i2clai'e
3445 4336 3733 4399 Tertullia-

2177 4417 2274 4478 n_t_ts
2312 4405 2404 4478 lib.
2438 4421 2470 4478 _i_t
2498 4419 2709 4478 contra
2743 4407 3096 4472 Marcionem,
3127 4424 3245 4478 cap.
3284 4411 3342 4464 l8
3373 4429 3386 4464 :
3420 4431 3437 4464 ι
3474 4414 3608 4468 Etsi
3648 4417 3732 4470 lex

2099 4463 2144 4520 D
2171 4471 2372 4548 aliquid
2401 4476 2554 4548 cibis,
2574 4479 2829 4537 detrahit,
2871 4487 2925 4530 et
2949 4463 3226 4532 innnunda
3265 4463 3736 4548 pronuntiat-ani:

2171 4546 2328 4594 malta
2355 4559 2472 4612 qua:
2509 4547 2798 4613 aliquando
2826 4549 3108 4600 benedicta
3137 4546 3284 4612 sunt,
3311 4553 3598 4606 consilium
3637 4569 3734 4608 ex-

2169 4614 2411 4690 ercenda:
2458 4617 2807 4669 continentia:
2845 4617 3106 4685 intelligo,
3147 4629 3200 4670 et
3237 4618 3418 4690 frenos
3447 4622 3733 4690 impositos

2170 4680 2243 4732 illi
2270 4683 2404 4750 gulae
2422 4701 2672 4752 agnosce,
2695 4701 2811 4751 quae
2826 4680 3166 4760 cuui_panem
3193 4680 3733 4760 ederetange'lorum.

2169 4765 2487 4825 cucnineres
2537 4766 2588 4808 et
2632 4771 2865 4823 pepones
2927 4755 3304 4825 Egyptiorum
3361 4755 3728 4815 desiiterabax.

2166 4824 2411 4894 Agnosce
2443 4826 2604 4877 simul
2652 4838 2707 4879 et
2749 4824 3224 4894 coniitibus’gulie,
3259 4827 3469 4881 libidini
3517 4831 3731 4884 scilicet

2165 4904 2327 4963 atque
2367 4893 2590 4948 luxuriae
2635 4905 3000 4963 prospectum,
3029 4893 3147 4962 quae
3175 4898 3286 4949 fere
3323 4898 3533 4952 ventris
3577 4902 3734 4953 casti-

2166 4962 2383 5035 gatione
2416 4962 2730 5032 frigescunt.
2789 4963 3210 5035 Manducaverat
3243 4966 3385 5019 enim
3416 4967 3644 5035 pepulus
3675 4981 3731 5023 et

2165 5032 2396 5098 biberat,
2427 5047 2478 5086 et
2509 5033 3039 5087 surrexeratlndere.
3070 5034 3302 5088 Proinde
3321 5048 3377 5088 ut
3400 5032 3454 5089 et
3487 5032 3730 5104 pecunia

2165 5103 2328 5154 ardor
2377 5105 2805 5170 restingueretur
2846 5119 2910 5155 ex
2950 5115 3125 5171 parte,
3160 5119 3267 5173 qua
3321 5108 3384 5159 de
3425 5103 3603 5161 victus
3643 5125 3730 5160 nr.-

2165 5173 2416 5226 cessitate
2434 5188 2709 5238 causatur,
2736 5175 3092 5241 pretiosorum
3119 5177 3364 5228 ciborum
3391 5177 3616 5232 ambitio
3637 5185 3727 5231 de-

2167 5249 2338 5315 tracta
2365 5255 2474 5315 est.
2513 5243 2792 5298 Postremo
2837 5252 2894 5294 ut
2943 5242 3155 5296 facilius
3181 5246 3342 5297 homo
3374 5247 3441 5298 ad
3479 5247 3729 5315 jejunau-

2165 5311 2288 5361 dum
2323 5312 2431 5366 Deo
2460 5314 2810 5375 lorinaretur,
2857 5315 3043 5379 paucis
3073 5325 3128 5366 et
3163 5329 3268 5366 non
3299 5311 3552 5380 gloriosis
3585 5320 3726 5370 escis

2162 5383 2520 5445 assuefactus,
2549 5393 2603 5436 et
2632 5383 2762 5435 nihil
2789 5385 2854 5435 de
2881 5383 3204 5436 lautioribus
3243 5384 3566 5438 esuriturus.
3599 5405 3622 5438 ι
3651 5389 3727 5440 ιιι

2163 5448 2248 5502 his
2278 5452 2458 5519 itaque
2487 5455 2768 5506 dicendum
2793 5463 2874 5506 est
2907 5467 3029 5505 cum
3072 5451 3240 5506 Judrei
3272 5455 3439 5508 certis
3462 5456 3597 5508 cibis
3626 5463 3727 5508 ab-

2162 5521 2365 5573 stinere
2387 5522 2663 5588 jubentur,
2696 5522 2786 5574 Dei
2814 5523 2866 5574 in
2897 5522 3118 5576 ferendo
3148 5524 3402 5577 mandato
3428 5539 3532 5579 non
3562 5525 3726 5578 fuisse

2160 5591 2440 5665 consilium
2473 5604 2528 5644 ut
2557 5594 2725 5665 solani
2751 5591 2880 5660 legis
2907 5592 3151 5665 litteram
3183 5603 3484 5660 servarent,
3513 5596 3608 5650 sed
3635 5611 3705 5665 po

2163 5662 2266 5713 tius
2292 5670 2344 5712 ut
2376 5664 2439 5714 ad
2465 5663 2716 5730 prmccpti
2753 5678 2947 5716 causas
2971 5662 3335 5717 attentlcrcnt.
