4106 6246
413 351 517 406 189
1573 373 1637 429 ΙΝ
1676 377 2053 437 LEVITICUM
2096 385 2381 445 HOMlLlA
2423 392 2533 451 νη.
3582 426 3674 476 ςηη

408 470 760 527 rationabiles
792 474 1067 534 hominum
1116 480 1283 552 leges,
1325 488 1477 541 verbi
1526 495 1722 561 gratia,
1751 496 1834 551 vel
1882 498 1991 552 Rn-
2019 502 2064 560 Α
2096 500 2459 572 disciplinam,
2500 519 2555 563 et
2585 511 2829 581 abjeeisti
2860 534 3143 580 sermones
3192 546 3339 586 meos
3372 547 3491 603 post
3533 551 3601 595 te.
3642 563 3663 596 ι

408 576 694 603 nmnnrnm
742 569 823 603 ινηΙ
872 570 1270 603 Διιιιηηῖη.η.;..νν.
1322 581 1401 603 ..-ι
1432 580 1679 603 ιΑηγιμκ,
1722 601 1732 603 Α
1789 589 1800 600 .
2100 591 2115 603 .
2403 599 2413 603 -
2442 602 2450 603 ,

2236 569 2250 572 —
2448 569 2453 571 τ
2652 569 2668 581 υ
2772 569 2781 571 ~
2860 569 3143 580 η---υν--να
3372 569 3491 603 μηδι
3533 569 3601 595 ιυ,
3642 569 3663 596 ι

405 576 716 629 manorum,
742 569 823 620 vel
863 570 1294 642 Atheniensium,
1322 581 1404 633 vel
1430 580 1987 653 Lacedmmoniorttm.
2098 591 2153 646 ln
2183 610 2288 661 quo
2332 599 2611 656 evidenter
2655 610 2894 664 ostendit
2936 615 3098 672 istum
3144 625 3502 681 rtttninantent
3548 638 3667 706 qui-

405 652 459 706 Si
496 670 623 706 τοι-ο
654 660 947 706 secundum
976 663 1110 706 hanc
1136 665 1549 706 inlplliannnnm
1608 691 1769 706 an...“
1822 679 1978 706 .3“.-.
2096 681 2214 706 ΛΑ...
2295 686 2385 706 --ι
2442 704 2468 706 __
2593 691 2603 706 .
2920 701 2948 706 _.
2998 705 3003 706 ,

1966 652 1969 653 ⁷
2201 652 2211 661 ¹
2465 652 2598 656 “⁷’⁷““
2658 652 2757 661 """
2781 652 2894 664 "“u
2936 652 3098 672 ¹σ¹¹¹⁸ΙΙ
3145 652 3502 681 ιιιιηιιιειιιιυηι

402 652 459 706 Si
496 670 623 709 vero
654 660 947 714 secundum
976 663 1111 718 hanc
1136 665 1576 740 intelligentiam,
1607 691 1770 746 quam
1819 679 1982 737 docet
2094 681 2237 745 dem,
2293 686 2385 739 sed
2440 691 2693 758 ungulam
2747 713 2851 754 non
2898 701 3255 773 dividentem,
3301 727 3354 767 et
3406 717 3524 774 ideo
3573 723 3667 777 im-

404 743 646 777 ποι-..Λεία
699 750 1000 777 ηΑηῖηἶΑί..-
1043 754 1134 777 “-2
1168 757 1249 777 1---
1309 770 1319 777 .
1505 764 1516 777 ι
1888 774 1897 777 _

404 743 669 807 Ecclesia.
697 750 1000 820 accipiatur
1043 754 1134 810 Dei
1168 757 1274 825 lex,
1309 770 1438 815 tunc
1465 764 1628 832 plane
1663 782 1854 826 omnes
1886 774 1986 827 htt-

402 853 590 891 manas
621 844 987 909 supereminet
1018 846 1184 918 leges,
1217 861 1270 907 et
1302 868 1433 910 vere
1461 857 1553 912 Dei
1585 858 1668 914 lex
1711 876 1835 919 esse
1868 880 1985 921 cre-

400 930 583 984 detur.
617 931 801 1001 Itaque
826 937 912 991 his
940 939 1010 991 ita
1037 943 1350 1011 praemissis,
1376 948 1626 1016 spiritali,
1656 962 1715 1008 ut
1743 971 1981 1012 contmn-

400 1022 642 1084 nuimus,
676 1024 1030 1093 intelligentia
1062 1031 1129 1085 de
1163 1036 1378 1090 mundis
1422 1047 1477 1093 et
1525 1040 1814 1100 immundis
1857 1049 1977 1103 ani-

396 1116 630 1169 malibus
662 1118 841 1185 aliqua
877 1123 1332 1194 perstringamus.

494 1207 547 1260 6.
593 1226 613 1258 ι
673 1209 878 1277 Omne,
934 1215 1106 1284 inquit
1180 1218 1245 1284 ⁵⁸,
1302 1236 1464 1290 pecus
1522 1227 1665 1293 quod
1716 1232 1969 1301 ungulam

397 1297 615 1363 dividit,
655 1312 707 1355 et
740 1304 970 1374 ungulas
1005 1308 1188 1375 habet,
1219 1323 1270 1367 et
1304 1317 1513 1371 reducit
1546 1322 1968 1382 ruminationem

389 1386 442 1441 in
476 1392 782 1459 pecoribus,
816 1395 932 1452 hare
987 1403 1405 1460 mattducabitis.
1454 1407 1724 1469 Praeterea
1762 1419 1831 1474 ab
1884 1421 1969 1476 his

388 1494 492 1533 non
528 1485 945 1555 manducabitis,
985 1505 1104 1560 qua)
1135 1496 1397 1552 reducunt
1438 1504 1881 1573 ruminationem.
1914 1523 1967 1569 et

389 1587 498 1626 non
544 1574 793 1633 dividunt
821 1582 1070 1649 ungulas,
1094 1593 1147 1638 et
1178 1587 1377 1643 habent
1411 1596 1655 1664 ungulas.
1692 1600 1960 1671 Camelus,

380 1666 638 1730 quoniam
689 1668 897 1725 reducit
945 1675 1393 1745 ruminationem.
1445 1695 1501 1740 et
1547 1691 1798 1759 ungulam
1850 1712 1954 1752 non

381 1751 591 1816 dividit,
638 1753 974 1814 immundum
1015 1763 1119 1818 erit
1160 1764 1262 1821 hoc
1295 1771 1466 1827 vobis.
1507 1776 1572 1831 Et
1603 1751 1779 1850 lepus,
1820 1800 1954 1855 quo-

382 1841 526 1893 niam
562 1844 771 1898 reducit
812 1851 1256 1924 ruminationem,
1293 1874 1347 1915 et
1376 1866 1633 1933 ungulam
1669 1888 1775 1929 non
1807 1879 1950 1933 divi-
1990 1855 2030 1910 Β

379 1930 482 1992 dit,
517 1932 845 1991 itntnttndtttn
900 1941 1002 1997 hoc
1035 1944 1138 1998 erit
1166 1949 1345 2017 vobis;
1385 1930 1789 2031 etherinacitts,
1821 1971 1949 2038 quia

382 2023 593 2079 reducit
620 2030 1057 2100 rutninationem,
1086 2047 1141 2093 et
1183 2043 1435 2113 ungulam
1471 2066 1578 2108 non
1611 2056 1823 2127 dividit,
1853 2063 1952 2118 im.

378 2117 635 2168 mundum
681 2119 780 2175 hoc
830 2123 1002 2191 vobis,
1051 2138 1105 2183 et
1149 2145 1293 2197 sues,
1332 2155 1350 2188 ι
1376 2150 1481 2195 etc.
1514 2143 1765 2202 Decernit
1820 2168 1950 2225 ergo

376 2217 443 2256 ne
473 2208 869 2267 manducentttr
896 2216 1201 2284 huiusmodi
1244 2228 1521 2298 animalia,
1554 2250 1677 2305 quae
1702 2256 1767 2295 ex
1792 2257 1948 2311 parte

370 2296 623 2353 videntur
650 2317 773 2359 esse
809 2311 1027 2378 munda,
1065 2323 1120 2369 et
1146 2332 1210 2370 ex
1243 2331 1398 2388 parte
1438 2324 1715 2387 immunda
1755 2352 1768 2389 :
1804 2338 1946 2397 sicttt

364 2392 607 2446 cameltts
634 2410 697 2447 ex
731 2412 793 2450 eo
824 2403 967 2468 quod
1012 2408 1271 2476 ruminat,
1326 2419 1553 2475 mundus
1594 2424 1842 2493 videtur;
1874 2446 1939 2487 ex

362 2494 428 2531 eo
456 2490 634 2535 autem
674 2489 816 2553 quod
850 2494 1079 2561 ungulas
1112 2500 1313 2557 divisas
1347 2522 1452 2561 non
1483 2511 1668 2579 habet,
1697 2516 1936 2577 immun-

361 2570 460 2624 dus
488 2573 705 2630 dicitur.
743 2578 871 2635 Post
920 2585 1035 2641 haec
1062 2588 1174 2658 jam
1224 2598 1468 2654 nominat
1511 2612 1566 2658 et
1602 2605 1837 2676 leporem
1883 2624 1938 2668 et

360 2660 720 2733 ht-rinacium,
757 2672 852 2727 sed
901 2686 955 2729 et
986 2676 1134 2748 ipsos
1189 2685 1319 2742 dicit
1388 2694 1663 2753 rutninare
1692 2704 1931 2772 quidem,

360 2751 450 2772 μί,
503 2771 525 2772 γέ
652 2758 663 2772 _
922 2767 956 2772 __
999 2768 1047 2772 _-

1644 2751 1657 2753 -
1700 2751 1931 2772 τ-τη-ν---ν

356 2751 451 2804 sed
502 2758 728 2827 ungulas
760 2778 864 2818 non
906 2767 1167 2825 dividere.
1199 2774 1377 2830 Alium
1408 2794 1537 2837 vero
1566 2787 1810 2843 ordinent
1852 2790 1933 2847 l‘a-

354 2844 432 2897 cit
466 2862 655 2903 eorum
679 2892 694 2917 ,
731 2858 824 2924 qui
877 2864 1191 2919 econtrario
1246 2871 1499 2939 ungulam
1540 2878 1753 2944 quidem
1788 2884 1929 2941 divi-

352 2936 504 3002 dunt,
547 2942 641 2996 sed
682 2960 785 3001 non
835 2952 1133 3011 ruminaut.
1185 2955 1426 3015 Primum
1475 2981 1604 3037 ergo
1645 2972 1929 3033 videamus

349 3032 440 3097 qui
472 3044 596 3089 sunt
632 3037 742 3102 isti,
774 3042 868 3110 qui
918 3047 1213 3117 ruminant,
1253 3063 1306 3106 et
1355 3061 1612 3126 ttngu'am
1653 3063 1922 3136 dividunt,

345 3136 486 3190 quos
528 3130 757 3185 mundos
795 3136 1050 3204 appellat.
1090 3140 1199 3210 Ego
1230 3146 1470 3202 arbitror
1507 3150 1657 3206 illum
1687 3156 1791 3211 dici
1831 3130 1922 3211 ru;

2090 776 2325 830 mundus
2380 789 2462 832 est
2518 784 2826 856 quicunque
2887 803 2971 848 est
3025 800 3166 854 talis.
3221 803 3287 858 Et
3341 806 3533 866 iterum
3582 829 3663 872 est

2086 862 2244 930 alius,
2299 868 2378 923 vel
2422 886 2487 925 ex
2551 875 2637 931 his
2698 880 2787 947 qui
2848 892 3001 941 extra
3056 891 3371 962 religionem
3421 914 3662 964 nostram

2081 966 2229 1018 sunt,
2273 959 2358 1013 vel
2403 974 2465 1015 ex
2501 964 2585 1019 his
2622 969 2711 1037 qui
2757 974 3035 1033 uobiscum
3082 994 3242 1052 sunt;
3292 992 3384 1058 qui
3416 994 3664 1054 t'ividunt

2081 1046 2297 1113 quidem
2354 1056 2603 1122 ungulas,
2647 1070 2703 1115 et
2758 1064 2829 1119 ita
2883 1068 3142 1129 incedunt
3185 1078 3374 1137 inviis
3418 1088 3551 1153 suis,
3606 1103 3663 1145 ut

2078 1145 2233 1189 actus
2280 1154 2407 1197 suos
2441 1147 2505 1199 ad
2552 1148 2792 1208 futurum
2844 1162 3101 1218 saeculum
3133 1182 3463 1240 prmparettt.
3490 1179 3657 1235 .Multi

2076 1227 2241 1298 227
2266 1232 2410 1286 enim
2437 1237 2509 1292 ita
2535 1249 2585 1293 et
2616 1258 2682 1297 ex
2708 1246 3043 1320 pltiiOSOpiliS
3069 1259 3307 1327 sapiunt,
3338 1277 3392 1319 et
3418 1266 3657 1326 futurum

2074 1330 2193 1372 esse
2210 1319 2473 1387 judicium
2497 1330 2744 1387 credunt.
2778 1319 3136 1398 Immortalem
3162 1362 3396 1420 namque
3416 1356 3654 1417 animam

2072 1410 2333 1477 sentiunt,
2364 1425 2419 1469 et
2448 1426 2938 1483 remunerationem
2980 1433 3134 1491 bonis
3161 1442 3461 1515 quibusque
3508 1456 3654 1517 posi-

2072 1507 2178 1554 tam
2216 1505 2569 1565 conﬁtentur.
2634 1512 2745 1571 lloc
2786 1531 2841 1573 et
2878 1522 3256 1587 haereticorum
3294 1542 3534 1595 nonnulli
3567 1544 3649 1597 la-

2069 1592 2242 1660 eiunt,
2288 1605 2341 1649 et
2397 1612 2658 1666 quantum
2695 1613 2897 1677 expetit
2931 1613 3066 1686 (l0),
3102 1621 3343 1678 timorem
3369 1627 3533 1683 futuri
3557 1633 3648 1701 ju-

2065 1684 2191 1738 dicii
2225 1701 2441 1756 gerunt,
2477 1702 2533 1747 et
2568 1707 2723 1755 actus
2758 1716 2886 1759 suos
2924 1718 3179 1780 tanquam
3213 1718 3265 1771 in
3299 1721 3480 1777 divino
3509 1741 3645 1781 exa-

2062 2057 2376 2125 meditatur,
2409 2078 2473 2119 ac
2500 2082 2720 2125 revocat
2749 2076 2814 2129 ad
2845 2080 3097 2137 subtilem
3131 2097 3187 2142 et
3220 2092 3521 2160 spiritalem
3551 2102 3635 2155 itt-

2152 2146 2407 2217 igenliam
2465 2171 2480 2208 :
2535 2161 2626 2213 sed
2659 2166 2841 2219 statim
2894 2180 2951 2223 ut
3006 2146 3509 2259 audierit'aliquid,
3541 2207 3635 2252 aut

2051 2243 2371 2304 contemnit.
2406 2256 2499 2302 aut
2528 2251 2782 2322 despicit,
2834 2278 2934 2318 nec
2965 2271 3191 2336 requirit
3218 2277 3308 2344 qtti
3350 2243 3401 2334 in
3430 2243 3633 2342 viliori-

2052 2326 2149 2383 bus
2177 2335 2360 2389 verbis
2403 2341 2669 2406 pretiosus
2722 2348 2886 2408 lateat
2930 2371 3145 2416 sensus.
3208 2365 3276 2421 Et
3310 2370 3508 2430 habent
3542 2379 3627 2435 isti

2048 2417 2383 2479 dividentem
2447 2433 2667 2498 quidem
2724 2444 3006 2514 ungulam,
3054 2454 3150 2507 sed
3208 2461 3625 2523 rttminationent

2048 2523 2153 2562 non
2186 2527 2461 2572 revocant.
2500 2523 2579 2576 Tu
2607 2537 2809 2595 autem,
2839 2538 2929 2605 qui
2962 2541 3042 2595 vis
3064 2558 3184 2601 esse
3216 2556 3466 2623 mundus,
3496 2576 3623 2616 con-

2046 2603 2351 2661 venientem
2400 2611 2602 2672 hahcto
2632 2621 2821 2689 vitam,
2867 2642 3158 2692 consonam
3189 2652 3238 2695 et
3268 2645 3530 2719 scientiae,
3563 2668 3620 2710 et

3308 2697 3530 2719 μήπω,
3564 2697 3617 2710 ν.

2039 2702 2195 2749 actus
2227 2697 2522 2760 intellectui
2564 2726 2578 2763 :
2612 2721 2674 2766 ut
2706 2715 2780 2770 sis
2811 2717 2862 2772 itt
2898 2731 3131 2793 utroque
3174 2736 3424 2805 mundus,
3474 2756 3530 2797 ttt
3561 2758 3617 2802 et

2038 2798 2261 2843 revoces
2311 2796 2751 2873 rttminationem,
2798 2822 2853 2865 et
2879 2817 3133 2883 ungulam
3167 2824 3394 2891 dividas.
3434 2840 3613 2894 sedet

2035 2879 2266 2946 ungulas
2296 2893 2354 2937 ut
2381 2892 2671 2964 producas,
2704 2900 2819 2956 sive
2869 2903 3115 2973 abjicias.
3155 2909 3521 2985 Requiramus
3548 2936 3602 2980 et

2035 2965 2047 2985 ,
2308 2976 2321 2985 ,
2463 2981 2473 2985 -

2937 2965 2954 2973 _
3549 2965 3602 2980 ι..

2034 2965 2192 3037 hujus
2244 2976 2321 3029 rei
2353 2981 2747 3057 testimonium,
2779 3000 3057 3062 quomodo
3083 3007 3308 3073 ungulas
3357 3017 3610 3079 produci-

2031 3076 2170 3128 mus,
2201 3067 2307 3133 vel,
2333 3078 2390 3124 ut
2425 3072 2552 3130 alibi
2612 3078 2833 3152 legitur,

2029 3150 2079 3205 in
2111 3154 2525 3222 Deuteronomio
2551 3184 2566 3224 :
2600 3189 2617 3220 ι
2640 3150 2718 3238 Si,

2877 3088 3181 3157 abjicitnus.
3227 3099 3496 3173 Scriptum
3523 3122 3609 3166 est

2765 3176 3021 3248 inquit“,
3068 3188 3268 3246 exieris
3307 3199 3371 3249 ad
3405 3200 3599 3256 bellum

2352 3214 2522 3222 ,,v.--.-
2551 3214 2566 3224 π
2603 3214 2616 3220 -
2640 3214 2718 3238 νυ,
2765 3214 2940 3248 ιυιιιιιι
3007 3224 3021 3246 ο
3068 3214 3268 3246 CAIUTIS

344 3214 583 3283 ηιίηθῖθν
614 3222 702 3288 Ψιί
726 3238 946 3293 Oper-1m
975 3231 1067 3283 diu
1101 3235 1364 3302 εοίειιιίω,
1396 3249 1450 3294 et
1480 3241 1531 3295 in
1562 3242 1679 3315 lege
1708 3247 1917 3304 Domini
1948 3223 1993 3281 (ἶ
2028 3245 2315 3304 adversum
2350 3252 2598 3313 inimicos
2634 3270 2771 3326 tuos.
2799 3278 2852 3321 et
2878 3272 3078 3329 videris
3106 3277 3177 3331 ibi
3205 3284 3482 3341 mulierem
3517 3294 3604 3346 (1ο.

344 3306 638 3346 ΙΙὶρΙΙῘΙΩΙΙΙΙ·
666 3313 751 3346 (“.1
776 3331 836 3346 an
869 3329 1024 3346 ΠΛΛΙΑ
1094 3325 1198 3346 υ-.)
1323 3329 1353 3346 ι·
1620 3336 1630 3346 ι
1731 3340 1761 3346 ..

343 3306 638 3363 meditatur
665 3313 751 3367 die
773 3331 836 3370 ac
869 3329 1046 3375 nocte.
1093 3325 1199 3379 Sed
1230 3329 1353 3382 audi
1397 3336 1667 3401 quomodo
1710 3340 1914 3393 dicttnn

340 3406 471 3452 est:
524 3420 542 3451 ι
584 3403 680 3469 Qtti
737 3410 948 3476 dividit,
1014 3416 1205 3487 inquit,
1259 3424 1532 3492 ungulam,
1592 3437 1646 3482 et
1698 3442 1916 3485 revocat

339 3492 775 3553 ruminationem.
817 3519 836 3553 ι
874 3503 1111 3563 Revocat
1155 3528 1284 3581 ergo
1334 3518 1776 3587 ruminationem,
1820 3526 1910 3593 qui

335 3594 399 3633 ea
431 3597 550 3650 qum
577 3592 872 3646 secundum
906 3594 1141 3652 litteram
1173 3602 1323 3671 legit,
1350 3618 1566 3661 revocat
1590 3610 1657 3664 ad
1690 3628 1908 3669 sensum

333 3671 656 3741 spiritalem,
687 3690 744 3733 et
770 3682 839 3737 ab
875 3685 1073 3740 ittlimis
1118 3702 1170 3744 et
1204 3693 1569 3752 invisibilbus
1608 3703 1676 3755 ad
1732 3704 1910 3759 invisi-

333 3761 462 3817 bilia
496 3774 549 3820 et
584 3767 774 3825 altiora
802 3779 1141 3837 conscendit.
1176 3782 1282 3838 Sed
1329 3785 1373 3838 si
1406 3787 1684 3847 mediteris
1732 3793 1903 3864 legem

330 3852 593 3920 divinam,
617 3868 671 3910 et
697 3873 758 3913 ea
789 3878 910 3931 qua:
932 3864 1087 3936 legis,
1116 3871 1184 3924 ad
1216 3870 1468 3926 subtilem
1503 3887 1558 3932 et
1585 3881 1653 3933 ad
1686 3881 1903 3949 spirita—

329 3946 431 3999 lem
478 3948 885 4019 intelligentiam
919 3971 1159 4026 revoces,
1192 3965 1298 4018 vita
1335 3977 1513 4023 autem
1543 3981 1629 4025 tua
1660 3984 1713 4027 et
1744 3985 1898 4031 actus

325 4037 397 4088 tui
450 4054 553 4092 non
597 4052 725 4096 sunt
760 4045 916 4112 tales,
964 4058 1020 4101 ut
1060 4050 1298 4110 habeant
1349 4060 1734 4119 discretionem
1775 4067 1896 4121 vitae

319 4132 600 4194 prmsentis
629 4142 681 4186 et
725 4133 920 4192 futurae
965 4140 1119 4208 hujus
1159 4148 1340 4202 saeculi
1373 4159 1427 4204 et
1475 4154 1659 4208 saeculi
1704 4172 1896 4227 super-

319 4226 572 4291 venturi;
606 4227 649 4281 si
695 4244 799 4283 non
845 4232 942 4286 ista
972 4241 1306 4307 competenti
1339 4244 1547 4300 ratione
1584 4248 1886 4315 discernas,

314 4323 369 4367 et
393 4316 624 4382 dividas,
654 4321 890 4378 camelos
926 4339 985 4380 es
1021 4338 1333 4398 tortuosos;
1389 4334 1478 4403 qui
1511 4350 1634 4393 cum
1668 4340 1888 4407 intelle-

310 4408 454 4453 ctunt
486 4411 859 4494 acceperis‘ex
906 4416 1256 4475 meditatione
1286 4424 1418 4496 legis
1461 4428 1626 4499 hujus
1667 4434 1883 4497 divina},

307 4508 416 4548 non
467 4497 696 4566 dividis,
740 4484 918 4575 neque
975 4525 1224 4584 segregas
1270 4523 1558 4587 praesentia
1597 4535 1651 4580 et
1684 4527 1860 4583 futura

306 4602 409 4643 nec
440 4603 723 4663 angustam
755 4598 895 4655 viam
928 4618 956 4656 a
987 4605 1068 4659 via
1095 4609 1327 4677 spatiosa
1361 4618 1621 4671 secernis.
1652 4618 1755 4675 Sed
1786 4623 1885 4676 ad-

307 4679 414 4736 huc
442 4686 784 4745 manifestius
808 4695 949 4762 quod
987 4697 1185 4754 dicitur
1222 4704 1595 4773 explanamus.
1623 4710 1762 4766 Sunt
1788 4716 1881 4782 qui

301 4786 589 4832 assumunt
638 4788 1021 4841 testamentum
1068 4788 1159 4844 Dei
1204 4808 1306 4862 per
1349 4811 1409 4851 os
1452 4813 1641 4864 suum,
1671 4810 1876 4859 etcum

300 4860 475 4934 legem
506 4867 599 4921 Dei
634 4870 687 4925 in
714 4888 808 4927 ore
840 4874 1091 4944 habeant,
1134 4883 1239 4937 vita
1271 4895 1327 4940 et
1365 4898 1518 4943 actus
1547 4892 1631 4946 sui
1662 4892 1817 4959 longe
1845 4910 1875 4950 a

298 4956 477 5005 verbis
532 4970 723 5010 eorum
776 4968 830 5012 et
884 4965 1229 5021 sermonibus
1282 4968 1618 5040 dtscrepaut.
1674 4977 1866 5030 Dicunt

292 5048 436 5097 enim
459 5054 512 5100 et
539 5062 643 5101 non
675 5049 907 5117 faciunt;
935 5054 999 5107 de
1021 5056 1217 5124 quibus
1238 5066 1292 5111 et
1314 5057 1587 5129 Propheta
1621 5064 1752 5119 dicit
1777 5066 1819 5096 ⁶⁷
1849 5086 1861 5120 :

294 5153 314 5185 ι
356 5134 633 5193 Peccatori
667 5152 843 5195 autem
886 5144 1025 5198 dixit
1069 5147 1207 5202 Dens
1255 5171 1265 5204 :
1317 5151 1498 5215 Quare
1545 5162 1599 5206 tu
1634 5170 1861 5212 enarras

282 5229 524 5296 justitias
554 5246 725 5294 meas,
752 5236 1071 5292 etassumis
1110 5249 1494 5298 testamentum
1538 5260 1715 5301 meum
1757 5264 1853 5316 per

280 5336 344 5375 os
376 5324 567 5377 tuum?
607 5342 625 5374 ι
660 5324 820 5379 Vides
867 5342 997 5397 ergo
1026 5335 1294 5399 quomodo
1342 5337 1430 5389 ille
1469 5340 1728 5407 ruminat,
1764 5345 1852 5411 qui

280 5422 663 5470 testatttetttum
707 5416 798 5471 Dei
864 5418 1023 5473 habet
1068 5422 1118 5474 in
1160 5438 1254 5478 ore
1302 5442 1421 5481 suo.
1473 5428 1578 5485 Sed
1633 5434 1759 5501 quid
1801 5436 1851 5489 itt

275 5508 634 5573 sequentibus
669 5508 735 5562 ad
768 5524 890 5563 eum
920 5510 1119 5565 dicitur
1148 5514 1194 5547 ⁸³
1221 5515 1244 5567 ?
1270 5535 1287 5567 ‹
1330 5518 1407 5571 Tu
1456 5532 1638 5575 autetn
1684 5526 1844 5581 odisti

337 5627 389 5661 “
415 5624 593 5684 Levit.
613 5646 688 5694 XI,
717 5633 750 5687 '5
770 5642 827 5686 et
855 5648 1007 5703 seqq.
1084 5633 1285 5687 “Psal.
1316 5650 1461 5701 thx,
1494 5635 1579 5690 16.

341 5767 450 5832 lilii)
480 5764 632 5825 Μες..
669 5785 686 5816 1
714 5769 948 5837 expedit.
975 5789 993 5821 ι
1030 5770 1184 5824 Lihlt.
1212 5772 1365 5836 editi,
1399 5790 1415 5823 ί
1444 5782 1667 5843 spectat.
1700 5794 1718 5825 ι

544 5856 817 5919 Parnm.
866 5861 984 5921 Gn.
1032 5864 1169 5924 ΧΗ.

2027 3346 2151 3388 cora
2181 3340 2384 3407 specie,
2430 3354 2483 3398 et
2516 3355 2859 3421 concupieris
2902 3374 3045 3427 eam,
3078 3380 3319 3427 assumes
3365 3391 3506 3445 eam,
3547 3393 3602 3437 et

2026 3427 2185 3481 radcs
2220 3444 2437 3489 omnem
2491 3438 2656 3505 pilum
2689 3448 2881 3514 capitis
2927 3455 3065 3522 ejus,
3095 3469 3149 3513 et
3198 3466 3422 3535 ungulas
3454 3472 3592 3541 ejus,

2957 3520 2966 3522 ν
3052 3520 3058 3522 Ἴ
3273 3520 3302 3535 υ
3402 3520 3417 3523 τ

2021 3527 2076 3570 et
2124 3520 2315 3577 indttes
2342 3539 2460 3580 eam
2512 3534 2851 3596 vestimentis
2902 3543 3258 3619 lugubribus;
3300 3570 3353 3614 et
3386 3565 3590 3622 sedebit

2021 3607 2072 3662 in
2104 3610 2264 3665 domo
2294 3615 2484 3681 lugens
2519 3635 2726 3693 patrem
2776 3647 2956 3702 suum,
2995 3653 3048 3696 et
3079 3658 3305 3706 matrem
3332 3669 3505 3722 suam,
3536 3675 3591 3717 et

2021 3698 2229 3722 ,ην--
2361 3718 2370 3722 -

2016 3698 2236 3756 domum
2287 3718 2567 3775 paternam
2600 3732 2777 3786 suam,

2016 3791 2111 3846 tibi
2145 3809 2301 3853 uxor.
2333 3817 2353 3850 ι
2418 3801 2523 3859 Sed
2556 3823 2696 3865 nunc
2747 3828 2852 3869 non
2886 3819 2986 3876 hoc
3017 3836 3101 3881 est
3142 3791 3495 3909 propositum,
3528 3857 3586 3901 ut

2016 3882 2126 3909 In..-
2155 3901 2267 3909 κη--
2304 3890 2348 3909 9-
2391 3902 2403 3909 .
2478 3897 2510 3909 ,ο
2654 3904 2665 3909 -

3142 3882 3157 3898 Ι
3182 3882 3193 3884 -
3213 3882 3495 3909 vI-VVIIIIIII’
3529 3882 3579 3901 III

2014 3882 2128 3938 haec
2152 3901 2271 3955 qua:
2303 3890 2354 3945 in
2391 3897 2759 3960 testimonium
2794 3922 2979 3970 vocata
3008 3932 3152 3986 sunt,
3183 3929 3579 4006 explanentttr;

2014 3974 2102 4006 and
2131 3988 2412 4006 ιιι-’ΛηΙΛ-Αλ
2446 3985 2579 4006 ³⁸³³⁷
2806 4000 2818 4006 ’

3141 3974 3152 3986 ,
3188 3974 3529 3997 -..ει-...ινιιιιιι
3564 3982 3578 4006 ,

2008 3974 2102 4025 sed
2129 3988 2415 4047 propterea
2441 3985 2696 4060 diximus,
2728 4000 2851 4066 quia
2883 4015 2937 4057 et
2965 4007 3051 4063 hic
3088 4014 3152 4068 de
3186 4023 3395 4089 ungulis
3425 4043 3578 4084 men-

2008 4066 2077 4089 ιὶ-
2114 4068 2245 4089 ΓΑ-.-
2311 4086 2320 4089 Α
2344 4082 2379 4089 κ-
2451 4077 2492 4089 "

2006 4066 2080 4119 tio
2111 4068 2251 4124 facta
2300 4082 2403 4128 est.
2451 4077 2832 4144 Verumtamen
2868 4104 2918 4147 et
2969 4113 3067 4168 ego
3092 4066 3405 4176 frequenter
3430 4122 3574 4178 exivi

2006 4157 2067 4178 -J
2100 4159 2124 4178 I.
2148 4160 2203 4178 -ΙΙ
2441 4177 2445 4178 ⁷
2545 4171 2556 4178 ⁵
2603 4174 2614 4178 ’
2686 4177 2690 4178 7

2003 4157 2069 4211 ad
2100 4159 2297 4217 bellum
2325 4177 2512 4223 contra
2544 4171 2793 4235 inimicos
2824 4200 2994 4256 meos,

2980 4248 2992 4256 ,
3148 4248 3214 4254 -_.
3249 4248 3319 4258 ..,.
3475 4248 3572 4268 ...ς-

2000 4248 2119 4302 dam
2157 4253 2434 4311 mulierem
2465 4264 2664 4319 decora
2693 4275 2893 4338 specie.
2939 4280 3283 4359 Quaecunque
3308 4248 3467 4355 enini!
3480 4306 3572 4360 be-

1999 4351 2145 4410 neet
2195 4347 2597 4408 rationabiliter
2623 4358 2764 4415 dicta
2817 4365 3120 4432 invenimus
3149 4388 3288 4451 apud
3322 4390 3568 4452 inimicos
3646 4446 3656 4454 .

1994 4444 2227 4502 nostros,
2282 4441 2325 4494 si
2385 4443 2515 4511 quid
2566 4458 2707 4518 apud
2753 4456 2871 4514 illos
2924 4441 3201 4535 sapienter
3232 4488 3284 4532 et

1867 4571 1883 4598 ,
1914 4572 1956 4625 D
1992 4527 2194 4631 dictum
2253 4532 2766 4638 legimus-oportet
2819 4569 2916 4611 nos
2962 4565 3221 4623 mundare
3270 4573 3344 4637 id,
3395 4590 3449 4635 et
3498 4589 3561 4638 ab

3395 4618 3449 4635 ι.
3498 4618 3559 4638 ιιιι

1984 4618 2207 4673 scientia
2240 4637 2362 4691 quae
2392 4633 2531 4697 apud
2566 4635 2687 4693 illos
2721 4651 2806 4696 est
2834 4647 3049 4707 auferre
3075 4665 3128 4710 et
3164 4674 3409 4723 resecare
3438 4688 3559 4726 om-

1983 4724 2044 4763 ne
2072 4713 2215 4779 qnod
2243 4727 2548 4776 emortuum
2578 4737 2634 4781 et
2666 4729 2826 4789 inane
2852 4748 2956 4802 est,
2987 4742 3087 4799 hoc
3113 4752 3256 4805 enini
3288 4769 3414 4811 sunt
3441 4778 3557 4813 Ollt-

1973 4813 2072 4853 nes
2120 4805 2296 4873 capilli
2331 4812 2525 4879 capitis
2559 4828 2613 4871 et
2660 4826 2872 4893 ungula:
2923 4834 3164 4891 mulieris
3193 4857 3258 4896 ex

1974 4904 2090 4943 rum
2123 4895 2311 4962 spoliis
2340 4914 2653 4975 assumpta),
2680 4921 2735 4966 et
2766 4916 2835 4968 ita
2862 4921 3081 4978 demum
3106 4926 3287 4987 facere
3313 4950 3431 4991 eam
3465 4958 3552 4995 no-

1970 4977 2053 5033 bis
2088 4997 2337 5051 uxorcm,
2372 5006 2493 5046 cum
2540 4996 2653 5063 jam
2688 5003 2820 5058 nihil
2850 5023 2914 5061 ex
2949 5011 3052 5066 illis
3082 5033 3201 5083 quae
3233 5038 3326 5090 per
3359 5028 3549 5087 inlide-

1974 5069 2081 5090 IE.-.
2498 5086 2528 5090 “

1974 5069 2174 5127 litatem
2230 5092 2441 5135 mortua
2478 5086 2749 5155 dicuntur,
2806 5096 3078 5167 habuerit,

1973 5159 2163 5215 habeat
2220 5177 2515 5234 mortuum,
2551 5174 2682 5231 nihil
2720 5181 2769 5235 itt
2813 5189 3080 5258 manibus,

3068 5251 3078 5258 ι
3210 5251 3380 5273 ὴ-νει--ν
3421 5251 3540 5264 *ιν-Γ

1967 5251 2137 5318 sibus,
2172 5271 2344 5326 neque
2376 5264 2608 5329 actibus,
2643 5269 2977 5331 immundum
3006 5285 3230 5355 aliquid,
3266 5307 3358 5349 aut
3395 5315 3540 5353 mor-

1967 5352 2117 5398 tuum
2151 5359 2325 5414 gerat.
2388 5352 2530 5409 Nihil
2564 5360 2704 5415 enim
2742 5368 2997 5425 ntuttdum
3047 5377 3245 5436 habent
3280 5390 3535 5448 muricres

1963 5437 2199 5493 hostium
2242 5451 2575 5512 nostrorum,
2615 5454 2739 5520 quia
2799 5460 2940 5513 nulla
2994 5480 3073 5520 est
3104 5474 3243 5540 apud

1958 5528 2177 5597 pientia,
2215 5530 2299 5582 cui
2335 5532 2669 5595 iutmunditia
2696 5545 2872 5617 aliqua
2902 5568 3006 5608 non
3034 5559 3100 5614 sit
3135 5563 3390 5625 admista.
3427 5580 3525 5633 γρ-

1659 5639 1703 5671 ⁸⁸
1726 5641 1855 5697 ibid.
1897 5645 1975 5698 l7.

2829 3736 2886 3779 et
2930 3744 3051 3798 post
3085 3738 3299 3810 triginta
3346 3748 3460 3804 dies
3483 3757 3589 3810 erit

3025 4202 3079 4246 et
3112 4198 3215 4254 vidi
3249 4203 3319 4258 ibi
3353 4207 3404 4260 in
3436 4227 3575 4279 pra:-

3331 4486 3567 4545 scienter

3308 4847 3555 4903 inimico-

3128 5110 3259 5165 nihil
3296 5115 3344 5167 in
3370 5123 3547 5188 capite

3116 5207 3173 5251 ut
3208 5216 3380 5273 neque
3421 5224 3543 5264 sett-

3292 5477 3410 5533 illos
3437 5496 3530 5538 sa-

2053 5645 2096 5676 ”
2124 5644 2275 5700 Deut.
2304 5664 2415 5715 xxi,
2455 5653 2540 5709 l0.

3229 5892 3295 5948 16
