4106 6246
471 366 565 426 191

1923 368 2240 427 ORlGENlS

3633 374 3737 429 49°!

472 488 564 543 lim
612 497 793 541 tamen
841 488 1085 541 dicerent
1128 487 1255 543 mihi
1287 486 1456 542 Judmi
1485 490 1759 558 quomodo
1789 492 1926 560 apml
1956 507 2051 546 eos
2081 497 2125 554 Α
2156 502 2309 561 raptu
2344 492 2549 546 vivunt.
2596 492 2687 546 ll:e
2738 502 2863 548 sunt
2892 493 3107 558 animm,
3138 506 3257 562 qua:
3303 493 3601 545 secundum
3635 497 3735 547 hoc

473 580 579 633 ista
614 589 921 633 serventur.
983 579 1121 643 Quid
1155 594 1352 642 causze,
1403 581 1531 648 quid
1564 583 1792 635 rationis
1840 590 1925 636 est
1956 583 2053 636 de-

471 670 672 725 calvari
706 669 1007 733 mulierem,
1039 678 1093 723 et
1120 670 1344 738 ungulas
1372 668 1487 737 eius
1519 672 1703 724 ile-mi?
1734 671 1891 727 Verbi
1920 690 2051 726 cau-

473 776 557 824 sa,
587 776 850 830 ponamus
884 765 1027 829 quod
1061 762 1131 814 ita
1171 762 1439 817 invenerit
1494 777 1614 815 eam
1653 764 1697 818 is
1731 764 1821 834 qui
1854 765 2052 819 dicitur

472 855 769 918 invenisse,
802 864 859 907 ut
886 869 1062 922 neque
1092 855 1333 923 capillos,
1371 870 1544 923 neque
1574 857 1800 925 ungulas
1832 857 2048 922 habeat,

470 950 600 1018 quid
630 948 843 1011 habuit,
879 948 1022 1016 quod
1055 949 1351 1001 secundum
1386 949 1555 1018 legem
1589 951 1808 1005 demere
1835 949 2052 1017 iubere-

472 1039 596 1095 tur?
632 1038 739 1092 Nos
772 1053 901 1091 vero
928 1038 1125 1105 quibus
1154 1037 1344 1092 militia
1390 1041 1649 1108 spiritalis
1679 1051 1781 1108 est,
1816 1051 1871 1097 et
1901 1056 2050 1096 arma

472 1147 579 1184 non
616 1128 882 1195 carnalia,
916 1131 1010 1182 sed
1043 1131 1285 1196 potentia
1330 1131 1437 1185 Deo
1468 1132 1536 1185 ad
1565 1133 1889 1186 destruenda
1920 1148 2051 1187 con-

472 1222 612 1282 silia,
662 1220 857 1273 decora
897 1221 1093 1273 mulier
1136 1220 1178 1272 si
1222 1228 1430 1287 reperta
1479 1219 1642 1273 fuerit
1670 1220 1808 1287 apud
1846 1220 2048 1285 hostes,

471 1326 523 1368 et
560 1313 897 1368 rationabilis
942 1313 1120 1382 aliqua
1160 1312 1466 1381 disciplina,
1523 1314 1626 1366 hoc
1659 1316 1818 1367 modo
1865 1311 2051 1378 purifi-

473 1407 718 1461 cabimus
766 1421 885 1460 eam
942 1422 1049 1475 quo
1082 1406 1333 1474 superius
1365 1404 1625 1459 diximus.
1665 1403 1887 1475 Oportet
1921 1420 2051 1474 ergo

472 1512 594 1551 eum
625 1500 714 1565 qui
752 1498 981 1550 mundus
1017 1506 1122 1562 est,
1160 1512 1268 1549 non
1306 1495 1479 1549 solum
1530 1496 1771 1551 dividere
1800 1496 2048 1566 ungulas,

473 1598 526 1642 et
574 1603 681 1641 non
734 1587 908 1641 solum
963 1587 1246 1654 praesentis
1302 1585 1485 1641 smculi
1533 1599 1586 1640 et
1616 1585 1779 1638 futuri
1813 1598 1969 1640 actus
1997 1595 2051 1639 et

471 1691 635 1743 opera
685 1677 1020 1742 discernere,
1070 1676 1162 1729 sed
1200 1683 1254 1729 et
1303 1674 1533 1744 ungulas
1571 1675 1890 1742 producere,
1943 1674 2047 1739 vel,

472 1781 529 1820 ut
560 1768 686 1820 alibi
732 1768 984 1835 legimus,
1037 1765 1296 1834 abiicere,
1348 1775 1406 1819 ut
1456 1765 1807 1833 poritieantes
1838 1780 1936 1821 nos
1982 1766 2050 1821 ab

470 1862 730 1930 operibus
761 1859 1009 1923 mortuis,
1047 1873 1459 1928 permaneamus
1492 1859 1543 1912 in
1581 1858 1712 1915 vita.

544 1957 596 2010 7.
642 1955 765 2009 lla‘c
793 1955 1009 2023 quidem
1057 1952 1385 2020 generaliter
1410 1952 1551 2006 dieta
1600 1953 1709 2006 sint
1736 1952 1802 2006 de
1839 1950 2051 2005 anima—

474 2049 614 2101 libus
644 2064 659 2101 :
694 2046 779 2100 illa
812 2061 942 2101 vero
980 2060 1102 2115 qua:
1152 2046 1205 2098 in
1235 2044 1391 2113 aquis
1435 2052 1585 2106 sunt,
1616 2043 1745 2113 quia
1777 2043 2050 2106 dicuntur,

471 2139 737 2208 siquidem
766 2137 1005 2192 habeant
1048 2136 1241 2205 pirmas
1269 2142 1323 2188 et
1353 2148 1632 2203 squamas,
1666 2135 1860 2187 munda
1894 2147 2050 2197 esse;

472 2236 516 2286 si
549 2248 677 2286 vero
706 2247 814 2287 non
841 2230 1101 2295 habeant,
1154 2228 1452 2290 immunda,
1489 2242 1586 2281 nec
1612 2227 1699 2279 edi
1732 2228 1958 2291 debere;
1992 2225 2054 2280 il-

473 2326 565 2378 luti
593 2325 648 2379 in
696 2324 780 2378 his
805 2322 1131 2385 ostenditur,
1178 2330 1236 2372 ut
1265 2321 1309 2373 si
1345 2318 1595 2388 quis'est
1628 2318 1680 2370 in
1720 2318 1875 2385 aquis
1909 2318 2050 2383 istis,

471 2430 527 2473 et
562 2421 614 2473 in
644 2418 777 2473 mari
821 2417 941 2470 vita:
968 2414 1148 2481 huius,
1179 2426 1343 2481 atque
1372 2413 1423 2465 in
1454 2410 1707 2465 ﬂuctibus
1739 2409 1923 2464 surculi
1957 2424 2051 2478 po-

473 2514 635 2569 situs.
685 2519 863 2562 tamen
901 2508 1093 2560 debeat
1128 2505 1263 2559 satis
1291 2517 1473 2572 agere,
1513 2512 1570 2555 ut
1611 2516 1718 2554 non
1749 2501 1800 2553 in
1830 2502 2055 2569 profun-

475 2605 557 2657 dis
582 2601 767 2671 jaceat
794 2613 1083 2669 aquarum,
1132 2599 1273 2651 sicut
1322 2603 1449 2649 sunt
1494 2594 1583 2649 isti
1620 2596 1798 2662 pisces
1846 2593 1938 2662 qui
1974 2594 2053 2646 di-

473 2705 671 2747 cuntur
720 2706 825 2747 non
877 2691 1077 2745 habere
1129 2690 1324 2758 pinnas
1373 2701 1546 2757 neque
1594 2702 1869 2755 squamas.
1925 2684 2052 2739 llaec

475 2801 709 2855 namque
735 2799 925 2839 eorum
974 2790 1167 2836 natura
1201 2782 1535 2851 perhibetur,
1573 2788 1631 2832 ut
1669 2781 1720 2832 in
1754 2778 1875 2836 imis
1913 2793 2056 2832 sem-

476 2894 572 2950 per
601 2887 655 2931 et
684 2877 832 2930 circa
866 2875 1040 2944 ipsum
1070 2888 1284 2928 omnum
1323 2872 1674 2926 demorentur
1694 2909 1710 2935 ,
1759 2869 1901 2923 sicut
1929 2879 2055 2921 sunt

476 2969 749 3039 anguilla),
799 2978 853 3022 et
886 2966 1011 3020 huic
1041 2964 1260 3031 similia,
1312 2980 1435 3033 quae
1466 2979 1568 3017 non
1603 2971 1829 3032 possunt
1859 2976 2054 3015 ascen-

477 3064 607 3116 dere
633 3062 698 3115 ad
729 3073 883 3128 aqua!
909 3058 1301 3120 summitatem,
1337 3071 1511 3124 neque
1561 3057 1631 3109 ad
1660 3053 1775 3123 ejus
1806 3053 2055 3123 superio-

479 3170 536 3209 ra
568 3151 873 3222 pervenire.
900 3147 981 3204 llli
1014 3164 1142 3204 vero
1175 3149 1353 3220 pisces
1386 3148 1476 3219 qui
1514 3146 1749 3218 pinnulis
1772 3145 2052 3216 iuvantur,

478 3261 543 3299 ac
580 3243 828 3312 squamis
875 3242 1217 3304 muniuntur,
1254 3240 1559 3293 ascendunt
1608 3238 1779 3307 magis
1805 3236 1869 3289 ad
1897 3251 2058 3305 supeo

478 3337 647 3400 riora,
677 3345 732 3390 et
760 3333 872 3388 aeri
900 3333 1030 3387 huic
1060 3331 1356 3385 viciniores
1388 3330 1546 3395 liunt,
1596 3328 1744 3383 velut
1773 3326 1865 3395 qui
1897 3326 2061 3380 liber-

480 3440 646 3483 tatem
673 3428 898 3498 spiritus
920 3434 1189 3495 quaerant.
1227 3421 1377 3476 Talis
1399 3430 1482 3476 est
1510 3435 1641 3491 ergo
1661 3427 1884 3475 sanctus
1909 3418 2062 3487 quis-

479 3539 607 3593 que,
640 3524 766 3592 quia
817 3521 958 3574 intra
990 3516 1128 3573 retia
1178 3516 1299 3571 ﬁdei
1341 3514 1657 3581 conclusus,
1698 3514 1869 3567 bonus
1897 3509 2059 3579 piscis

479 3633 510 3670 a
545 3615 828 3670 Salvatore
858 3610 1173 3666 nominatur
1214 3628 1229 3665 :
1275 3607 1368 3679 qui
1401 3607 1565 3662 etiam
1597 3604 1828 3659 mittitur
1858 3603 1910 3656 in
1944 3616 2056 3664 vas,

479 3711 645 3766 veluti
692 3711 885 3778 pinnas
936 3706 1143 3759 habens
1179 3710 1235 3757 et
1267 3714 1543 3770 squamas.
1604 3696 1719 3750 Non
1774 3696 1916 3750 enim
1966 3694 2060 3747 ha-

475 3802 689 3857 buisset
718 3802 930 3870 pinnas,
966 3812 1070 3851 non
1103 3796 1496 3851 resurrexisset
1521 3791 1589 3846 de
1616 3803 1774 3845 emno
1806 3788 2063 3843 incredu-

474 3893 675 3959 litatis,
709 3906 807 3945 nec
835 3890 905 3944 ad
938 3899 1054 3941 rete
1086 3886 1205 3940 ﬁdei
1243 3885 1598 3955 pervenisset,
1632 3881 1732 3936 nisi
1764 3880 1945 3950 pinnis
1973 3879 2063 3932 ad-

466 3984 625 4052 jutus
657 3982 724 4036 ad
774 3981 1051 4048 superiora
1089 3978 1347 4029 venisset.
1392 3973 1531 4039 Quid
1582 3981 1665 4027 est
1712 3978 1892 4026 autem
1917 3970 2060 4039 quod

473 4087 824 4142 «etsquamas
876 4072 1079 4127 habere
1131 4067 1370 4122 dicitur?
1421 4074 1678 4132 tanquam
1711 4064 1802 4133 qui
1839 4073 2060 4131 paratus

476 4173 555 4225 sit
576 4178 763 4221 vetera
814 4163 1129 4217 indumenta
1166 4160 1455 4229 deponere.
1498 4155 1563 4209 Hi
1594 4155 1737 4210 enim
1781 4156 1869 4223 qui
1899 4169 2061 4220 squa-

482 4274 601 4314 mas
650 4270 757 4310 non
809 4253 1032 4315 habent,
1070 4250 1219 4306 velut
1267 4265 1335 4304 ex
1384 4249 1593 4318 integro
1623 4247 1803 4303 carnei
1854 4252 1981 4299 sunt
2006 4255 2061 4299 et

484 4352 584 4406 toti
618 4347 889 4411 carnales,
937 4343 1029 4412 qui
1062 4344 1334 4412 deponere
1369 4339 1503 4395 nihil
1550 4345 1797 4409 possunt.
1835 4334 1892 4389 Si
1938 4338 2058 4404 quis

484 4456 614 4510 ergo
662 4441 828 4494 habet
871 4439 1088 4505 pinnas,
1141 4434 1337 4504 quibus
1383 4432 1450 4485 ad
1503 4431 1785 4501 superiora
1828 4428 2056 4491 nitatur,

2153 583 2395 650 quidem,
2425 582 2567 651 quod
2600 582 2952 637 rationabiles
2977 592 3031 635 et
3059 581 3274 636 imbuta:
3308 580 3474 649 228
3506 590 3633 634 sunt
3670 582 3735 636 li-

2156 674 2433 728 beralibus
2483 674 2760 736 institutis,
2820 674 2903 728 vel
2958 672 3377 727 rationabilibus
3412 672 3739 742 disciplinis,

2153 766 2395 821 volatilia
2423 767 2700 821 videntur.
2743 766 2952 836 Legunt
2996 768 3139 821 enim
3197 774 3253 818 et
3293 765 3599 833 requirunt,
3651 768 3737 821 vel

2154 857 2222 911 de
2269 857 2480 911 ratione
2510 857 2655 920 coeli,
2705 857 2790 912 vel
2839 859 3112 927 quomodo
3143 855 3373 911 mundus
3407 855 3501 910 Dei
3556 857 3739 925 provi-

2154 950 2337 1003 dentia
2362 948 2725 1018 gubernetur;
2758 949 3054 1004 secundum
3084 949 3199 1003 haec
3222 961 3350 1016 ergo
3374 947 3611 1001 volatilia
3641 965 3739 1002 no—

2154 1042 2449 1093 minantur.
2494 1038 2550 1094 Si
2579 1055 2710 1095 vero
2735 1040 3041 1107 lmiusmodi
3063 1038 3313 1093 homines
3343 1036 3527 1106 inique
3550 1048 3740 1108 agant,

2153 1142 2208 1186 et
2258 1141 2444 1185 contra
2498 1132 2668 1202 legem
2730 1130 2954 1197 faciant,
3007 1129 3267 1199 diripiant
3302 1128 3601 1198 proximos,
3657 1139 3737 1194 ut,

2152 1237 2274 1275 cum
2332 1222 2385 1275 in
2434 1222 2615 1275 verbis
2662 1236 2785 1276 esse
2834 1222 3081 1274 videatur
3118 1219 3351 1274 eruditio
3385 1220 3650 1286 ctelestis,
3683 1221 3734 1273 in

2153 1312 2370 1366 actibus
2402 1312 2643 1366 carnalia
2676 1323 2731 1366 et
2762 1321 2973 1365 mortua
3003 1326 3167 1380 opera
3201 1321 3412 1379 gerant,
3443 1319 3594 1366 recte
3624 1311 3741 1365 vul-

2156 1415 2304 1458 tures
2355 1402 2440 1457 vel
2473 1404 2668 1471 aquila:
2705 1403 2917 1458 dicendi
2967 1414 3115 1467 sunt,
3153 1417 3273 1471 quae
3314 1402 3381 1455 de
3412 1401 3643 1456 excelsis
3670 1403 3737 1457 ad

2153 1510 2346 1548 carnes
2382 1505 2621 1548 mortuas
2652 1510 2715 1548 ac
2764 1495 2982 1549 [ualidas
3011 1494 3360 1550 delabuntur.
3404 1494 3481 1546 Ad
3518 1494 3619 1547 hoc
3649 1509 3741 1548 re-

2153 1589 2371 1643 ferenda
2416 1597 2500 1642 est
2547 1598 2600 1643 et
2645 1588 2923 1657 accipitris
2976 1588 3264 1657 rapacitas,
3319 1597 3371 1640 et
3414 1595 3732 1640 cancrorum

2151 1682 2428 1745 Omnium;
2460 1697 2524 1735 ex
2558 1683 2776 1755 quibus,
2809 1682 3053 1752 quazdam
3084 1690 3208 1736 sunt
3242 1680 3474 1735 volatilia
3515 1680 3729 1748 rapaci-

2156 1774 2252 1827 tati
2281 1773 2572 1837 stridentia,
2621 1775 2866 1844 quaedam
2902 1789 3033 1829 vero
3062 1790 3165 1828 non
3206 1782 3312 1827 tam
3359 1772 3723 1841 rapacitatem,

2156 1882 2317 1937 quam
2365 1866 2755 1922 obscuritatem
2806 1877 2863 1922 et
2915 1868 3171 1922 tenebras
3206 1865 3464 1920 amantia.
3508 1862 3733 1918 «Omnis

2155 1959 2297 2012 enim
2346 1959 2435 2029 qui
2488 1959 2629 2012 male
2664 1960 2795 2030 agit,
2845 1959 2963 2013 odit
3008 1958 3206 2022 lucem,
3241 1966 3297 2012 et
3344 1971 3448 2011 non
3498 1955 3646 2009 venit
3673 1953 3742 2007 ad

2157 2049 2329 2106 lucem
2350 2051 2417 2115 '“,
2446 2070 2465 2103 ι
2500 2059 2555 2103 ιιι
2584 2061 2711 2104 sunt
2759 2060 2973 2105 noctua:
3001 2060 3057 2105 et
3088 2048 3524 2119 vespertiliones,
3550 2058 3605 2100 et
3638 2060 3745 2099 cae-

2158 2152 2271 2197 tera
2301 2159 2423 2213 qum
2454 2143 2539 2198 lex
2572 2144 2945 2213 pronuntiavit
2976 2143 3275 2199 innnunda.
3315 2142 3357 2194 Α
3393 2140 3593 2209 quibus
3622 2154 3743 2193 om-

2156 2234 2319 2289 nibus
2369 2234 2600 2304 spiritali
2638 2249 2739 2289 nos
2772 2233 3114 2289 observantia
3153 2232 3546 2296 custodientes,
3575 2238 3632 2284 et
3663 2228 3738 2283 ci-

2156 2327 2282 2380 bum
2330 2340 2393 2378 ex
2445 2325 2661 2379 mundis
2690 2322 3017 2379 animalibus
3064 2330 3405 2393 appetentes,
3440 2321 3605 2374 etiam
3638 2318 3737 2388 ipsi

2156 2420 2277 2486 puri
2322 2416 2622 2473 eﬂiciemur
2669 2426 2723 2471 et
2768 2415 2978 2481 mundi,
3019 2429 3116 2484 per
3141 2414 3412 2470 Christum
3450 2411 3737 2466 Dominum

2157 2521 2403 2565 nostrum
2454 2528 2467 2563 :
2523 2525 2623 2579 per
2673 2524 2831 2578 quem
2873 2517 2958 2563 est
3009 2508 3120 2563 Deo
3170 2506 3318 2561 l‘atri
3357 2520 3480 2559 cum
3531 2503 3739 2573 Spiritu

2157 2614 2349 2660 sancto
2397 2603 2566 2673 gloria
2598 2615 2654 2658 et
2700 2604 2989 2673 imperium
3036 2603 3093 2657 in
3143 2599 3338 2657 smcula
3393 2598 3736 2656 saeculorum.

2154 2702 2352 2754 Amen.

2724 2765 3004 2822 HOMILIA
3033 2763 3169 2819 Vill.

2156 2861 2233 2918 De
2258 2878 2317 2917 co
2339 2862 2479 2931 quod
2507 2862 2759 2929 scriptum
2786 2871 2862 2914 est
2882 2862 2929 2893 τ’
2955 2875 2972 2913 ;
3003 2877 3020 2910 ι
3045 2855 3240 2911 Mulier
3263 2868 3588 2931 quacunque
3610 2868 3735 2931 cort-

2226 2923 2419 3001 ceperit
2460 2923 2659 2993 sentes,
2699 2940 2747 2984 et
2797 2930 3051 2999 pepererit
3080 2923 3417 3001 masculum,
3464 2923 3734 3001 immunda

2226 2992 2323 3056 erit
2355 3012 2547 3067 septem
2592 2992 2835 3063 diebus)
2862 2992 2917 3053 ἐι
2961 3015 3024 3054 ue
3053 2995 3448 3053 dtversitatibus
3491 2992 3651 3061 lepra:
3674 3007 3735 3045 ac

2226 3071 2683 3139 puriﬁcationibus
2709 3070 2926 3139 leprosi.

2229 3165 2280 3219 1.
2324 3164 2588 3219 Medicum
2640 3162 2744 3216 dici
2795 3162 2846 3215 in
2876 3159 3173 3230 Scripluris
3205 3156 3405 3213 divinis
3444 3153 3731 3209 Dominum

2164 3265 2409 3311 nostrum
2437 3253 2620 3308 .lesum
2647 3252 2947 3317 Christum,
2981 3252 3144 3307 etiam
3176 3248 3346 3318 ipsius
3376 3244 3586 3300 Domini
3614 3260 3733 3301 scn-

2164 3347 2334 3402 teutia
2386 3346 2764 3414 perdocemur,
2837 3345 2978 3398 sicut
3029 3342 3160 3398 dicit
3208 3342 3262 3396 in
3318 3336 3626 3407 Evangeliis
3646 3331 3736 3389 "z

2168 3454 2188 3488 ι
2212 3434 2328 3491 Non
2364 3436 2607 3506 indigent
2653 3434 2772 3490 sani
2823 3435 3052 3499 medico,
3093 3432 3188 3487 sed
3212 3431 3303 3502 qui
3340 3429 3479 3484 male
3518 3426 3741 3481 habent.

2162 3526 2278 3581 Non
2304 3527 2449 3581 enim
2478 3526 2599 3581 veni
2625 3538 2825 3580 vocare
2844 3524 3041 3592 iustos,
3072 3522 3165 3577 sed
3195 3530 3506 3593 peccatores
3534 3520 3587 3573 in
3624 3531 3743 3588 po:-

2163 3618 2516 3673 nitentium.)
2583 3616 2774 3673 Omnis
2825 3626 3003 3670 autem
3053 3615 3294 3671 medicus
3339 3629 3405 3669 ex
3447 3612 3739 3668 herbarum

2161 3709 2342 3763 succis
2376 3706 2458 3762 vel
2510 3707 2790 3772 arborum,
2828 3706 2913 3760 vel
2960 3706 3125 3760 etiam
3171 3705 3510 3760 metallorum
3563 3703 3736 3769 venis,

2162 3800 2249 3853 vel
2297 3800 2656 3854 animantium
2687 3797 2917 3855 naturis.
2970 3798 3249 3867 profutura
3284 3794 3599 3866 corporibus
3627 3809 3739 3848 me-

2162 3892 2465 3947 dicamenta
2494 3891 2792 3959 componit.
2838 3890 2943 3945 Sed
2976 3890 3172 3944 herbas
3204 3890 3334 3945 istas
3361 3889 3408 3943 si
3441 3889 3563 3959 quis
3604 3888 3742 3941 forte

2162 3994 2455 4052 antequam
2505 3998 2602 4053 pro
2638 3984 2847 4038 ratione
2891 3982 3025 4038 artis
3056 3991 3451 4051 componantur
3487 3980 3737 4051 aspiciat,

2161 4076 2424 4143 siquidem
2479 4075 2530 4128 in
2562 4074 2730 4145 agris,
2764 4084 2858 4127 aut
2894 4075 3194 4135 montibus,
3232 4075 3379 4127 velut
3422 4072 3603 4127 fenum
3636 4070 3742 4123 vile

2161 4167 2445 4222 concaleat
2490 4179 2545 4231 et
2600 4167 2859 4235 praeterit.
2922 4166 2980 4220 Si
3036 4181 3164 4221 vero
3213 4180 3306 4220 eas
3353 4165 3493 4219 intra
3546 4162 3739 4217 medici

2160 4257 2405 4313 scholam
2439 4257 2735 4326 dispositas
2766 4268 2862 4325 per
2892 4256 3141 4311 ordinem
3177 4256 3399 4321 viderit,
3452 4253 3578 4309 licet
3608 4252 3739 4307 odo-

2163 4364 2276 4404 rem
2325 4349 2561 4415 tristem,
2614 4348 2811 4402 fortem
2848 4356 2897 4402 et
2943 4357 3218 4404 austerum
3250 4346 3511 4427 reddant,
3561 4354 3739 4397 tamen

2160 4442 2528 4511 suspicabitur
2550 4455 2644 4496 eas
2670 4455 2813 4495 curae
2843 4440 2928 4495 vel
2954 4440 3173 4495 remedii
3206 4440 3407 4510 aliqttid
3435 4438 3741 4502 continere,

484 4534 717 4587 mundus
747 4540 852 4587 est.
891 4529 991 4596 Qui
1026 4542 1151 4581 vero
1178 4542 1283 4580 non
1316 4524 1476 4578 habet
1506 4524 1723 4590 pinnas,
1763 4521 1854 4575 sed
1888 4521 1941 4573 in
1978 4519 2055 4572 in-

2162 4534 2371 4588 etiamsi
2410 4533 2644 4587 nondum
2678 4546 2818 4599 quae,
2852 4531 2936 4584 Vel
2965 4531 3139 4601 qualis
3166 4532 3235 4585 sit
3282 4530 3533 4585 sanitatis
3562 4542 3625 4583 ac
3659 4539 3742 4579 rc-

485 4629 774 4685 l'erioribus
821 4633 1120 4698 permanet,
1176 4632 1229 4676 et
1260 4622 1312 4675 in
1362 4635 1520 4675 ραδηο
1551 4634 1765 4688 semper
1788 4627 2053 4683 versatur,

485 4725 794 4783 immundus
844 4732 948 4778 est.
994 4716 1259 4773 Similiter
1304 4726 1483 4769 autem
1527 4714 1591 4768 de
1638 4713 1823 4767 avihzis
1894 4710 2055 4764 «Non

485 4817 860 4879 inanducabis,
914 4814 1088 4881 inquit
1133 4812 1202 4877 "°,
1247 4813 1380 4872 haec,
1420 4808 1545 4877 quia
1581 4805 1853 4861 immunda
1895 4814 2055 4868 sunt;

484 4913 747 4982 aquilam,
800 4918 856 4963 et
888 4908 1177 4970 vulturem,
1203 4922 1221 4955 ι
1262 4913 1315 4958 et
1344 4912 1541 4956 caetera
1591 4901 1675 4953 his
1703 4898 1923 4952 similia.
1964 4897 2059 4951 llis

485 5004 686 5059 etenim
713 5000 903 5055 avibus
935 5012 1151 5065 semper
1199 5002 1533 5050 mortuorum
1587 5004 1869 5059 corporum
1908 4989 2061 5043 cibus

487 5105 591 5155 est,
623 5103 679 5146 et
708 5107 773 5144 ex
810 5090 1037 5145 mortuis
1072 5084 1428 5142 cadaveribus
1460 5084 1665 5136 vivunt.
1702 5080 1907 5136 'O.nnes
1933 5096 2062 5150 ergo

490 5185 574 5250 qui
612 5182 915 5248 huiusmodi
947 5182 1112 5235 vitam
1151 5189 1341 5249 gerunt
1374 5176 1629 5231 immundi
1660 5174 1886 5228 habendi
1916 5184 2059 5228 sunt.

491 5276 602 5344 Ego
632 5284 759 5343 puto
807 5284 863 5328 et
890 5274 1007 5330 illos
1043 5274 1094 5326 in
1152 5273 1235 5325 his
1268 5269 1556 5330 nominari,
1610 5268 1699 5335 qui
1752 5265 1942 5320 alienis
1981 5266 2062 5318 in-

489 5368 694 5422 cubant
746 5367 1013 5421 mortibus
1047 5376 1100 5418 et
1152 5375 1267 5417 arte
1297 5366 1528 5432 quadam
1561 5362 1639 5415 vel
1676 5359 1866 5413 fraude
1898 5367 2064 5412 testa-

491 5470 673 5515 menta
714 5458 1030 5528 subjiciunt.
1074 5457 1390 5525 Huiusmodi
1420 5454 1561 5508 cnim
1593 5453 1857 5519 homines,
1888 5452 2065 5504 vultu-

493 5563 579 5601 res
602 5556 656 5601 et
685 5548 877 5618 aquilae
906 5546 1102 5602 merito
1149 5546 1509 5615 appellantur,
1538 5544 1686 5596 velut
1730 5552 2062 5595 mortuorum

490 5643 844 5696 cadaveribus
896 5641 1189 5694 inhiantes.
1246 5637 1372 5692 Scio
1419 5647 1473 5691 et
1506 5636 1609 5689 alia
1658 5634 1916 5696 volatilia,
1946 5648 2067 5702 qua:

563 5802 609 5833 '°
633 5799 805 5854 Levit.
846 5816 917 5863 ιι,
952 5801 1037 5853 15.
1112 5797 1560 5862 ⁷¹1υειη.ιιι,20.

1638 5798 1680 5827 τ’
1706 5796 1879 5851 Levit.
1910 5812 1983 5850 xu
2011 5805 2062 5851 et
2090 5814 2208 5853 xm.

2165 4626 2327 4681 medii
2361 4625 2552 4689 virtus,
2589 4625 2891 4694 agnoverit.
2956 4620 3082 4678 llmc
3116 4622 3182 4678 de
3217 4621 3597 4677 communibus
3630 4630 3741 4670 mes

2166 4721 2302 4775 dicis
2338 4719 2590 4772 diximus.
2646 4715 2781 4770 Veni
2815 4732 2957 4770 nunc
2998 4716 3064 4769 ad
3099 4713 3282 4768 Jesum
3321 4713 3594 4767 cmlestem
3632 4724 3743 4764 me—

2166 4814 2368 4879 dicum,
2399 4811 2537 4865 intra
2572 4811 2637 4864 ad
2671 4811 2812 4865 hanc
2842 4811 3131 4864 stationem
3164 4807 3445 4866 medicinae
3492 4804 3607 4873 eius
3634 4803 3741 4858 Ec-

2168 4904 2408 4972 clesiam,
2444 4905 2564 4959 vide
2596 4903 2667 4958 ibi
2710 4904 3074 4971 languentium
3099 4902 3284 4970 iacere
3317 4900 3741 4954 ntultitudinem.

2171 4996 2331 5052 Venit
2364 4998 2578 5063 mulier,
2626 5013 2744 5067 qua:
2794 5013 2858 5052 ex
2886 5008 3038 5068 partu
3091 4997 3365 5051 immunda
3411 4992 3600 5046 eﬂ‘ecta
3637 5000 3743 5052 est,

2170 5089 2322 5142 venit
2370 5089 2635 5159 leprosus,
2688 5092 2778 5159 qui
2810 5104 2959 5143 emra
3011 5099 3188 5145 castra
3227 5096 3506 5157 separatus
3531 5092 3614 5137 est
3646 5097 3743 5151 pro

2171 5178 2510 5233 immunditia
2564 5181 2749 5249 leprm,
2800 5187 3055 5249 quaerunt
3099 5194 3128 5233 a
3185 5179 3395 5231 medico
3443 5174 3741 5228 remedium

2170 5271 2442 5335 quomodo
2493 5283 2775 5335 sanentur,
2820 5270 3093 5342 quomodo
3134 5268 3494 5331 mandentur;
3527 5274 3579 5319 el
3619 5263 3745 5334 quia

2168 5358 2324 5416 Jesus
2356 5364 2441 5416 hic
2490 5366 2580 5433 qui
2618 5366 2856 5420 medicus
2887 5366 3108 5433 est,ipse
3142 5372 3223 5417 est
3268 5371 3323 5415 et
3358 5359 3593 5413 Verbum
3626 5356 3742 5421 Dei,
3788 5356 3793 5359 ⁷

2169 5454 2328 5523 aegris
2360 5456 2472 5509 suis
2499 5471 2605 5510 non
2654 5458 2945 5512 herbarum
2974 5456 3175 5521 succis,
3207 5454 3301 5508 sed
3332 5454 3621 5507 verborum
3653 5462 3739 5502 sa-

2171 5547 2468 5601 cramentis
2516 5550 2904 5603 medicamenta
2953 5548 3247 5617 conquirit.
3290 5546 3422 5612 Quae
3448 5544 3743 5597 verborum

2173 5637 2567 5693 medicamenta
2606 5641 2652 5695 si
2707 5641 2829 5709 quis
2884 5640 3139 5695 incultius
3168 5654 3263 5709 per
3294 5638 3461 5693 libros
3489 5646 3744 5703 tauquam

2284 5796 2330 5828 ’⁷³
2355 5795 2544 5851 Matth.
2578 5812 2646 5858 ix,
2682 5794 2883 5861 12,1⁴Ξ.
