4090 6200
354 364 459 419 493

1519 356 1581 411 ΙΝ
1625 353 2000 413 LEVITICIIM
2042 353 2322 411 llOMlLIA
2362 357 2493 413 Vlll.

3523 362 3616 413 illi

354 491 453 546 per
498 489 658 546 agros
689 474 870 530 videat
899 487 1021 530 esse
1065 474 1337 544 dispersa,
1400 477 1657 545 ignorans
1702 476 1942 546 singulo-
1974 480 2016 535 A
2056 498 2074 529 ι
2110 473 2208 534 Ubi
2238 490 2418 534 autem
2457 476 2602 534 venit
2634 476 2911 546 plenitudo
2938 485 3262 546 temporum,
3298 476 3440 530 misit
3482 478 3620 528 Dens

354 582 473 621 rum
502 567 771 621 dictorum
805 565 1080 630 virtutem,
1112 574 1169 619 ut
1203 566 1326 620 vilia
1366 567 1480 621 lucc
1506 577 1561 621 et
1598 567 1802 621 nullum
1825 582 1941 621 ser-

355 659 534 712 monis
590 656 793 713 cultum
849 656 1129 721 habentia,
1181 658 1503 726 praeteribit.
1567 658 1669 724 Qui
1713 673 1842 712 vero
1873 674 1938 713 ex

354 749 539 818 aliqua
562 758 719 817 parte
740 748 995 802 didicerit
1022 749 1328 803 animarum
1352 751 1491 818 apud
1518 749 1791 804 Christum
1819 761 1941 804 esse

354 846 702 908 medicinam,
758 843 1015 913 intelliget
1063 842 1308 911 profecto
1352 856 1419 896 ex
1457 843 1541 897 his
1575 842 1730 901 libris
1759 843 1852 912 qui
1886 845 1936 897 in

353 936 604 993 Ecclesia
642 936 962 1000 recitantur,
998 943 1255 1004 tanquam
1287 948 1351 989 ex
1379 934 1526 1001 agris
1552 944 1607 989 et
1636 933 1935 999 montibus,

350 1028 633 1083 salutares
685 1027 883 1082 herbas
931 1040 1206 1081 assumere
1238 1025 1932 1094 unumquemque'debere,

350 1134 672 1178 sermonum
710 1118 976 1174 duntaxat
1007 1118 1114 1171 vim
1143 1133 1159 1183 ;
1215 1124 1273 1172 ut
1302 1117 1347 1172 si
1377 1117 1497 1185 quis
1528 1116 1599 1171 illi
1629 1116 1739 1189 (Il)
1767 1128 1848 1173 est
1880 1118 1934 1173 in

350 1214 540 1269 anima
585 1210 830 1281 languor,
862 1224 969 1264 non
1023 1218 1133 1263 tam
1169 1209 1460 1265 exterioris
1494 1208 1702 1265 frondis
1730 1218 1931 1265 etcur-

350 1306 477 1361 ticis
506 1317 670 1374 quam
718 1300 865 1356 succi
913 1300 1193 1356 interioris
1231 1300 1422 1357 hausta
1453 1301 1653 1355 virtute
1682 1310 1930 1356 sanetur.

349 1397 644 1451 Videamus
675 1410 808 1467 ergo
836 1396 1119 1448 adversum
1169 1391 1570 1447 immunditiam
1618 1401 1829 1460 partus,
1880 1403 1935 1448 et

347 1489 730 1558 contagionem
781 1486 963 1554 leprae,
1015 1498 1254 1554 prmscns
1310 1484 1427 1538 haec
1476 1484 1634 1538 lectio
1665 1500 1827 1552 quam
1857 1486 1933 1540 di-

346 1594 528 1644 versa,
576 1586 633 1633 et
670 1591 831 1647 quam
866 1575 1018 1630 varia
1049 1573 1491 1643 puriﬁcationum
1530 1574 1923 1632 medicamenta

347 1672 630 1727 conﬁciat.
1074 1686 1077 1689 π

416 1763 473 1817 9..
523 1781 543 1815 ι
580 1762 645 1817 Ει
674 1761 881 1817 locutus
932 1768 1031 1824 est,
1063 1759 1329 1830 inquit",
1376 1760 1632 1816 Dominus
1658 1762 1723 1815 ad
1775 1761 1928 1833 Moy-

2050 571 2245 626 Filiuul
2273 587 2455 634 suum,
2482 568 2683 625 factum
2719 586 2784 625 ex
2824 569 3069 633 muliere,
3104 570 3305 623 factum
3334 571 3434 621 sub
3480 570 3617 637 lugu,

2049 666 2107 709 ut
2130 672 2229 712 eos
2261 658 2352 726 qui
2381 658 2482 712 sub
2514 656 2631 727 lege
2656 668 2817 712 erant
2877 658 3206 722 redimeret;
3252 676 3270 707 ι
3327 660 3620 727 responde-

2046 748 2228 803 bimus
2261 748 2334 813 ei,
2368 749 2495 817 quia
2535 748 2587 802 in
2616 749 2716 802 huc
2743 748 3038 817 Apostolus
3075 748 3353 805 mulierem
3385 766 3489 804 non
3519 766 3620 819 pro

2046 839 2352 908 corruptela
2383 839 2747 907 integritatis,
2774 839 2867 894 sed
2899 854 2996 906 pro
3053 856 3213 894 sexus
3267 841 3468 895 indicio
3522 858 3620 897 no-

2045 933 2306 998 minavit;
2329 943 2389 987 ut
2417 930 2541 1002 quia
2579 931 2799 986 dicebat
2834 932 3030 986 Filium
3060 933 3150 988 Dei
3186 933 3617 998 missnm,simul

2043 1036 2096 1081 et
2128 1025 2257 1080 illud
2293 1025 2436 1094 quod
2470 1024 2749 1079 communi
2784 1024 3029 1080 omnium
3057 1026 3307 1094 ingressu
3359 1024 3415 1079 in
3475 1029 3618 1083 hunc

2044 1119 2301 1170 mundum
2335 1115 2447 1185 (ὶῦ)
2475 1115 2736 1180 venisset,
2764 1124 3083 1184 exponeret.
3102 1117 3195 1172 Est
3217 1134 3378 1185 porro
3407 1131 3461 1174 et
3482 1132 3619 1175 aeta~

2045 1208 2113 1262 tis
2141 1208 2282 1262 istud
2314 1208 2667 1273 vocabulum,
2718 1208 2837 1277 ejus
2880 1207 3134 1273 scilicet,
3188 1226 3294 1278 qua
3358 1210 3621 1269 icitiinino

2039 1299 2194 1353 sexui
2230 1301 2295 1353 de
2318 1300 2475 1353 annis
2511 1298 2813 1368 pubertatis
2838 1301 3141 1365 exeeditur,
3176 1310 3231 1356 et
3264 1302 3329 1355 ad
3376 1303 3428 1357 id
3480 1313 3618 1359 tem-

2040 1405 2160 1458 pus,
2190 1405 2297 1459 quo
2327 1392 2522 1446 habilis
2554 1390 2673 1445 viro
2702 1389 2953 1447 videatur
2983 1409 3126 1455 esse.
3167 1396 3433 1450 transitur
3479 1397 3615 1465 (ιϐ).

2040 1481 2192 1536 Sicut
2215 1492 2267 1537 et
2303 1487 2615 1542 econtrario
2645 1488 2728 1541 vir
2757 1488 3064 1556 appellatur
3087 1489 3129 1542 is
3169 1489 3259 1557 qui
3296 1489 3615 1543 adolescent-

2041 1575 2127 1630 tize
2153 1585 2366 1643 tempus
2393 1581 2713 1645 excesserit,
2742 1581 2960 1635 etiamsi
2988 1596 3213 1635 uxorem
3248 1581 3484 1636 nondum
3524 1584 3620 1636 ha-

2037 1666 2181 1733 beat,
2212 1666 2367 1734 cujus
2395 1669 2481 1722 vir
2510 1685 2630 1725 esse
2660 1671 2909 1736 dicatur;
2967 1688 3076 1741 quo
3108 1672 3327 1727 nomine
3352 1673 3617 1743 appellari

2036 1757 2208 1812 solent
2241 1760 2402 1814 etiam
2438 1761 2513 1826 hi,
2539 1777 2673 1831 quos
2700 1762 2949 1818 femineae
2996 1764 3342 1818 admistionis
3407 1767 3617 1819 macqu

346 1870 444 1910 seu
472 1855 658 1909 dicens
691 1871 706 1907 :
736 1853 982 1922 Loquere
1027 1851 1153 1906 ﬁliis
1199 1849 1382 1917 Israel,
1434 1861 1491 1907 et
1521 1852 1668 1907 dices
1694 1852 1759 1907 ad
1788 1867 1926 1908 eos:
1964 1833 2006 1893 Β
2038 1851 2185 1905 nulla
2224 1854 2566 1924 perstringit.
2607 1855 2663 1910 Si
2719 1870 2850 1926 ergo
2920 1865 3069 1912 recte
3120 1857 3320 1912 dicitur
3379 1859 3461 1912 vir
3520 1875 3618 1928 pro

346 1946 543 2000 Mulier
573 1958 908 2016 quaecunque
959 1944 1271 2014 conceperit
1318 1958 1529 2010 semen,
1566 1954 1619 1999 et
1662 1945 1932 2014 pepererit

346 2039 674 2104 masculum,
714 2036 991 2091 immunda
1020 2038 1126 2092 erit
1153 2045 1359 2107 septem
1390 2037 1600 2092 diebus.
1632 2056 1651 2090 ι

342 2131 647 2203 Παρέλκειν
681 2128 791 2201 (1‘2)
824 2128 964 2193 δόξει
996 2129 1056 2181 τό
1084 2144 1098 2159 ·
1171 2127 1212 2198 ‘j'
1275 2127 1462 2183 Primo
1522 2127 1931 2184 consideremus

348 2248 367 2281 ι
429 2226 557 2281 Ἐὰν
603 2224 1026 2297 σπερματισθῇ,
1078 2241 1098 2276 s
1174 2226 1472 2279 secundum
1515 2223 1823 2288 historiam,
1882 2224 1928 2280 si

344 2318 783 2389 προτασσόμενθν
810 2315 903 2368 τοῦ
923 2333 971 2365 ἰ
993 2316 1104 2369 Καὶ
1174 2331 1280 2372 non
1311 2317 1522 2372 videtur
1556 2317 1709 2385 quasi
1742 2329 1807 2371 ex
1838 2332 1931 2372 su-

339 2412 476 2485 τέκῃ
510 2413 694 2481 ἄρσεν.
723 2428 741 2461 ι
805 2410 945 2463 Ἀλλ’
979 2410 1101 2479 ὲφί-
1175 2406 1376 2475 petlluo
1415 2406 1653 2461 additum
1690 2425 1708 2459 ε
1739 2407 1931 2462 mulier

344 2522 510 2575 στημι
545 2506 752 2575 μήπατε
780 2504 865 2556 ἵνα
893 2520 1105 2574 προφη-
1174 2513 1293 2567 qua:
1376 2498 1677 2567 susceperit
1741 2512 1926 2554 semen

342 2599 511 2661 τικῶς
558 2600 595 2668 ἠ
646 2597 836 2669 Μαρία
890 2597 991 2649 οὐκ
1039 2597 1103 2649 ἐκ
1173 2590 1309 2661 (15),
1334 2600 1387 2644 et
1409 2592 1679 2660 pepererit
1710 2607 1928 2647 mascu-

342 2692 433 2747 τοῦ
454 2690 1103 2763 ἐσπερματίσθαιτεκοῢ·
1176 2684 1307 2747 lum,
1334 2703 1353 2736 ι
1395 2686 1554 2755 quasi
1608 2685 1778 2755 possit
1824 2684 1928 2739 ali-

346 2806 412 2841 σα
444 2789 634 2859 ἄρσεν,
668 2789 741 2859 μὴ
780 2786 1007 2859 νομισθῇ
1036 2787 1099 2841 ἀ.
1170 2787 1251 2833 ter
1274 2777 1570 2833 masculum
1592 2792 1804 2847 parere,
1825 2779 1926 2834 nisi

342 2881 617 2956 κάθαρτος
665 2878 799 2935 εἶναι
838 2898 1097 2952 γεγεννη-
1171 2871 1378 2925 semine
1446 2878 1732 2940 concepto.
1820 2870 1927 2926 Sed

342 2979 471 3031 κυῖα
494 2974 585 3029 τὸν
611 2975 855 3046 Σωτῆρα,
884 2974 1098 3046 εἴρηται
1171 2981 1275 3018 non
1298 2978 1364 3018 ex
1396 2963 1666 3033 superﬂuo
1690 2964 1924 3020 additur.

340 3072 463 3125 ὅλον
511 3068 685 3122 τοῦτο.
750 3067 997 3121 Ἐδύνατο
1045 3066 1101 3119 δὲ
1170 3057 1251 3110 Ad
1283 3057 1665 3111 discretionem
1696 3071 1928 3126 namque

339 3163 436 3217 καὶ
456 3162 532 3234 μὴ
550 3160 944 3231 προσκειμένου
965 3157 1059 3212 τοῦ
1080 3175 1094 3189 ’

345 3276 363 3307 ‹
396 3257 492 3310 ἑὰν
523 3252 920 3325 σπερματισθῇ,
953 3272 971 3303 s
1014 3270 1096 3306 νο-

340 3344 520 3397 εῖσθαι
572 3342 646 3413 μὴ
686 3337 817 3393 οὖσα
857 3340 1099 3412 ἀκάθαρ-

336 3452 430 3499 τος
470 3436 505 3505 ἡ
538 3432 745 3504 Μαρία.
798 3433 871 3486 Οὐ
899 3431 1007 3504 γὰρ
1038 3434 1095 3486 ἁ-

336 3530 490 3593 πὶῶς
512 3524 581 3600 ἦν
609 3526 763 3598 γυνὴ,
794 3527 927 3582 ἀλλὰ
957 3543 1098 3599 παρ-
1172 3532 1258 3577 tor
1290 3523 1488 3594 adjecit
1525 3541 1538 3578 :
1577 3532 1636 3578 ut
1663 3539 1768 3579 non
1803 3537 1924 3580 om-

337 3623 510 3685 οένος.
1168 3634 1290 3674 nem
1328 3618 1607 3673 mulierem
1654 3633 1775 3689 quae
1822 3634 1921 3691 pe-

341 3714 594 3783 perisset,
628 3710 936 3781 designaret
958 3709 1311 3773 immundam,
1345 3709 1437 3763 sed
1452 3722 1572 3763 eam
1591 3723 1712 3778 qua:
1728 3724 1923 3765 conce-

338 3816 432 3873 pto
463 3803 671 3859 semine
699 3802 1019 3873 peperisset.
1077 3800 1214 3855 Addi
1247 3815 1464 3871 quoque
1513 3801 1580 3855 ad
1622 3801 1724 3856 hoc
1750 3803 1919 3857 etiam

338 3896 471 3949 illud
500 3904 697 3964 potest,
732 3894 872 3964 quod
901 3893 987 3947 lex
1019 3892 1145 3957 ista,
1171 3906 1291 3962 quae
1313 3891 1378 3945 de
1404 3891 1747 3947 immunditia
1778 3893 1917 3947 scri-

343 3989 511 4049 hitur,
540 3986 606 4039 ad
636 3984 893 4041 mulieres
919 3983 1083 4053 229
1114 3983 1367 4051 pertinet.
1429 3980 1502 4036 De
1534 3981 1700 4038 Maria
1733 3994 1913 4039 autem

336 4080 571 4143 dicitur,
623 4076 748 4148 quia
798 4077 950 4149 virgo
999 4076 1283 4146 concepit,
1339 4085 1394 4131 et
1438 4075 1669 4146 peperit.
1722 4074 1921 4130 Ferant

337 4188 468 4245 ergo
521 4172 655 4244 legis
705 4186 871 4227 onera
924 4170 1209 4235 mulieres,
1266 4167 1505 4238 virgines
1553 4182 1683 4221 vero
1728 4165 1920 4221 abhis

338 4267 648 4321 habeantur
699 4265 989 4319 immunes.
1038 4260 1147 4317 Sed
1200 4260 1242 4314 si
1300 4259 1459 4314 nobis
1496 4258 1689 4329 aliquis
1725 4273 1921 4313 occur-

338 4369 423 4413 rat
478 4368 735 4429 argutus,
795 4365 851 4411 et
904 4354 1049 4409 dicat
1097 4352 1223 4424 quia
1286 4360 1342 4407 et
1398 4350 1560 4404 Maria
1617 4350 1812 4404 mulier
1865 4349 1920 4403 in

339 4449 643 4521 Scripturis
678 4448 992 4504 nominatur
1024 4464 1037 4501 :
1068 4445 1146 4501 sic
1176 4443 1321 4501 enim
1359 4442 1488 4498 dicit
1520 4441 1813 4508 Apostolus
1833 4442 1917 4493 πε

976 4554 1125 4611 Vers.
1150 4573 1272 4610 nov.

400 4620 582 4697 Illud,
608 4641 628 4673 ι
658 4620 716 4677 Si
744 4554 1293 4697 fonceipexiirsseiig‘ii,
1329 4645 1346 4677 ι
1395 4628 1537 4695 quod
1575 4633 1904 4697 praeponitur

332 4690 412 4742 his
444 4694 608 4746 verbis
641 4707 660 4744 :
686 4693 803 4762 «ει
836 4690 1090 4762 pepererit
1121 4690 1434 4761 masculum,
1464 4718 1479 4746 ι
1508 4690 1766 4752 uidebiiur
1796 4719 1905 4756 esse

330 4763 670 4834 superﬂuunt.
702 4761 804 4817 Sed
834 4761 949 4818 vide
965 4782 1025 4818 ne
1051 4767 1186 4834 forte
1217 4767 1428 4819 omnino
1447 4767 1557 4821 [nec
1583 4770 1739 4822 simul
1765 4772 1909 4825 dicta

329 4831 456 4898 sint,
488 4849 550 4885 ne
575 4832 753 4887 Maria
780 4850 896 4903 (μιαν
922 4831 1081 4904 juxlo
1124 4836 1399 4904 prophetas
1431 4839 1625 4892 semine
1650 4856 1754 4893 non
1811 4859 1908 4896 su—

1170 3244 1421 3313 concepit
1438 3253 1492 3299 et
1509 3243 1738 3315 peperit,
1764 3243 1923 3298 istum

1171 3355 1473 3394 sermonem
1539 3355 1638 3408 pro
1712 3339 1927 3394 cmteris

1172 3430 1284 3502 (Μ)
1334 3433 1658 3487 mulieribus
1707 3432 1925 3501 legisla-

399 5038 448 5071 "‘
469 5038 637 5096 Levit.
663 5056 760 5107 xu,
780 5041 831 5096 2,
942 5044 987 5076 ⁷⁵
1011 5041 1193 5101 Galat.
1242 5060 1315 5114 tv,
1350 5046 1407 5101 4.

376 5157 511 5229 ’(11)
546 5156 729 5229 ῼοὸει
766 5157 1076 5228 Sangerm.,
1107 5177 1127 5210 ι
1150 5158 1247 5215 illi.
1270 5180 1287 5213 ι
1322 5160 1481 5215 Libh:
1507 5162 1659 5227 editi,
1696 5181 1715 5213 ι
1740 5162 1850 5217 ille.
1877 5181 1895 5214 ι

391 5226 508 5297 (12)
541 5226 725 5309 Graeca
774 5226 966 5284 haec—in
993 5230 1254 5300 omnibus
1284 5230 1399 5286 fere
1441 5226 1666 5287 Catenis
1695 5232 1902 5289 Graecis

330 5313 460 5351 mss.
494 5311 856 5353 reuertuntur.

394 5366 507 5440 (13)
540 5366 740 5440 Codex.
768 5369 1079 5440 Sangerm.,
1116 5388 1135 5421 ι
1170 5384 1288 5437 qua:
1308 5370 1612 5440 susceperit
1640 5385 1849 5427 semen.
1875 5390 1894 5424 ο

327 5431 497 5508 Libb.:
515 5436 668 5508 editi,
707 5455 726 5489 ι
749 5454 868 5508 qua:
883 5431 1207 5508 'conceperi't
1233 5456 1437 5495 semen.
1464 5431 1482 5492 ἰ

394 5506 509 5579 (μ)
529 5505 709 5561 Codex
735 5505 1092 5579 Sangerm.el
1120 5508 1231 5573 alii,
1261 5527 1281 5561 ‹
1306 5526 1402 5579 pro
1424 5511 1658 5566 castoris.
1682 5530 1699 5563 ι
1730 5511 1889 5567 Libb.

330 5577 662 5645 editi,’spr:e
707 5581 941 5633 ueteris.
964 5598 997 5630 ιλ
1030 5578 1169 5632 lnl‘ra
1204 5577 1341 5635 idem
1373 5597 1503 5642 ms.,
1554 5599 1573 5632 ε
1604 5582 1670 5636 ad
1702 5583 1893 5635 mulie-

333 5661 411 5698 res
461 5648 716 5717 pertinet.
746 5667 765 5701 ι
828 5649 987 5705 Libb.
1026 5649 1182 5717 editi,
1234 5652 1340 5706 «ad
1389 5653 1673 5709 mulierem
1720 5652 1891 5721 perti-

330 5726 433 5769 net.
458 5735 479 5769 s

396 5786 507 5847 (IS)
529 5785 675 5844 Libri
699 5799 857 5845 antea
881 5790 1033 5856 editi,
1072 5807 1089 5842 ‹
1122 5791 1243 5859 quia
1302 5807 1399 5861 pro
1450 5774 1724 5849 communi
1774 5808 1889 5848 om-

1173 3147 1336 3214 illius,
1393 3163 1512 3217 qua:
1562 3149 1679 3202 siue
1722 3149 1995 3243 semineC

1504 5046 1550 5077 ⁷⁸
1578 5046 1801 5113 Genes.,
1849 5066 1996 5115 utv,
2033 5051 2084 5107 5.

2032 1944 2146 1998 sola
2182 1946 2322 2000 virili
2357 1956 2516 2002 aetate
2550 1949 2684 2017 (l7),
2721 1949 2885 2003 etiam
2933 1950 2979 2004 is
3041 1951 3132 2019 qui
3169 1951 3368 2007 nullius
3409 1952 3617 2006 admis-

2037 2036 2235 2091 tionem
2279 2036 2493 2093 leminte
2523 2040 2740 2094 noverit
2769 2056 2783 2093 :
2822 2042 3093 2109 quomodo
3120 2059 3225 2096 non
3258 2044 3447 2099 eadem
3480 2060 3614 2099 con-

2033 2128 2316 2197 sequentia
2344 2129 2511 2184 etiam
2554 2130 2709 2201 virgo
2736 2147 2859 2202 qua:
2922 2134 3245 2189 intemerata
3296 2138 3614 2204 permansit,

2034 2232 2131 2285 pro
2160 2218 2271 2273 sola
2313 2221 2489 2275 tetatis
2522 2222 2838 2277 maturitate
2870 2224 3065 2278 mulier
3124 2226 3614 2297 nominatur(l8)?

2035 2307 2280 2377 Denique
2305 2319 2359 2364 et
2398 2312 2674 2368 Abraham
2711 2330 2833 2369 cum
2882 2330 3110 2385 puerum
3163 2320 3403 2372 mitteret
3446 2319 3617 2373 Meso-

2035 2401 2329 2466 potamiam
2380 2403 2435 2455 in
2501 2405 2721 2459 domum
2752 2405 3036 2464 Bathuelis
3086 2419 3145 2463 ut
3176 2411 3297 2465 inde
3345 2413 3617 2480 acciperet

2034 2491 2182 2546 Isaac
2208 2492 2320 2548 ﬁlio
2352 2508 2451 2549 suo
2478 2510 2725 2564 uxorem,
2769 2508 2823 2553 et
2862 2513 2996 2567 puer
3021 2502 3295 2557 curiosius
3326 2514 3616 2573 perconta-

2035 2592 2208 2649 retur,
2244 2584 2318 2639 ait
2347 2587 2414 2640 ad
2442 2602 2567 2641 eum
2594 2588 2639 2619 ⁷⁸
2671 2604 2687 2642 :
2746 2607 2766 2640 ι
2811 2590 2964 2658 Quod
3026 2593 3072 2647 si
3127 2593 3365 2649 noluerit
3423 2596 3618 2649 mulier

2033 2673 2187 2742 sequi
2219 2689 2325 2742 me,
2354 2678 2612 2732 reducam
2670 2678 2840 2734 ﬁlium
2904 2690 3051 2736 tuum
3117 2683 3336 2740 illuc?»
3395 2696 3451 2741 et
3509 2703 3613 2742 nou

2031 2763 2187 2831 dixit,
2224 2766 2367 2835 quod
2404 2767 2449 2822 si
2481 2768 2717 2824 uoluerit
2749 2771 2904 2842 virgo
2938 2775 3089 2843 sequi
3149 2790 3255 2830 me.
3312 2776 3437 2832 Ha'c
3482 2793 3616 2846 ergo

2032 2854 2175 2910 dicta
2206 2857 2317 2912 sint
2342 2860 2498 2914 nobis
2531 2862 2598 2915 de
2629 2876 2695 2916 eo
2720 2865 2864 2932 quod
2892 2866 3303 2921 observavimus
3324 2869 3612 2937 scriptum,

2032 2948 2159 3017 quia
2203 2964 2310 3005 non
2347 2952 2625 3022 superﬂuo
2684 2956 2893 3012 addidit
2940 2958 3310 3028 legislatur",
3365 2980 3383 3014 ι
3420 2963 3615 3019 mulier

2031 3042 2075 3097 si
2127 3045 2444 3115 conceperit
2499 3061 2727 3112 semen,
2772 3059 2827 3105 et
2876 3053 3149 3121 pepererit
3194 3054 3395 3119 tilium;
3441 3075 3460 3107 ι
3518 3059 3612 3112 sed

2031 3150 2153 3192 esse
2183 3140 2569 3208 exceptionem
2598 3142 2909 3212 mysticam,
2939 3159 3061 3213 quae
3098 3145 3270 3201 solam
3324 3146 3551 3204 Mariam
3580 3167 3611 3204 a

2031 3226 2256 3296 reliquis
2301 3230 2622 3286 mulieribus
2675 3244 3009 3304 segregaret,
3062 3234 3217 3305 cujus
3270 3248 3459 3307 partus
3505 3256 3609 3294 non

2027 3332 2093 3371 ex
2118 3321 2475 3389 conceptione
2520 3324 2784 3389 seminis,
2820 3327 2914 3381 sed
2974 3342 3040 3381 ex
3098 3330 3383 3395 praesentia
3433 3333 3609 3387 sancti

2028 3408 2268 3479 Spiritus
2300 3420 2357 3465 et
2382 3413 2585 3469 virtute
2624 3415 2882 3471 Altissimi
2919 3419 3099 3474 fuerit.

2094 3508 2148 3562 '5.
2178 3506 2335 3564 Nunc
2372 3525 2504 3566 vero
2533 3512 2646 3582 (l9)
2688 3514 3029 3582 requiramus
3058 3519 3222 3573 etiam
3264 3520 3396 3576 illud
3422 3563 3436 3587 ,
3474 3524 3605 3591 quid

2024 3613 2203 3655 causa:
2227 3602 2466 3672 sitquod
2508 3605 2705 3660 mulier
2728 3622 2850 3676 qua:
2899 3608 2950 3662 in
2979 3609 3082 3665 hoc
3120 3614 3320 3668 mundo
3376 3631 3607 3672 nasccn-

2028 3693 2171 3749 tibus
2202 3695 2565 3752 ministerium
2594 3700 2817 3768 praebet,
2854 3718 2958 3757 non
3006 3705 3179 3760 solum
3234 3723 3359 3763 cum
3419 3726 3605 3767 semen

2025 3789 2335 3856 susceperit
2366 3790 2639 3845 immunda
2677 3792 2792 3847 ﬁeri
2824 3795 3054 3862 dicitur,
3099 3797 3191 3852 sed
3241 3808 3296 3853 et
3338 3815 3460 3855 cum
3510 3819 3605 3872 pe-

2023 3881 2243 3947 pererit.
2305 3880 2460 3937 Unde
2526 3894 2575 3940 et
2635 3901 2731 3954 pro
2782 3888 3166 3956 puriﬁcatione
3222 3903 3320 3945 sua
3382 3891 3607 3961 jnbetur

2023 3968 2221 4024 offerre
2251 3971 2426 4040 pullos
2448 3974 2813 4041 columbinos,
2853 3986 2947 4031 aut
2989 3988 3232 4036 turtures
3272 3996 3371 4051 pro
3406 3999 3603 4053 pecca-

2024 4067 2099 4126 to,
2134 4060 2200 4113 ad
2229 4059 2429 4115 ostium
2466 4064 2802 4119 tabernaculi
2839 4067 3139 4124 testimonii
3169 4107 3186 4136 ,
3248 4080 3305 4126 ut
3362 4075 3605 4143 repropi-

2021 4147 2118 4203 tiet
2150 4164 2248 4219 pro
2303 4151 2417 4221 ipsa
2458 4157 2750 4222 sacerdos;
2800 4160 2960 4227 quasi
3021 4176 3141 4230 quae
3196 4167 3604 4234 repropitiatin-

2024 4254 2145 4293 nem
2176 4240 2393 4308 debeat,
2425 4251 2477 4296 et
2518 4245 2957 4314 puriﬁcationem
2997 4254 3203 4320 peccati
3241 4270 3337 4322 pro
3376 4259 3603 4325 eoquod

2018 4332 2265 4386 nascenti
2292 4333 2345 4386 in
2382 4334 2484 4388 hoc
2522 4338 2726 4391 mundo
2784 4338 2988 4395 homini
3049 4344 3417 4399 ministerium
3472 4363 3605 4414 prae-

2018 4424 2152 4481 buit.
2186 4425 2279 4479 Sic
2307 4426 2455 4481 enim
2495 4429 2763 4498 scriptum
2795 4444 2877 4488 est
2902 4434 2947 4466 ⁷⁸
2991 4454 3004 4489 :
3040 4453 3060 4488 ι
3104 4437 3171 4491 Et
3214 4440 3595 4509 repropitiabit

1937 4571 1978 4625 ι)
2008 4580 2181 4651 sceptg
2200 4569 2395 4651 peperit
2424 4570 2740 4651 musculum,
2765 4588 3042 4651 putaretur
3067 4568 3337 4633 immunda
3366 4598 3477 4635 esse
3505 4600 3597 4651 ge-

2009 4640 2116 4719 nito
2143 4637 2434 4719 Saluatore.
2468 4638 2573 4692 Sed
2604 4637 2794 4712 absque
2826 4647 3016 4699 [mrum
3055 4665 3234 4703 vocum
3256 4637 3551 4719 arljectiorie
3577 4669 3595 4702 :

2015 4726 2033 4757 ο
2059 4706 2116 4761 Si
2139 4711 2431 4787 conceperit
2452 4725 2654 4788 semen,
2676 4706 2931 4775 {poterat
2965 4718 3127 4788 etiam
3158 4706 3338 4772 Μαήᾶ
3368 4722 3595 4788 intelligi

2013 4794 2114 4897 ne:
2137 4793 2246 4859 esse
2273 4778 2565 4836 immunda.
2606 4780 2654 4833 Ν
2665 4798 2730 4836 οη
2757 4788 2893 4839 enim
2923 4789 3035 4855 sint;
3059 4785 3228 4842 liciter
3254 4801 3364 4843 erat
3386 4778 3593 4851 mulier,

2014 4863 2066 4897 se
2132 4863 2296 4897 mrao.

2014 4863 2100 4897 sea
2132 4863 2296 4917 virgo.

2196 5053 2237 5083 ⁷⁷
2269 5051 2444 5108 Levit.
2480 5071 2578 5119 xu,
2613 5056 2668 5110 2.
2746 5058 2790 5088 ⁷⁸
2820 5058 2948 5112 ibid.
2979 5058 3030 5111 7.

2010 5165 2157 5218 nium
2184 5165 2292 5219 vita
2324 5166 2599 5248 ingressus
2643 5169 2695 5222 in
2746 5169 2888 5224 hunc
2918 5171 3200 5236 mundum,
3233 5192 3252 5225 ι
3306 5183 3395 5230 etc
3427 5215 3444 5245 ,
3490 5178 3584 5232 sed

2007 5251 2198 5291 omnes
2231 5251 2361 5290 mss.
2399 5245 2459 5291 ut
2489 5245 2543 5293 in
2573 5250 2758 5295 nostro
2781 5249 2950 5294 textu.

2014 5384 2032 5428 ι
2081 5305 2193 5376 (16)
2246 5305 2396 5370 Mss.,
2459 5324 2478 5358 σ
2519 5309 2800 5365 transitur.
2834 5331 2853 5362 ι
2908 5307 3065 5366 Libb.
3106 5313 3268 5377 editi,
3318 5332 3336 5365 ι
3384 5317 3589 5373 transi-

2038 5391 2116 5428 us.
2150 5394 2168 5425 ι

2038 5391 2116 5428 IIS.
2150 5394 2168 5425 ι

2081 5443 2395 5525 (ιη-βίω).
2430 5445 2582 5525 editi,
2613 5467 2631 5500 ει
2658 5450 2738 5502 vir
2764 5449 2851 5504 ille
2878 5467 2975 5516 pro
3003 5452 3119 5507 sola
3164 5457 3421 5525 temporis
3455 5468 3590 5513 :eta-

2011 5513 2099 5569 te.‘
2129 5535 2147 5565 ι
2176 5513 2306 5568 Mss.
2347 5525 2404 5569 ut
2434 5516 2487 5569 in
2514 5529 2701 5572 nostro
2732 5513 2907 5575 textui.

2072 5583 2383 5658 (I8)_M_ss.,
2413 5604 2431 5637 t
2473 5589 2804 5644 nominatur.
2840 5610 2859 5643 ι
2900 5592 3058 5647 Libb.
3095 5584 3248 5658 editi,
3288 5614 3307 5646 ε
3342 5598 3591 5653 nomine-

2003 5663 2171 5732 tut-.3
2202 5656 2543 5732 Infra'collex
2585 5659 2897 5730 Sangerm.,
2937 5682 2955 5714 ι
2995 5679 3135 5732 puer
3168 5656 3440 5723 curiosus.
3471 5688 3492 5720 s

2070 5725 2181 5793 (I9)
2215 5725 2396 5784 Codex
2424 5725 2739 5801 Sangerm;
2773 5750 2789 5783 ‹
2824 5725 2972 5789 vero.
2996 5725 3029 5785 ἰ
3072 5734 3229 5792 Libb.
3266 5740 3420 5804 editi,
3454 5756 3472 5788 ι
3507 5751 3589 5791 er-

1998 5810 2089 5864 go.
2123 5815 2145 5848 s
