4106 6246
480 357 583 414 I95

1919 354 2240 413 ORIGENIS

3616 352 3740 416 596

479 495 577 547 pro
614 478 727 543 ipsa
764 473 1040 538 sacerdos,
1074 484 1127 529 et
1152 477 1522 531 inundabitur.
1565 497 1583 530 ι
1618 478 1728 548 Ego
1765 481 1815 533 in
1850 479 2047 535 talibus
2079 484 2121 539 Α
2154 490 2333 535 celum
2366 480 2791 550 interempturns
2810 486 2941 535 est.i
2984 478 3143 535 Vides
3175 493 3303 548 ergo
3336 483 3608 548 quomodo
3675 499 3739 536 ιιι

479 570 613 626 nihil
644 569 816 623 audeo
847 568 1249 630 dicere,.sentio
1274 578 1448 623 tamen
1476 571 1684 625 occulta
1713 572 1765 625 in
1790 572 1877 627 his
1900 586 2046 640 quae-

477 662 600 716 dam
628 659 880 730 mysteria
911 660 1203 725 contineri,
1236 670 1288 713 et
1320 674 1437 714 esse
1466 662 1666 730 aliquid
1690 664 1912 718 latentis
1954 679 2044 716 ar-

476 752 621 815 cani,
654 765 754 818 pro
784 765 889 819 quo
914 759 967 804 et
1000 750 1190 803 mulier
1217 764 1335 818 qua:
1373 754 1681 820 conceperit
1712 769 1776 806 ex
1806 755 2039 817 semine,

477 856 527 899 ct
563 844 853 914 pepererit,
888 843 1164 896 immunda
1190 844 1425 906 dicatur,
1463 853 1517 896 et
1552 854 1805 912 tanquam
1836 846 2039 914 peccati

477 952 565 992 rea
604 936 802 991 oll‘crre
825 934 1081 1001 jubeatur
1107 934 1337 987 hostiam
1368 949 1467 1002 pro
1492 944 1737 1001 peccato,
1763 946 1812 988 et
1848 937 1916 988 ita
1944 952 2042 1004 pu-

476 1027 702 1081 rilicari.
730 1025 836 1079 Sed
863 1035 916 1079 et
965 1022 1054 1077 ille
1109 1024 1221 1089 ipse
1255 1024 1343 1091 qni
1380 1025 1645 1089 nascitur,
1686 1026 1797 1078 sive
1848 1028 2041 1087 virilis,

474 1120 587 1172 sive
614 1116 831 1171 feminei
859 1129 1020 1169 sexus
1052 1114 1144 1175 sit,
1175 1113 1487 1181 pronuntiat
1509 1116 1574 1167 de
1602 1133 1665 1168 eo
1691 1115 1972 1185 Scriptura
1997 1117 2044 1148 "

470 1210 598 1280 quia
648 1224 751 1260 non
785 1207 858 1260 sit
902 1225 919 1258 ι
953 1205 1183 1258 mundus
1210 1220 1237 1256 a
1270 1205 1464 1267 sorde,
1502 1206 1713 1260 etiamsi
1746 1208 1905 1262 unius
1937 1208 2043 1262 dici

471 1302 541 1353 sit
565 1300 671 1351 vita
699 1297 836 1367 ejus.
866 1316 883 1349 ι
916 1297 981 1351 Et
1011 1306 1069 1350 ut
1095 1298 1236 1351 scias
1258 1311 1377 1351 esse
1414 1296 1467 1349 in
1499 1296 1600 1351 hoc
1632 1300 1837 1366 grande
1863 1300 2043 1355 nescio

467 1391 624 1459 quid,
666 1401 717 1442 et
751 1387 856 1443 tale
894 1388 1037 1456 quod
1070 1388 1200 1441 nulli
1258 1398 1572 1442 sanctorum
1638 1404 1702 1442 ex
1776 1391 2042 1443 sententia

472 1481 703 1546 venerit,
739 1494 898 1534 nemo
930 1496 995 1534 ex
1043 1480 1297 1534 omnibus
1334 1480 1542 1534 sanctis
1578 1480 1853 1533 invenitur
1902 1482 2039 1534 diem

468 1571 690 1635 festum,
717 1571 796 1623 vel
825 1570 1130 1625 convivium
1158 1585 1411 1638 magnum
1441 1571 1619 1639 egisse
1646 1571 1697 1623 iu
1732 1573 1820 1625 die
1878 1582 2042 1625 nata-

463 1664 534 1717 lis
564 1663 667 1726 sui,
708 1677 867 1717 nemo
922 1661 1199 1715 invenitur
1245 1661 1502 1714 habuisse
1543 1660 1785 1716 laetitiam
1852 1663 1905 1717 in
1956 1665 2042 1718 die

468 1752 664 1805 natalis
715 1751 828 1813 lilii,
860 1750 944 1804 vel
977 1749 1102 1803 lilize
1161 1762 1293 1802 sure.
1348 1748 1462 1804 Soli
1511 1762 1827 1818 peccatores
1879 1768 2041 1822 super

2149 572 2354 640 Spiritu
2386 580 2574 626 sancto
2604 572 2854 641 praedixit
2882 575 2948 626 de
3004 586 3199 641 magno
3246 580 3367 624 ceto
3404 586 3566 639 quem
3639 574 3741 626 in-

2150 663 2475 715 tcrfeclurus
2504 670 2646 714 esset
2676 660 2955 724 Dominus,
3020 659 3173 727 cujus
3209 669 3368 729 typus
3392 669 3515 713 erat
3565 671 3738 716 cetus

2150 752 2238 806 ille
2263 750 2414 805 Jonte
2450 766 2463 803 :
2498 751 2637 804 unde
2663 760 2717 805 et
2748 750 3029 815 Dominus,
3062 751 3152 819 qui
3190 750 3575 807 interfecturus
3603 764 3738 807 erat

2147 854 2324 899 cetum
2358 844 2518 899 isttnn
2550 842 2845 906 diabolum,
2873 843 3062 896 dicit”
3100 859 3114 897 :
3164 862 3183 895 ι
3230 844 3386 899 Sicut
3416 846 3566 898 enim
3620 844 3732 900 Jo-

2149 951 2246 988 nas
2276 945 2387 990 tres
2412 935 2527 990 dies
2557 944 2611 990 et
2644 942 2754 989 tres
2787 943 2972 988 noctes
2998 934 3097 988 luit
3129 937 3183 989 in
3216 947 3411 990 ventre
3438 938 3546 991 ceti
3574 976 3590 1002 ,
3640 938 3725 991 ita

2144 1036 2358 1096 oportet
2387 1037 2440 1081 et
2483 1026 2674 1080 Filium
2730 1025 2966 1082 hominis
3020 1042 3142 1081 esse
3200 1025 3373 1080 tribus
3431 1028 3621 1083 diebus
3665 1041 3729 1084 et

2147 1120 2318 1173 tribus
2343 1121 2593 1175 noctibus
2638 1120 2689 1174 in
2743 1118 2906 1173 corde
2948 1128 3129 1172 terrze.
3174 1136 3193 1168 ι
3252 1116 3407 1183 Quod
3451 1118 3497 1171 si
3542 1119 3721 1187 placet

2145 1212 2335 1265 audire
2360 1212 2674 1280 quidetiam
2705 1213 2795 1267 alii
2826 1214 3001 1267 sancti
3025 1212 3091 1265 de
3126 1211 3226 1264 ista
3271 1210 3561 1265 nativitate
3586 1227 3717 1264 sena

2146 1304 2339 1370 seriut,
2373 1304 2494 1356 audi
2529 1304 2693 1357 David
2729 1304 3068 1359 dicentcm‘“
3097 1320 3110 1356 :
3149 1321 3168 1353 ι
3201 1301 3256 1355 1η
3310 1302 3717 1370 iniquitatibus,

2146 1394 2339 1462 inquit.
2365 1404 2659 1463 conceptus
2690 1410 2808 1448 smn
2832 1433 2848 1458 ,
2881 1403 2935 1448 et
2966 1395 3019 1448 in
3065 1393 3305 1463 peccatis
3364 1396 3569 1461 peperit
3629 1410 3714 1450 me

2145 1494 2320 1538 mater
2353 1499 2498 1551 mea;
2530 1502 2548 1535 ι
2577 1486 2868 1539 ostendens
2894 1485 3036 1554 quod
3078 1501 3414 1554 quaecunque
3444 1488 3622 1539 anima
3653 1488 3705 1540 in

2144 1588 2309 1627 carne
2340 1574 2605 1634 nascitur,
2639 1574 2944 1643 iniquitatis
2997 1584 3049 1628 et
3087 1576 3292 1641 peccati
3327 1575 3477 1627 sorde
3510 1575 3700 1642 pollui-

2147 1673 2267 1728 tur;
2296 1671 2350 1715 et
2373 1672 2655 1730 propterea
2688 1663 2888 1716 dictum
2918 1677 3041 1717 esse
3084 1661 3239 1726 illud,
3261 1663 3402 1731 quod
3456 1662 3561 1730 jam
3611 1679 3701 1717 su-

2143 1753 2327 1819 perius
2353 1755 2776 1808 memoravimus
2808 1772 2823 1807 :
2852 1755 2975 1822 quia
3015 1772 3033 1805 ι
3070 1768 3228 1808 nemo
3252 1757 3481 1819 mundus
3512 1772 3541 1809 a
3586 1772 3693 1811 sor-

461 1841 773 1911 luijusmodi
803 1840 1083 1893 nativitate
1134 1839 1404 1892 limantur.
1449 1838 1760 1895 Invenimus
1821 1820 2021 1897 etenim
2075 1820 2115 1874 Β
2142 1842 2229 1905 de,
2258 1856 2361 1895 nec
2387 1841 2430 1895 si
2463 1842 2621 1896 unius
2645 1842 2763 1895 diei
2783 1820 2986 1896 sitvita
3017 1842 3156 1910 ejus.
3190 1861 3208 1895 ι
3239 1843 3380 1897 Addi
3433 1843 3520 1898 his
3548 1847 3699 1898 etiam

464 1938 519 1986 in
559 1931 731 1987 Veteri
764 1930 978 2000 quidem
1002 1927 1352 1983 Testamento
1378 1929 1424 1960 8°
1460 1930 1798 1986 Pharaonem
1856 1947 2033 2002 regem

464 2025 710 2096 Egypti,
740 2024 882 2078 diem
913 2020 1107 2076 natalis
1149 2019 1231 2074 sui
1272 2034 1390 2073 cum
1424 2022 1726 2078 festivitate
1756 2024 2035 2079 celebran-

468 2132 597 2181 tem,
636 2118 688 2171 in
721 2117 870 2172 Novo
918 2132 1045 2172 vero
1079 2116 1427 2173 Testamento
1468 2115 1734 2171 ﬂcrodem
1764 2117 1831 2171 ⁸³.
1880 2116 2035 2171 Uter‘

465 2226 571 2279 que
607 2220 783 2263 tamen
838 2224 1026 2264 eorum
1067 2210 1237 2278 ipsam
1295 2210 1643 2264 festivitatem
1705 2209 1901 2263 natalis
1951 2210 2031 2264 sui

466 2303 779 2370 profusione
831 2302 1049 2356 humani
1080 2302 1364 2372 sanguinis
1398 2300 1731 2356 cruentavit.
1764 2301 1853 2355 llle
1889 2302 2032 2353 enim

462 2393 814 2461 praepositum
874 2392 1181 2460 pistorum,
1243 2392 1329 2444 hic
1392 2402 1641 2445 sanctum
1716 2393 2031 2460 prophetam

461 2486 725 2539 Joannem
754 2485 1104 2539 obtruncavit
1140 2486 1192 2538 in
1220 2500 1465 2540 carcere.
1509 2485 1694 2539 Sancti
1746 2500 1876 2539 vero
1928 2503 2031 2540 non

462 2577 638 2629 solum
675 2592 781 2630 non
815 2584 979 2642 agunt
1004 2576 1351 2632 festivitatem
1386 2578 1438 2631 in
1466 2577 1552 2630 die
1579 2577 1772 2630 natalis
1796 2579 1901 2642 sui,
1939 2581 2033 2633 sed

464 2674 518 2718 et
542 2664 747 2734 Spiritu
793 2674 980 2719 sancto
1024 2664 1211 2733 repleti
1267 2674 1622 2720 exsecrantur
1680 2668 1820 2720 hunc
1867 2667 2031 2722 diem.

461 2758 643 2828 Neque
672 2758 815 2813 enim
860 2767 1042 2813 tantus
1098 2773 1162 2811 ac
1226 2757 1356 2811 talis
1408 2758 1666 2827 propheta
1723 2758 2031 2827 (Jercniiam

460 2850 604 2915 dico,
636 2850 727 2919 qui
761 2852 813 2904 in
855 2859 1010 2905 utero
1053 2850 1248 2903 matris
1282 2849 1657 2904 sanctificatus
1674 2860 1776 2915 est,
1805 2860 1858 2903 et
1904 2865 2030 2919 pro-

463 2943 623 3012 pheta
660 2943 711 2996 in
750 2943 1000 3011 gentibus
1027 2940 1402 3011 consecratus)
1454 2941 1609 2995 libris
1666 2941 1717 2994 in
1764 2952 2028 2994 aeternum

462 3034 735 3087 mansuris
758 3033 958 3101 aliquid
984 3032 1216 3086 inaniter
1243 3032 1593 3096 coadidisset,
1631 3032 1730 3087 nisi
1762 3044 2030 3085 secretum

2140 1933 2269 1986 illud
2305 1942 2503 2002 potest,
2550 1942 2608 1987 ut
2663 1934 2978 2003 requiratur
3026 1935 3155 2005 quid
3216 1950 3394 1989 causa:
3445 1937 3542 2000 sit,
3592 1951 3707 1989 cum

2136 2024 2403 2093 baptisma
2436 2025 2693 2080 Ecclesia).
2724 2041 2820 2091 pro
2854 2027 3170 2082 remissione
3200 2026 3315 2099 (21)
3362 2038 3711 2097 peccatorum

2139 2115 2342 2182 detur,
2407 2118 2705 2172 secundum
2759 2116 3011 2173 Ecclesiae
3075 2120 3479 2174 observantiam
3546 2122 3715 2174 etiam

2138 2208 2377 2276 parvulis
2408 2210 2727 2277 baptismum
2753 2209 2903 2275 dari;
2935 2225 3057 2264 cum
3097 2212 3283 2281 utique
3322 2213 3366 2267 si
3402 2212 3538 2265 nihil
3569 2222 3716 2266 esset

2138 2296 2190 2351 in
2225 2298 2463 2365 parvulis
2491 2299 2632 2367 quod
2667 2298 2732 2351 ad
2764 2298 3136 2354 remissionem
3166 2302 3385 2356 deberet
3440 2312 3495 2355 et
3529 2303 3712 2356 indul-

2132 2389 2371 2458 gentiam
2403 2390 2695 2453 pertinere,
2738 2387 2912 2457 gratia
2938 2388 3195 2458 baptismi
3222 2390 3493 2460 superflua
3558 2392 3709 2446 video

2136 2490 2307 2532 retur.
2333 2478 2523 2533 Mulier
2551 2494 2684 2549 ergo
2708 2495 3044 2550 quaecunque
3072 2483 3385 2550 conceperit
3406 2497 3620 2545 semen,
3648 2492 3704 2536 et

2136 2573 2406 2641 pepererit
2434 2572 2756 2639 masculum,
2795 2573 3076 2627 immunda
3099 2575 3205 2628 erit
3239 2584 3445 2642 septem
3470 2575 3704 2637 diebus;

2134 2664 2274 2717 sicut
2312 2673 2367 2716 ct
2403 2663 2513 2728 illa,
2549 2679 2668 2732 quae
2715 2664 3011 2719 secundum
3047 2664 3164 2719 dies
3213 2664 3547 2736 purgationis
3594 2680 3709 2719 suae

2134 2766 2337 2824 septem
2369 2756 2559 2812 diebus
2586 2768 2901 2828 segregatur
2929 2758 2995 2812 ab
3028 2759 3174 2813 omni
3214 2760 3435 2813 mundo.
3484 2757 3618 2824 Quia
3652 2760 3705 2811 in

2134 2851 2397 2920 sanguine
2423 2852 2704 2905 immundo
2730 2851 2857 2906 facit
2893 2862 3098 2922 septem
3134 2852 3273 2917 dies,
3322 2851 3374 2905 iu
3438 2851 3705 2921 sanguine

2137 2951 2315 2997 autem
2374 2943 2574 2997 mundo
2627 2944 2844 3013 triginta
2885 2954 2939 2998 et
2982 2954 3094 2998 tres
3124 2944 3275 3010 dies;
3325 2946 3420 2998 sed
3488 2944 3590 2998 hoc
3651 2945 3705 2996 in

2139 3032 2361 3087 masculi
2401 3034 2705 3102 nativitatc,
2734 3033 2927 3104 duplos
2958 3044 3138 3088 autem
3170 3035 3286 3088 dies
3331 3033 3457 3088 facit
3501 3034 3554 3087 in
3610 3050 3704 3086 na-

457 3129 586 3195 quid
632 3128 955 3189 contineret,
999 3134 1056 3179 et
1104 3125 1415 3194 ingentibus
1463 3124 1741 3194 mysteriis
1789 3124 2026 3192 plenum,
2060 3153 2102 3207 ο
2139 3123 2345 3178 tivitate
2375 3122 2606 3180 feminae.
2644 3124 2982 3195 lncipitergo
3007 3140 3125 3179 esse
3157 3125 3210 3178 in
3241 3124 3505 3193 sanguine
3539 3140 3699 3176 mun-

460 3222 548 3274 ubi
585 3218 787 3273 dicit"
824 3235 837 3271 :
902 3236 919 3268 ι
954 3216 1269 3270 Maledictus
1299 3215 1413 3269 dies
1450 3215 1501 3269 in
1540 3230 1647 3285 quo
1678 3225 1836 3269 natus
1887 3232 2030 3281 sum,

457 3321 511 3365 ct
536 3327 639 3365 nox
672 3312 722 3364 in
759 3310 1139 3378 quadixeruut
1166 3324 1180 3360 :
1209 3307 1345 3360 Ecce
1371 3310 1664 3372 masculus,
1703 3306 2031 3365 Maledictus

457 3405 546 3472 qui
588 3402 938 3456 annuutiavit
968 3400 1115 3471 patri
1146 3414 1289 3462 meo,
1322 3399 1511 3453 dicens
1540 3413 1554 3450 :
1586 3397 1755 3453 Natus
1802 3411 1886 3454 est
1936 3401 2030 3454 tibi

456 3496 757 3548 masculus.
790 3493 1029 3548 Lmtetur
1076 3494 1237 3547 homo
1288 3491 1376 3545 ille
1428 3491 1569 3545 sicut
1605 3491 1857 3545 civitates
1897 3505 2033 3559 quas

458 3587 719 3639 Dominus
748 3585 1017 3639 destruxit
1067 3584 1118 3636 in
1174 3581 1382 3646 furore,
1418 3591 1472 3636 et
1516 3598 1621 3637 non
1687 3582 1965 3650 paenituit.
2006 3599 2027 3634 ι

462 3679 753 3733 Videturne
785 3677 877 3731 tibi
906 3676 1020 3730 haec
1041 3685 1148 3729 tam
1174 3673 1361 3742 gravia
1404 3682 1459 3728 et
1493 3681 1600 3727 tam
1646 3687 1874 3728 onerosa
1933 3674 2034 3725 iiii-

448 3771 669 3840 .prccari
700 3772 961 3840 propheta
997 3770 1263 3841 potuisse,
1294 3767 1397 3823 nisi
1443 3767 1614 3821 sciret
1656 3779 1777 3820 esse
1825 3764 2031 3833 aliquid

458 3867 512 3917 in
574 3866 673 3918 ista
730 3864 1017 3917 nativitate
1064 3877 1367 3932 corporea,
1427 3858 1569 3929 quod
1619 3868 1673 3913 et
1725 3856 2030 3923 hujusniodi

450 3958 678 4027 dignum
711 3954 1185 4009 maledictionibus
1209 3953 1321 4023 (20)
1359 3953 1636 4006 videretur
1658 3990 1673 4016 ,
1700 3960 1755 4004 et
1797 3966 1893 4019 pro
1923 3965 2030 4018 quo

456 4047 738 4117 legislator
772 4053 849 4097 tot
888 4043 1257 4097 immunditias
1282 4048 1605 4104 accusaret,
1646 4040 1841 4108 quibus
1900 4054 2032 4092 con-

459 4164 624 4220 gruas
655 4144 1060 4217 puriﬁcationes
1086 4151 1484 4209 consequenter
1506 4139 1844 4209 imponeret?
1884 4137 2031 4191 Lon-

457 4255 582 4309 gum
612 4249 694 4292 est
720 4246 927 4300 autem,
955 4242 1009 4288 et
1035 4232 1258 4287 alterius
1288 4231 1566 4301 temporis,
1612 4240 1671 4284 ut
1725 4230 2029 4284 testimonia

456 4347 577 4402 qua:
611 4331 677 4384 de
722 4328 986 4398 propheta
1028 4324 1358 4394 sumpsimus
1390 4362 1405 4389 .
1466 4321 1858 4392 explancinus;
1902 4322 2028 4390 quia

457 4438 597 4475 nune
626 4436 730 4473 non
772 4417 1043 4478 Jeremiae,
1070 4416 1162 4469 sed
1208 4414 1434 4469 Levitici
1493 4414 1652 4468 nobis
1688 4412 2026 4481 propositum

2138 3218 2209 3268 do
2238 3217 2302 3267 ab
2329 3224 2518 3269 octava
2544 3217 2630 3269 die
2665 3225 2719 3270 et
2747 3225 2833 3272 est
2875 3218 2926 3271 in
2951 3216 3215 3286 sanguine
3270 3216 3465 3272 mundo
3514 3216 3705 3269 diebus

2138 3305 2357 3374 triginta
2388 3305 2585 3371 tribus,
2623 3307 2726 3361 hoc
2755 3316 2840 3362 est
2894 3305 3066 3360 tribus
3119 3306 3356 3365 decadis.
3418 3314 3475 3359 et
3527 3305 3703 3357 tribus

2139 3396 2413 3449 monadis.
2448 3396 2656 3449 Etcum
2688 3394 2917 3464 cmperit
2942 3408 3062 3449 esse
3094 3395 3145 3448 in
3182 3393 3449 3463 sanguine
3495 3393 3699 3447 mundo

2134 3488 2223 3542 illa
2256 3503 2372 3556 qua:
2407 3488 2636 3556 peperit,
2667 3497 2793 3541 tunc
2832 3485 3176 3540 circumcidit
3212 3484 3466 3538 infantem
3509 3499 3523 3535 :
3555 3501 3573 3534 ι
3603 3482 3706 3537 Oc-

2139 3586 2257 3630 tava
2286 3578 2428 3631 enini
2456 3577 2541 3631 die
2581 3575 2957 3639 circumeides,
2996 3574 3250 3642 inquit“,
3283 3588 3504 3628 carnem
3565 3589 3705 3643 prm-

2138 3668 2271 3736 putii
2305 3668 2440 3737 ejus.
2476 3686 2494 3719 »
2532 3667 2655 3722 ΙΙωο
2702 3677 2785 3722 est
2838 3667 2921 3721 lex
2960 3667 3173 3732 litterae,
3234 3666 3329 3720 sed
3373 3665 3587 3735 require
3648 3674 3704 3717 tu

2135 3775 2297 3829 quam
2356 3761 2828 3816 circumcisionem
2892 3760 3182 3830 Apostolus
3235 3758 3504 3829 praedicet,
3542 3772 3704 3825 quam

2137 3864 2233 3903 nos
2267 3858 2321 3902 et
2345 3836 2624 3917 suscipere
2653 3858 2708 3903 et
2756 3849 2955 3904 habere
3000 3847 3175 3916 jubet.
3234 3866 3252 3899 ι
3289 3846 3397 3901 Nos
3426 3847 3588 3911 enim,
3622 3848 3706 3899 in-

2133 3940 2342 4008 quit”,
2376 3955 2562 3994 sumus
2587 3940 2953 4006 circumcisio,
3001 3940 3091 4010 qui
3141 3939 3337 4009 spiritu
3387 3937 3494 3992 Deo
3535 3939 3706 3992 servi-

2133 4046 2276 4087 mus.
2320 4049 2338 4082 ι
2374 4030 2440 4084 Ει
2471 4030 2616 4099 quod
2657 4034 2709 4085 itt
2743 4030 2960 4085 Psalmo
3008 4030 3191 4084 ait”:
3232 4047 3249 4080 ι
3287 4029 3520 4083 Alienati
3577 4038 3704 4081 sunt

2137 4136 2457 4195 peccatores
2492 4141 2519 4178 a
2554 4125 2763 4189 vulva,»
2791 4125 3072 4180 considera
3120 4125 3164 4180 si
3208 4139 3311 4178 non
3360 4124 3423 4177 de
3451 4120 3554 4176 illis
3599 4120 3705 4174 hoc

2133 4216 2285 4283 dicit,
2343 4216 2434 4285 qui
2488 4216 2635 4269 illam
2699 4215 3166 4270 circumcisionem
3226 4213 3549 4281 suscipiunt,
3593 4226 3699 4278 qua

2133 4322 2230 4361 nos
2256 4307 2570 4363 circumcidi
2610 4306 2899 4377 Apostolus
2923 4316 3104 4370 vetat;
3135 4314 3190 4361 et
3221 4314 3347 4358 tunc
3373 4314 3455 4358 est
3486 4300 3699 4371 quando

2134 4399 2441 4453 alienantur
2462 4410 2773 4468 peccatores
2800 4417 2828 4455 a
2861 4399 3040 4463 vulva,
3073 4412 3193 4451 cum
3222 4410 3327 4449 non
3353 4395 3569 4464 spiritu,
3602 4389 3700 4444 sed

460 4513 827 4566 estdisserere
859 4509 1171 4563 ιοριίοηειη,
1203 4506 1308 4561 sed
1341 4516 1395 4559 ει
1443 4504 1543 4559 Job
1583 4520 1688 4559 ιιοη
1738 4506 1856 4558 sine
1909 4503 2031 4573 spi-
2067 4493 2106 4546 D
2136 4504 2298 4544 carne
2325 4490 2813 4545 circumciduntur.
2850 4489 2985 4557 Quia
3029 4488 3120 4558 qui
3170 4489 3223 4541 in
3268 4486 3385 4555 lege
3410 4482 3702 4573 circumcif

459 4604 565 4659 ritu
592 4614 781 4657 sancto
809 4600 1056 4670 loquens,
1098 4598 1462 4652 maledicebat
1519 4598 1660 4650 diem
1728 4596 2027 4650 nativitatis

458 4713 592 4762 sum,
631 4692 876 4750 dicens”
911 4709 924 4747 :
964 4710 982 4742 ι
1018 4690 1301 4744 Maledicta
1330 4689 1443 4741 dies
1470 4687 1520 4741 in
1563 4701 1668 4755 qua
1702 4698 1859 4739 natus
1882 4701 2023 4751 sum,

458 4800 513 4843 et
547 4803 649 4841 nox
684 4787 735 4839 in
761 4798 866 4853 qua
888 4783 1140 4836 dixerunt
1169 4795 1181 4831 :
1212 4778 1347 4832 Ecce
1374 4775 1675 4842 masculus;
1704 4790 1809 4831 nox
1842 4775 1926 4832 illa
1957 4778 2027 4832 sit

461 4881 769 4946 ti‘nebi-re,et
798 4890 903 4929 non
941 4872 1180 4942 requirat
1202 4869 1363 4940 230
1390 4884 1510 4924 eam
1539 4870 1797 4924 Dominus
1828 4871 2023 4935 denuo,

459 4985 631 5040 neque
674 4968 939 5021 veniatin
986 4965 1100 5018 dies
1139 4963 1292 5028 anni,
1351 4977 1453 5016 nec
1515 4970 1831 5015 numeretur
1886 4961 2027 5015 inter

456 5060 577 5113 dies
606 5059 893 5112 mensium.
928 5075 945 5109 ι
981 5054 1135 5121 Quod
1172 5054 1216 5107 si
1254 5054 1347 5108 tibi
1382 5067 1486 5108 non
1523 5054 1735 5107 videtur
1768 5054 1883 5108 hare
1926 5054 2026 5109 Job

456 5152 770 5221 prophetico
798 5159 851 5203 et
883 5148 1069 5203 divino
1096 5146 1303 5214 Spiritu
1332 5145 1499 5213 loqui,
1525 5160 1591 5199 ex
1630 5145 1712 5199 liis
1740 5146 2024 5200 considera

461 5260 575 5312 quae
602 5250 902 5312 sequuntur
932 5260 945 5295 :
981 5242 1185 5296 addidit
1209 5241 1351 5296 enim
1387 5239 1432 5270 “
1465 5256 1477 5292 :
1516 5255 1534 5289 ι
1576 5237 1681 5292 Sed
1738 5238 2027 5293 maledicat

460 5353 599 5401 ram,
631 5337 720 5405 qui
756 5333 1032 5389 maledixit
1075 5333 1222 5386 illum
1286 5332 1447 5397 diem,
1506 5332 1559 5385 in
1614 5346 1720 5400 quo
1769 5345 2023 5401 magnum

524 5498 570 5529 ⁷³
609 5495 727 5550 ιυιι.
757 5510 867 5558 xw,
894 5493 949 5547 4.
1025 5491 1071 5523 ⁸ο
1092 5491 1285 5546 Cenes.
1317 5492 1510 5550 XL.‘20.

444 5569 488 5603 ⁸³
530 5567 716 5621 Matth.
746 5581 845 5629 xu,
870 5564 957 5618 40.
1040 5562 1087 5594 ⁸⁸
1117 5561 1259 5617 Psal.
1293 5578 1346 5625 ι,
1376 5561 1426 5615 7.
1490 5561 1534 5591 ⁸⁷
1559 5562 1731 5615 Levit.
1761 5577 1847 5626 ιιι,
1884 5562 1973 5615 12.

526 5659 638 5728 (20)
672 5657 827 5713 Libb.
853 5657 1006 5722 editi,
1038 5672 1056 5706 ι
1097 5653 1520 5710 maledictionis.
1549 5672 1567 5705 ι
1619 5653 1769 5719 Mss.,
1805 5671 1824 5704 ι
1859 5653 2029 5710 male-

457 5730 807 5784 dictiouibns.
851 5746 869 5777 ι

528 5801 641 5873 (21)
667 5797 848 5853 Codex
876 5793 1158 5866 Sangerm.
1190 5802 1243 5851 et
1278 5792 1396 5861 alii,
1433 5810 1452 5845 ι
1490 5807 1589 5863 pro
1626 5792 1963 5850 remissione.
2004 5813 2022 5845 ι

1586 5492 1628 5523 ⁸⁸
1654 5490 1820 5545 Marc.
1852 5507 1926 5553 vi.
1960 5491 2051 5548 21.
2148 5493 2192 5523 ⁸³
2218 5490 2421 5547 Jerem.
2456 5507 2511 5546 χι

1586 5564 1731 5615 .cvit.
1761 5577 1847 5626 ιιι,
1884 5562 1973 5615 12.
2050 5563 2093 5595 ⁸⁸
2116 5562 2316 5631 Philip.
2348 5570 2430 5627 ιιι,
2456 5562 2511 5616 5.

2135 4582 2356 4647 duntur,
2385 4595 2414 4634 a
2450 4582 2626 4651 gratia
2656 4581 2993 4636 exciderunt.
3053 4581 3223 4650 Igitur
3276 4576 3551 4631 immunda
3586 4572 3700 4626 lieri

2135 4669 2328 4724 mulier
2366 4670 2583 4733 dicitur,
2617 4686 2735 4740 qua:
2769 4681 3031 4741 concepto
3060 4669 3265 4724 semine
3307 4655 3518 4736 peperit
3582 4677 3701 4716 ma-

2135 4762 2383 4829 sculum;
2410 4778 2534 4831 quae
2565 4774 2743 4817 autem
2776 4762 3030 4817 feminam
3060 4758 3355 4829 pepererit,
3387 4772 3494 4809 non
3527 4752 3701 4807 solum

2134 4856 2410 4909 immunda
2438 4855 2574 4918 erit,
2605 4854 2698 4908 sed
2731 4852 3017 4919 dupliciter
3062 4850 3364 4905 immunda.
3406 4846 3496 4899 Bis
3558 4843 3701 4897 enim

2134 4948 2373 5015 septenis
2426 4947 2619 5001 diebus
2674 4946 2725 4999 in
2777 4943 3117 4999 immunditia
3176 4941 3440 4997 scribitur
3487 4950 3703 5007 perma-

2135 5059 2287 5100 nere.

2205 5158 2259 5211 4.
2290 5158 2394 5213 Sed
2420 5160 2634 5214 interim
2674 5174 2792 5224 quae
2821 5156 3029 5228 peperit
3051 5154 3374 5217 masculum,
3396 5159 3587 5207 octava
3618 5146 3705 5199 die

2134 5251 2187 5296 et
2225 5246 2319 5313 qui
2351 5255 2510 5300 natus
2536 5245 3078 5309 estcirenmciditur,
3118 5254 3175 5298 et
3229 5242 3318 5296 illa
3368 5241 3426 5294 lit
3483 5236 3701 5291 munda.

2136 5336 2281 5391 Satis
2308 5353 2538 5408 operosa
2566 5353 2652 5393 res
2678 5348 2761 5393 est
2798 5338 2937 5407 (22),
2973 5338 3026 5390 in
3080 5337 3181 5391 hac
3212 5335 3479 5389 brevitate
3503 5340 3706 5399 tempo-

2148 5490 2421 5571 ﬁﬂlerem.
2456 5507 2548 5571 ξι.
2602 5491 2812 5571 ξμυίὸμ.
2918 5492 2964 5524 ⁸³
2998 5492 3117 5571 Joh.
3174 5508 3253 5555 ιιι,
3301 5489 3387 5545 lli.
3499 5486 3701 5544 “ibid.

2606 5563 2649 5595 ⁸⁹
2683 5563 2824 5618 Psal.
2844 5578 2995 5629 Lvttt,
3022 5564 3077 5616 4'.

2138 5645 2291 5710 Libb.
2318 5653 2470 5717 editi,
2508 5672 2525 5704 ι
2558 5654 2609 5707 ἰιι
2638 5655 3033 5709 remissionem.
3070 5672 3089 5705 ι

2211 5723 2324 5794 (22)
2354 5716 2507 5777 Libb.
2537 5724 2691 5785 editi,
2726 5743 2744 5776 ι
2778 5724 2915 5779 satis
2942 5724 3029 5779 illa
3058 5737 3284 5794 operosa
3318 5735 3402 5778 res
3444 5726 3549 5778 ‘est.
3588 5735 3605 5771 I
3645 5716 3704 5771 in

2138 5810 2267 5851 mss.
2294 5794 2585 5860 omittitur,
2618 5811 2636 5845 ι
2667 5795 2773 5848 illa.
2806 5813 2825 5846 ι
