4106 6246
452 380 554 435 499

1930 373 2249 429 οιιιυΕΝιδ

3617 365 3720 421 500

455 494 630 549 catrix
665 493 988 562 appellatur.
1025 493 1119 547 Vi'x
1160 492 1305 546 enim
1336 502 1419 547 est
1448 509 1537 561 qui
1587 496 1660 547 ita
1692 504 1937 556 curetur,
1975 504 2031 546 ut
2062 498 2105 551 A
2136 502 2295 546 cante
2341 492 2669 547 inferuntur.
2709 491 2924 543 intuere
2966 501 3109 542 nunc
3156 485 3301 540 illam
3351 485 3611 550 animam,
3655 490 3720 542 de

455 586 658 639 nullum
685 582 918 653 suscepti
945 586 1186 639 vulneris
1214 585 1455 640 residere
1480 587 1726 639 videatur
1750 586 2027 640 indicium.

450 675 643 729 Transi
670 691 811 731 nunc
842 676 910 729 ab
943 677 1042 729 ista
1079 675 1214 743 legis
1247 674 1436 730 umbra
1470 676 1534 728 ad
1568 678 1851 730 veritatem
1880 676 2027 743 ejus,

448 779 502 821 et
536 769 749 821 intuere
780 767 1051 837 quomodo
1091 765 1272 820 anima
1310 781 1429 835 qua:
1463 767 1668 834 peccati
1712 766 1907 820 vulnus
1941 780 2031 819 ac-

446 861 684 929 ceperit.
727 861 935 914 etiamsi
972 868 1211 925 curetur,
1260 867 1437 911 tamen
1476 861 1637 913 habet
1671 858 1878 927 peccati
1931 859 2014 911 ci-

444 954 701 1007 catriceni
735 954 785 1006 in
818 952 936 1007 loco
973 950 1213 1005 vulneris
1246 952 1596 1005 residentem.
1630 951 1759 1018 Qua:
1794 950 2025 1006 cicatrix

450 1060 555 1099 non
594 1045 767 1098 solum
810 1061 837 1097 a
875 1045 985 1098 Deo
1014 1045 1247 1110 videtur,
1291 1046 1383 1099 sed
1413 1052 1465 1098 et
1500 1046 1567 1097 ab
1602 1045 1681 1097 eis
1730 1044 1824 1113 qui
1872 1057 2027 1097 acce-

449 1147 646 1202 perunt
671 1136 739 1189 ab
765 1151 828 1189 eo
860 1135 1114 1205 gratiam,
1146 1152 1249 1205 qua
1278 1136 1561 1205 pervidere
1590 1137 1802 1204 possint
1830 1135 2027 1189 animae

450 1228 756 1296 laiignores,
785 1236 841 1278 et
882 1226 1196 1279 discernere
1225 1241 1343 1294 quin
1381 1226 1450 1278 sit
1481 1225 1659 1279 anima
1702 1226 1773 1278 ita
1809 1233 2021 1285 curata,

446 1327 505 1370 ut
544 1317 686 1370 O'ltlll
720 1330 916 1385 genere
959 1317 1249 1386 vestigium
1295 1317 1428 1371 illati
1463 1316 1700 1371 vulneris
1732 1315 2021 1387 abjecerii;

445 1416 499 1460 ct
527 1420 645 1475 qua:
687 1418 875 1461 curata
908 1409 979 1462 sit
1020 1408 1259 1476 quidem,
1295 1408 1388 1462 sed
1430 1408 1568 1462 ferat
1612 1409 1791 1461 adhuc
1825 1408 2025 1461 veteris

446 1497 617 1551 morbi
656 1500 707 1551 iii
745 1498 861 1566 ipso
895 1500 1117 1568 vestigio
1161 1499 1440 1553 cicatricis
1471 1498 1696 1551 indicia.
1739 1498 1891 1564 Quod
1934 1513 2025 1549 an-

445 1600 549 1643 tein
598 1590 704 1646 sint
755 1590 1001 1659 quaedam
1054 1592 1250 1645 anima:
1304 1590 1563 1653 vulnera,
1615 1589 1783 1643 Isaias
1833 1590 2021 1651 docet,

444 1680 635 1735 dicens
656 1680 742 1733 ’δι
781 1700 798 1731 ι
827 1683 865 1734 Α
901 1681 1129 1751 pedibus
1159 1695 1330 1750 usque
1362 1683 1428 1736 ad
1461 1691 1630 1751 caput
1663 1698 1766 1736 non
1798 1692 1881 1735 est
1911 1682 2023 1734 vul-

446 1787 568 1834 nus,
614 1786 789 1841 neque
835 1771 994 1837 livor,
1046 1786 1221 1841 neque
1270 1772 1423 1841 plaga
1468 1788 1590 1826 cum
1635 1771 1915 1838 fervore,»
1959 1774 2023 1826 de

444 1863 659 1917 delictis
709 1864 823 1917 hinc
876 1863 1059 1932 procul
1110 1863 1273 1917 dubio
1336 1862 1517 1931 p0puli
1576 1863 1861 1931 loquens:
1901 1862 2026 1931 quia

444 1963 571 2008 sunt
628 1952 797 2024 aliqui
853 1955 1049 2023 quibus
1106 1954 1276 2022 possit
1327 1956 1506 2009 adhuc
1564 1954 2021 2009 medicamentum

445 2044 782 2114 malagmatis
830 2044 1057 2114 imponi.
1088 2044 1194 2098 Alii
1241 2059 1371 2100 vero
1403 2045 1547 2113 quod
1604 2046 1717 2099 sint
1755 2046 2025 2099 intantuin

444 2146 778 2201 peccatores,
812 2143 868 2189 ut
912 2138 991 2190 eis
1042 2151 1139 2190 nec
1184 2152 1316 2191 cura
1373 2137 1545 2205 possit
1595 2136 1871 2201 adhiberi,
1924 2138 2027 2191 hoc

446 2229 606 2282 modo
657 2229 795 2282 idem
842 2230 1109 2297 preplieta
1158 2230 1409 2298 designat
1455 2247 1470 2283 :
1521 2246 1539 2280 ι
1585 2226 1700 2282 Νοιι
1751 2239 1868 2295 est,
1930 2230 2016 2282 iii-

443 2320 559 2384 quit
585 2319 654 2383 ⁸³,
703 2319 966 2390 malagma
1021 2321 1335 2389 imponere,
1377 2335 1557 2389 neque
1612 2320 1791 2374 oleum
1848 2318 2025 2392 (29),

448 2425 625 2477 neque
656 2411 1022 2480 alligaturas.i
1063 2412 1215 2477 Quod
1252 2422 1432 2466 autem
1464 2411 1743 2476 contritio,
1779 2421 1834 2467 et
1864 2412 2023 2482 plaga

446 2504 653 2556 doloris
694 2519 788 2571 per
834 2503 1258 2572 correptiouein,
1292 2518 1437 2557 cura:
1473 2517 1634 2557 causa
1672 2504 2027 2571 imponantur

446 2597 641 2649 animze
684 2593 950 2649 Jeremias
992 2595 1178 2660 docet,
1220 2596 1406 2650 dicens
1429 2595 1520 2648 ’δε
1563 2613 1581 2647 ι
1615 2594 1707 2649 Sic
1740 2595 1875 2649 dicit
1922 2596 2026 2649 Do-

442 2690 660 2742 minus:
697 2689 964 2743 Suscitavi
1012 2687 1390 2742 contritionem
1430 2688 1583 2757 plaga
1624 2697 1716 2741 tua
1762 2703 1887 2743 cum
1927 2689 2025 2742 do-

442 2781 583 2848 lore;
614 2797 716 2835 non
746 2791 829 2835 est
875 2780 967 2849 qui
1004 2780 1209 2848 judicet
1242 2779 1505 2849 judicium
1551 2790 1727 2846 tuum;
1767 2794 1894 2835 cuni
1932 2778 2026 2831 do-

444 2876 559 2929 lore
598 2885 785 2929 curata
819 2890 899 2941 es,
930 2874 1140 2928 utilitas
1168 2888 1274 2928 non
1303 2883 1388 2929 est
1423 2874 1475 2928 iii
1521 2884 1592 2929 te.
1628 2874 1830 2929 Omnes
1861 2876 2023 2931 amici

444 2970 519 3021 tui
553 2967 711 3021 obliti
745 2976 869 3021 sunt
905 2967 1006 3032 tui,
1039 2980 1140 3021 nec
1189 2964 1300 3033 jam
1358 2966 1774 3034 interrogabuiit
1820 2966 1889 3021 de
1921 2974 1973 3020 te
2005 2985 2019 3021 :

438 3062 563 3130 quia
597 3060 752 3129 plaga
810 3058 1012 3113 inimici
1055 3059 1297 3127 percussi
1340 3068 1392 3112 te
1436 3058 1789 3126 correptione
1841 3058 2021 3113 valida

442 3168 541 3220 pro
568 3152 716 3206 omni
750 3151 1038 3220 iniquitate
1073 3161 1190 3213 tua,
1222 3148 1481 3219 quoniam
1515 3149 1867 3219 multiplicata
1897 3161 2021 3205 sunt

442 3251 666 3309 peccata
695 3250 806 3295 tua.
832 3241 970 3306 Quid
1003 3239 1321 3293 vociferaris
1347 3252 1512 3307 super
1543 3239 1874 3295 contritione
1908 3240 2033 3293 tua?

445 3332 723 3388 Violentus
751 3344 835 3388 est
860 3332 1015 3387 dolor
1059 3342 1202 3390 tuus,
1241 3340 1460 3398 propter
1494 3330 1894 3384 multitudinem
1927 3332 2027 3385 iiii-

445 3423 711 3490 quitatuin
741 3431 953 3474 tuarum
984 3420 1386 3489 pra-valuerunt
1416 3431 1633 3488 peccata
1667 3428 1777 3486 tua,
1803 3429 1858 3473 et
1888 3420 2033 3475 fece-

443 3522 574 3566 runt
604 3513 698 3566 tibi
734 3512 866 3566 lucc.
894 3509 1188 3581 Propterea
1220 3526 1409 3564 omnes
1440 3512 1531 3579 qui
1561 3512 1824 3565 devorant
1857 3520 1907 3566 te
1939 3513 2032 3566 de-

444 3603 801 3668 vorabuntur,
839 3613 893 3657 et
922 3618 1117 3657 omnes
1168 3603 1372 3656 inimici
1411 3602 1484 3656 tui
1530 3615 1725 3657 carnes
1756 3617 1885 3657 suas
1919 3602 2031 3676 (50)

440 3695 811 3750 det-orabunt:
838 3706 891 3750 et
911 3705 1070 3751 erunt
1095 3696 1189 3765 qui
1228 3704 1278 3750 te
1314 3696 1694 3750 alllixeruntin
1720 3695 2029 3761 aﬂlictione,

444 3798 499 3842 et
525 3802 716 3842 omnes
744 3789 836 3856 qui
875 3788 1293 3842 devastaverunt
1324 3796 1396 3851 te,
1429 3786 1565 3842 dabo
1591 3788 1643 3841 in
1676 3787 2032 3857 depraadatio-

442 3896 565 3934 iiciii
582 3896 596 3944 ;
614 3881 870 3949 quoniam
890 3881 1157 3935 revocabo
1178 3879 1467 3934 sanitatem
1484 3889 1655 3943 tuam,
1671 3888 1725 3933 et
1746 3894 1774 3931 a
1793 3878 2032 3934 vulneris

440 3970 518 4022 tui
547 3968 735 4025 dolore
757 3971 1024 4025 revocabo
1053 3980 1123 4035 te,
1147 3961 1283 4023 dixit
1315 3971 1627 4024 Dominus.»
1653 3968 1925 4025 Memento
1955 3971 2032 4025 di-

441 4060 696 4129 ligentius
727 4078 845 4129 qua:
871 4061 1108 4117 audieris
1140 4076 1168 4113 a
1204 4062 1467 4130 propheta
1496 4060 1563 4114 de
1595 4061 1931 4124 vulneribus,
1962 4070 2019 4116 et

440 4153 508 4205 de
533 4151 902 4218 cicatricibus,
920 4160 973 4205 et
995 4153 1062 4207 de
1082 4153 1383 4206 tumoribus
1402 4151 1530 4205 dici.
1555 4151 1679 4205 llzec
1701 4152 1846 4205 enim
1870 4153 2026 4209 nobis

442 4244 752 4297 necessaria
800 4254 925 4298 sunt
981 4244 1045 4298 ad
1093 4242 1492 4312 expositionem
1534 4243 1892 4309 cicatricum,
1941 4247 2027 4300 vel

443 4336 749 4398 vulnerum,
791 4336 874 4390 vel
907 4336 1142 4389 aliorum
1188 4336 1561 4403 hujuscemodi
1608 4353 1728 4407 quae
1761 4338 1813 4391 in
1858 4336 2020 4407 leprae

443 4428 875 4496 inspectionibus
908 4440 1302 4482 memorantur.
1330 4431 1608 4485 Addcinus
1638 4440 1815 4484 tamen
1848 4432 2025 4486 adhuc

2139 600 2246 653 qua
2294 584 2423 638 dicit
2485 582 2765 645 Dominus,
2813 580 2938 648 quia
2989 592 3089 647 ego
3148 576 3349 630 adduxi
3399 577 3717 632 cicatricem

2138 675 2276 743 ejus.
2326 674 2453 729 Post
2487 673 2713 726 vulnera
2753 671 2872 726 sine
2915 669 3081 724 dubio
3108 667 3419 723 cicatricem
3469 669 3717 731 adducit,

2137 776 2191 821 et
2234 768 2546 822 sanitatem.
2591 784 2609 818 ι
2646 764 2708 819 Et
2742 765 2945 817 curabo
2994 777 3109 828 eos,
3150 772 3209 815 et
3236 760 3601 815 manifestabo
3638 762 3720 815 eis

2138 875 2324 931 pacem
2355 868 2411 914 et
2448 859 2627 913 Iidem.
2656 876 2674 909 ι
2709 856 2765 911 Si
2805 870 2935 925 ergo
2968 864 3092 924 post
3121 854 3488 924 cognitionem
3512 864 3566 907 et
3606 870 3719 907 ine-

2136 950 2370 1003 dicinam
2412 949 2525 1011 Dei,
2552 948 2594 1000 si
2627 956 2748 1015 post
2789 943 3288 999 manilcstationem
3322 942 3474 1011 pacis
3500 953 3555 996 et
3595 945 3715 997 lidei

2136 1056 2296 1109 quant
2326 1056 2422 1108 per
2453 1039 2733 1094 Christum
2768 1037 3131 1106 suscepimus,
3178 1050 3398 1090 rursum
3451 1037 3505 1090 in
3556 1038 3717 1091 istam

2134 1134 2446 1189 cicatricem
2491 1132 2754 1186 ascendat
2785 1130 3005 1200 aliquod
3053 1130 3261 1198 peccati
3315 1128 3519 1195 prioris
3567 1129 3713 1183 indi-

2135 1217 2299 1290 cium,
2338 1235 2430 1278 aut
2471 1226 2687 1294 signum
2741 1223 2961 1293 aliquod
2996 1221 3202 1276 erroris
3236 1222 3440 1276 veteris
3492 1222 3720 1277 innove-

2136 1327 2253 1383 tur;
2293 1328 2420 1371 tunc
2466 1318 2524 1371 lit
2559 1318 2611 1371 in
2646 1327 2769 1371 cute
2820 1314 3067 1382 corporis
3101 1313 3271 1367 nostri
3324 1316 3585 1382 contagio
3637 1314 3717 1369 le-

2132 1423 2263 1476 praa,
2292 1425 2411 1477 qua:
2441 1408 2777 1474 inspicienda
2801 1416 2883 1461 est
2912 1422 3010 1476 per
3038 1404 3371 1475 pontiﬁcem,
3412 1408 3712 1461 secundum

2133 1514 2195 1553 ea
2221 1513 2343 1568 qua:
2372 1499 2654 1569 lcgislator
2683 1497 2957 1566 exposuit.

2203 1592 2257 1647 6.
2300 1593 2547 1647 Secunda
2581 1606 2710 1646 vero
2740 1588 2953 1658 species
2980 1598 3064 1643 est
3098 1590 3282 1660 leprm,
3326 1607 3345 1640 ι
3373 1590 3415 1644 si
3455 1589 3706 1646 elllorne-

2133 1687 2225 1748 rit,
2258 1684 2431 1754 inquit
2462 1684 2527 1749 ’⁸,
2594 1685 2645 1738 in
2683 1698 2826 1750 cute,
2876 1684 2948 1738 ita
2996 1695 3054 1737 ut
3094 1692 3240 1753 tegat
3275 1698 3487 1738 onmem
3528 1695 3701 1737 cutem

2131 1777 2378 1843 corporis
2405 1791 2435 1830 a
2468 1778 2646 1845 capite
2676 1790 2844 1845 usque
2877 1775 2942 1829 ad
2974 1776 3162 1844 pedes,
3196 1789 3295 1844 per
3335 1775 3516 1830 omnia
3556 1791 3697 1844 quai-

2060 1849 2347 1936 Bcunque
2397 1868 2658 1921 sacerdos
2701 1866 3021 1933 inspexerit.
3050 1882 3068 1916 ι
3119 1864 3251 1919 Cum
3313 1880 3445 1935 ergo
3496 1880 3707 1917 onmem

2131 1969 2310 2013 cutem
2341 1958 2589 2027 corporis
2633 1956 2925 2018 obtexerit,
2969 1966 3098 2008 tunc
3135 1957 3397 2010 mundum
3426 1971 3551 2011 eum
3590 1970 3715 2010 esse

2130 2051 2391 2105 sacerdos
2437 2064 2465 2103 a
2519 2049 2845 2118 contagione
2899 2049 3235 2117 pronuntiat.
3290 2047 3396 2102 Sed
3453 2047 3507 2101 in
3569 2062 3711 2115 qua-

2129 2155 2344 2211 cunque
2386 2140 2471 2195 die
2520 2142 2834 2211 apparuerit
2881 2143 2938 2195 in
2985 2154 3051 2195 eo
3085 2139 3240 2194 color
3269 2138 3441 2205 vivus,
3493 2153 3715 2193 rursum

2124 2231 2405 2301 iudicatur
2428 2234 2741 2286 immundus
2769 2246 2867 2302 per
2895 2232 3000 2286 hoc
3029 2231 3172 2303 quod
3199 2232 3351 2287 color
3378 2232 3428 2284 in
3458 2246 3525 2285 eo
3556 2231 3719 2284 vivus

2131 2326 2406 2395 apparuit,
2438 2339 2597 2393 quem
2633 2336 2758 2380 ante
2810 2341 2915 2381 non
2962 2326 3173 2380 habuit.
3215 2323 3289 2378 De
3338 2326 3442 2379 hoc
3488 2324 3710 2392 quidam

2128 2419 2290 2471 etiam
2324 2427 2448 2471 ante
2479 2431 2567 2470 me
2608 2417 2886 2479 dixerunt,
2924 2432 3023 2486 per
3056 2417 3293 2471 colorem
3336 2416 3517 2470 vivum
3565 2416 3711 2470 indi-

2129 2509 2240 2564 cari
2294 2508 2559 2561 rationem
2590 2508 2715 2561 vita:
2763 2522 2883 2576 qua:
2927 2506 2980 2560 ia
3015 2507 3237 2561 homine
3267 2516 3391 2571 est;
3430 2522 3537 2576 qua
3572 2523 3707 2562 non-

2128 2603 2254 2653 dum
2297 2598 2347 2651 in
2383 2602 2561 2651 anima
2601 2598 2798 2666 posita,
2833 2598 2879 2652 si
2924 2597 3051 2665 quid
3086 2598 3195 2652 illic
3231 2598 3436 2667 peccati
3478 2598 3591 2661 ﬁat,
3624 2613 3710 2652 re-

2128 2701 2349 2761 putatur
2398 2705 2496 2760 pro
2551 2706 2616 2745 eo
2670 2691 2812 2759 quod
2879 2691 3128 2745 videatur
3187 2692 3423 2745 nondum
3482 2690 3709 2744 rationis

2127 2797 2297 2851 capax
2327 2796 2449 2838 esse
2482 2782 2528 2837 is
2559 2782 2649 2852 qui
2680 2782 2966 2852 delinquit.
2993 2782 3128 2837 Cum
3169 2791 3349 2838 autem
3382 2784 3521 2838 ratio
3554 2784 3607 2835 in
3635 2798 3701 2836 eo

2132 2876 2314 2928 locum
2344 2888 2409 2930 ac
2440 2886 2652 2943 tempus
2688 2874 2975 2936 invenerit,
3003 2874 3047 2929 si
3080 2875 3211 2944 quid
3248 2876 3361 2945 jam
3397 2885 3584 2931 contra
3622 2891 3711 2929 ra-

2132 2966 2334 3021 tionem
2369 2976 2513 3036 agat,
2553 2963 2727 3019 videri
2759 2979 2882 3018 eum
2911 2962 3036 3032 jure
3080 2965 3429 3037 culpabilem.
3465 2964 3569 3020 Nos
3602 2981 3704 3018 au-

2131 3062 2234 3107 tem
2264 3053 2579 3123 diligentius
2622 3066 2743 3120 qua:
2774 3051 2980 3120 scripta
3012 3062 3139 3106 sunt
3180 3061 3522 3115 contuentes,
3564 3052 3714 3104 arbi-

2058 3182 2101 3239 c
2139 3158 2346 3200 tramur
2390 3146 2561 3215 magis
2609 3145 2727 3198 hzec
2760 3146 2828 3199 de
2864 3145 2969 3200 illis
3002 3144 3340 3214 accipienda,
3384 3144 3583 3212 quibus
3627 3144 3709 3197 vel

2136 3236 2417 3307 plirenesi,
2446 3236 2532 3291 vel
2578 3236 2786 3295 furore.
2827 3236 2912 3289 vel
2958 3250 3285 3306 quocunque
3318 3249 3385 3289 ex
3434 3243 3592 3303 pacto
3622 3250 3714 3286 oc-

2134 3338 2359 3396 cupatus
2388 3328 2472 3382 vel
2513 3342 2802 3398 oppressus
2830 3336 2913 3382 est
2947 3342 3169 3392 sensus,
3210 3336 3266 3382 et
3308 3335 3474 3396 agunt
3521 3338 3711 3381 contra

2136 3420 2420 3474 rationem.
2455 3419 2635 3473 Mundi
2665 3434 2796 3488 ergo
2830 3417 2917 3472 isti
2955 3434 2983 3471 a
3023 3419 3192 3486 lepra,
3223 3418 3275 3472 id
3312 3428 3394 3472 est
3440 3418 3713 3472 immunes

2134 3509 2474 3578 appellantur
2518 3524 2547 3563 a
2587 3517 2835 3577 peccato,
2878 3507 2969 3577 qui
3016 3516 3171 3561 actus
3215 3506 3335 3573 sui,
3378 3506 3461 3561 vel
3508 3516 3711 3572 motus,

2135 3618 2238 3655 non
2276 3602 2476 3655 habent
2517 3616 2755 3655 sensum.
2785 3598 2938 3666 Quod
2973 3599 3016 3653 si
3051 3599 3192 3654 forte
3218 3599 3529 3667 apparuerit
3561 3599 3614 3652 iii
3644 3615 3711 3652 co

2134 3696 2290 3746 vivus
2316 3692 2465 3746 color
2498 3691 2765 3761 corporis,
2794 3690 2897 3743 hoc
2920 3699 3005 3744 est
3034 3704 3227 3743 sensus
3255 3690 3338 3743 sui
3377 3700 3626 3758 reparata
3658 3692 3710 3743 iu

2133 3795 2198 3834 eo
2233 3779 2393 3833 luerit
2431 3782 2662 3839 sanitas,
2693 3787 2748 3830 et
2777 3786 2898 3846 post
2930 3777 3046 3833 haec
3083 3778 3285 3847 aliquid
3319 3788 3509 3832 contra
3547 3781 3715 3831 ratio-

2134 3886 2255 3923 nein
2290 3868 2429 3925 recti
2463 3869 2706 3939 justique
2741 3877 2918 3938 gerat,
2952 3868 3191 3937 reputari
3228 3868 3278 3922 ei
3313 3878 3593 3937 peccatum
3630 3869 3714 3923 di-

2132 3964 2273 4016 citur
2305 3976 2369 4014 ex
2402 3974 2465 4015 ea
2498 3969 2650 4027 parte
2681 3974 2785 4027 qua
2819 3960 2976 4014 vivus
3005 3959 3177 4026 color,
3212 3959 3266 4015 id
3298 3970 3381 4016 est
3410 3974 3608 4015 sensus
3641 3961 3696 4015 in

2132 4068 2199 4107 eo
2231 4052 2366 4104 viva:
2395 4050 2620 4104 rationis
2645 4051 2979 4118 apparuerit.

2200 4150 2255 4203 7.
2296 4149 2478 4204 Tertia
2510 4148 2594 4203 lex
2642 4148 2711 4202 de
2740 4147 2972 4217 leprosis
3000 4156 3084 4203 est
3130 4162 3253 4203 cuni
3301 4150 3355 4201 in
3405 4156 3531 4203 cute
3580 4161 3707 4199 cor-

2128 4241 2279 4312 poris
2328 4241 2484 4295 ulcus
2547 4237 2798 4301 elIicitur,
2840 4248 2897 4294 et
2948 4239 3001 4293 in
3058 4237 3177 4292 loco
3232 4237 3432 4292 ulceris
3480 4236 3705 4291 cica;rix

2129 4336 2247 4388 alba
2299 4350 2421 4389 cum
2477 4336 2677 4388 rubore
2725 4333 3017 4388 invenitur.
3064 4330 3278 4387 Ulceris
3313 4340 3492 4383 autem
3543 4342 3705 4383 causa

2128 4437 2244 4492 est,
2285 4441 2407 4481 cum
2449 4426 2502 4480 in
2547 4439 2777 4495 corpore
2832 4425 3029 4479 humor
3075 4422 3330 4479 sordidus
3368 4421 3612 4477 abundat
3651 4430 3706 4475 et

440 4530 637 4586 quaeet
659 4521 708 4573 in
734 4522 838 4575 alio
868 4522 986 4577 loco
1010 4521 1150 4575 idem
1170 4520 1434 4576 Jereiiiias
1460 4524 1526 4577 ad
1554 4525 1750 4577 anima:
1772 4524 2015 4587 vulnera,
2050 4536 2094 4590 ι)
2126 4523 2339 4577 noxius.
2391 4521 2468 4574 Ita
2501 4534 2629 4590 ergo
2672 4529 2726 4573 et
2762 4520 2814 4573 in
2872 4518 3050 4573 anima
3099 4518 3283 4572 ulcera
3330 4515 3708 4584 intelliguntur

440 4623 495 4665 et
527 4626 708 4679 curas,
754 4613 806 4666 iii
839 4613 1035 4682 quibus
1067 4623 1246 4668 tamen
1278 4615 1506 4685 vestigia
1539 4616 1825 4669 vulnerum
1868 4631 2017 4669 rese-

441 4703 621 4757 derint
662 4714 781 4773 post
828 4705 1120 4759 obductam
1173 4705 1512 4770 cicatricem,
1547 4706 1630 4760 his
1673 4708 2020 4762 sermonibus

439 4806 707 4850 memerat
731 4796 775 4827 ³⁷
805 4813 818 4849 :
858 4813 879 4848 ι
909 4795 1050 4852 Ecce
1080 4812 1178 4867 ego
1223 4799 1487 4852 adducam
1524 4799 1836 4854 cicatricem
1879 4800 2018 4868 ejus,

438 4898 490 4939 et
541 4887 701 4939 simul
736 4889 941 4942 curabo
974 4903 1089 4954 eos,
1135 4898 1188 4943 et
1220 4890 1578 4945 niauifestabo
1621 4891 1701 4944 eis
1750 4906 1936 4961 pacein
1965 4902 2021 4944 et

442 4978 625 5042 tidem,
658 4991 709 5031 et
745 4979 906 5049 232
933 4991 1251 5035 convertam
1288 4983 1661 5051 captivitatem
1689 4982 1841 5037 .ludze
1882 4982 2020 5053 (5i),

439 5078 494 5119 et
533 5068 904 5137 captivitatem
954 5070 1275 5126 Jerusalem.
1304 5092 1322 5125 ι
1365 5072 1420 5128 Si
1452 5088 1580 5143 ergo
1627 5072 1955 5128 sulIicienter
1988 5090 2018 5128 a

439 5161 701 5226 propheta
754 5162 1043 5218 didicimus
1092 5164 1160 5217 dc
1206 5165 1527 5219 vulneribus
1572 5174 1626 5217 et
1670 5166 2021 5222 cicatricibus

441 5250 765 5320 animarum,
796 5263 851 5308 et
885 5257 1033 5310 curis
1072 5271 1136 5310 ac
1170 5258 1519 5322 sanitatibus,
1547 5273 1665 5327 qua:
1700 5258 1808 5312 Deo
1848 5261 2020 5315 inedi-

507 5390 560 5424 ”
598 5389 702 5447 ιω.
748 5408 797 5457 i,
846 5393 899 5449 6.
993 5395 1039 5427 ”
1078 5396 1207 5450 ibid.
1283 5398 1329 5430 "
1366 5396 1475 5453 Jer.
1510 5415 1642 5468 xxx,
1674 5398 1740 5452 12
1783 5410 1837 5455 et
1872 5415 2027 5470 seqq.

513 5512 626 5587 (29)
671 5513 848 5587 Neque
882 5514 1070 5569 oleum.
1114 5516 1271 5571 Deest
1325 5517 1378 5571 in
1424 5518 1576 5572 libris
1624 5529 1785 5571 antea
1831 5520 2017 5587 editis,

445 5583 537 5633 sed
576 5584 853 5658 suppletur
891 5600 921 5636 e
953 5602 1081 5658 mss.
1118 5587 1259 5639 Infra
1294 5600 1437 5642 recte
1486 5590 1651 5641 codex
1706 5583 2015 5658 Sttiigt°t‘ttt.,

448 5670 467 5703 ι
499 5654 877 5707 runtritioneni
917 5657 1067 5723 plaga
1100 5670 1186 5709 ttia
1218 5674 1337 5709 cum
1374 5658 1575 5710 dolore.
1607 5680 1625 5710 ι
1675 5654 2011 5724 ιίιιιιῖυιιίιι,

451 5741 469 5774 ι
501 5724 888 5775 (niitritimicin
921 5727 1087 5790 plaga:
1117 5736 1217 5778 tuae
1241 5743 1360 5779 cniii
1390 5728 1575 5780 dolore
1621 5749 1636 5776 ι

521 5792 631 5865 (30)
673 5792 863 5847 Unities
916 5808 1061 5860 mss,
1095 5815 1112 5845 ι
1142 5806 1319 5849 tunsa
1357 5798 1497 5850 lnl'ia
1530 5800 1659 5853 libb.
1690 5798 1839 5864 editi,
1882 5817 1899 5849 ι
1932 5815 2013 5853 ic-

2126 4630 2225 4679 ea,
2254 4628 2371 4682 quae
2411 4628 2477 4666 ex
2524 4612 2819 4682 immundis
2871 4610 3287 4680 cupiditatibus,
3332 4607 3419 4664 vel
3468 4606 3705 4663 sordidis

2126 4704 2547 4775 cogitationibus
2583 4669 2967 4759 eugrvcscunt.
3009 4701 3140 4768 Quae
3174 4702 3217 4757 si
3255 4700 3397 4755 forte
3440 4713 3537 4769 per
3584 4697 3705 4751 lidei

2127 4800 2362 4868 gratiam
2396 4806 2451 4852 et
2482 4798 2865 4851 remissionem
2916 4807 3104 4850 curata
3144 4804 3271 4849 sunt
3324 4801 3704 4863 peccatorum,

2127 4902 2182 4947 et
2216 4907 2346 4945 sana
2387 4890 2525 4944 facta
2557 4900 2643 4943 est
2674 4887 2876 4951 anima,
2913 4888 3111 4941 residet
3144 4897 3325 4940 tamen
3353 4886 3615 4949 cicatrix;
3653 4893 3707 4936 et

2128 4984 2172 5037 si
2222 4984 2334 5053 ipsa
2380 4982 2611 5036 cicatrix
2648 4996 2753 5035 non
2802 4980 2966 5034 habet
2994 4979 3226 5033 similem
3266 4978 3513 5045 corporis
3554 4976 3704 5029 colo-

2129 5093 2263 5141 rem,
2311 5077 2405 5130 sed
2436 5085 2518 5129 est
2558 5074 2812 5136 albidior,
2849 5072 2994 5139 lepra
3027 5086 3147 5125 esse
3190 5069 3593 5139 pronuntiatur.
3627 5064 3704 5118 lta

2124 5168 2268 5221 enim
2302 5166 2477 5221 lucida
2518 5164 2831 5219 videntibus
2869 5164 2979 5233 (32)
3021 5173 3102 5218 est
3142 5172 3197 5217 ct
3238 5163 3382 5217 clara
3413 5159 3705 5228 cupiditas,

2126 5258 2374 5315 utetiam
2416 5274 2583 5329 porro
2618 5257 2930 5313 videntibus
2972 5254 3177 5326 peccati
3225 5256 3278 5309 in
3319 5269 3379 5309 se
3416 5251 3707 5309 residentis

2794 5392 2839 5427 ’⁸
2879 5392 3049 5448 Levit.
3081 5408 3211 5457 xiii,
3252 5392 3341 5447 l2.

2128 5515 2335 5569 vocabo
2379 5515 2748 5569 sanctitatem.
2786 5532 2805 5566 ι
2849 5513 2955 5568 Sed
2990 5528 3147 5579 niss.,
3191 5532 3207 5565 ι
3244 5514 3508 5569 revocabo
3550 5512 3708 5566 sani-

2153 5603 2315 5639 ιιιριιι.
2343 5604 2359 5635 1

2129 5598 2315 5640 latent.
2343 5604 2359 5635 ι

2197 5658 2309 5717 (Sil)
2349 5656 2530 5706 Codex
2568 5653 2874 5721 Sangermu
2912 5673 2930 5705 ι
2960 5665 3010 5709 et
3044 5665 3355 5708 convertam
3398 5652 3613 5709 Iudam.
3643 5671 3662 5704 ι

2196 5727 2307 5795 (52)
2355 5724 2681 5778 Videntibus.
2730 5725 2880 5777 Deest
2937 5727 2988 5778 iii
3023 5727 3150 5778 lihb.
3182 5738 3339 5782 aiitca
3370 5726 3553 5790 editis,
3604 5724 3698 5779 scd

2121 5798 2399 5869 suppletur
2431 5817 2459 5851 c
2491 5796 2674 5851 codice
2710 5798 3193 5863 Saugeiiuancnsi.

2102 5398 2146 5430 ⁸⁷
2186 5395 2385 5451 Jerem.
2413 5408 2619 5461 xxxiii,
2662 5392 2715 5448 ti.
