4106 6246
390 278 499 333 501

1573 269 1639 323 ιικ
1676 267 2053 325 LEVITICUM
2088 265 2371 322 llOMlLM
2407 264 2543 321 Vill.

3565 257 3668 312 509.

395 393 656 450 ostendat
704 389 944 457 indicia;
985 395 1041 444 et
1089 385 1338 442 fortassis
1387 386 1598 455 peccati
1652 386 1809 449 talis,
1849 388 1991 454 quod
2024 390 2068 446 Α
2104 383 2411 451 fronleejus
2432 382 2775 448 deduxerint,
2803 378 3049 435 rccalvus
3073 386 3176 444 est,
3202 384 3254 430 ct
3284 374 3517 429 muudt's
3538 385 3673 427 est»

406 489 472 543 ad
518 496 755 541 mortem
793 483 895 549 sit;
935 491 990 538 et
1037 480 1156 535 ideo
1201 495 1308 534 non
1359 477 1535 533 solum
1585 476 1708 532 alba
1760 477 1990 532 cicatrix

406 593 550 644 esse,
580 577 675 631 sed
703 585 757 630 et
790 572 1086 628 rubicunda
1132 571 1488 625 describitur.
1534 568 1685 636 Quod
1715 584 1844 623 vero
1890 568 1992 622 lut-

407 669 681 724 miliorem
712 668 882 735 ipsam
920 664 1235 720 cicatricem
1269 663 1401 718 dicit
1442 661 1638 724 videri,
1670 670 1877 716 certum
1911 669 1996 715 est

408 760 537 830 quia
576 757 881 827 hujnsmodi
925 755 1132 809 macula
1184 755 1396 826 peccati
1448 752 1710 810 humilem
1744 762 1798 806 et
1843 751 1995 821 deje-

409 855 551 901 ctam
586 845 820 899 animam
852 844 1039 900 faciat.

474 935 530 990 8.
574 934 777 1001 Quarta
812 943 894 989 est
936 934 1052 1002 lex,
1100 934 1190 990 ubi
1236 933 1458 997 dicitur,
1508 934 1633 1003 quia
1688 933 1823 989 siin
1872 942 1995 988 cute

408 1025 501 1080 ﬁat
538 1027 754 1082 adustio
799 1026 964 1097 ignis,
1004 1035 1060 1082 et
1094 1035 1218 1097 post
1260 1029 1547 1105 brec.cum
1588 1037 1778 1082 sanata
1831 1025 1992 1079 fuerit

403 1118 642 1181 adustio,
690 1118 807 1188 ipsa
850 1117 1129 1187 Splendida
1176 1118 1307 1184 flat,
1351 1126 1405 1172 et
1437 1118 1563 1173 alba
1594 1134 1719 1172 cum
1768 1120 1989 1180 rubore,

408 1211 495 1264 vel
528 1218 679 1266 certe
726 1209 1002 1275 exalbida,
1048 1222 1105 1267 et
1140 1212 1278 1266 visio
1314 1211 1431 1278 ejus
1476 1210 1740 1266 humilior
1787 1210 1993 1276 reliqua

406 1312 552 1367 cute,
580 1312 634 1355 et
675 1303 814 1356 hanc
852 1302 984 1357 dicit
1018 1316 1142 1357 esse
1190 1302 1398 1373 lepram
1423 1342 1439 1370 ,
1482 1318 1603 1371 qua:
1644 1302 1696 1355 in
1747 1301 1992 1355 adustio-

408 1407 533 1447 netu
566 1393 804 1449 elliornit
838 1393 972 1463 (35).
1008 1392 1139 1450 Vide
1179 1409 1311 1465 ergo
1349 1395 1393 1449 si
1431 1408 1534 1449 non
1581 1393 1797 1447 adustio
1828 1400 1911 1445 est
1944 1391 1995 1443 in

409 1482 561 1538 omni
619 1482 803 1536 anima
876 1495 1217 1551 quaecunque
1280 1480 1476 1551 recipit
1526 1478 1705 1548 jacula
1776 1475 1997 1544 maligni

410 1572 620 1642 ignita;
654 1578 747 1624 aut
777 1570 820 1624 si
865 1585 971 1623 non
1015 1568 1127 1638 igni
1171 1570 1445 1633 aduritur,
1485 1568 1667 1623 omnis
1709 1567 1798 1636 qui
1842 1565 1999 1619 ardet

410 1664 463 1717 in
500 1674 688 1716 amore
713 1661 942 1716 carnali.
976 1659 1098 1716 Istae
1129 1667 1258 1714 sunt
1291 1675 1420 1731 ergo
1448 1660 1762 1715 adustiones
1789 1666 1844 1713 et
1873 1671 1997 1712 suc-

2095 475 2160 530 Et
2191 474 2578 529 convenienter
2612 474 2725 527 lucc.
2756 469 3066 525 referuntur
3097 470 3160 521 ad
3186 467 3446 532 animam,
3470 474 3527 518 ut
3553 480 3679 517 cum

2095 582 2156 623 ea
2186 582 2306 636 quae
2337 566 2418 620 sui
2450 572 2641 619 natura
2679 574 2889 617 mortua
2925 569 3055 614 sunt
3086 558 3269 625 abjicit
3301 574 3364 611 ac
3418 556 3679 626 deponit,

2096 660 2295 714 munda
2324 674 2445 713 esse
2468 656 2703 710 dicatur.
2738 655 2843 709 Sed
2877 661 3000 721 post
3040 652 3154 704 haec
3190 648 3234 703 si
3282 663 3342 701 ea
3380 663 3497 717 quae
3530 646 3680 715 prius

2095 748 2378 819 purificata
2413 746 2650 810 fuerant,
2711 742 3045 814 repullulare
3092 739 3370 795 sordidius
3413 749 3466 793 et
3500 738 3679 793 humi-

2094 841 2221 905 lius,
2250 855 2414 910 quam
2454 840 2692 908 dignitas
2731 836 2990 907 puritatis
3024 834 3264 902 expetit,
3315 831 3678 892 videbuntur,

2096 933 2431 987 immundam
2488 946 2552 984 ac
2587 930 2856 999 leprosam
2896 925 3135 980 animam
3183 922 3413 979 reddent
3448 921 3582 993 (55).
3620 921 3683 975 Et

2098 1022 2202 1079 boc
2228 1022 2333 1091 jam
2362 1020 2699 1092 generaliter
2726 1019 2794 1073 de
2816 1015 2963 1071 oumi
3006 1016 3223 1084 leproso
3245 1055 3258 1076 .
3295 1013 3347 1069 in
3382 1027 3491 1082 quo
3524 1014 3684 1068 fuerit

2099 1115 2356 1183 contagio
2416 1114 2608 1184 lepraa,
2656 1121 2709 1167 et
2755 1110 3012 1165 humilior
3077 1106 3355 1162 videbitur
3403 1123 3431 1160 a
3475 1106 3683 1176 reliqua

2098 1219 2257 1274 cule;
2318 1208 2576 1262 humilius
2608 1219 2839 1274 namque
2867 1213 2952 1258 est
2995 1215 3158 1257 omne
3195 1201 3397 1255 anima:
3429 1199 3621 1253 vitium
3654 1213 3685 1251 a

2103 1300 2326 1370 reliquis
2355 1300 2471 1367 ejus
2499 1299 2814 1353 virtutibus.
2845 1295 2957 1351 Lex
2992 1311 3112 1365 qua:
3139 1292 3404 1364 spiritalis
3442 1301 3548 1358 est,
3579 1291 3687 1347 alia

2100 1393 2346 1465 qumdam
2390 1391 2654 1447 decernit.
2695 1407 2713 1441 ι
2742 1389 3097 1453 Vestimenta,
3128 1387 3302 1457 inquit
3328 1387 3348 1419 ⁹
3412 1384 3530 1453 ejus
3576 1385 3688 1440 dis-

2102 1494 2221 1539 suta
2274 1485 2412 1547 sint,
2453 1491 2508 1536 et
2548 1490 2712 1550 caput
2747 1480 2864 1548 ejus
2896 1477 3210 1544 revelatum,
3244 1489 3295 1533 et
3330 1494 3391 1533 os
3425 1476 3541 1544 ejus
3600 1476 3690 1530 ad-

2100 1584 2374 1646 opertam.
2402 1593 2421 1627 ι
2444 1574 2547 1629 Per
2571 1590 2690 1643 quae
2711 1574 2958 1642 designat
2980 1589 3104 1627 emn
3123 1574 3212 1641 qui
3233 1574 3285 1627 in
3310 1574 3489 1627 anima
3513 1572 3692 1641 lepro-

2103 1683 2199 1722 sus
2221 1675 2326 1731 est,
2356 1666 2406 1719 id
2457 1675 2541 1718 est
2575 1667 2666 1733 qui
2705 1664 2945 1732 peccatis
2977 1665 3225 1719 confixus
3252 1673 3356 1726 est,
3389 1679 3494 1717 non
3525 1676 3689 1732 opor-

410 1753 700 1808 ceusiones
733 1751 896 1821 ignis.
925 1750 1030 1806 Sed
1077 1761 1130 1805 et
1163 1751 1252 1806 ille
1284 1750 1621 1806 adustiouem
1653 1748 1876 1819 patitur,
1906 1745 1996 1814 qui

2108 1771 2221 1814 tere
2253 1773 2477 1813 assuere
2512 1758 2613 1813 sibi
2644 1770 2973 1830 tegumenta,
3005 1774 3060 1815 et
3088 1760 3453 1829 turpitudines
3473 1759 3693 1827 operire

413 1842 600 1910 gloria:
634 1840 881 1897 humanae
924 1842 1218 1908 cupiditate
1277 1838 1645 1907 succenditur,
1683 1851 1737 1896 et
1769 1841 1861 1909 qui
1899 1838 1994 1897 irae

415 1933 498 1986 vel
537 1933 733 1987 furoris
765 1933 987 1987 aestibus
1018 1930 1401 1986 inﬂammatur.
1428 1931 1584 1999 Quod
1632 1934 1675 1987 si
1725 1931 1866 1989 forte
1900 1950 1997 1988 cu-

418 2035 569 2078 retur
597 2024 663 2079 ab
692 2024 777 2079 his
824 2024 1138 2079 vulneribus
1169 2024 1350 2078 anima
1386 2039 1482 2093 per
1532 2023 1727 2090 fidem,
1773 2036 1827 2081 et
1877 2036 1998 2096 post

413 2120 705 2172 sanitatem
746 2129 1014 2186 receptam
1049 2130 1362 2189 contempto
1411 2134 1477 2174 eo
1526 2121 1774 2175 dixit":
1807 2141 1826 2174 ι
1858 2123 1998 2178 Ecce

404 2209 517 2278 jam
546 2224 711 2264 sanus
751 2208 926 2265 factus
962 2226 1041 2275 es,
1079 2210 1185 2264 noli
1225 2225 1474 2281 peccare,
1506 2227 1573 2267 ne
1609 2213 1738 2283 quid
1773 2214 1865 2268 tibi
1907 2215 2000 2269 de-

413 2299 580 2355 terius
616 2300 928 2372 contingat;
956 2321 976 2355 ι
1023 2303 1247 2373 incipiat
1281 2305 1483 2359 veteris
1519 2303 1635 2359 vitii
1689 2305 1901 2362 fructus
1930 2322 1997 2363 ex

409 2391 641 2446 obducta
672 2391 934 2448 cicatrice
966 2394 1239 2463 proferre,
1271 2409 1373 2450 nec
1406 2406 1727 2467 exmquetur
1757 2381 1994 2454 cicatrix

411 2482 478 2537 ad
531 2482 722 2553 reliqui
778 2486 1023 2554 corporis
1066 2496 1283 2550 cutem,
1330 2488 1426 2541 sed
1474 2488 1544 2540 sit
1596 2487 1886 2556 humilior,
1943 2502 1998 2545 et

414 2572 561 2628 illum
600 2574 776 2631 adhuc
808 2578 1044 2633 retineat
1076 2578 1340 2645 colorem,
1386 2593 1547 2648 quem
1601 2581 1789 2636 habuit
1834 2582 1999 2654 lepra:

417 2675 693 2736 tempore;
722 2666 869 2739 lepra
904 2667 1024 2739 ejus
1065 2670 1117 2725 in
1154 2671 1440 2727 adustioue
1472 2670 1738 2736 reﬂoruit,
1778 2682 1832 2729 et
1877 2675 2001 2732 ideo

413 2757 724 2813 ltmnnndus
752 2775 781 2813 a
815 2761 1101 2816 sacerdote
1125 2760 1426 2832 judicatur.

484 2849 539 2903 9.
579 2849 775 2915 Quinta
808 2853 1022 2920 species
1060 2853 1224 2923 lepra:
1253 2865 1360 2922 est,
1404 2872 1527 2911 cum
1567 2855 1620 2912 in
1653 2858 1831 2926 capite
1866 2874 1997 2914 conv

417 2942 561 3011 tagio
606 2942 861 3009 eﬂicitur,
904 2953 997 2999 aut
1049 2946 1101 3000 in
1144 2947 1316 3002 barba
1374 2948 1515 3015 viri,
1562 2949 1680 3005 sive
1733 2951 1999 3020 mulieris,

416 3036 490 3089 ita
522 3046 578 3089 ut
611 3037 746 3091 visio
795 3039 1138 3107 contagionis
1180 3040 1354 3109 ipsius
1399 3041 1661 3098 humilior
1686 3043 1757 3098 sit
1798 3060 1827 3098 a
1876 3054 2001 3100 cttte

2101 1855 2336 1923 peccati.
2392 1855 2548 1910 Sicut
2585 1856 2733 1910 enim
2794 1856 2839 1909 is
2888 1855 3043 1925 cujus
3099 1853 3429 1908 vestimenta
3483 1852 3689 1906 dissuta

2100 1953 2248 2011 sunt,
2272 1946 2472 2000 nudam
2498 1956 2665 2015 atque
2685 1946 2947 1999 inlectam
2976 1945 3117 2014 gerit
3147 1942 3541 2012 turpitudinem
3567 1955 3693 1995 cor-

2103 2038 2291 2106 poris:
2317 2038 2392 2091 ita
2424 2047 2637 2106 oportet
2668 2052 2791 2089 eum
2826 2035 2915 2105 qui
2955 2035 3191 2104 peccatis
3233 2034 3504 2103 aliquibus
3530 2031 3691 2087 obse-

2110 2139 2239 2200 ptus
2266 2140 2371 2196 est,
2408 2129 2547 2183 mala
2578 2145 2674 2183 sua
2709 2139 2762 2182 ct
2792 2126 2994 2197 ﬂagitia
3030 2127 3191 2181 nullis
3221 2127 3508 2193 verborum
3536 2143 3691 2184 assu-

2104 2224 2329 2289 mentis,
2375 2222 2543 2277 nullis
2573 2221 2989 2275 excusationum
3024 2219 3387 2275 velaminibus
3423 2221 3636 2290 operire
3673 2238 3688 2276 τ

2105 2310 2185 2365 uti
2214 2324 2282 2364 ne
2316 2312 2409 2364 liat
2450 2310 2760 2380 sepulcrum
2790 2310 3123 2373 dealbatum,
3162 2309 3307 2378 quod
3334 2309 3540 2365 deforis
3565 2310 3689 2381 qui-

2102 2402 2225 2458 dem
2267 2414 2492 2473 apparct
2533 2402 2845 2457 hominibus
2892 2404 3197 2471 speciosum
3229 2441 3244 2465 ,
3296 2402 3446 2457 intus
3498 2414 3686 2458 autem

2102 2495 2320 2565 plenum
2354 2505 2438 2549 est
2492 2494 2710 2549 ossibus
2749 2500 3108 2558 mortuorum,
3158 2501 3214 2548 et
3256 2495 3408 2549 omni
3458 2495 3693 2549 immun-

2101 2585 2254 2640 ditia.
2314 2583 2438 2639 Vult
2496 2600 2628 2653 ergo
2688 2584 2774 2639 lex
2819 2583 2999 2639 divina
3039 2593 3383 2654 peccatorent
3435 2600 3543 2640 non
3598 2599 3692 2641 so-

2104 2677 2213 2731 lum
2239 2675 2562 2731 vestimenta
2590 2692 2695 2731 non
2737 2692 2985 2743 assuere,
3024 2677 3117 2733 sed
3145 2686 3199 2732 et
3224 2687 3386 2747 caput
3425 2692 3533 2731 non
3561 2692 3693 2732 con-

2104 2776 2330 2838 tegere:
2364 2777 2424 2822 ut
2449 2768 2493 2822 si
2518 2769 2661 2838 quod
2697 2777 2780 2823 est
2817 2768 3015 2839 capitis
3037 2769 3319 2835 delictum,
3350 2772 3401 2826 id
3427 2780 3514 2827 est
3553 2771 3597 2825 si
3638 2770 3693 2824 in

2105 2861 2279 2915 Deunt
2335 2859 2543 2930 aliquid
2575 2860 2926 2915 commissum
2959 2871 3063 2928 εει,
3100 2860 3145 2917 εἰ
3190 2862 3242 2916 in
3272 2862 3378 2917 lide
3408 2871 3693 2932 peccatum

2104 2963 2207 3019 est,
2244 2967 2311 3007 ne
2335 2953 2450 3008 lucc
2480 2953 2698 3021 quidem
2751 2953 3062 3007 habeantur
3096 2953 3311 3009 obtecta
3336 2991 3353 3017 ,
3388 2954 3482 3008 sed
3514 2952 3694 3008 omni-

2108 3045 2211 3100 bus
2243 3046 2611 3115 publicentur,
2642 3055 2699 3099 ιιι
2731 3047 3043 3101 interventu
3074 3056 3123 3100 el
3176 3046 3529 3114 correptione
3568 3061 3689 3101 om-

414 3130 681 3200 eorporis,
707 3139 762 3185 et
796 3131 913 3186 haec
943 3140 1027 3185 εει
1056 3131 1201 3201 lepra
1232 3133 1447 3202 capitis,
1481 3134 1564 3189 vel
1613 3136 1817 3190 barbae.
1853 3137 1993 3192 Vide
2026 3114 2074 3174 (ἶ
2108 3114 2257 3192 nium
2282 3139 2621 3202 emendetur,
2646 3148 2700 3192 et
2728 3138 2943 3192 veniam
2984 3138 3690 3194 mereatur.Vet-umtamen

416 3235 547 3291 ergo
573 3220 618 3276 si
654 3229 833 3291 potest
868 3222 1006 3288 ﬁeri,
1035 3231 1092 3275 ut
1136 3222 1281 3293 lepra
1325 3223 1521 3293 capitis
1552 3236 1771 3293 putetur
1808 3226 1861 3281 in
1907 3243 1995 3292 co,

421 3311 515 3378 qui
546 3326 648 3366 non
680 3311 844 3367 habet
879 3322 1040 3381 caput
1071 3312 1375 3381 Christum,
1404 3316 1498 3369 sed
1531 3314 1698 3369 alium
1738 3317 1995 3387 aliquem,

423 3402 573 3457 verbi
625 3418 813 3468 causa,
860 3403 1153 3472 Epicurum
1201 3403 1531 3472 voluptatem
1577 3421 1849 3460 summum
1899 3408 1998 3460 bo-

420 3509 547 3549 num
609 3496 1033 3565 prazdicantem,
1082 3511 1210 3549 num
1248 3495 1341 3549 tibi
1382 3505 1439 3550 et
1491 3506 1686 3565 caput,
1731 3507 1787 3552 et
1829 3498 1998 3553 barba

420 3589 543 3644 talis
574 3578 807 3644 hominis
838 3589 1054 3643 videtur
1083 3587 1403 3642 immunda?
1437 3588 1542 3642 Sed
1579 3598 1633 3643 et
1664 3590 1710 3644 is
1742 3590 1833 3658 qui
1871 3606 1996 3645 cum

416 3679 612 3733 debeat
659 3695 780 3734 esse
834 3680 937 3744 vir,
983 3687 1037 3733 ει
1087 3693 1249 3749 agere
1310 3687 1567 3747 tanquam
1618 3681 1911 3750 perfectus,
1954 3684 1997 3736 si

417 3773 559 3826 forte
603 3772 760 3827 facile
798 3783 851 3827 et
894 3781 1154 3841 tauquam
1197 3787 1331 3841 puer
1380 3771 1631 3826 vincatur
1672 3789 1701 3827 a
1746 3784 1997 3844 peccato,

417 3864 580 3919 etiam
606 3864 720 3933 ipse
746 3864 955 3932 lepram
989 3864 1168 3919 barbze
1197 3865 1399 3921 habere
1432 3865 1695 3921 dicendus
1722 3876 1837 3933 est;
1873 3868 1999 3938 quia

421 3972 545 4011 cum
576 3958 800 4011 vincere
842 3957 1068 4011 deberet
1100 3956 1420 4024 malignum,
1449 3966 1505 4013 et
1545 3960 1869 4015 sacerdotali
1902 3962 2000 4018 ho-

421 4062 574 4107 nore.
611 4049 700 4115 qtti
752 4049 805 4102 in
857 4049 1024 4103 barba
1080 4049 1420 4120 designatur,
1475 4051 1765 4117 incedere,
1811 4054 1998 4110 adole-

420 4140 644 4195 scentia:
677 4140 827 4193 vitiis
859 4140 1170 4208 impeditus,
1203 4139 1413 4209 lepram
1448 4142 1635 4197 barbae
1671 4145 1997 4213 perpetitur.

420 4229 701 4285 Mulierem
748 4240 930 4285 autem
1004 4234 1241 4287 animam
1300 4232 1354 4287 in
1412 4233 1714 4304 Scripturis
1770 4236 2003 4291 indicari

421 4335 565 4386 eam,
607 4339 727 4393 qua:
774 4339 882 4378 non
927 4333 1035 4378 tam
1091 4325 1337 4394 proferre
1384 4342 1570 4383 semen
1618 4329 1787 4395 verbi,
1837 4345 2000 4399 quam

421 4415 700 4483 suscipere
751 4423 952 4483 potest,
999 4429 1142 4483 saepe
1190 4416 1396 4470 dictuut
1441 4427 1563 4481 est;
1615 4433 1736 4487 quae
1791 4418 1996 4488 lepram

423 4505 626 4558 habere
679 4505 997 4575 designatur
1044 4508 1097 4560 itt
1151 4509 1347 4577 capite,
1388 4509 1432 4563 si
1467 4510 1645 4563 virum
1687 4510 1779 4579 qui
1834 4522 2000 4577 caput

423 4596 666 4650 mulieris
710 4607 817 4663 est,
851 4597 901 4652 id
938 4606 1024 4652 est
1078 4597 1356 4652 doctorem
1397 4599 1661 4667 pollutum
1698 4600 1895 4655 habeat
1947 4611 2003 4655 et

421 4684 793 4751 immundum,
847 4696 902 4739 ut
938 4686 1297 4755 Marcionem,
1348 4676 1445 4741 an
1497 4688 1867 4756 Valentinum,
1905 4700 2002 4744 aut

424 4778 656 4846 aliquem
688 4779 949 4846 ejusmodi
976 4794 1231 4846 sequens.

492 4870 579 4922 lt).
619 4870 781 4925 Sexta
823 4871 935 4939 jam
965 4880 1019 4924 et
1064 4872 1252 4926 ultima
1302 4873 1517 4942 species
1552 4874 1715 4942 leprae
1757 4874 1999 4944 ponitur,

419 4975 539 5030 quae
581 4964 644 5015 fit
690 4963 744 5015 in
788 4963 1003 5017 calvitie
1049 4963 1132 5016 vel
1199 4964 1480 5020 recalvitie
1526 4965 1696 5037 (34);
1741 4983 1858 5036 qua:
1918 4983 2006 5022 res

422 5064 684 5119 quantum
730 5055 780 5107 in
840 5054 1038 5124 seipsis
1088 5064 1201 5121 est,
1256 5058 1471 5111 mundae
1515 5066 1661 5112 sunt.
1713 5058 1805 5113 Sic
1855 5061 2005 5113 enim

427 5144 588 5213 233
620 5146 753 5198 dixit
783 5160 836 5198 et
867 5149 985 5200 lex:
1029 5164 1047 5197 ι
1070 5146 1128 5201 Si
1179 5146 1355 5215 cujus,
1398 5149 1570 5219 inquit
1610 5150 1647 5213 ¹,
1680 5150 2002 5205 delluxerint

420 5236 604 5303 capilli
640 5236 858 5305 capitis,
890 5237 1076 5291 calvus
1103 5248 1207 5302 est,
1263 5240 1495 5295 mundus
1520 5250 1625 5295 est.
1666 5242 1724 5296 Si
1754 5255 1936 5297 autem
1968 5257 1999 5297 a

491 5373 538 5405 ⁹⁹
576 5371 733 5429 Joan.
761 5390 816 5441 ν,
843 5375 932 5430 14.
1012 5375 1028 5407 ¹
1052 5374 1223 5431 Levit.
1254 5392 1373 5441 xttt,
1406 5377 1495 5431 40.
1571 5382 1591 5411 ²
1623 5379 1749 5434 ibid.
1792 5379 1885 5434 45.

500 5493 611 5573 (ὖᾷ)
650 5493 831 5573 codex
867 5495 1177 5573 Sang_e_rm.,
1220 5515 1238 5573 ι
1267 5508 1321 5552 ει
1352 5499 1455 5555 hoc
1485 5500 1613 5554 dicit
1643 5514 1762 5556 esse
1792 5504 1996 5572 lepram

423 5578 545 5631 qua:
570 5566 620 5616 in
653 5566 940 5621 adustione
968 5568 1285 5621 ellluruerit.
1312 5586 1331 5619 ι

497 5633 609 5703 (54)
649 5633 803 5689 Libb.
835 5637 991 5702 editi,
1029 5657 1047 5688 ι
1079 5637 1302 5692 calvitio
1331 5637 1414 5692 vel
1445 5640 1859 5698 recalvatione.)
1894 5642 1999 5698 Sed

429 5704 600 5758 codex
640 5704 923 5772 Sangertn.
950 5716 1002 5765 ct
1034 5708 1125 5764 alii
1156 5718 1213 5763 ιιι
1242 5709 1295 5764 in
1326 5720 1511 5766 nostro
1542 5719 1715 5767 textu.

2108 3236 2359 3304 leprosus
2414 3234 2538 3299 iste,
2623 3249 2684 3286 os
2720 3236 3098 3289 tantummodo
3143 3232 3364 3303 jnbetur
3407 3234 3691 3301 obtegere.

2105 3321 2245 3388 Quid
2290 3331 2373 3375 est
2419 3323 2523 3375 hoc
2560 3323 2705 3389 quod
2751 3338 2944 3377 omnes
2997 3324 3244 3392 corporis
3279 3331 3461 3391 partes
3522 3324 3694 3377 nudas

2114 3411 2319 3465 habere
2347 3411 2686 3479 prmcipitur,
2739 3422 2795 3465 et
2824 3394 2902 3466 los
2946 3412 3119 3467 solum
3168 3415 3383 3478 operire
3420 3412 3695 3481 jubetur?

2109 3498 2302 3553 Nonne
2340 3498 2516 3568 palam
2544 3508 2629 3553 est
2666 3511 2720 3553 et
2750 3501 2801 3553 in
2840 3511 3031 3569 aperto
3055 3500 3315 3570 positum,
3354 3501 3497 3568 quod
3529 3502 3574 3555 ei
3600 3503 3691 3570 qui

2108 3590 2162 3644 in
2206 3590 2354 3660 lepra
2381 3589 2592 3660 peccati
2629 3602 2732 3656 est,
2760 3592 3036 3646 clauditur
3067 3600 3271 3657 sermo,
3304 3592 3579 3647 clauditur
3604 3610 3693 3658 os,

2109 3694 2165 3736 ut
2194 3683 2391 3738 fiducia
2423 3684 2698 3738 sermonis
2728 3684 3045 3738 ebéacendi
3097 3686 3399 3739 auctoritas
3429 3686 3691 3740 excluda-

2111 3772 2237 3826 tur?
2278 3791 2297 3825 ι
2336 3773 2615 3828 Peccatori
2645 3774 2791 3828 enim
2831 3775 2972 3828 dixit
2996 3775 3139 3829 Deus
3172 3793 3186 3830 ;
3230 3776 3411 3842 Quare
3439 3787 3493 3829 tu
3530 3791 3693 3831 enar-

2110 3880 2202 3920 ras
2231 3863 2475 3932 justitias
2508 3879 2678 3931 meas,
2713 3874 2768 3919 et
2805 3864 3040 3921 assumis
3088 3874 3476 3921 testamentum
3509 3880 3691 3921 meum

2108 3974 2204 4028 per
2232 3974 2295 4014 os
2325 3970 2472 4015 tuum
2507 3958 2530 3990 ⁸
2554 3961 2578 4014 ?
2600 3979 2616 4009 ι
2635 3958 2890 4014 Clausum
2922 3974 3049 4029 ergo
3084 3960 3286 4016 habeat
3317 3977 3383 4017 os
3414 3972 3699 4033 peccator,

2107 4048 2237 4118 quia
2269 4048 2359 4117 qui
2387 4047 2624 4117 seipsmn
2657 4063 2762 4102 non
2797 4048 3001 4112 docuit,
3028 4050 3227 4105 docere
3249 4050 3414 4104 alium
3455 4065 3562 4106 non
3596 4067 3694 4120 poo

2111 4149 2245 4195 test:
2271 4141 2393 4194 ideo
2411 4155 2472 4194 os
2500 4155 2657 4194 suum
2676 4140 2897 4209 jnbetur
2914 4140 3153 4210 operire,
3173 4142 3264 4210 qui
3296 4141 3437 4196 male
3459 4142 3695 4212 agendo,

2109 4230 2362 4300 loquendi
2399 4231 2637 4301 perdidit
2666 4231 2996 4285 libertatem.
3022 4252 3040 4283 ι
3068 4231 3402 4298 lmmundtts,
3447 4235 3625 4304 inquit
3646 4235 3690 4299 ⁸,

2113 4323 2240 4387 erit,
2293 4331 2349 4377 et
2381 4332 2663 4392 separatus
2711 4323 2920 4376 sedebit
2966 4321 3120 4388 foris,
3163 4333 3322 4378 extra
3356 4335 3533 4380 castra
3586 4326 3695 4381 erit

2110 4415 2457 4469 conversatio
2488 4411 2625 4480 ejus.
2664 4430 2681 4464 ι
2727 4413 2946 4467 Clarum
2980 4416 3225 4483 estquod
3249 4416 3426 4471 omnis
3452 4416 3689 4471 immun-

2112 4507 2216 4561 dus
2242 4506 2531 4575 abjiciatur
2552 4523 2577 4561 a
2610 4515 2882 4563 conventu
2910 4506 3195 4574 bonorum,
3225 4518 3281 4563 et
3314 4520 3635 4580 scgregetur
3658 4526 3694 4564 a

2110 4610 2279 4666 cretu,
2335 4601 2641 4670 castrisque
2697 4610 3045 4666 sanctorum;
3101 4609 3157 4655 et
3207 4602 3332 4655 ideo
3368 4603 3520 4667 dicit,
3561 4602 3689 4672 quia

2109 4702 2263 4746 extra
2309 4702 2492 4748 castra
2537 4693 2643 4747 erit
2678 4692 3023 4748 conversatio
3056 4689 3193 4756 ejus.
3235 4694 3388 4759 Quod
3450 4694 3495 4748 si
3548 4694 3690 4747 forte

2111 4786 2403 4838 mundatus
2435 4783 2616 4848 fuerit,
2658 4794 2854 4853 sponte
2885 4784 3129 4851 quidem,
3175 4798 3206 4836 a
3251 4785 3548 4852 semetipso
3580 4799 3688 4839 non

2111 4877 2257 4930 venit
2284 4876 2347 4929 ad
2380 4879 2725 4932 sacerdotem
2756 4893 2772 4943 ;
2812 4878 2904 4930 sed
2949 4874 3195 4937 ollertur,
3235 4878 3434 4947 inquit,
3461 4874 3532 4929 ab
3558 4876 3688 4940 alio,

2108 4983 2207 5020 nec
2243 4969 2410 5022 intrat
2459 4968 2513 5022 in
2542 4979 2742 5023 castra.
2774 4969 2963 5036 Neque
2994 4969 3140 5021 enim
3173 4968 3504 5022 conveniens
3535 4972 3685 5032 erat,

2106 5070 2167 5115 ut
2196 5075 2258 5115 ea
2285 5061 2373 5116 die
2407 5076 2517 5131 qua
2546 5062 2932 5129 mundabatur,
2987 5064 3302 5132 priusquam
3353 5061 3549 5115 ﬂerent
3587 5074 3691 5129 pro

2106 5165 2170 5207 eo
2202 5168 2324 5224 qua:
2353 5152 2769 5221 competebant,
2821 5157 3073 5212 introiret
3117 5156 3173 5209 in
3207 5162 3411 5208 castra.
3457 5149 3677 5222 Propter

2099 5248 2247 5319 quod
2270 5267 2287 5297 ι
2312 5249 2592 5313 sacerdos,
2626 5248 3053 5319 iuquit',exibit
3081 5249 3147 5302 ad
3186 5262 3311 5302 eum
3346 5247 3494 5302 foras
3526 5253 3679 5300 extra

1964 5380 1983 5411 ³
2007 5381 2147 5438 Psal.
2188 5397 2237 5447 L,
2274 5383 2362 5440 l6.

2440 5381 2642 5436 ‘Levit.
2676 5398 2795 5449 xm,
2823 5381 2913 5435 46.
2989 5383 3010 5414 ⁸
3040 5382 3218 5437 chit.
3251 5398 3362 5449 xtv,
3395 5382 3450 5437 8.

2182 5504 2294 5576 (35)
2337 5505 2494 5562 Libb.
2550 5515 2709 5559 antea
2756 5504 2930 5577 editi,
2967 5523 2987 5557 ι
3030 5505 3354 5575 repullulare
3412 5508 3682 5577 casperint

2110 5578 2384 5632 sordidius
2555 5577 2878 5632 videbuntur
2903 5576 3202 5648 immunda,
3236 5594 3300 5631 ac
3327 5576 3617 5648 leprosum,
3661 5596 3687 5630 ι

2110 5660 2217 5705 etc.
2255 5648 2483 5705 Codices
2508 5660 2639 5705 vero
2660 5662 2791 5705 mss.
2817 5654 2876 5703 ut
2901 5646 2953 5703 in
2982 5658 3169 5706 nostro
3208 5657 3378 5708 textu.

3080 5862 3131 5879 μί

2990 5924 3027 5959 ,Ι
