4106 6246
477 297 582 352 505

1909 300 2231 356 ORIGENIS

3625 300 3747 354 594

475 423 676 468 castra.
729 431 744 463 ι
789 413 1013 480 cnunper
1037 415 1178 468 enim
1210 414 1273 467 ad
1303 430 1423 469 eum
1450 416 1541 484 qui
1598 417 1836 470 nondum
1872 427 2050 486 potest
2080 424 2123 476 Α
2156 434 2261 473 non
2308 419 2421 487 ipsc
2448 416 2703 472 sacerdos
2735 415 3019 470 immolare
3051 412 3308 483 gallinam
3336 413 3557 476 dicitur,
3593 428 3750 467 nou-

482 504 708 557 introire
737 504 789 556 in
822 512 1027 567 castra,
1061 504 1174 555 exit
1207 504 1293 558 ille
1342 507 1432 573 qui
1477 515 1653 574 potest
1698 507 1851 560 exire
1896 518 2048 561 extra

477 604 679 656 castra,
723 595 813 662 qui
856 594 985 648 dicit
1011 594 1031 624 ⁵
1066 609 1079 645 :
1112 612 1130 645 ι
1171 593 1283 664 Ego
1324 611 1352 648 a
1396 596 1503 651 Deo
1534 598 1702 661 exivi,
1746 608 1799 651 et
1842 599 1962 651 veni
1996 598 2048 651 in

480 687 622 738 hunc
655 685 932 741 mundum.
964 702 982 735 ι
1014 685 1136 738 Exit
1159 700 1288 754 ergo
1307 687 1373 741 ad
1401 702 1519 741 eum
1545 689 1822 753 sacerdos,
1846 698 1899 744 et
1922 704 2048 743 con-

477 776 683 831 siderat
707 779 750 830 si
789 777 901 846 jam
949 776 1149 845 recepit
1178 779 1489 844 sanitatem,
1522 781 1564 832 si
1593 796 1621 832 a
1661 780 1823 849 lepra:
1858 792 2048 836 conta—

475 868 635 935 giuuc
663 876 923 936 purgatus
953 876 1055 919 est.
1100 864 1236 919 Cum
1274 877 1453 921 autent
1486 870 1685 923 viderit
1719 885 1841 924 eum
1868 886 2048 925 sacer-

474 958 597 1022 dos,
634 960 879 1029 prmcipit
914 979 931 1011 ι
977 971 1035 1014 ιιι
1060 961 1399 1030 accipiantur
1422 961 1539 1015 dua:
1570 962 1785 1031 gallina:
1814 964 1969 1027 vivae,
1998 965 2045 1018 ei

474 1052 565 1119 qui
595 1053 904 1117 mandatur,
937 1061 992 1106 et
1033 1052 1237 1121 lignum
1279 1052 1580 1119 cedrinum,
1627 1064 1679 1107 et
1712 1069 1909 1111 coccus
1940 1066 2050 1109 tor-

475 1153 581 1208 tus,
623 1153 675 1196 et
707 1142 975 1212 hyssopus
998 1142 1041 1197 ⁷.
1074 1163 1093 1195 ι
1138 1142 1400 1196 Videntur
1435 1143 1563 1197 mihi
1607 1144 1769 1198 etiam
1802 1145 1888 1199 hic
1927 1146 2046 1199 dure

474 1235 588 1288 ista:
605 1234 841 1303 gallinae,
870 1233 1068 1287 habere
1091 1234 1498 1289 similitudinem
1519 1237 1800 1304 quamdam
1816 1238 2042 1291 duorum

473 1326 774 1390 hircorum,
827 1339 892 1379 ex
933 1325 1129 1394 quibus
1163 1342 1301 1380 unus
1339 1327 1563 1382 Domino
1594 1327 1850 1394 oﬁ'ertur,
1907 1331 2043 1384 alius

474 1416 527 1469 in
575 1432 816 1470 eremum
852 1417 1158 1485 emittitur;
1210 1418 1284 1471 ita
1317 1420 1460 1473 en‘lm
1506 1430 1558 1474 et
1593 1420 1679 1474 hic
1726 1436 1787 1474 ex
1838 1420 2044 1475 duabus

472 1509 690 1576 gallinis
723 1523 822 1561 una
866 1507 1181 1562 inunolatur
1206 1550 1219 1572 ,
1245 1517 1299 1562 et
1324 1509 1429 1563 alia
1461 1510 1513 1563 in
1542 1526 1789 1581 campum
1815 1513 2043 1565 dimitti-

474 1610 582 1651 tur.
616 1598 713 1650 Dat
746 1612 875 1665 ergo
901 1609 952 1651 et
985 1599 1070 1651 hic
1102 1598 1190 1665 qui
1234 1610 1493 1666 purgatur
1522 1614 1550 1652 a
1584 1599 1729 1667 lepra
1760 1642 1774 1663 ,
1809 1601 2040 1668 aliquam

472 1697 680 1755 partem
714 1688 1132 1756 quaeabjiciatur
1166 1689 1217 1742 in
1250 1702 1528 1742 eremum:
1557 1689 1661 1742 alia
1687 1700 1863 1744 autem
1896 1707 2040 1758 pan,

472 1779 697 1832 Domino
719 1778 942 1831 oﬂ'ertur
973 1793 1070 1846 pro
1093 1793 1177 1831 eo.
1201 1776 1448 1831 Nondum
1482 1786 1660 1832 tamen
1688 1779 1777 1834 ltic
1800 1779 1891 1848 qui
1912 1795 2041 1849 pur-
2081 1760 2119 1812 Β

472 1881 628 1939 gatnr
652 1886 678 1923 a
697 1869 867 1938 lepra,
883 1877 935 1921 et
956 1868 1109 1948 offert
1127 1868 1381 1934 gallinas,
1400 1869 1559 1924 etiam
1584 1869 1726 1923 illam
1746 1871 1913 1940 ipsam
1930 1871 2041 1942 (56)

471 1975 592 2027 quze
657 1974 754 2029 pro
807 1974 870 2013 eo
932 1959 1160 2012 Domino
1220 1958 1479 2024 olTertur,
1540 1962 1602 2013 ad
1667 1960 1837 2015 altare
1889 1961 2043 2017 ollert

471 2048 615 2101 sicut
641 2058 878 2101 turtures
899 2087 913 2112 ,
955 2056 1048 2099 aut
1071 2046 1373 2101 columbas.
1404 2047 1653 2103 Nondum
1684 2050 1827 2104 enim
1855 2050 2040 2104 eadem

468 2141 555 2193 die
588 2139 633 2192 is
675 2140 768 2207 qui
813 2147 1075 2208 purgatur
1125 2154 1153 2191 a
1206 2138 1376 2207 lepra,
1423 2140 1603 2194 divino
1656 2140 1811 2195 altari
1849 2143 2042 2211 dignus

471 2231 720 2285 ellicitur.
756 2228 988 2297 Propter
1024 2229 1168 2298 quod
1200 2232 1420 2283 mandat
1448 2230 1742 2300 lt-gislator,
1771 2241 1828 2286 ut
1853 2236 2039 2288 eadem

471 2323 561 2376 die
590 2336 694 2391 qua
732 2332 1013 2391 purgatur,
1049 2320 1391 2391 accipiantur
1414 2323 1530 2376 dua:
1553 2324 1763 2391 galltnae
1794 2325 1859 2377 ad
1888 2328 2039 2393 puri-

473 2416 778 2469 licationem
803 2414 942 2480 ejus.
990 2411 1129 2467 Puto
1162 2423 1346 2468 autem
1377 2414 1516 2482 quod
1557 2425 1611 2469 et
1644 2416 1731 2470 hic
1759 2416 1903 2471 illius
1927 2418 2042 2487 gal-

470 2511 591 2564 lina:
625 2510 934 2564 intellectus
961 2508 1194 2562 latenter
1224 2508 1511 2575 habeatur,
1535 2525 1631 2579 per
1663 2525 1821 2579 quam
1855 2511 2042 2581 puriﬁ-

467 2602 613 2655 catio
663 2601 898 2655 clﬁcttur
947 2604 1277 2672 peccatoris,
1314 2603 1379 2657 de
1422 2617 1526 2671 qua
1563 2602 1824 2671 scriptum
1865 2612 1946 2657 est
1976 2604 2034 2655 ἐ

473 2713 492 2745 ι
530 2695 755 2760 Quoties
787 2695 929 2749 volui
961 2710 1294 2765 congregare
1328 2695 1473 2749 ﬁlios
1497 2704 1638 2759 tuos,
1672 2696 1813 2749 sicut
1844 2696 2037 2765 gallina

467 2794 766 2854 congregat
799 2785 970 2854 pullos
1016 2801 1144 2841 suos
1192 2788 1291 2840 sub
1336 2784 1437 2840 alis
1470 2784 1609 2849 suis,
1639 2793 1692 2839 et
1715 2783 1839 2837 nolu
1866 2785 1933 2838 sti
1967 2784 2031 2837 ?i

472 2882 683 2952 lndiget
717 2891 897 2936 tamen
939 2892 993 2934 ut
1025 2897 1122 2949 per
1162 2880 1366 2949 lignum
1406 2878 1687 2933 cedrinum
1725 2879 2041 2947 puriﬁcetur

469 2976 515 3030 is
538 2975 628 3044 qui
654 2972 993 3043 puriﬁcatur.
1022 2972 1359 3043 Impossibile
1381 2985 1617 3039 namque
1636 2983 1717 3026 est
1746 2973 1862 3026 sine
1894 2971 2039 3039 ligno

2154 510 2279 562 dum
2314 508 2456 561 enim
2487 507 2680 574 dignus
2707 515 2791 559 est
2819 506 2906 558 hic
2933 505 3024 573 qui
3055 504 3158 557 fuit
3211 503 3479 571 leprosus,
3525 513 3581 555 ut
3612 505 3748 572 ipse

2154 597 2410 653 sacerdos
2441 611 2537 664 pro
2559 610 2623 648 eo
2653 594 2916 648 immolet.
2946 593 3174 663 Propter
3203 595 3343 663 quod
3378 609 3477 647 nec
3503 597 3738 663 sanguis

2153 691 2366 760 gallina:
2388 688 2613 742 olfcrtur
2644 687 2709 739 ad
2750 686 2954 749 altare,
2989 687 3082 739 sed
3115 686 3244 740 dicit
3278 685 3402 753 quia
3441 687 3733 740 occidetur

2152 782 2351 852 gallina
2382 780 2433 832 in
2460 777 2679 832 vasculo
2711 775 2860 830 fictili
2895 814 2907 837 ,
2943 775 2994 827 in
3028 790 3137 844 quo
3170 788 3299 827 vase
3330 789 3471 843 aqua
3510 776 3628 828 viva
3653 774 3736 829 sit

2154 874 2344 935 missa,
2386 884 2444 925 ut
2480 880 2533 923 ct
2564 884 2699 939 aqua
2739 877 3049 920 assumatur
3072 865 3138 917 ad
3165 863 3599 931 purificationem
3620 905 3633 925 ,
3667 875 3736 918 et.

2152 962 2488 1031 compleatur
2521 958 2799 1029 plenitudo
2825 952 3065 1024 mysterii
3099 953 3149 1005 in
3174 968 3311 1021 aqua
3341 962 3396 1006 et
3430 954 3729 1021 sanguine,

2152 1057 2294 1125 quod
2333 1055 2535 1109 dicitur
2566 1052 2747 1106 exisse
2777 1050 2840 1103 de
2870 1046 3040 1099 latere
3070 1043 3374 1101 Salvatoris
3403 1047 3471 1107 ι’,
3507 1057 3560 1103 et
3592 1047 3729 1101 illud

2153 1149 2502 1202 nihilmninus
2534 1148 2674 1215 quod
2707 1146 2944 1202 Joannes
2974 1149 3126 1218 ponit
3168 1149 3218 1201 in
3256 1143 3498 1214 Epistola
3532 1156 3625 1194 sua
3655 1140 3726 1204 “,

2150 1246 2203 1291 et
2234 1238 2365 1291 dicit
2400 1236 2831 1306 puriﬁcationem
2891 1237 3006 1290 ﬁeri
3050 1237 3101 1289 in
3133 1248 3295 1301 aqua,
3326 1241 3386 1284 et
3417 1228 3681 1298 sanguine
3702 1265 3721 1289 ,

2150 1341 2203 1384 et
2245 1331 2457 1399 spiritu.
2496 1327 2647 1383 Unde
2676 1336 2732 1383 et
2769 1327 2857 1382 hic
2888 1328 3045 1382 video
3086 1326 3269 1380 omnia
3308 1323 3409 1377 ista
3434 1320 3719 1389 compleri.

2152 1424 2385 1494 Spiritus
2422 1423 2565 1476 enim
2609 1432 2691 1476 est
2739 1421 2937 1491 gallina
2972 1419 3128 1473 istius
3163 1432 3284 1485 quae
3332 1414 3614 1477 occiditur,
3664 1421 3721 1465 et

2149 1533 2288 1587 aqua
2318 1517 2434 1571 viva
2467 1530 2586 1585 quae
2607 1516 2657 1569 in
2680 1528 2810 1569 vase
2839 1524 2942 1579 est,
2961 1521 3015 1566 et
3044 1510 3267 1580 sanguis
3288 1509 3373 1576 qui
3406 1523 3567 1574 super
3589 1520 3713 1558 cam

2150 1607 2375 1663 diﬁ‘usus
2412 1618 2515 1670 est,
2551 1622 2651 1660 non
2679 1605 2822 1675 quod
2858 1620 2952 1674 per
2993 1605 3107 1657 lucc
3136 1603 3427 1655 iterandam
3455 1597 3706 1664 baptismi

2150 1699 2373 1770 gratiam
2408 1698 2727 1760 sentiamus,
2764 1696 2858 1749 sed
2885 1694 3026 1763 quod
3055 1693 3233 1749 omnis
3256 1690 3546 1761 puriﬁcatio
3575 1704 3702 1757 pec-

2153 1800 2418 1855 catorum,
2442 1789 2602 1843 etiam
2636 1788 2747 1840 haec
2766 1804 2885 1857 qua:
2912 1801 3006 1856 per
3030 1782 3406 1854 paenitentiam
3434 1781 3701 1848 quteritnr,

2153 1881 2294 1934 illius
2329 1894 2432 1950 ope
2493 1878 2729 1946 indiget,
2783 1879 2849 1932 de
2884 1876 3036 1945 cujus
3072 1876 3241 1929 latere
3276 1887 3411 1941 aqua
3452 1872 3711 1940 processit

2150 1982 2203 2026 et
2234 1972 2478 2040 sanguis.
2517 1970 2646 2025 Vide
2677 1984 2806 2039 ergo
2847 1969 3121 2039 quomodo
3148 1975 3203 2021 et
3247 1964 3368 2019 viva
3401 1964 3637 2034 gallina,
3664 1970 3717 2015 et

2152 2063 2353 2133 lignum
2377 2060 2686 2126 cedrinum,
2718 2070 2773 2115 et
2795 2060 3076 2115 coccinum
3111 2066 3338 2121 tortum,
3365 2066 3420 2111 et
3451 2058 3720 2126 hyss0pus

2151 2154 2374 2223 tingitur
2403 2153 2455 2206 in
2486 2152 2753 2220 sanguine
2811 2151 2939 2219 pulli
2979 2159 3035 2205 et
3066 2165 3200 2219 aqua
3236 2149 3380 2213 viva,
3412 2156 3470 2201 ut
3500 2162 3568 2200 ex
3618 2147 3718 2201 hoc

2149 2258 2424 2314 aspersus,
2459 2253 2516 2298 et
2540 2243 2856 2310 puriﬁcatus
2883 2257 2949 2295 ex
2982 2257 3118 2310 aqua
3142 2251 3195 2294 et
3222 2240 3509 2306 sanguine,
3538 2238 3589 2290 in
3610 2254 3718 2306 quo

2150 2341 2311 2393 tincta
2328 2348 2411 2393 est
2429 2348 2484 2392 et
2499 2337 2587 2391 illa
2602 2336 2797 2405 gallina
2817 2350 2935 2405 qua:
2950 2335 3001 2387 iu
3020 2349 3268 2401 campum
3289 2332 3557 2386 emittitur
3578 2331 3714 2400 (38),

2147 2446 2201 2486 et
2225 2432 2426 2501 septies
2469 2440 2661 2486 contra
2703 2429 2986 2481 Dominum
3030 2440 3332 2494 respersus,
3362 2425 3406 2479 is
3439 2426 3529 2493 qui
3564 2425 3716 2492 puri-

2151 2524 2343 2577 ﬁcatur
2374 2524 2607 2576 mundus
2629 2518 2900 2575 clIiciatur
2934 2519 3003 2573 ab
3030 2518 3176 2574 omni
3208 2517 3569 2582 immunditia,
3608 2531 3712 2584 qua

2148 2617 2324 2670 fuerat
2347 2630 2412 2669 ex
2447 2614 2608 2682 lepra:
2642 2611 2964 2681 contagione
2992 2624 3297 2677 possessus.

2230 2702 2319 2757 il.
2364 2701 2469 2756 Sed
2494 2710 2550 2755 et
2574 2698 2701 2753 illud
2732 2700 2973 2763 adverte,
3004 2698 3275 2767 quomodo
3304 2711 3425 2751 cum
3475 2697 3725 2763 superius

2157 2792 2362 2847 dixerit
2389 2790 2471 2843 “z
2514 2810 2530 2841 ι
2571 2788 2694 2843 llaec
2720 2788 2805 2842 lex
2837 2788 3032 2857 leprosi
3083 2788 3137 2840 in
3183 2802 3287 2855 qua
3322 2785 3407 2841 die
3434 2786 3723 2841 mundatus

2158 2884 2339 2945 fuerit,
2366 2899 2384 2934 ι
2411 2897 2553 2936 nunc
2583 2881 2665 2933 his
2694 2878 2947 2933 omnibus
2968 2879 3137 2943 addit,
3162 2887 3215 2933 et
3241 2876 3409 2931 dicit;
3441 2895 3460 2928 ι
3492 2888 3547 2930 et
3572 2893 3721 2930 mun-

2156 2977 2257 3031 dus
2288 2974 2412 3029 erit.
2448 2993 2467 3026 ι
2500 2973 2555 3029 Si
2587 2972 2733 3027 enim
2765 2971 2936 3026 semel
2969 2970 3175 3039 abiecta
3223 2969 3371 3038 lepra
3425 2970 3720 3023 mundatus

466 3068 669 3134 υτυθίδ»
705 3068 909 3135 ιιοοοιιιὶ
950 3066 1149 3135 lePl‘m“
1187 3079 1342 3134 PUSSe
1378 3063 1621 3133 P'lrgarii
1655 3063 1755 3117 ηῖεῖ
1783 3062 2039 3116 ίιιηιίυθθο
2066 3102 2109 3160 c
2146 3078 2248 3135 est,
2282 3071 2548 3139 quomodo
2580 3071 2757 3124 adhuc
2805 3072 3040 3125 mundus
3093 3069 3237 3125 erit?
3267 3067 3370 3123 Sed
3414 3067 3535 3119 vide
3581 3066 3708 3133 quia

472 3174 564 3215 tur
611 3171 665 3215 et
722 3160 924 3229 lignum
977 3160 1026 3212 in
1081 3174 1188 3228 quo
1247 3157 1530 3221 Salvator,
1588 3156 1729 3210 sicut
1768 3155 2041 3223 apostolus

469 3254 673 3308 Paulus
726 3253 906 3306 dixit”
934 3251 1085 3304 exuit
1116 3270 1133 3301 ι
1172 3251 1545 3320 principatus,
1595 3257 1645 3302 et
1700 3256 1994 3315 potestates
2023 3291 2036 3315 ,

469 3346 811 3413 triumphans
832 3357 926 3397 eos
957 3344 1009 3395 in
1040 3342 1202 3408 ligno.
1231 3360 1248 3391 ι
1269 3339 1525 3409 .lnngitur
1553 3351 1730 3393 tamen
1755 3339 1820 3393 ad
1851 3354 2041 3394 emun-

469 3437 744 3490 dationem
784 3434 943 3501 lepra:
976 3432 1154 3499 hujus,
1190 3433 1353 3485 etiam
1396 3445 1591 3485 coccus
1624 3440 1817 3494 tortus,
1858 3432 2039 3486 socia-

469 3537 558 3580 tur
581 3534 635 3579 et
670 3526 953 3595 hyssopus.
1001 3524 1205 3578 Coccus
1252 3530 1430 3575 tortus
1470 3520 1693 3591 ﬁguram
1729 3522 1869 3576 sacri
1912 3536 2040 3575 san-

469 3615 648 3685 guinis
678 3600 944 3679 continEI,
970 3614 1061 3682 qui
1093 3613 1159 3667 de
1187 3613 1304 3681 ejus
1351 3612 1521 3665 latere
1564 3626 1661 3680 per
1690 3612 1891 3666 lanceae
1922 3612 2031 3666 vul-

469 3723 570 3762 nus
585 3718 804 3761 exortus
820 3716 919 3762 est.
939 3706 1000 3759 Et
1025 3707 1309 3776 hyssopus.
1339 3706 1447 3760 lloc
1478 3721 1648 3776 genus
1672 3706 1851 3759 herba:
1878 3714 2037 3759 natu-

471 3816 591 3853 ram
614 3800 812 3854 habere
850 3799 1043 3853 medici
1072 3798 1274 3861 ferunt,
1302 3809 1356 3852 ut
1381 3800 1551 3853 diluat
1571 3810 1625 3854 et
1646 3811 1908 3869 expurget
1927 3796 2038 3870 (37)

467 3897 509 3950 si
543 3910 662 3963 qua:
696 3894 801 3948 illre
836 3894 1040 3961 pectori
1071 3894 1348 3947 hominum
1376 3893 1564 3947 sordes
1595 3906 1661 3945 ex
1690 3892 2040 3959 corruptione

469 3993 614 4045 noxii
657 3987 1240 4042 humorisinsederint.
1276 3983 1429 4038 Unde
1451 3995 1505 4037 et
1537 3984 1843 4039 necessario
1868 3985 1921 4037 in
1948 4001 2041 4039 ex-

467 4080 786 4150 purgatione
806 4087 1169 4147 peccatorum,
1185 4075 1557 4146 hujuscemodi
1593 4077 1853 4143 graminis
1870 4076 2038 4143 ﬁgura

467 4179 717 4237 suscepta
743 4178 845 4222 est.
868 4168 1074 4223 Coccus
1106 4181 1234 4221 vero
1264 4166 1405 4234 quod
1440 4181 1581 4234 saepe
1606 4176 1851 4235 sumptus
1879 4169 1949 4222 sit
1970 4168 2038 4222 ad

469 4263 659 4317 salutis
688 4261 946 4323 subsidia,
979 4260 1030 4313 in
1059 4258 1256 4314 divinis
1288 4255 1475 4309 referri
1508 4257 1873 4314 voluminibus
1956 4261 2039 4313 in-

469 4356 734 4416 venimus,
774 4356 915 4409 sicut
946 4354 999 4407 in
1037 4362 1196 4422 partu
1252 4354 1515 4418 Thamar,
1547 4369 1668 4410 cum
1702 4372 1720 4405 ι
1758 4367 1915 4417 unus,
1950 4353 2039 4406 in-

2143 3162 2355 3214 etiamsi
2408 3162 2694 3215 mundetur
2724 3162 2845 3229 quis
2878 3176 2905 3214 a
2931 3170 3173 3231 peccato,
3203 3170 3258 3214 et
3282 3175 3384 3213 non
3412 3159 3481 3213 sit
3513 3157 3623 3223 jam
3652 3155 3712 3207 in

2142 3266 2305 3320 opere
2329 3252 2555 3320 peccati,
2578 3251 2693 3318 ipsa
2724 3261 2899 3306 tamen
2931 3251 3158 3319 vestigia
3188 3248 3412 3303 sceleris
3431 3244 3710 3300 commiSsi

2142 3341 2521 3409 puriﬁcatione
2553 3342 2813 3409 indigent,
2857 3353 2910 3395 et
2942 3357 3004 3396 ea
3040 3354 3200 3408 quam
3254 3337 3622 3407 exposnitnus,
3658 3344 3713 3387 et

2109 3436 2113 3439 ’
2142 3435 2262 3486 aliis
2291 3433 2777 3503 niltilomiuusqum
2800 3434 3123 3487 mandantur
3150 3431 3261 3505 (59)
3293 3433 3343 3486 in
3376 3444 3705 3498 consequen-

2144 3526 2302 3580 tihus.
2353 3524 2773 3581 Observavimus
2828 3525 2970 3579 enim
3025 3526 3089 3578 ad
3122 3526 3223 3577 hoc
3274 3523 3413 3592 quod
3450 3521 3711 3589 scriptum

2141 3632 2225 3675 εει
2266 3619 2331 3673 de
2366 3617 2535 3688 lepra,
2574 3635 2592 3667 ι
2634 3617 2818 3685 inqua
2859 3616 2945 3669 die
2982 3615 3271 3669 mundatus
3312 3613 3497 3674 fuerit,
3537 3630 3556 3663 ι
3592 3621 3706 3679 post

2143 3712 2256 3765 lucc
2304 3711 2449 3765 inter
2500 3720 2692 3765 cmtera
2764 3723 2884 3777 quae
2957 3707 3314 3772 mandantur,
3402 3704 3562 3758 tertio
3625 3704 3704 3757 di-

2140 3811 2286 3854 ctum
2348 3814 2507 3863 esse,
2563 3817 2583 3849 ι
2635 3808 2689 3852 et
2724 3798 2957 3851 mundus
3031 3796 3174 3859 erit,
3227 3813 3246 3846 ι
3296 3803 3350 3847 et
3398 3793 3591 3847 iterum
3644 3798 3709 3844 ad

2142 3890 2391 3943 ultimum
2432 3889 2692 3959 scriptum
2734 3902 2887 3951 esse,
2932 3905 2951 3937 ι
2988 3895 3043 3940 et
3086 3885 3461 3939 mandabitur.
3500 3903 3517 3936 ι
3556 3883 3711 3939 Unde

2144 3979 2272 4032 mihi
2310 3979 2526 4033 videtur
2548 3992 2670 4033 esse
2698 3978 2961 4046 quasdam
2996 3984 3050 4031 et
3086 3976 3138 4029 in
3180 3976 3295 4046 ipsa
3330 3974 3713 4043 puriﬁcatione

2070 4060 2076 4067 ’
2142 4067 2497 4131 differentias,
2531 4076 2606 4131 et,
2641 4076 2702 4119 ut
2745 4068 2819 4119 ita
2849 4065 3107 4129 dixerim,
3137 4063 3420 4133 prolectus
3449 4061 3709 4131 quosdam

2144 4160 2553 4230 purgationum.
2600 4158 2790 4213 Potest
2842 4158 2983 4212 enim
3032 4157 3179 4211 etde
3214 4154 3302 4209 illo
3330 4155 3419 4224 qui
3467 4163 3647 4208 cessat
3680 4168 3709 4203 a

2149 4260 2375 4321 peccato
2410 4250 2541 4317 dici,
2581 4267 2599 4301 ι
2638 4259 2694 4305 et
2719 4249 2951 4303 mundus
2987 4247 3112 4312 erit,
3143 4248 3272 4301 »8θά
3304 4245 3606 4300 nonstatim
3637 4245 3707 4296 ita

2147 4344 2384 4396 mundus
2409 4342 2715 4406 videbitur,
2745 4350 2803 4394 ut
2842 4341 2911 4394 ad
2942 4354 3209 4393 summam
3245 4339 3495 4407 puritatis
3521 4352 3707 4391 acces-

468 4448 585 4517 quit
618 4446 683 4510 '°,
737 4448 885 4514 prior
940 4444 1161 4513 protulit
1206 4460 1444 4500 manum.
1492 4444 1779 4514 Accipiens
1851 4454 2035 4498 autem
2069 4446 2114 4502 D
2145 4436 2299 4490 serit.
2333 4435 2575 4505 Denique
2604 4435 2755 4489 addit
2786 4433 2872 4488 his
2893 4447 3013 4502 qua:
3047 4432 3283 4495 dixerat,
3322 4448 3342 4482 ι
3378 4430 3431 4485 in
3472 4445 3713 4499 quacun-

468 4538 729 4592 obstetrix
772 4551 1014 4601 coccum,
1055 4536 1298 4604 alligavit
1330 4537 1380 4589 in
1419 4551 1579 4589 manu
1630 4536 1779 4602 ejus,
1813 4535 2036 4588 dicens:

469 4628 566 4681 llic.
618 4625 779 4697 234
813 4625 984 4679 exibit
1040 4626 1208 4693 prior.
1254 4643 1271 4675 ι
1308 4624 1487 4678 Sedet
1523 4623 1713 4676 Rahab
1759 4623 2036 4683 meretrix,

468 4732 589 4772 cum
612 4717 987 4785 exploratores
1010 4714 1358 4783 suscepisset,
1399 4722 1451 4767 et
1484 4723 1701 4781 pactum
1727 4712 1919 4766 salutis
1949 4726 2042 4767 ac-

468 4808 690 4877 ciperet,
725 4804 910 4860 etilli:
951 4823 967 4855 (
993 4802 1158 4869 Ponc,
1202 4802 1449 4872 inquiunt
1486 4804 1551 4867 ¹¹,
1584 4801 1791 4871 signum
1821 4805 2043 4858 resticu-

468 4897 572 4949 lam
614 4896 944 4960 coccineam,
976 4892 1294 4962 etalligabis
1323 4907 1442 4945 cam
1476 4893 1527 4945 in
1552 4892 1791 4947 fenestra
1823 4894 1921 4948 ista
1948 4910 2044 4963 per

469 5002 627 5053 quam
661 4984 953 5054 deposuisti
976 4997 1095 5038 nos.
1121 4999 1140 5032 ι
1166 4981 1406 5038 Observa
1438 4989 1615 5035 tamen
1643 4990 1697 5035 et
1722 4981 1873 5045 illud,
1897 4981 2042 5050 quod

1086 5174 1105 5203 "
1130 5171 1300 5225 Levit.
1324 5186 1433 5232 xw,
1464 5170 1518 5224 4.

1282 5242 1325 5273 ³³
1354 5241 1371 5294 l
1403 5240 1559 5295 Joan.
1591 5256 1642 5295 ν.

539 5177 559 5206 ⁸
584 5177 737 5231 Joan.
763 5191 850 5228 xvt
869 5216 883 5238 ,
921 5174 1011 5229 28.

469 5265 534 5311 ll,
562 5249 647 5301 18.
723 5247 766 5279 ¹¹
789 5244 943 5298 Joan.
970 5259 1083 5307 xtx,
1114 5243 1204 5297 54.

540 5362 652 5433 (56)
696 5360 870 5414 Etiam
903 5360 1048 5433 fliam
1105 5361 1291 5433 ipsam,
1326 5370 1434 5433 etc.
1482 5359 1571 5433 Sic
1608 5360 1805 5433 habent
1852 5375 2041 5433 omnes

471 5430 687 5487 codices
734 5447 863 5483 mss.
902 5431 953 5482 Ιιι
1012 5440 1170 5482 antea
1206 5431 1366 5483 editis
1422 5430 1636 5497 legitur,
1673 5447 1690 5478 ι
1726 5430 1888 5482 ctiam
1925 5431 2041 5497 ipsa

472 5501 563 5551 illa
598 5516 715 5567 qua
747 5516 846 5565 pro
877 5516 941 5553 eo
975 5500 1203 5553 Domino
1225 5499 1484 5565 oﬁ‘ertur,
1526 5500 1593 5554 ad
1623 5498 1793 5552 altare
1819 5497 2043 5552 oﬂ'ertur

468 5572 610 5623 sicut
645 5580 899 5629 turtures,
935 5580 1027 5621 attt
1056 5568 1338 5621 columbae.
1371 5589 1388 5619 ι

543 5639 655 5705 (57)
698 5638 808 5689 Hoc
835 5656 995 5703 genus
1028 5639 1199 5691 hcrbw
1238 5649 1483 5690 naturam
1517 5638 1703 5689 habere
1728 5637 1912 5690 medici
1962 5638 2042 5705 fe-

475 5720 615 5772 runt,
661 5720 713 5762 ut
749 5708 915 5760 diluat
952 5718 997 5761 ct
1031 5717 1301 5777 expurget,
1344 5718 1448 5762 ctc.
1483 5706 1537 5760 ltl
1566 5723 1592 5759 a
1623 5708 1868 5775 plurimis
1897 5722 2041 5762 assc-

1595 5170 1616 5202 ⁸
1658 5169 1844 5223 Matth.
1868 5187 2024 5233 χχιιι,
2050 5170 2137 5223 57.

1595 5256 1642 5295 v.
1721 5241 1763 5271 ”
1790 5239 1960 5295 Levit.
1990 5257 2098 5302 χιι,
2127 5240 2182 5292 9.

2147 4542 2251 4595 que
2301 4528 2387 4582 die
2432 4526 2721 4581 mundatus
2766 4525 2949 4590 fuerit,
2990 4533 3043 4576 et
3077 4521 3374 4584 emittetnr,
3427 4522 3604 4588 inquit
3644 4518 3710 4582 ¹⁸,

2142 4620 2260 4673 viva
2293 4619 2488 4689 gallina
2524 4620 2574 4673 in
2623 4625 2967 4693 campum,et
3008 4614 3208 4669 lavabit
3240 4615 3565 4668 vestimenta
3590 4628 3711 4675 sua,

2153 4714 2198 4766 is
2231 4714 2321 4780 qui
2350 4702 2707 4779 puriﬁcatur.
2733 4729 2751 4761 ι
2790 4708 2917 4762 Post
2946 4709 3058 4762 haec
3094 4716 3323 4766 autenm
3356 4720 3594 4767 omnem,
3635 4704 3711 4756 in-

2144 4805 2283 4873 quit,
2333 4803 2502 4872 pilum
2554 4802 2732 4855 radet.
2770 4820 2788 4853 ι
2827 4800 2893 4853 Ει
2939 4799 3137 4854 addit:
3170 4816 3194 4848 ι
3234 4809 3289 4851 ct
3342 4796 3610 4849 lavabitur
3659 4789 3711 4841 in

2147 4909 2309 4963 aqua.
2347 4913 2366 4946 ι
2410 4894 2475 4947 Ει
2506 4902 2629 4962 post
2664 4894 2776 4946 hazc
2809 4893 3070 4945 additur:
3106 4910 3124 4941 ι
3160 4890 3225 4942 Ει
3260 4889 3489 4943 mundus
3526 4886 3644 4940 erit.
3687 4904 3710 4937 ι

2148 4982 2330 5051 Neque
2379 4981 2521 5035 enim
2578 4979 2772 5036 sullicit
2804 4980 2949 5049 quod
2986 4980 3040 5033 in
3093 4980 3442 5048 responsione
3501 4976 3713 5030 dixerat

2212 5168 2231 5198 θ
2255 5164 2461 5219 Coloss.
2494 5180 2553 5227 ιι,
2586 5163 2671 5218 l5.
2751 5163 2793 5193 ¹⁰
2821 5161 3018 5216 Genes.
3069 5176 3302 5224 xxxviii,
3328 5160 3420 5215 28.
3528 5160 3570 5191 ¹¹
3598 5156 3713 5214 Jos.

2260 5236 2437 5289 “ibid.
2477 5236 2507 5287 7
2534 5245 2586 5288 et
2620 5247 2771 5302 seqq.

2132 5358 2300 5416 ritur,
2338 5354 2516 5407 Plinio
2539 5366 2700 5422 sape,
2732 5351 3064 5414 Dioscoride,
3085 5350 3312 5415 aliisque
3337 5363 3562 5422 quorum
3599 5347 3715 5402 loca

2143 5426 2350 5479 indicat
2426 5418 2727 5479 Cotelei'ius
2780 5424 2832 5475 in
2881 5430 2993 5474 not.
3051 5421 3117 5474 ad
3168 5419 3383 5490 epistol.
3432 5418 3714 5479 Barnahaz,

2143 5495 2518 5631 ca25.8)8.Mss.,
2554 5582 2572 5614 ι
2612 5562 2902 5631 emittitur.
2929 5578 2947 5611 ι
2966 5559 3124 5613 Lilib.
3144 5559 3296 5622 editi,
3322 5578 3340 5610 ι
3368 5558 3712 5612 dimittitur.»

2211 5564 2322 5698 (58)
2364 5564 2518 5625 Mss.,
2554 5582 2572 5614 ι
2612 5564 2902 5615 emittitur.
2929 5564 3124 5613 ιιιῑιιὶι.
3144 5564 3296 5622 editi,
3322 5578 3340 5610 ι
3368 5564 3712 5612 dimittitur.»

2240 5636 2328 5703 39)
2370 5632 2529 5686 Libh.
2581 5632 2734 5697 editi,
2790 5652 2806 5703 ι
2856 5630 2958 5682 alia
2993 5631 3350 5684 nihilominus
3391 5642 3514 5694 quae
3562 5646 3714 5682 tuan-

2142 5706 2319 5761 datur.
2357 5722 2375 5757 ι
2415 5704 2519 5758 Sed
2552 5717 2680 5757 mss.
2713 5712 2767 5757 ut
2798 5702 2849 5756 in
2888 5712 3071 5754 nosuo
3102 5710 3273 5755 textu.
