4106 6246
375 383 481 439 505

1536 377 1601 431 IN
1646 374 2019 431 LEVITICUM
2055 373 2344 430 IIOMILIA
2380 373 2513 430 VIII.

3525 373 3632 428 506

379 523 399 557 ι
445 503 679 556 mtmdus
710 500 831 564 erit,
860 518 878 551 ι
903 500 1001 553 ιιῑεί
1034 498 1317 566 adjecisset
1356 497 1520 551 etiam
1547 497 1681 549 haec.
1717 496 1947 550 Sordida
1980 504 2027 557 Α
2056 508 2137 559 es,
2170 492 2291 547 vide
2326 506 2392 546 ne
2424 491 2566 544 ultra
2600 490 2799 560 capitis
2831 489 3122 544 contrahas
3149 492 3380 560 culpam.
3423 493 3630 563 Capitis

375 610 507 662 ergo
521 594 834 647 vestimenta
869 591 1053 644 habuit
1084 605 1253 659 usque
1283 588 1462 642 adhuc
1498 588 1619 651 iste,
1643 588 1733 654 qui
1760 588 1946 656 purifi-

375 696 531 740 catur
559 700 590 738 a
618 686 781 751 lepra,
814 683 977 736 etiam
1010 689 1131 750 post
1167 680 1565 749 aspersionem,
1602 686 1657 731 et
1694 694 1840 732 nunc
1872 678 1949 730 la-

380 794 506 832 Vare
536 794 594 831 ea
620 777 860 843 jnbetur.
893 773 1023 840 Quae
1072 782 1255 829 tamen
1283 777 1636 841 vestimenta,
1680 790 1785 828 non
1818 774 1947 827 mihi

373 868 671 935 peremnia
708 867 859 920 mala:
892 875 1123 920 texturae
1164 867 1421 921 videnlur
1472 868 1661 922 fuisse.
1696 865 1948 933 Alioquin

376 960 531 1025 ahjici
563 975 626 1012 ea
674 958 846 1026 magis
903 972 1066 1025 quam
1122 957 1294 1011 lavari
1350 960 1690 1028 praeciperet.
1750 956 1806 1011 In
1844 971 1949 1024 quo

373 1051 680 1106 ostenditur
715 1064 890 1118 neque
932 1064 1029 1119 per
1056 1051 1237 1103 omnia
1273 1050 1506 1104 alienam
1543 1052 1709 1109 fuisse
1760 1070 1788 1107 a
1838 1055 1947 1108 Deo

373 1141 845 1197 conversationem
875 1140 1013 1207 ejus,
1044 1155 1215 1209 neque
1249 1155 1384 1208 pure
1405 1145 1626 1197 oinuino
1653 1143 1764 1215 (40)
1789 1156 1837 1198 ει
1868 1145 1950 1195 in-

377 1242 525 1303 tegre
553 1231 901 1297 custoditam,
924 1247 1027 1286 uou
1058 1233 1200 1286 enim
1222 1231 1434 1287 Iavaret
1465 1236 1811 1302 vestimenta,
1846 1234 1948 1289 nisi

380 1326 605 1379 fuissent
659 1322 898 1385 sordida,
933 1336 1032 1376 nec
1074 1323 1268 1377 iterum
1310 1323 1435 1377 lotis
1479 1327 1558 1378 eis
1590 1335 1869 1390 uteretur,
1903 1326 1947 1379 si

377 1415 602 1468 fuissent
635 1412 855 1464 textrini
882 1410 936 1463 in
965 1412 1215 1465 omnibus
1238 1412 1423 1466 alieni.
1456 1411 1608 1478 Quod
1633 1424 1811 1466 autem
1837 1414 1951 1467 radi

370 1505 589 1573 jnlietur
629 1516 848 1555 omnem
889 1501 1080 1570 pilum,
1110 1512 1242 1570 puto
1282 1504 1426 1571 quod
1480 1519 1640 1558 onme
1688 1504 1951 1574 quidquid

373 1595 602 1650 emortui
649 1593 828 1661 operis
859 1592 1053 1645 animae
1084 1594 1272 1657 positae
1323 1593 1374 1646 in
1410 1596 1647 1661 peccatis
1697 1605 1947 1647 exortum

374 1698 456 1741 cst
495 1687 621 1755 (hoc
649 1685 793 1739 enim
829 1699 969 1737 nunc
1002 1683 1094 1752 pili
1129 1683 1542 1756 nominantur),
1568 1685 1823 1753 jubeatnr
1854 1689 1949 1739 ab-

370 1779 564 1847 jicere.
590 1775 851 1830 Peccator
875 1776 1018 1828 enim
1052 1791 1213 1829 omne
1242 1776 1383 1845 quod
1412 1776 1461 1829 ei
1492 1776 1607 1829 sive
1639 1776 1690 1828 in
1716 1776 1944 1831 consilio

374 1880 564 1921 natum
596 1875 700 1929 est,
732 1866 843 1919 sive
870 1866 922 1918 in
958 1866 1147 1927 verbo,
1189 1866 1301 1919 sive
1336 1866 1386 1917 in
1421 1880 1615 1933 opere,
1650 1866 1866 1933 expedit
1894 1866 1939 1921 si

381 1972 506 2011 vere
533 1956 804 2024 purifieari
846 1955 980 2021 vult,
1008 1966 1065 2008 ut
1102 1955 1311 2017 eradat,
1355 1964 1406 2009 et
1446 1954 1691 2025 abjiciat,
1725 1970 1822 2010 nec
1861 1971 1945 2011 re-

376 2050 551 2103 sidere
564 2047 764 2115 aliquid
786 2048 1041 2115 patiatur.
1068 2048 1304 2102 Sanctus
1336 2054 1515 2100 autem
1540 2062 1759 2101 servare
1786 2047 1946 2103 debet

372 2155 586 2194 onmem
638 2139 909 2208 capillum,
932 2140 1047 2192 etsi
1085 2138 1338 2207 possibile
1365 2146 1469 2200 est,
1518 2153 1621 2193 nec
1647 2140 1945 2194 ascendere

372 2231 535 2284 debet
570 2228 777 2283 ferrum
808 2242 973 2297 super
1004 2238 1165 2298 caput
1194 2229 1345 2298 ejus,
1384 2243 1453 2284 ne
1483 2231 1805 2287 abscindere
1846 2232 1946 2285 ali-

372 2321 497 2389 quid
521 2319 586 2373 de
624 2319 1043 2389 cogitationibus
1074 2320 1186 2374 suis
1219 2320 1578 2389 sapientibus,
1612 2332 1705 2375 aut
1752 2321 1939 2389 dictis,

369 2426 461 2468 aut
488 2414 743 2481 operibus
767 2414 958 2482 possit.
993 2412 1119 2465 Inde
1161 2412 1400 2480 denique
1436 2422 1545 2478 est,
1580 2414 1723 2483 quod
1754 2422 1807 2468 et
1838 2413 1942 2467 Sa-

372 2504 531 2558 tuueIi
566 2502 768 2557 ferrum
800 2503 1002 2557 dicitur
1024 2504 1067 2535 ¹⁶
1093 2519 1195 2557 nou
1228 2504 1537 2559 ascendisse
1554 2519 1716 2574 super
1742 2514 1939 2573 caput:

371 2597 465 2649 sed
512 2606 565 2649 et
591 2594 844 2649 omnibus
871 2594 1232 2655 Nazaraeis”.
1273 2596 1365 2665 qui
1419 2605 1546 2650 sunt
1590 2584 1748 2665 justi,
1807 2597 1935 2664 quia

367 2688 567 2755 justus,
600 2686 740 2739 sicut
785 2686 1049 2753 scriptum
1086 2696 1187 2749 ,εει
1218 2686 1285 2748 ’⁸.
1321 2704 1340 2737 ι
1380 2686 1563 2740 omnia
1607 2701 1942 2755 quaecunque

374 2775 586 2841 fecerit,
614 2782 1097 2845 prosperabuntur,
1117 2787 1168 2830 ει
1187 2775 1312 2830 folia
1342 2776 1461 2845 ejus
1485 2793 1591 2832 non
1624 2777 1936 2833 deciderit.»

371 2867 508 2921 lIinc
544 2878 598 2922 et
633 2866 1018 2936 discipulorum
1056 2868 1264 2921 Domini
1306 2871 1473 2922 etiam
1514 2869 1696 2939 capilli
1747 2869 1942 2938 capitis

371 2960 624 3014 dicuntur
654 2975 777 3015 esse
817 2962 1073 3014 numerati
1108 2962 1150 2993 ¹⁹
1182 2982 1194 3015 :
1239 2962 1340 3017 hoc
1378 2970 1463 3016 est
1495 2976 1689 3016 omnes
1763 2974 1938 3022 actus,

370 3066 558 3105 omnes
585 3065 884 3115 sermonis,
912 3065 1105 3105 omnes
1126 3050 1483 3119 cogitationes
1507 3067 1693 3107 eorum
1714 3066 1941 3106 servan-

372 3151 460 3193 tur
484 3142 623 3209 apttd
658 3140 845 3201 Deum,
876 3139 1001 3207 quia
1027 3139 1207 3206 justzr,
1237 3141 1365 3208 quia
1396 3152 1601 3196 sancta:
1627 3151 1772 3195 sunt.
1804 3141 1940 3219 Pec-
1964 3177 2008 3234 ε

368 3243 612 3286 calorum
644 3245 772 3283 vero
800 3245 960 3283 omne
987 3246 1140 3298 opus,
1167 3233 1343 3287 omnis
1388 3248 1597 3298 sermo,
1628 3234 1806 3287 omnis
1849 3249 1940 3287 co-

370 3322 559 3391 gitatio
599 3323 756 3376 debet
790 3321 1053 3375 abscindi.
1106 3323 1171 3375 Et
1207 3323 1309 3377 hoc
1338 3334 1419 3377 est
1449 3325 1592 3393 quod
1625 3325 1825 3379 dicitur
1853 3326 1938 3380 ὀς

372 3412 443 3469 Ut
471 3414 646 3467 omnis
694 3413 835 3481 pilus
866 3415 1111 3483 eoa-poris
1143 3415 1259 3483 ejus
1297 3415 1551 3479 radatur,
1577 3425 1633 3468 et
1666 3425 1795 3469 tunc
1837 3416 1943 3470 erit

369 3507 623 3557 tumulus.
674 3504 778 3558 Sed
827 3514 881 3560 et
913 3508 1015 3560 hoc
1053 3509 1303 3569 observa,
1337 3507 1478 3573 quod
1524 3520 1628 3559 non
1661 3505 1858 3559 suflicit
1892 3506 1939 3560 ci

366 3606 487 3665 post
542 3598 1015 3665 purificationem,
1050 3598 1132 3651 vel
1187 3597 1509 3651 vestimenta
1568 3597 1803 3663 lavisse,
1860 3595 1941 3654 vel

365 3702 584 3742 omnem
657 3688 823 3757 pilqu
904 3690 1135 3752 rasisse,
1224 3687 1329 3741 nisi
1412 3696 1468 3740 et
1544 3687 1688 3741 lotus
1780 3688 1941 3744 fuerit

369 3780 422 3834 in
476 3796 636 3851 aqua.
696 3780 918 3851 Oportet
985 3795 1216 3850 namque
1283 3795 1405 3834 eum
1458 3779 1695 3848 abjicere
1754 3796 1942 3838 omnes

367 3877 597 3939 sordes,
659 3891 873 3930 omnem
942 3874 1386 3939 immunditiam,
1478 3860 1581 3928 non
1645 3876 1818 3929 solum
1875 3876 1941 3930 de

365 3966 729 4033 vestimentis,
772 3966 865 4022 sed
899 3976 954 4019 et
983 3967 1046 4020 de
1078 3967 1301 4035 proprio
1328 3981 1580 4035 corpore,
1612 3978 1665 4020 ιιι
1697 3968 1838 4021 nulla
1884 3968 1939 4023 iu

364 4071 431 4111 eo
481 4057 693 4112 macula
731 4057 1019 4111 exstincta:
1066 4056 1230 4126 lepra:
1267 4057 1522 4111 resideat.
1577 4057 1763 4113 Tertio
1812 4076 1942 4132 ergo

367 4164 518 4204 nunc
551 4150 892 4218 purificatus,
915 4150 987 4203 ita
1015 4150 1230 4203 demum
1261 4149 1459 4219 dignus
1479 4148 1709 4204 efficitur
1734 4151 1938 4221 ingredi

368 4248 549 4291 castra
588 4238 822 4300 Domini,
859 4252 961 4289 non
996 4248 1171 4290 tamen
1217 4238 1479 4292 continuo
1516 4240 1853 4308 permittitur
1889 4242 1940 4296 ei

365 4329 590 4382 introire
613 4331 828 4383 dotnum
861 4344 1036 4393 suam,
1069 4328 1160 4381 sed
1187 4328 1388 4382 dicitur
1420 4339 1476 4381 ut
1526 4342 1678 4384 extra
1724 4332 1940 4385 domum

362 4434 514 4471 suam
533 4429 961 4487 maneatseptem
983 4418 1191 4482 diebus,
1208 4428 1261 4471 et
1276 4420 1651 4474 radatomnem
1671 4421 1835 4489 pilum
1852 4437 1942 4475 ca-

2055 585 2198 639 enim
2244 592 2522 654 peccatum
2550 591 2654 649 est,
2684 582 2841 636 aliter
2861 598 3021 651 quam
3055 583 3186 636 fides
3222 584 3472 638 Ecclesia:
3502 601 3631 637 con-

2057 676 2215 739 tinet,
2245 675 2311 728 de
2347 672 2548 727 divinis
2578 672 2785 726 sentire
2809 674 3175 742 dogmatibus.
3207 673 3260 725 Ιιι
3298 674 3460 726 barba
3481 690 3628 738 vero,

2054 775 2110 819 ut
2140 763 2444 818 inemiuerit
2490 777 2551 816 se
2599 761 2713 833 (εΗ)
2750 763 2927 816 virilis
2963 763 3141 816 inlatis
3163 762 3478 829 deposuisse
3510 778 3632 829 pec-

2052 866 2196 922 cata,
2224 864 2278 909 et
2310 868 2609 909 conversus
2667 852 2760 906 fiat
2815 854 2954 907 sicut
2994 854 3190 906 infans.
3226 851 3283 905 lu
3326 854 3632 921 superciliis

2053 958 2237 1002 autem
2288 946 2661 1015 arrogantiam
2692 945 2930 1013 dejiciat,
2961 953 3015 997 et
3066 944 3207 997 male
3239 944 3438 995 elatum
3473 955 3529 996 ιιι
3567 945 3630 996 ad

2051 1040 2409 1094 humilitatem
2491 1037 2694 1093 Christi
2728 1037 2949 1091 inclinet
2975 1034 3348 1104 supercilium.
3379 1033 3631 1087 Secundo

2052 1147 2181 1199 ergo
2212 1132 2281 1183 ad
2305 1129 2447 1184 hunc
2464 1130 2678 1183 modum
2707 1128 2886 1182 omnis
2917 1126 3061 1197 pilus
3097 1125 3345 1194 corporis
3384 1126 3626 1180 raditur.

2053 1223 2118 1277 Et
2143 1223 2285 1279 sicut
2339 1222 2454 1275 haec
2499 1222 2873 1291 geminantur,
2907 1220 2979 1273 ita
3014 1230 3067 1273 et
3093 1219 3417 1272 vestimenta
3463 1216 3629 1269 semel

2052 1317 2105 1371 in
2139 1317 2311 1385 prima
2350 1313 2730 1385 purificatione
2777 1312 2972 1366 lavisse
3016 1326 3121 1365 non
3155 1309 3375 1372 sufficit,
3408 1310 3502 1363 sed
3534 1321 3627 1360 se-

2053 1408 2229 1464 cundo
2262 1407 2571 1476 praecipitur
2610 1414 2666 1458 ut
2698 1405 2843 1458 lavet
2875 1404 3198 1458 vestimenta
3220 1417 3315 1456 sua
3343 1413 3394 1455 et
3430 1417 3630 1471 corpus

2053 1515 2208 1554 suum
2236 1514 2400 1568 aqua,
2434 1508 2488 1552 et
2530 1507 2655 1552 tunc
2685 1507 2881 1567 quarto
2914 1497 3128 1550 additur
3150 1497 3218 1560 “,
3262 1515 3279 1547 ι
3314 1506 3367 1549 et
3396 1497 3628 1551 mundus

2050 1590 2174 1642 erit.
2211 1608 2229 1639 ι
2266 1588 2388 1643 Ilzec
2413 1598 2593 1642 autem
2626 1590 2761 1641 fiunt
2788 1588 2927 1641 intra
2974 1597 3152 1641 castra
3183 1587 3399 1657 quidem
3441 1589 3621 1655 posito

2049 1694 2135 1744 co,
2164 1679 2344 1734 adhuc
2387 1690 2570 1734 tamen
2621 1688 2774 1733 extra
2809 1680 3025 1733 domum
3086 1694 3261 1733 suam.
3299 1680 3623 1745 Dicitenim,

2049 1778 2169 1836 post
2201 1778 2407 1837 septem
2434 1769 2550 1823 dies
2589 1786 2607 1819 ι
2648 1769 2814 1821 indie
2845 1777 3037 1821 octava
3074 1778 3317 1822 assumet
3350 1769 3450 1822 sibi
3486 1770 3626 1823 duos

2046 1876 2233 1931 agnos.
2279 1879 2296 1912 ι
2330 1858 2445 1914 1am
2480 1875 2583 1913 non
2626 1860 2767 1913 alius
2809 1861 3060 1926 assumit,
3108 1861 3200 1915 sed
3256 1862 3369 1929 ipse
3402 1860 3501 1915 sibi
3538 1876 3628 1914 as—

2045 1954 2230 2009 sumit.
2272 1972 2290 2004 ι
2326 1952 2489 2017 Duos,
2524 1952 2717 2019 inquit,
2764 1967 2930 2020 agnos
2972 1953 3366 2017 imntaculatos,
3391 1964 3443 2007 et
3470 1969 3622 2008 ovem

2046 2060 2205 2098 unaiu
2264 2041 2576 2097 anniculam
2636 2042 3068 2107 immaculatatn,
3126 2052 3181 2096 et
3227 2053 3335 2097 tres
3384 2044 3626 2097 dei-imas

2046 2137 2373 2207 similaginis
2426 2150 2735 2206 conspersae
2775 2135 2827 2188 in
2891 2134 3033 2197 oleo,
3097 2144 3151 2188 ει
3211 2134 3467 2204 cyathum
3520 2135 3621 2188 olei

2048 2246 2233 2295 ttnutn,
2276 2247 2294 2280 ι
2332 2228 2591 2295 posthaec
2647 2227 2838 2295 quinta
2875 2225 3253 2294 purificatione
3305 2225 3625 2295 purificalus

2045 2330 2415 2374 consumetur.
2461 2319 2538 2372 Ex
2582 2318 2668 2372 his
2721 2319 2930 2371 duobus
2986 2317 3163 2384 agnis,
3216 2333 3355 2372 unus
3402 2318 3621 2385 quidem

2045 2411 2378 2474 immolatur,
2422 2420 2475 2464 et
2531 2410 2730 2464 dicitur
2778 2423 2875 2475 pro
2927 2406 3144 2470 delicto,
3194 2425 3212 2458 ι
3252 2406 3304 2462 ἰιι
3356 2408 3496 2473 loco,
3540 2409 3620 2461 iu-

2043 2505 2158 2572 quit
2190 2503 2256 2567 ",
2290 2501 2343 2555 in
2371 2516 2477 2570 quo
2525 2499 2802 2567 iugulatur
2832 2515 2928 2570 pro
2956 2507 3199 2565 peccato,
3232 2507 3288 2553 et
3338 2500 3426 2553 ubi
3467 2500 3621 2554 holo-

2043 2608 2383 2654 caustomata
2426 2597 2561 2651 fiunt
2593 2598 2645 2651 in
2672 2598 2789 2652 loco
2814 2606 3025 2652 sancto.
3066 2616 3085 2648 ι
3124 2597 3266 2652 Ecce
3290 2598 3402 2665 jam
3428 2600 3621 2667 dignus

2044 2688 2279 2743 efficitur
2326 2697 2383 2742 ut
2415 2687 2610 2743 oll'erat
2636 2688 2965 2742 sacrificium
2987 2728 3001 2752 ,
3026 2688 3117 2756 qui
3162 2688 3335 2757 potuit
3364 2689 3430 2741 ad
3458 2690 3618 2757 quiu-

2043 2788 2153 2833 tam
2189 2778 2622 2850 puriﬁcationem
2643 2778 2949 2848 pervenire,
2983 2787 3037 2832 et
3066 2778 3242 2833 hostia
3270 2778 3387 2845 ejus
3419 2778 3618 2833 Sancta

2042 2884 2352 2928 sanctorum
2387 2871 2470 2925 fit.
2501 2872 2651 2925 Alius
2679 2882 2860 2924 autem
2890 2886 3062 2939 agnus
3100 2870 3474 2925 holocaustum
3508 2872 3621 2925 elli-

2042 2965 2202 3029 citur,
2245 2964 2294 3016 in
2322 2978 2429 3032 quo
2457 2971 2510 3017 et
2543 2962 2889 3031 rcpropitiari
2922 2977 3019 3030 pro
3053 2962 3171 3031 ipso
3200 2963 3455 3017 sacerdos
3478 2962 3619 3014 dici-

2043 3065 2148 3119 tur,
2184 3066 2239 3107 ut
2268 3065 2549 3126 purgetur.
2580 3052 2750 3123 Igitur
2783 3055 2988 3123 primus
3022 3069 3211 3123 agnus,
3249 3054 3339 3122 qui
3384 3069 3480 3123 pro
3522 3054 3616 3107 de.

2043 3145 2167 3201 Iicto
2192 3155 2294 3211 est,
2321 3146 2533 3199 videtur
2557 3144 2689 3197 mihi
2722 3144 2940 3198 virtutis
2972 3144 3142 3213 ipsius
3168 3142 3401 3197 formam
3427 3152 3617 3197 tenere

2041 3253 2202 3306 quam
2229 3236 2522 3303 assumpsit
2546 3235 2592 3289 is
2625 3234 2715 3303 qui
2770 3243 2887 3288 erat
2919 3233 2971 3287 iu
3001 3233 3269 3303 peccatis,
3310 3248 3409 3301 per
3450 3248 3614 3300 quam

2040 3328 2214 3397 potuit
2248 3342 2276 3379 a
2299 3341 2358 3380 se
2381 3325 2682 3395 propellere
2700 3324 2949 3380 affectum
2966 3323 3245 3393 peccandi,
3270 3333 3324 3378 et
3351 3323 3614 3377 malorum

2042 3431 2280 3473 veterum
2352 3415 2740 3484 paenitudinem
2804 3430 2995 3484 gerere
3049 3431 3064 3468 :
3118 3415 3388 3468 secundus
3488 3428 3615 3469 vero

2041 3523 2216 3579 agnus
2235 3508 2461 3578 figuram
2495 3517 2675 3562 tenere
2707 3504 2980 3572 illiusjam
3012 3513 3340 3573 recuperata:
3369 3504 3615 3569 virtutis,

2043 3620 2137 3672 per
2162 3617 2322 3670 quam
2349 3599 2579 3668 abjectis
2630 3597 2886 3666 etprocul
2922 3596 3123 3662 fugatis
3152 3597 3409 3650 omnibus
3437 3596 3605 3660 vitiis,

2044 3695 2310 3758 integrum
2346 3707 2424 3756 se,
2472 3699 2527 3743 et
2568 3690 2621 3760 in
2662 3691 2874 3758 integro
2908 3686 3106 3743 obtulit
3162 3687 3293 3752 Deo,
3329 3696 3383 3741 et
3423 3688 3616 3755 dignus

2040 3785 2247 3837 exstitit
2307 3783 2506 3838 divinis
2580 3781 2868 3835 altaribus.
2927 3781 3058 3837 Ovis
3105 3790 3284 3832 autem
3330 3793 3449 3847 quae
3497 3785 3618 3845 post

2043 3888 2234 3944 agnos,
2264 3874 2557 3928 assutnitur
2601 3881 2863 3942 quantum
2914 3872 3187 3941 conjicere
3220 3870 3271 3923 in
3323 3881 3432 3923 tam
3474 3867 3614 3922 difli—

2042 3969 2236 4023 cilibus
2286 3965 2422 4020 locis
2458 3964 2728 4028 valemus,
2767 3963 3159 4017 fecunditatem
3199 3973 3329 4032 puto
3353 3961 3497 4030 quod
3541 3960 3617 4013 si-

2041 4058 2261 4128 guillcet
2286 4055 2424 4123 ejus,
2449 4057 2539 4125 qui
2573 4069 2868 4110 conversus
2899 4064 2981 4109 est
3006 4071 3034 4105 a
3077 4063 3323 4123 peccato,
3354 4061 3409 4106 et
3435 4060 3604 4105 totum

2043 4166 2100 4204 se
2131 4149 2328 4204 obtulit
2358 4149 2489 4213 Deo,
2516 4162 2620 4217 qua
2648 4155 2767 4217 post
2798 4147 2977 4200 omnia
3013 4145 3065 4199 in
3093 4146 3354 4200 bonorum
3386 4158 3614 4212 operum

2044 4241 2243 4297 fetibus
2306 4241 2498 4303 utitur,
2560 4248 2613 4292 et
2660 4238 2983 4292 innocentiae
3027 4236 3292 4290 fructibus
3341 4236 3523 4303 pollet.
3554 4234 3609 4286 lu

2047 4334 2147 4387 tria
2181 4347 2309 4402 ergo
2332 4330 2721 4401 purificationis
2772 4329 2952 4398 hujus,
3018 4326 3071 4381 id
3117 4337 3202 4381 est
3243 4327 3616 4381 conversionis

2047 4444 2073 4478 a
2108 4435 2332 4494 peccato
2390 4423 2531 4475 ratio
2582 4422 2867 4475 dividitur.
2935 4419 3115 4473 Prima
3142 4430 3225 4473 est
3270 4419 3474 4482 hostia,
3506 4433 3614 4487 qua

364 4512 490 4576 pitis
515 4519 565 4563 et
595 4510 798 4572 barbae,
824 4510 1328 4578 etsupert-iliorutn,
1348 4511 1500 4579 quasi
1531 4528 1634 4565 non
1663 4512 1936 4567 suffecerit
1970 4516 2012 4571 D
2045 4525 2261 4586 peccata
2294 4513 2602 4567 solvuntur.
2666 4510 2915 4566 Secunda
2972 4520 3076 4576 est,
3132 4526 3234 4578 qtta
3272 4509 3452 4562 anima
3483 4522 3613 4561 con-

364 4600 502 4669 quod
522 4602 671 4669 prius
683 4616 896 4654 omnem
918 4601 1080 4668 piltnn
1100 4609 1330 4665 raserat,
1349 4616 1493 4655 nunc
1509 4602 1935 4667 additur,utom-

364 4708 484 4746 ιιεειι
512 4692 675 4761 pilum
694 4694 886 4759 capitis
920 4701 972 4745 et
1002 4691 1204 4757 barbze,
1230 4700 1284 4742 et
1311 4694 1725 4761 superciliorum
1752 4696 1928 4749 radat.

361 4782 504 4835 Idem
520 4798 750 4851 namque
768 4784 1049 4837 videbatur
1066 4784 1269 4838 dictum
1286 4784 1337 4837 in
1354 4799 1418 4838 eo
1433 4786 1575 4853 quod
1595 4786 1933 4840 dixeratom-

363 4888 483 4925 nem
510 4873 675 4940 pilum
708 4876 1022 4927 radendum.
1068 4874 1172 4928 Sed
1204 4891 1306 4927 non
1339 4876 1469 4929 mihi
1505 4877 1714 4931 videtur
1756 4876 1932 4931 inanis

360 4963 520 5033 235
568 4979 689 5018 esse
738 4966 837 5018 iata
893 4965 1157 5032 repetitio.
1210 4965 1336 5019 Vult
1392 4967 1535 5019 enim
1584 4977 1927 5036 peceatorem

360 5064 715 5123 posteaquam
770 5055 930 5109 fuerit
975 5058 1229 5116 mundus,
1263 5065 1618 5124 posteaquam
1654 5057 1932 5111 remissio-

363 5162 485 5198 nem
548 5161 644 5215 per
701 5147 1078 5215 pmnitentiam
1134 5148 1410 5217 acceperit
1466 5151 1931 5216 pcecatorum,de

362 5238 686 5307 purgatione
726 5240 919 5307 capitis
959 5241 1280 5306 admonere,
1333 5242 1622 5305 et'barbae,
1662 5251 1717 5293 et
1745 5258 1931 5311 supcr-

362 5329 636 5393 ciliorum,
668 5331 875 5383 velutsi
897 5332 1103 5385 diceret
1135 5332 1184 5386 ei
1221 5331 1524 5397 :Eccejaiu
1554 5348 1718 5386 sanus
1750 5334 1927 5389 factus

434 5420 515 5472 “l
551 5420 679 5487 Reg.
707 5436 744 5475 ι.
824 5423 865 5454 ⁸⁷
893 5421 1050 5475 Num.
1092 5437 1163 5475 v1.
1234 5423 1275 5454 ¹⁸
1301 5423 1442 5476 I’sal.
1494 5440 1531 5489 ι,
1578 5424 1631 5477 5.

362 5489 408 5519 ³⁸
442 5489 569 5543 ibid.
599 5492 685 5544 I5.

437 5579 551 5651 (40)
594 5580 844 5651 Omnino.
883 5583 1060 5637 Codex
1112 5581 1393 5650 Sangerm.
1449 5584 1630 5647 habet,
1669 5603 1685 5635 ι
1718 5585 1770 5639 in
1812 5586 1919 5641 Do-

364 5650 537 5703 Iuiuo.
566 5669 583 5699 ι
616 5650 753 5704 Infra
786 5654 912 5706 libb.
939 5652 1090 5714 editi,
1132 5669 1151 5702 ι
1174 5651 1330 5716 jubet
1362 5667 1574 5707 omnem
1614 5655 1778 5721 pilum

360 5730 606 5792 exortum
628 5729 728 5774 est.
752 5721 860 5775 Hoc
878 5723 1020 5792 enin:
1046 5721 1131 5790 pili
1162 5720 1601 5787 nominejubetur
1618 5720 1877 5792 altjicere.
1893 5745 1910 5776 ο

362 5788 468 5844 Sed
503 5803 692 5845 omnes
729 5806 855 5846 mss.
900 5802 956 5846 ut
980 5788 1255 5847 itt'uostro
1288 5800 1455 5846 textu.

1711 5425 1755 5454 ¹⁹
1808 5424 2000 5480 Matth.
2052 5444 2105 5490 χ,
2166 5426 2261 5480 50.

2041 4607 2274 4661 vertitur
2310 4606 2376 4659 ad
2424 4603 2613 4656 Deum.
2663 4602 2845 4658 Tertia
2873 4612 2956 4658 est
2993 4601 3369 4663 fecunditatis,
3406 4610 3461 4652 et
3497 4598 3613 4651 fru-

2040 4710 2244 4764 ctuum,
2273 4713 2410 4767 quos
2438 4698 2489 4750 in
2519 4697 2772 4767 operibus
2810 4695 3026 4766 pietatis
3055 4696 3101 4749 is
3130 4694 3220 4763 qui
3249 4693 3451 4745 dicitur
3478 4705 3611 4743 cou-

2040 4805 2250 4853 versus,
2305 4789 2561 4844 ostendit.
2596 4790 2659 4842 Et
2682 4787 2808 4857 quia
2841 4798 2949 4841 tres
2974 4788 3089 4839 ista:
3128 4792 3253 4837 sunt
3288 4781 3495 4843 hostim,
3529 4779 3609 4830 id-

2039 4882 2185 4935 circo
2214 4881 2489 4950 subjungit
2519 4892 2571 4936 ct
2598 4892 2710 4935 tres
2741 4892 3023 4931 mensuras
3054 4874 3170 4943 (όῖ)
3202 4871 3422 4925 decinue
3453 4867 3607 4921 simi-

2040 4971 2235 5041 Iagiuis
2269 4972 2646 5033 assumendas,
2707 4978 2769 5023 ut
2799 4969 2997 5034 ubique
3057 4962 3423 5030 intelligamus
3468 4958 3611 5026 puri-

2038 5065 2339 5119 ficationem
2381 5064 2494 5117 fieri
2527 5078 2630 5115 non
2674 5075 2830 5131 posse
2862 5058 2979 5110 sine
3008 5054 3268 5124 mysterio
3294 5050 3601 5103 Trinitatis.

2037 5154 2168 5209 Vide
2208 5164 2387 5208 autem
2413 5153 2557 5222 quod
2606 5152 2695 5205 hic
2737 5153 2789 5204 in
2824 5149 3011 5216 quinta
3058 5143 3436 5214 purificatione
3493 5155 3597 5192 nou

2031 5246 2331 5299 assumitur
2359 5244 2559 5308 farina,
2606 5244 2699 5296 sed
2750 5243 2857 5309 jam
2889 5238 3125 5293 similam
3177 5234 3342 5289 habet
3379 5234 3480 5287 iste
3508 5231 3597 5301 qui

2031 5336 2350 5405 purificatur
2390 5350 2416 5386 a
2474 5333 2733 5401 peccatis,
2786 5330 2962 5384 simila
3006 5329 3053 5382 ei
3101 5327 3413 5388 ascribitnr,
3461 5325 3603 5376 unde

2378 5424 2422 5457 ¹⁰
2473 5424 2645 5477 Levit.
2698 5438 2807 5481 XIV.
2856 5422 2908 5476 8.
3028 5422 3068 5454 ³³
3126 5420 3255 5475 ibid.
3324 5432 3435 5483 XIV,
3510 5417 3595 5469 I0.

2107 5582 2217 5653 (41)
2244 5582 2403 5653 MSS”
2438 5600 2456 5632 ι
2487 5596 2562 5634 se.
2598 5600 2615 5632 ι
2646 5579 2799 5634 Lihb.
2835 5580 2985 5653 editi,
3024 5598 3054 5653 t_
3082 5593 3314 5653 semper.
3348 5596 3365 5630 ι

2097 5644 2295 5722 (ᾎὲμῖι
2327 5663 2430 5704 tres
2460 5666 2755 5712 ntensuras.
2787 5658 2893 5703 etc.
2928 5650 3017 5704 Sic
3043 5644 3243 5722 habent
3280 5664 3408 5722 mss.
3452 5644 3596 5722 Libri

2027 5714 2154 5775 vero
2192 5714 2364 5782 'editi,
2405 5740 2420 5772 I
2466 5730 2519 5773 et
2554 5729 2661 5774 tres
2702 5734 2970 5775 mensura:
3016 5721 3234 5775 decima:
3269 5714 3597 5785 similaginis

2024 5794 2360 5848 assumendae
2390 5800 2537 5847 sunt.
2566 5789 2794 5861 Ubique,
2833 5808 2850 5840 ι
2876 5801 2979 5847 etc.
