4106 6246
486 310 587 366 507

1939 301 2258 366 OﬂlGENlS

3641 291 3756 348 508

490 426 685 479 habeat
710 422 822 493 jam
856 438 1049 494 partem
1084 424 1365 486 mundum,
1395 434 1447 475 et
1472 422 1588 476 haec
1611 420 1730 476 oleo
1752 420 2064 488 conspergi-
2093 428 2140 477 A
2170 430 2291 485 qua:
2312 412 2563 482 superius
2581 409 2835 465 diximus.
2855 409 3068 464 Donum
3088 413 3267 463 autem
3294 406 3482 475 gratia
3497 407 3759 477 spiritus,

490 526 597 573 tur.
627 516 731 571 Sed
754 526 807 571 et
832 516 1011 572 oleum
1028 513 1146 584 ejus
1163 514 1228 570 ad
1255 514 1390 569 duos
1417 529 1547 569 usus
1571 513 1850 568 dividitur.
1886 511 2061 568 Unum

490 622 597 675 quo
630 607 807 661 simila
845 608 1249 677 conspergitur,
1293 604 1458 658 alium
1492 619 1599 673 quo
1635 602 1891 659 sacerdos
1920 602 2065 657 acci-

489 700 568 768 pit
617 699 881 769 integram
928 712 1241 753 mensuram
1289 696 1495 766 cyathi,
1526 703 1586 750 ut
1631 696 1730 750 ait.
1773 695 1828 748 In
1870 710 1979 765 quo
2006 702 2061 748 ut

428 823 432 826 ‹
487 804 589 859 ego
617 788 816 854 sentio,
864 797 920 844 et
972 788 1132 858 panis
1184 787 1302 855 ejus
1333 788 1547 858 pinguis
1577 786 1808 841 eﬂicitur
1834 801 1932 855 pro
1965 787 2064 841 mi-

489 882 807 945 sericordia,
831 892 885 934 et
936 880 1115 936 oleum
1145 896 1253 948 quo
1282 878 1373 933 lux
1401 895 1527 934 vera
1564 889 1617 934 et
1648 881 1890 934 scientiae
1922 879 2063 949 ignis

490 973 829 1034 accenditur,
868 987 965 1041 per
992 987 1185 1025 manus
1226 972 1534 1027 sacerdotis
1576 972 1739 1040 capiti
1789 972 1907 1042 ejus
1958 973 2062 1026 im-

492 1063 729 1131 ponitur.
768 1062 845 1116 lta
873 1062 1017 1116 enim
1049 1063 1213 1117 dicit:
1239 1081 1259 1113 ι
1286 1063 1346 1117 Et
1366 1073 1590 1127 statuet,
1637 1063 1809 1134 inquit
1845 1064 1908 1130 ”,
1941 1078 2062 1119 eum

492 1156 752 1210 sacerdos
777 1155 867 1224 qui
904 1154 1131 1209 mundat
1157 1170 1281 1210 eum
1304 1155 1354 1209 in
1387 1166 1682 1224 conSpectu
1723 1153 1957 1221 Domini,
1997 1155 2064 1211 ad

491 1246 689 1299 ostium
727 1242 1064 1300 tabernaculi
1106 1247 1425 1301 testimonii.
1464 1266 1482 1299 ι
1519 1246 1683 1303 Vides
1730 1250 1859 1319 quia
1888 1264 2069 1303 sacer-

494 1338 636 1391 dotis
662 1345 747 1390 est
800 1347 1040 1392 statuere
1068 1354 1190 1391 eum
1231 1341 1325 1408 qui
1372 1339 1713 1394 convertitur
1756 1354 1784 1394 a
1818 1349 2063 1410 peccato,

496 1434 556 1479 ut
586 1427 798 1481 stabilis
822 1442 943 1481 esse
998 1427 1192 1495 possit,
1229 1439 1284 1481 et
1324 1429 1462 1483 ultra
1496 1444 1601 1482 non
1646 1428 1928 1495 ﬂuctuare,
1968 1445 2068 1486 nec

495 1517 696 1571 moveri
719 1516 866 1571 omni
894 1525 1054 1571 vento
1078 1517 1364 1573 doctrinm.
1401 1517 1604 1573 Statuit
1636 1534 1767 1590 ergo
1790 1537 1914 1576 eum
1951 1538 2057 1576 non

495 1612 671 1666 solum
695 1610 836 1665 intra
861 1621 1063 1676 castra,
1105 1612 1199 1666 sed
1234 1612 1300 1666 ad
1352 1612 1528 1681 ipsum
1565 1613 1763 1667 ostium
1816 1616 2068 1670 taberna-

494 1706 602 1761 culi
638 1705 932 1759 testimonii
970 1713 1096 1759 ante
1131 1704 1442 1762 Dominum.
1478 1707 1537 1760 EI
1584 1718 1944 1779 posteaquam
1980 1727 2068 1765 se-

2175 520 2278 575 per
2307 503 2413 558 olei
2469 500 2759 571 imaginem
2809 498 3152 567 designatur,
3178 509 3236 553 ut
3268 514 3373 553 non
3404 497 3581 553 solum
3611 517 3759 571 pur-

2170 594 2442 664 gationctu
2469 589 2729 657 consequi
2766 589 2941 660 possit
2972 590 3019 645 is
3048 589 3141 658 qui
3188 587 3529 643 convertitur
3559 604 3589 641 a
3616 605 3757 655 pee-

2172 695 2316 748 cato,
2343 685 2436 739 sed
2466 693 2518 737 et
2546 683 2747 753 Spiritu
2790 692 2982 736 sancto
3015 680 3237 750 repleri,
3272 694 3381 750 quo
3415 690 3466 735 et
3501 681 3763 749 recipere

2172 778 2404 848 priorem
2437 778 2656 841 stolun,
2708 786 2762 831 et
2803 776 3059 829 annulum
3111 774 3302 844 possit,
3345 782 3400 828 et
3431 788 3531 844 per
3563 778 3762 831 omnia

2174 868 2558 924 reconciliatus
2601 869 2748 924 Patri
2813 868 2864 923 in
2950 868 3130 924 locum
3198 868 3292 921 lilii
3343 869 3609 938 reparari,
3655 887 3767 940 per

2173 962 2345 1026 ipsum
2420 962 2705 1016 Dominum
2770 971 3013 1016 nostrum
3062 959 3246 1017 Jesnm
3291 961 3610 1026 Christum,
3658 963 3760 1015 cui

2172 1066 2253 1108 ρει
2278 1053 2450 1123 gloria
2480 1063 2534 1110 et
2560 1054 2843 1125 imperium
2877 1053 2927 1106 in
2959 1052 3153 1108 saecula
3189 1052 3757 1109 saeculorum.Amen.

2173 1214 2251 1268 De
2281 1216 2561 1283 sacriﬁciis
2608 1217 3076 1284 rcpmpt'tiationis,
3118 1225 3169 1268 et
3208 1216 3273 1267 de
3308 1215 3517 1269 duobus
3562 1217 3755 1280 hircis,

2243 1302 2621 1355 quorumunus
2652 1303 2767 1339 sors
2783 1295 2857 1338 est
2888 1284 3125 1345 Domini,
3148 1300 3194 1337 ct
3230 1303 3363 1337 unus
3399 1290 3755 1353 apopompa-i,

2242 1356 2332 1424 qui
2370 1356 2653 1427 dintjllilur
2692 1356 2744 1407 in
2785 1370 3036 1421 eremunt,
3078 1365 3126 1408 et
3171 1358 3235 1410 de
3270 1356 3508 1425 ingressu
3527 1357 3747 1427 pantiﬁo

2243 1423 2319 1479 eis
2362 1425 2415 1477 in
2446 1423 2646 1479 Sancta
2677 1433 3000 1478 sanctorum.

2246 1517 2296 1571 1.
2340 1517 2434 1573 Die
2463 1516 2870 1587 propitiationis
2899 1516 3141 1587 indigent
3177 1530 3374 1575 omnes
3431 1517 3522 1585 qui
3555 1533 3753 1585 pecca-

2174 1620 2394 1674 verunt,
2418 1621 2471 1664 et
2503 1610 2624 1663 ideo
2655 1610 2797 1663 inter
2826 1609 3197 1663 solemnitates
3220 1608 3377 1676 legis,
3405 1622 3521 1677 quae
3549 1608 3750 1679 ﬁguras

2175 1699 2458 1753 continent
2514 1699 2825 1755 scelestium
2895 1708 3009 1768 mys
3040 1698 3305 1760 cribrum,
3353 1713 3458 1751 una
3500 1699 3740 1766 quietiam

493 1791 731 1846 eundum
785 1807 848 1845 ea
904 1807 1024 1861 qua:
1060 1794 1309 1862 superius
1347 1797 1488 1850 dicta
1551 1806 1720 1862 sunt,
1771 1797 2071 1853 oll'eruntur

2177 1786 2494 1841 solemnitas
2527 1788 2783 1853 habetur,
2818 1804 2940 1857 qum
2975 1788 3094 1841 dies
3126 1788 3530 1858 pr0pitiationis
3567 1790 3743 1858 appel-

496 1883 686 1937 hostim
714 1898 812 1953 pro
834 1883 1231 1953 puriﬁcatione,
1258 1887 1496 1951 adhibet,
1527 1887 1722 1957 inquit,
1742 1898 1796 1942 et
1818 1891 2070 1960 cyathum

494 1972 621 2040 olei,
649 1983 704 2028 et
738 1983 954 2042 separat
978 1974 1109 2029 illttd
1140 1988 1265 2031 ante
1295 1977 1601 2031 Dominum.
1646 1997 1663 2030 ι
1704 1979 1767 2033 Et
1815 1980 2070 2051 accipiet,

497 2062 673 2133 inquit
705 2064 772 2127 “,
806 2064 1064 2118 sacerdos
1105 2064 1171 2119 de
1201 2068 1555 2135 sanguine,et
1578 2076 1743 2138 ponet
1771 2085 1940 2142 super
1972 2088 2065 2126 ex~

496 2161 728 2209 tremam
801 2156 1104 2211 auriculam
1157 2157 1274 2227 ejus
1320 2158 1601 2228 dextram,
1669 2170 1724 2217 et
1764 2177 1931 2232 super
1977 2179 2071 2219 ex-

498 2257 725 2302 tremam
791 2262 1014 2303 manum
1074 2250 1193 2319 ejus
1229 2254 1510 2317 dextram,
1564 2260 1618 2307 et
1662 2268 1825 2323 super
1893 2264 2075 2313 extre-

497 2353 645 2391 tnum
704 2338 894 2406 pedem
933 2337 1053 2405 ejus
1079 2340 1356 2394 dextrum.
1388 2360 1408 2394 ι
1444 2340 1507 2395 Et
1542 2350 1665 2411 post
1698 2344 1836 2409 hare,
1869 2344 2071 2415 inquit,

496 2427 727 2496 accipiet
751 2429 1010 2483 sacerdos
1063 2445 1167 2483 non
1207 2430 1386 2498 ipsum
1417 2434 1674 2503 cyathum
1704 2434 1832 2502 olei,
1868 2437 1963 2492 sed
2003 2453 2073 2493 ex

496 2518 616 2587 ipso
647 2534 662 2572 :
691 2536 711 2571 ι
752 2517 816 2573 Et
844 2519 1109 2575 dill'uudet
1149 2520 1286 2593 (45),
1337 2522 1533 2594 inquit,
1570 2524 1623 2579 in
1671 2541 1887 2581 manum
1919 2542 2073 2583 suant

497 2612 804 2678 sinistram,
843 2623 901 2669 et
955 2613 1184 2685 intinget
1231 2615 1460 2685 digitum
1523 2632 1679 2673 suum
1705 2621 1968 2675 sacerdos
2018 2621 2073 2677 iu

495 2702 641 2769 oleo,
669 2704 813 2773 quod
859 2714 947 2759 est
987 2708 1039 2759 in
1073 2721 1237 2760 manu
1289 2708 1405 2778 ejus
1442 2708 1688 2775 sinistra,
1724 2719 1781 2766 et
1821 2722 2074 2784 asperget

498 2796 699 2864 septies
740 2805 868 2853 ante
900 2796 1218 2864 Dominum;
1260 2817 1279 2852 ο
1314 2809 1370 2854 et
1415 2801 1646 2855 iterum:
1678 2819 1696 2854 ι
1734 2802 1807 2856 Ex
1841 2819 1906 2858 eo
1931 2803 2075 2873 quod

497 2898 752 2957 superest
776 2888 827 2942 in
861 2904 1021 2944 manu
1052 2888 1170 2959 ejus
1207 2891 1459 2957 sinistra,
1497 2892 1739 2963 imponet
1768 2910 1935 2964 super
1976 2913 2073 2951 au-

500 2978 726 3033 riculam
750 2979 868 3050 ejus
897 2981 990 3045 qui
1039 2983 1361 3052 puriﬁcatur
1391 2984 1661 3053 dextram,
1710 2996 1765 3042 et
1785 3003 1948 3056 super
1976 3005 2073 3045 ex-

505 3078 731 3123 tremam
778 3085 998 3125 manum
1037 3071 1154 3141 ejus
1205 3073 1472 3138 dextram,
1500 3084 1556 3129 et
1579 3090 1742 3145 super
1768 3086 2069 3132 extremum

499 3158 687 3225 pedem
742 3161 862 3227 ejus
907 3161 1175 3215 dextrum.
1222 3181 1241 3214 ι
1279 3163 1344 3216 Et
1395 3175 1518 3234 post
1562 3166 1716 3219 inec:
1748 3185 1766 3218 ι
1820 3168 1874 3221 ld
1931 3170 2071 3237 quod

500 3250 749 3304 reiictum
782 3250 949 3306 fuerit
995 3268 1061 3307 ex
1093 3252 1233 3317 oleo,
1272 3253 1530 3322 imponet,
1581 3255 1781 3326 inquit,
1817 3258 2074 3312 sacerdos

497 3341 563 3395 de
626 3356 787 3396 manu
827 3359 924 3399 sua
966 3356 1129 3413 super
1157 3353 1321 3413 caput
1369 3345 1484 3414 ejus
1518 3346 1610 3413 qui
1648 3347 1989 3414 puriticatur.
2049 3365 2070 3401 ι

498 3432 663 3490 Vides
694 3436 964 3504 quoutodo
984 3436 1187 3490 ultima:
1210 3445 1265 3490 et
1288 3451 1513 3491 summa:
1535 3436 1933 3506 puriﬁcationis
1964 3442 2073 3504 est,

500 3541 686 3581 aurem
716 3529 991 3596 puriiicari
1034 3538 1091 3583 ut
1128 3543 1297 3596 purus
1331 3537 1386 3582 et
1424 3530 1656 3585 mundus
1687 3538 1938 3585 servetur
1974 3546 2073 3584 au-

499 3620 663 3673 ditus.
712 3619 794 3674 Et'
822 3635 1039 3674 manum
1094 3624 1364 3685 dextram,
1419 3630 1478 3673 ut
1524 3622 1724 3676 ntunda
1771 3623 1881 3676 sint
1908 3638 2074 3693 opera

500 3721 722 3775 nostra,
768 3726 867 3767 nec
918 3711 1120 3782 aliquid
1184 3710 1521 3765 immundum
1580 3711 1665 3767 his
1708 3713 2077 3770 admisceatur

497 3813 552 3859 et
579 3805 880 3862 sordidum.
921 3803 1027 3861 Sed
1080 3815 1135 3861 et
1170 3807 1335 3876 pedes
1374 3806 1699 3877 puriﬁcandi
1742 3816 1891 3874 sunt,
1918 3816 1976 3860 ut
2006 3807 2073 3862 ad

497 3911 634 3967 opus
676 3897 875 3952 bonum
941 3899 1321 3952 tantummodo
1383 3899 1726 3971 dirigantur,
1779 3912 1883 3953 nec
1931 3898 2073 3952 ultra

500 3987 682 4059 lapsus
706 3989 1009 4056 iuventutis
1038 3988 1344 4043 incurrant.
1389 3989 1604 4057 Septies
1636 3997 1818 4043 autem
1858 4002 2078 4058 resper-

500 4079 580 4146 git
611 4079 871 4135 sacerdos
901 4090 1090 4135 contra
1120 4080 1408 4135 Dominum
1439 4096 1507 4134 ex
1539 4080 1687 4135 oleo.
1727 4080 1858 4135 Post
1891 4079 2074 4135 omnia

493 4171 697 4225 etenim
716 4188 836 4242 quae
861 4188 958 4242 pro
986 4174 1274 4243 puriﬁcato
1304 4172 1584 4228 celebrata
1608 4183 1755 4240 sunt,
1785 4185 2073 4245 postquam

500 4276 802 4319 conversus
826 4274 881 4320 et
915 4266 1303 4321 reconciliatus
1331 4276 1415 4322 est
1452 4267 1584 4331 Deo,
1610 4275 1735 4337 post
1768 4267 2077 4326 immolatas

502 4355 736 4423 hostias,
800 4358 1013 4414 ordinis
1065 4370 1209 4427 erat,
1249 4370 1305 4414 ut
1356 4371 1409 4415 et
1465 4361 1720 4416 virtutem
1756 4376 1921 4430 super
1947 4376 2073 4416 eum

2176 1878 2336 1933 latur.
2366 1878 2490 1934 Haec
2545 1896 2675 1948 ergo
2710 1898 2829 1951 quae
2863 1896 3011 1936 nunc
3049 1881 3276 1936 recitata
3313 1891 3441 1936 sunt
3480 1880 3745 1950 legislatio

2173 1979 2257 2024 est
2289 1971 2653 2025 solemnitatis
2676 1973 2867 2042 ipsius,
2893 1987 3014 2041 qua:
3053 1972 3191 2037 dies,
3226 1983 3282 2026 ttt
3322 1973 3582 2038 diximus,
3624 1988 3751 2041 pro-

2174 2062 2473 2134 pitialionis
2514 2064 2752 2118 vocitata
2787 2073 2889 2120 est.
2920 2064 3027 2120 Sed
3090 2064 3375 2120 videamus
3418 2065 3598 2135 primo
3625 2064 3753 2133 quid

2174 2154 2277 2208 sibi
2328 2152 2456 2207 velit
2505 2154 2698 2208 littera:
2752 2154 2919 2222 ipsius
2963 2155 3325 2219 continentia,
3371 2163 3431 2208 ut
3466 2155 3755 2209 orantibus

2174 2244 2352 2312 vobis,
2381 2246 2427 2299 si
2463 2256 2641 2300 tamen
2671 2245 2743 2298 ita
2786 2246 3016 2301 Domino
3048 2246 3369 2316 supplicetis
3406 2256 3469 2303 ut
3501 2249 3755 2304 exaudiri

2175 2337 2519 2405 mereamiui,
2576 2342 2851 2408 possimus
2916 2341 3168 2410 accipere
3214 2341 3445 2410 gratiam
3498 2341 3754 2411 spiritus,

2174 2448 2272 2503 per
2302 2446 2463 2501 quant
2496 2431 2792 2500 explanare
2844 2431 3126 2487 valeamus
3164 2433 3420 2503 mysteria
3470 2448 3593 2502 qua!
3618 2450 3757 2489 con-

2177 2525 2488 2580 tinenturin
2519 2524 2660 2594 lege.
2698 2523 2947 2580 Deinncti
2992 2534 3120 2579 sunt
3150 2526 3258 2582 duo
3297 2523 3391 2580 lilii
3426 2524 3607 2579 Aaron
3646 2525 3757 2580 Na-

2176 2617 2280 2671 dab
2307 2625 2361 2670 et
2386 2616 2564 2669 Abiud
2597 2613 2733 2686 (ιι),
2759 2631 2880 2670 cunt
2908 2612 3170 2670 oﬁ'erreul
3197 2615 3376 2686 ignem
3410 2614 3648 2669 alienum
3686 2614 3757 2669 ad

2176 2705 2349 2761 altare
2406 2706 2641 2761 Domini.
2686 2704 2923 2761 Necesse
2963 2716 3105 2773 erat,
3155 2716 3212 2760 ut
3254 2705 3464 2761 cmlesti
3500 2707 3755 2761 doctrina

2178 2796 2539 2852 instrueretur
2554 2796 2735 2851 Aaron
2762 2798 3031 2867 quomodo
3048 2806 3328 2866 oporteret
3355 2811 3477 2851 eum
3497 2797 3561 2848 ad
3585 2798 3759 2854 altare

2178 2890 2460 2954 accedere,
2498 2897 2552 2942 et
2600 2905 2711 2958 quo
2766 2886 3229 2957 supplicationum
3289 2886 3399 2941 r-itu
3452 2887 3750 2957 propitium

2179 2979 2385 3033 faceret
2420 2979 2610 3042 Deum,
2646 2980 2722 3032 ttti
2750 2994 2817 3034 ne
2857 2980 2909 3034 in
2940 2994 3002 3032 ea
3036 2978 3149 3047 ipse
3192 2978 3521 3042 incurreret,
3557 2979 3610 3032 in
3635 2994 3759 3047 quas

2180 3071 2525 3127 incnrreraut
2567 3071 2659 3125 lilii
2697 3071 2801 3133 sui,
2839 3071 3055 3125 incaute
3086 3080 3140 3125 et
3178 3070 3629 3126 inconvenienter
3655 3086 3752 3126 ac-

2180 3166 2436 3219 cedentes
2469 3164 2534 3217 ad
2564 3162 2737 3217 altare
2765 3161 2882 3227 Dei,
2916 3162 3150 3214 alienum
3198 3161 3399 3229 ignem,
3440 3171 3497 3217 et
3535 3178 3640 3217 non
3684 3163 3750 3217 ilo

2177 3254 2289 3310 lum
2323 3255 2413 3324 qui
2442 3254 2703 3309 divinitus
2732 3254 2889 3308 datus
2919 3252 3117 3317 fuerat,
3149 3250 3465 3307 oﬂerentes.
3489 3252 3758 3322 Propter-

2180 3364 2245 3405 ea
2305 3362 2438 3417 ergo
2463 3348 2529 3402 de
2561 3347 2646 3401 his
2672 3347 2777 3401 hoc
2813 3345 2971 3399 modo
2994 3342 3222 3413 praelata
3256 3352 3343 3399 est
3373 3344 3476 3401 lex:
3519 3364 3537 3395 ι
3582 3346 3649 3400 Et
3678 3346 3761 3399 lo-

2177 3456 2335 3499 culus
2386 3453 2468 3499 est
2529 3442 2795 3498 Dominus
2848 3442 2915 3494 ad
2965 3438 3211 3506 Moysen,
3253 3448 3607 3508 posteaquam
3656 3440 3760 3497 de-

2179 3534 2349 3591 functi
2404 3542 2537 3589 sunt
2587 3535 2693 3586 duo
2741 3532 2835 3585 ﬁlii
2893 3531 3075 3584 Aaron
3109 3530 3235 3583 dtnn
3282 3529 3541 3584 oll'errent
3576 3531 3758 3600 ignem

2178 3626 2417 3681 alienum
2479 3633 2605 3679 ante
2663 3623 2975 3678 Dominum.
3040 3617 3107 3674 Et
3172 3620 3310 3676 dixit
3367 3622 3631 3677 Dominus
3687 3622 3761 3677 ad

2176 3717 2399 3790 Moysen
2438 3716 2728 3786 :Loquere
2757 3716 2823 3769 ad
2849 3715 3030 3768 Aaron
3064 3712 3290 3771 fratrem
3340 3725 3513 3780 tuum,
3560 3726 3618 3769 ut
3647 3730 3756 3770 non

2177 3812 2346 3868 intret
2371 3810 2516 3865 omni
2548 3810 2679 3864 hora
2706 3809 2758 3863 in
2786 3820 2975 3863 sancta
3005 3810 3288 3871 interiora,
3318 3808 3461 3877 quod
3489 3815 3572 3860 est
3609 3805 3760 3861 intra

2177 3905 2357 3959 velum
2390 3909 2518 3955 ante
2557 3910 2913 3969 conspectum
2946 3902 3311 3971 propitiatorii
3358 3900 3500 3970 quod
3532 3908 3619 3952 est
3661 3914 3759 3952 su-

2177 4004 2275 4061 pra
2309 4004 2490 4043 arcam
2520 3989 2841 4057 testimonii,
2872 3998 2926 4043 et
2960 4005 3066 4044 non
3101 3991 3365 4043 morietur
3390 3988 3458 4042 ³⁷.
3490 4007 3509 4039 ι
3537 3985 3613 4041 Ex
3648 4003 3761 4058 quo

2176 4082 2489 4138 ostenditur
2509 4084 2653 4153 quod
2695 4082 2738 4137 si
2778 4082 2833 4137 in
2867 4085 3014 4138 omni
3045 4082 3182 4139 hora
3211 4082 3449 4137 introeat
3480 4082 3532 4135 in
3564 4092 3758 4135 sancta

2177 4190 2282 4230 non
2319 4182 2677 4245 praeparatus,
2726 4188 2831 4228 non
2869 4173 3091 4227 indutus
3140 4172 3556 4241 pontificalibus
3606 4171 3762 4245 indit-

2177 4266 2399 4331 mentis,
2430 4281 2604 4335 ueque
2633 4264 2828 4320 hostiis
2862 4280 2983 4334 qua:
3012 4275 3228 4318 statuta:
3261 4272 3387 4318 sunt
3416 4260 3759 4332 prmparalis,

2179 4373 2357 4427 neque
2415 4359 2707 4428 propitiato
2763 4359 2916 4427 prius
2978 4358 3107 4422 Deo,
3163 4358 3448 4411 morietur.
3494 4354 3563 4408 Et
3614 4354 3763 4422 justo

500 4451 906 4519 Septetnplicem
953 4452 1129 4506 sancti
1167 4451 1407 4521 Spiritus
1451 4452 1734 4517 invitaret,
1771 4454 2070 4508 secundum
2107 4453 2150 4507 D
2176 4449 2421 4518 quidem,
2487 4459 2747 4519 tanquam
2787 4449 2877 4520 qui
2906 4464 3010 4504 non
3035 4448 3225 4504 fecerit
3256 4465 3317 4504 ea
3350 4464 3471 4521 qua!
3502 4448 3762 4504 convenit

498 4556 624 4595 cum
657 4541 749 4611 qui
779 4542 991 4598 dixerat
1019 4544 1064 4577 ’⁸
1095 4563 1109 4598 ;
1149 4561 1167 4595 ι
1204 4543 1389 4598 Redde
1424 4544 1557 4598 tnibi
1594 4545 1835 4600 lietitiam
1868 4544 2076 4600 saluta-

501 4633 579 4688 ris
619 4634 714 4697 tui,
762 4643 817 4688 et
859 4636 1053 4704 spiritu
1115 4636 1410 4706 principali
1469 4635 1734 4691 οοιιῆνιιιτι
1783 4652 1888 4691 me.
1924 4656 1941 4689 ι
1976 4636 2071 4692 Vel

498 4736 651 4779 certe
680 4729 936 4795 quoniam
969 4738 1316 4797 peccatorum
1346 4729 1509 4784 corda
1538 4729 1802 4785 Dominus
1826 4731 1878 4784 in
1909 4729 2079 4783 Evan-

498 4817 637 4887 gelio
688 4817 734 4849 ’⁸
798 4828 1027 4872 testatur
1076 4837 1105 4874 a
1151 4834 1362 4892 septem
1413 4822 1753 4877 dmutonibus
1809 4822 2076 4886 obsideri,

499 4922 872 4983 competenter
901 4913 1065 4985 236
1098 4914 1297 4982 septies
1336 4923 1462 4969 ante
1498 4913 1787 4967 Dominum
1817 4916 2078 4971 sacerdos

499 5003 555 5059 in
593 5006 969 5074 puriﬁcatione
1004 5008 1294 5077 respergit,
1328 5020 1387 5063 ut
1434 5008 1686 5078 expulsio
1716 5018 1924 5077 septeni
1964 5010 2074 5078 spi-

503 5096 705 5153 rituum
766 5100 1131 5168 malignorum
1189 5098 1255 5152 de
1312 5097 1583 5169 purilicali
1643 5098 1832 5163 corde,
1871 5100 2079 5167 septies

503 5199 735 5242 excusso
766 5188 949 5258 digitis
983 5189 1104 5243 oleo
1135 5188 1464 5243 declaretur.
1506 5188 1596 5243 Sic
1638 5204 1771 5258 ergo
1799 5191 2078 5244 conversis

504 5290 534 5329 a
565 5288 809 5345 peccato,
840 5282 1151 5349 puriﬁcatio
1173 5282 1394 5351 quidem
1422 5297 1518 5350 per
1567 5280 1655 5334 illa
1679 5282 1861 5336 omnia
1891 5283 2072 5346 datur,

576 5415 622 5449 ³³
644 5415 817 5475 Levii.
849 5435 959 5486 xtv,
1013 5421 1101 5478 ll.
1176 5422 1223 5455 “
1256 5421 1410 5489 ibid.,
1440 5420 1528 5487 id,
1554 5430 1609 5476 et
1634 5435 1789 5491 seqq.

578 5578 691 5719 (is;
720 5578 874 5642 Mss.,
911 5598 930 5631 ι
960 5564 1245 5634 dilIundet.
1271 5596 1289 5630 ι
1321 5578 1477 5635 Libb.
1504 5580 1657 5643 editi,
1687 5598 1706 5631 ι
1740 5579 2021 5633 «ιι-ιιιηιιοι.
2055 5596 2073 5630 ι

578 5649 669 5717 (id
726 5649 904 5702 Codex
952 5650 1241 5715 Sangernt.
1286 5661 1342 5703 et
1387 5650 1503 5715 alii,
1552 5650 1796 5711 iAbiud,
1830 5668 1848 5701 ι
1887 5648 2073 5716 sicque

578 5648 690 5717 (44)
726 5649 904 5702 Codex
952 5650 1241 5715 Sangernt.
1286 5661 1342 5703 et
1387 5650 1503 5715 alii,
1552 5650 1796 5711 iAbiud,
1830 5668 1848 5701 ι
1887 5648 2080 5716 sicque

507 5720 859 5791 Septuaginta
893 5720 1221 5789 interpretes
1255 5719 1427 5776 Exod.
1451 5736 1525 5787 tu,
1548 5720 1639 5788 25,
1672 5736 1982 5791 quanquam
2014 5734 2078 5773 cx

1867 5422 1912 5454 ³⁸
1937 5421 2077 5477 Psal.
2111 5438 2164 5484 ι..
2208 5417 2294 5471 id.
2367 5416 2413 5446 “
2448 5414 2675 5469 Luc.x1.

2177 4540 2294 4594 ﬁeri
2357 4548 2650 4610 antequam
2715 4540 3016 4595 accedatur
3067 4541 3136 4595 ad
3191 4540 3363 4594 altare
3408 4539 3524 4593 Dei.
3556 4536 3762 4593 Omnes

2178 4650 2276 4688 nos
2323 4634 2427 4689 iste
2482 4650 2661 4689 sermo
2702 4633 2974 4702 contingit
3005 4632 3139 4703 (45).
3177 4634 3247 4688 ad
3295 4647 3484 4687 omnes
3522 4633 3761 4700 pertinet

2179 4726 2323 4795 quod
2388 4726 2477 4780 hic
2529 4726 2769 4796 loquitur
2802 4724 2924 4793 lex;
2959 4725 3218 4794 przeccpit
3248 4724 3394 4779 enim
3432 4732 3494 4776 ut
3519 4723 3762 4777 sciamus

2180 4818 2455 4886 quomodo
2489 4818 2753 4871 accedere
2786 4817 3080 4873 debeamus
3109 4818 3176 4871 ad
3209 4816 3380 4869 altare
3418 4812 3534 4867 Dei.
3578 4812 3762 4866 Altare

2180 4909 2325 4963 enim
2359 4918 2443 4963 est
2474 4924 2641 4977 super
2669 4908 2810 4977 quod
2866 4897 3144 4962 oratiori‘es
3204 4916 3423 4960 nostras
3473 4903 3754 4957 oll'erimus

2183 5003 2313 5070 Deo,
2350 5013 2407 5055 ut
2440 5003 2679 5057 sciamus
2725 5001 3000 5072 quomodo
3037 4979 3329 5055 imbeamus
3369 4997 3586 5061 oli'crre,
3611 4994 3761 5049 scili-

2182 5106 2268 5149 cet
2328 5104 2388 5146 ut
2442 5093 2782 5160 deponamus
2833 5091 3163 5145 vestimenta
3208 5089 3455 5151 sordida,
3506 5101 3631 5155 quae
3676 5092 3762 5137 est

2182 5186 2365 5239 carnis
2391 5182 2757 5247 innnunditia,
2797 5197 3006 5235 morum
3050 5181 3204 5247 vitia,
3242 5181 3653 5248 inquinamenta
3702 5173 3763 5225 li-

2182 5275 2454 5330 bidinutn.
2486 5274 2593 5328 Aut
2616 5274 2838 5344 ignoras
2864 5273 2960 5327 tibi
2991 5286 3231 5341 quoque,
3264 5270 3315 5324 id
3352 5278 3435 5323 est
3479 5266 3628 5322 omni
3661 5264 3764 5318 Ec-

2751 5414 2795 5444 ²⁷
2838 5410 3008 5466 Levit.
3050 5410 3213 5474 xvr,l
3258 5418 3313 5463 et
3354 5420 3511 5475 seqq.

2188 5574 2417 5629 Hebrzro
2464 5572 2747 5644 legendum
2808 5583 3014 5637 essem
3052 5571 3213 5644 Abiit,
3269 5587 3288 5622 ι
3335 5564 3760 5644 vcl__t_Ahiii_tt.}

2261 5644 2373 5713 (45)
2423 5636 2627 5698 Οιιιῖιεδ
2688 5658 2854 5711 11153.,
2899 5661 2918 5696 ι
2964 5636 3257 5713 contingit.
3309 5657 3329 5693 ι
3375 5637 3533 5695 Libb.
3596 5636 3767 5705 editi,

2194 5734 2214 5768 ι
2255 5715 2597 5787 constringit.
2628 5731 2650 5768 ι

3861 1103 3889 1123 δ
