2053 3123
174 159 226 187 50$
755 158 788 186 IN
809 148 999 186 LEVITICUliI
1018 158 1160 187 IIOMILIA
1177 158 1223 186 IX.
1757 155 1810 183 510

175 217 267 245 clesia:
296 215 356 248 Dei,
386 220 415 243 et
450 214 617 243 credentium
654 216 753 250 populo
779 216 965 243 sacerdotium
980 218 1003 245 Α
1018 216 1131 247 dicitur,
1144 215 1207 250 quia
1225 218 1297 241 terra
1314 213 1368 246 sit,
1380 217 1408 240 et
1423 212 1449 239 in
1473 216 1574 239 terram
1594 211 1643 239 ibit
1658 211 1692 239 ⁸⁵.
1709 210 1807 239 Volens

176 263 292 292 datum?
307 262 377 289 Audi
400 263 534 296 quomodo
558 261 654 288 Petrus
675 261 741 288 dicit
758 261 791 289 de
818 262 963 289 ﬁdelibus:
1016 268 1081 296 ergo
1099 261 1230 288 Dominus
1246 265 1273 288 et
1300 260 1428 288 Salvator
1443 266 1532 291 meus,
1547 258 1599 285 hoc
1611 257 1684 293 quod
1708 257 1735 284 in
1754 262 1809 284 tcr-

181 319 191 336 ‹
210 309 315 341 Genus,
338 307 426 342 inquit
451 307 486 339 ’⁸,
501 307 629 340 electum,
655 307 745 342 regale
770 307 965 339 sacerdotium,
1017 314 1074 334 ram
1091 307 1161 335 ierat
1177 307 1341 334 resnscitare
1358 307 1432 341 (47),
1448 310 1584 333 terrenum
1603 304 1724 339 suscepit
1746 312 1809 331 cor-

179 363 247 392 geus
266 359 369 387 sancta,
396 353 512 388 populus
538 354 564 380 in
589 353 810 388 acquisitionem.
841 363 851 380 ι
874 353 965 381 Habes
1016 360 1076 387 pus,
1095 357 1123 379 ut
1146 350 1324 379 id'elevatum
1340 352 1374 378 de
1392 355 1478 382 terra,
1494 354 1616 384 portaret
1639 349 1672 376 ad
1698 349 1807 376 cretum.

179 409 244 436 ergo
257 399 449 431 sacerdotium,
464 399 527 434 quia
544 406 610 434 gens
624 399 803 426 sacerdotalis
816 407 853 431 es,
867 404 893 427 et
905 400 965 427 ideo
1016 398 1049 425 Et
1063 398 1142 432 hujus
1165 397 1287 432 mysterii
1309 400 1383 424 tenet
1403 396 1516 431 ﬁguram
1534 395 1600 429 hoc,
1615 394 1687 429 quod
1701 394 1728 421 in
1750 394 1809 428 lege

177 447 276 475 offerre
303 445 387 473 debes
415 445 471 472 Deo
486 445 602 472 hOstiam
620 445 716 478 laudis,
739 445 855 473 hostiam
867 446 966 473 oratio-
1015 444 1155 476 scribitur,
1181 447 1209 470 ut
1235 442 1306 469 linea
1330 442 1422 469 tunica
1449 442 1569 476 pontifex
1593 442 1731 469 induatur.
1755 440 1809 468 Sed

177 501 252 527 num,
279 492 399 521 hostiam
433 490 640 525 misericordize,
665 492 782 519 hostiam
817 492 964 527 pudicitiae,
1016 490 1087 524 qttod
1116 489 1222 516 addidit
1246 488 1433 519 sanctiﬁcata,
1455 495 1507 514 non
1533 488 1621 515 otiose
1646 487 1809 514 audiendqu

177 539 295 567 hostiam
312 538 437 573 iustitia},
464 537 580 565 hostiam
609 538 773 565 sanctitatis.
790 538 844 566 Sed
860 543 889 565 ut
906 539 964 567 haec
1015 541 1068 565 est.
1083 536 1259 565 Sanctiﬁcata
1272 543 1390 571 namque
1404 535 1455 562 fuit
1479 534 1571 562 tunica
1590 534 1682 562 carnis
1694 534 1809 566 Christi,

176 586 258 621 digne
282 584 392 617 offeras,
420 585 586 612 indumentis
601 585 649 612 tibi
661 592 729 620 opus
745 589 787 613 est
805 586 923 618 mundis,
937 589 966 613 et
1015 590 1069 611 non
1088 583 1161 611 enim
1177 587 1237 610 erat
1251 590 1285 610 ex
1296 583 1400 610 semine
1416 581 1468 609 viri
1486 580 1682 615 concepta,sed
1695 587 1729 607 ex
1745 587 1810 607 san-

176 632 327 667 scgregatis
360 639 375 658 a
406 631 573 665 reliquorum
607 631 747 658 hominum
773 632 966 659 cmnmunibus
1016 634 1061 656 clo
1077 628 1180 663 Spiritu
1210 633 1352 663 generata.
1371 636 1381 654 ί
1402 627 1434 655 Et
1454 625 1609 658 femoralia,
1627 624 1761 660 inquit",
1778 624 1811 652 lin

178 677 357 710 indumentis,
372 680 396 703 el
410 676 500 711 ignem
515 677 637 704 divinum
659 675 844 703 necessarium
868 676 964 708 habes,
1017 681 1066 701 nea
1078 674 1133 700 sint
1150 681 1233 707 super
1262 680 1362 708 corpus
1388 671 1458 706 ejus.
1477 680 1486 696 ι
1504 670 1646 697 Femorale
1663 669 1810 697 indumen-

178 730 228 749 non
242 723 359 757 aliquem
382 721 500 749 alienum
521 729 536 748 a
549 722 621 754 Deo,
645 721 692 748 sed
716 720 790 748 illum
807 721 853 755 qui
875 728 889 748 a
912 721 966 749 Deo
1018 724 1073 746 tum
1089 725 1140 751 est,
1148 727 1202 754 qun
1219 719 1343 754 pudenda
1357 717 1482 752 corporis
1493 716 1601 751 contegi
1619 720 1648 744 et
1658 715 1808 750 constringi

175 769 332 796 hominibus
348 768 438 800 datur,
453 767 550 802 dequo
562 767 648 794 Filius
662 766 707 794 Dei
719 766 835 794 dicit":
851 775 860 792 ι
875 766 966 801 Ignem
1017 765 1117 792 solent.
1131 765 1158 793 Si
1176 773 1241 801 ergo
1258 765 1376 799 aspicias
1401 764 1571 792 Salvatorem
1588 770 1676 790 meum
1686 762 1811 799 (l8)sus-

176 812 235 839 veni
252 812 361 838 mittere
381 811 408 838 in
430 815 545 844 terram,
569 815 596 838 et
620 818 702 845 quam
715 810 776 837 volo
794 811 965 837 utaccentla-
1014 812 1121 846 cepisse
1163 811 1275 845 quidem
1294 817 1412 844 corpus,
1430 814 1457 836 et
1481 810 1508 837 in
1534 815 1653 844 corpore
1676 808 1807 843 positum,

177 864 232 886 tttr.
255 868 264 884 ι
285 858 315 884 Si
329 857 403 884 enim
415 864 468 884 non
484 857 548 890 hoc,
567 856 617 884 sed
631 857 685 883 alio
701 861 728 884 et
743 856 808 884 huic
828 856 965 883 contrario
980 882 1002 891 __
1016 857 1104 891 egisse
1119 857 1257 884 humanos
1272 861 1360 888 actus,
1376 856 1403 883 id
1425 859 1467 883 est
1484 855 1625 888 vescendi,
1647 859 1675 882 et
1687 854 1808 887 bibendi,

177 904 232 938 igni
247 908 367 936 utamur,
386 902 432 930 illo
448 902 493 937 qui
513 909 543 930 se
557 901 732 936 transﬁgurat
744 901 816 929 sicut
837 901 963 936 angelum
979 882 1002 913 Β
1015 908 1042 929 et
1072 907 1169 930 cmtera
1201 902 1303 930 similia
1322 910 1330 930 :
1349 902 1401 930 hoc
1426 906 1517 929 autem
1547 901 1635 929 solum
1663 908 1731 936 opus
1754 907 1808 928 non

178 948 257 978 lucis.
273 948 370 975 eadem
386 948 446 975 sine
462 947 544 975 dubio
556 947 703 983 patiemur,
723 954 783 982 qua:
795 945 888 973 Nadab
902 954 964 981 pas-
1015 948 1103 983 egisse
1118 948 1190 979 quod
1207 949 1240 976 ad
1259 948 1385 983 pudenda
1408 947 1532 983 corporis
1549 947 1809 983 pertinet,carnem-

177 1001 225 1020 sus
238 998 278 1020 est
290 998 316 1020 et
327 992 425 1020 Abiud.
438 992 564 1027 Praecipit
579 999 645 1026 ergo
656 993 814 1019 mandatum
826 992 962 1024 divinum,
1014 1001 1068 1029 que
1097 993 1156 1029 ejus
1177 1002 1266 1030 neque
1293 995 1407 1030 ηιιριίίε,
1425 1002 1513 1029 neque
1536 994 1666 1024 quorum,
1680 1001 1810 1028 ρι-οει-οει-

176 1039 370 1065 utinstruatur
391 1039 494 1070 Aaron.
523 1044 557 1064 ne
576 1037 650 1064 omni
671 1037 738 1064 hora
760 1037 844 1064 intret
862 1036 918 1074 (46)
936 1038 963 1064 in
1015 1040 1081 1068 tioni
1107 1041 1247 1075 patuisse,
1271 1041 1396 1069 invenies
1422 1040 1541 1076 qualiter
1563 1039 1704 1067 femoralia
1737 1040 1808 1068 linea

173 1090 268 1111 sancta
283 1084 316 1110 ad
333 1084 431 1114 altare,
447 1083 494 1111 sed
508 1090 569 1110 cum
586 1083 682 1110 fecerit
697 1083 773 1119 prius
785 1091 817 1112 ea
829 1091 890 1119 qua:
903 1085 961 1112 ﬁeri
1015 1086 1186 1115 sanctiﬁcata
1210 1087 1346 1121 habuerit,
1366 1091 1397 1114 ut
1425 1093 1488 1114 vere
1504 1087 1538 1114 de
1557 1086 1614 1120 ipso
1634 1085 1687 1113 dici
1699 1085 1806 1118 debeat,

173 1129 347 1161 mandantur,
363 1136 397 1156 ne
412 1129 482 1157 forte
499 1129 645 1157 moriatur.

1015 1135 1079 1172 quia
1095 1144 1105 1162 t
1125 1136 1314 1163 inhonestiora
1343 1140 1436 1165 nostra
1454 1135 1683 1163 abundantiorem
1706 1134 1807 1162 habent

207 1174 234 1201 9-
250 1173 303 1202 sed
315 1175 404 1209 Primo
418 1175 540 1202 omnium
565 1175 743 1203 °Slendamus
755 1176 892 1210 quomodo
905 1175 962 1203 hinc
1015 1183 1147 1210 honorem
1163 1183 1198 1211 “.
1220 1192 1230 1209 ι
1248 1182 1399 1211 Considera
1419 1187 1509 1210 tamen
1522 1187 1550 1210 et
1565 1182 1654 1217 ipsum
1670 1181 1808 1216 pontiﬁcis

173 1228 233 1256 qua:
249 1221 282 1248 de
293 1220 437 1249 sacriﬁciis
453 1221 677 1254 conscribuntur,
694 1221 795 1256 ﬁguras
810 1228 870 1249 esse
886 1222 961 1257 Apo~
1013 1229 1149 1262 habitum,
1163 1229 1227 1264 quia
1239 1229 1311 1264 quod
1325 1236 1374 1262 per
1385 1234 1511 1256 naturam
1529 1228 1620 1256 minus
1633 1228 1661 1255 in
1676 1234 1708 1254 eo
1722 1227 1807 1254 Itone-

173 1268 259 1295 stolus
275 1267 382 1295 dicitet
396 1267 511 1300 fortnas.
528 1275 646 1303 quarum
663 1268 766 1295 veritas
787 1267 813 1295 in
834 1268 897 1295 aliis
918 1275 960 1295 os-

1013 1279 1086 1303 stum
1106 1275 1227 1308 videtur,
1247 1275 1350 1303 indutis
1368 1275 1547 1303 fetnoralibus
1568 1274 1666 1307 lineis,
1685 1279 1714 1301 et
1739 1280 1805 1301 soua

174 1314 312 1347 tendatur,
327 1321 361 1341 ne
385 1314 457 1341 forte
483 1313 624 1340 auditores
642 1320 809 1348 pra>sumere
826 1321 875 1340 nos
888 1314 962 1341 arbi-

1012 1321 1183 1353 constrictis,
1198 1320 1279 1348 etiam
1300 1321 1451 1349 secundum
1472 1320 1592 1348 litteram
1605 1320 1639 1347 de
1659 1327 1693 1347 co
1709 1326 1807 1347 conve-

173 1367 289 1394 trentur,
305 1366 334 1390 et
344 1361 429 1396 legem
447 1361 494 1389 Dei
512 1361 538 1388 in
554 1361 636 1389 alium
659 1368 768 1389 sensqu
792 1368 873 1396 quant
889 1361 961 1389 scri-

1013 1367 1054 1395 nit
1069 1367 1135 1400 dici,
1151 1367 1216 1403 quia
1235 1376 1245 1393 ι
1260 1367 1447 1395 inhouestiora
1466 1372 1559 1395 nostra
1579 1366 1804 1394 abundantiorem

173 1412 218 1441 pta
234 1413 285 1441 est,
301 1407 436 1435 violenter
461 1407 615 1439 inﬂectere,
637 1408 739 1442 quippe
753 1407 775 1434 si
788 1407 861 1434 nulla
878 1407 905 1435 in
919 1408 961 1435 his

1013 1413 1183 1442 honestatem
1203 1413 1315 1441 habent.
1331 1422 1341 1439 ι
1358 1413 1396 1441 Ita
1415 1420 1481 1448 ergo
1496 1417 1523 1440 et
1541 1413 1630 1440 omnis
1644 1412 1690 1446 qui
1718 1411 1744 1439 in
1760 1418 1805 1438 ca-

172 1462 231 1488 qua:
243 1455 400 1486 asserimus,
412 1454 563 1489 apostolica
574 1454 710 1488 praecedat
719 1453 880 1482 auctoritas.
889 1453 957 1481 Pan-

1011 1458 1105 1485 stitate
1118 1458 1214 1485 vivens
1233 1458 1358 1486 imitatur
1372 1457 1525 1490 Christum,
1545 1459 1597 1485 hoc
1610 1456 1698 1485 solum
1712 1457 1745 1485 de
1760 1456 1808 1484 bu-

173 1500 213 1527 lns
236 1508 301 1535 ergo
314 1501 347 1528 ad
360 1500 491 1527 llebrieos
517 1500 653 1533 scribens,
674 1507 721 1527 eos
737 1499 843 1527 scilicet
857 1500 903 1535 qui
922 1500 961 1528 le-
1012 1502 1100 1530 manis
1124 1502 1231 1530 actibus
1255 1503 1434 1534 nescientem,
1448 1502 1506 1537 ipse
1516 1503 1600 1530 etiam
1618 1502 1700 1530 lineis
1719 1501 1806 1530 femo-

171 1553 231 1581 getn
249 1546 358 1581 quidem
373 1546 497 1580 legerent
512 1550 540 1573 et
556 1545 614 1572 haec
627 1544 757 1572 medilala
775 1544 919 1575 haberent.
933 1549 994 1585 01c
1011 1548 1114 1576 ralibus
1135 1547 1314 1576 sanctiﬁcatis
1330 1548 1441 1576 indutus
1460 1552 1513 1581 cst,
1528 1553 1556 1576 et
1574 1548 1805 1576 inbonestioribus

171 1593 240 1620 bene
250 1597 327 1625 nota,
342 1592 389 1620 sed
402 1592 556 1627 indigerent
575 1590 726 1622 intellectu.
735 1589 855 1624 qualiter
863 1590 959 1618 sentiri

1012 1594 1069 1623 suis
1095 1594 1322 1622 abundantiorem
1344 1594 1526 1622 circumdedit
1544 1594 1728 1622 honestatem.
1750 1593 1804 1621 'l‘u-

170 1640 205 1666 de
217 1638 476 1669 sacriﬁciisdebeat.
491 1637 542 1665 hoc
558 1637 638 1664 modo
647 1635 711 1663 dicit
728 1635 751 1651 '°
766 1645 772 1662 :
788 1644 797 1661 ι
816 1635 874 1664 Non
887 1637 960 1664 enim
1012 1641 1071 1668 nica
1088 1647 1153 1675 ergo
1175 1640 1247 1667 linea
1265 1641 1435 1668 sanctiﬁcata
1454 1640 1586 1674 induitur,
1606 1645 1635 1668 et
1660 1639 1804 1668 femoralia

172 1686 198 1711 in
222 1689 315 1712 sancta
351 1683 508 1711 ntannfacta
545 1683 670 1710 introivit
686 1682 766 1711 Jesus
795 1682 961 1717 exemplaria
1012 1686 1082 1715 linea
1100 1694 1183 1722 super
1193 1694 1294 1722 corpus
1305 1687 1364 1722 ejus
1384 1693 1457 1715 sunt.
1474 1687 1528 1714 Sed
1549 1693 1583 1713 ne
1599 1686 1671 1713 forte
1687 1686 1819 1713 femora-‘

170 1737 309 1761 verorum.
337 1729 384 1757 Sed
413 1729 439 1755 in
469 1728 556 1763 ipsum
576 1728 687 1760 cwlum.
702 1732 875 1763 “tappareal
888 1728 960 1756 nunc
1011 1731 1047 1759 lia
1062 1732 1120 1760 haec
1135 1732 1234 1767 quibus
1253 1733 1379 1767 pudenda
1404 1737 1596 1767 conteguntur,
1613 1732 1733 1759 resoluta
1744 1731 1806 1766 (t9)

170 1775 256 1802 vultui
274 1775 320 1802 Dei
332 1782 383 1809 pro
399 1773 491 1801 nobis.
505 1782 515 1800 ι
526 1773 667 1801 Etiterum
681 1773 746 1801 dicit
761 1774 793 1801 de
809 1774 907 1801 hostiis
918 1774 958 1801 ³¹;
1011 1779 1144 1811 deﬂuam,
1165 1783 1194 1807 ει
1209 1779 1405 1814 turpitudinem
1431 1778 1564 1811 revelant,
1588 1782 1636 1805 aut
1660 1782 1805 1812 relegant,

172 1830 182 1846 ι
200 1821 256 1848 lloc
274 1820 345 1847 enim
355 1816 419 1847 fecit
429 1818 641 1854 semelseipsum
657 1820 774 1846 hostiam
790 1819 957 1847 oﬁ'erendo.»
1010 1824 1132 1860 atljungit
1152 1833 1158 1851 ε
1173 1835 1183 1851 ι
1205 1825 1263 1853 Non
1284 1826 1370 1858 enim,
1387 1825 1479 1860 inquit
1493 1825 1526 1858 ιτ,
1544 1824 1628 1852 facies
1653 1824 1753 1859 gradus
1768 1823 1806 1849 ait

170 1867 293 1901 Sedquid
303 1866 386 1894 dehis
396 1865 552 1899 singulatim
563 1866 960 1899 quaerimustestimonia?0m—
1010 1870 1106 1902 altare,
1122 1876 1157 1897 ne
1177 1869 1246 1897 forte
1257 1870 1284 1897 in
1296 1870 1339 1897 his
1359 1870 1495 1897 reveletur
1516 1869 1656 1904 turpitudo
1668 1873 1723 1895 tua.
1740 1876 1749 1893 ›
1763 1867 1807 1894 Ne

170 1911 377 1947 neinepistolam
385 1912 470 1946 ipsam
481 1911 514 1938 ad
523 1910 656 1938 Hebraeos
666 1911 797 1945 scriptam
807 1911 831 1938 si
843 1912 904 1946 quis
917 1919 960 1939 re-
1010 1922 1077 1950 ergo
1085 1915 1225 1950 turpitudo
1234 1920 1277 1942 tua
1286 1915 1466 1943 deﬂuentibus
1474 1914 1649 1942 femoralibus
1657 1913 1807 1944 reveletur,

169 1964 290 1990 censeat,
306 1964 334 1986 et
357 1958 494 1993 prazcipue
508 1956 903 1992 eumlocum,ubipontiﬁcem
918 1958 958 1986 le-
1010 1968 1077 1988 zona
1091 1979 1099 1992 ,
1126 1960 1233 1995 inquit,
1256 1960 1399 1988 femoralia
1423 1960 1656 1995 constringantur.
1678 1957 1806 1992 Quodam.

168 2006 209 2040 gis
218 2006 325 2033 confert
336 2004 458 2040 pontifici
471 2004 702 2038 repromissionis,
717 2004 751 2031 de
765 2005 957 2039 quoscriptum
1010 2010 1131 2041 tempore
1150 2011 1318 2041 exponentes
1342 2006 1473 2034 Joannem
1495 2006 1657 2041 Baptistam,
1683 2010 1711 2033 et
1734 2005 1809 2032 alias.

168 2053 248 2088 231
267 2057 309 2079 est
327 2052 349 2067 ³²
366 2059 374 2078 :
397 2060 407 2077 ι
429 2051 468 2077 'l‘n
478 2058 507 2078 es
521 2051 650 2078 sacerdos
662 2052 688 2077 in
712 2055 844 2078 mtermnn
859 2058 958 2078 secun-
1007 2051 1164 2087 Jeremiam,
1189 2053 1260 2088 quod
1279 2052 1415 2081 Jeremias
1431 2052 1542 2087 quidem
1555 2059 1665 2084 zonam,
1680 2050 1808 2079 Joannes.

168 2101 231 2127 dum
260 2098 384 2126 ordinem
402 2097 619 2130 Melchisedech,
638 2107 648 2124 ι
678 2097 799 2125 inveniet
821 2097 957 2132 quomodo
1008 2107 1073 2127 vero
1084 2099 1224 2134 pelliceam
1243 2106 1340 2126 lenam
1355 2099 1430 2126 circa
1448 2099 1555 2125 lumbos
1581 2099 1710 2125 habuisse
1723 2097 1805 2125 dice--

166 2146 256 2173 omnis
274 2145 319 2173 hic
341 2145 418 2172 locus
442 2144 563 2179 Apostoli
576 2166 584 2179 ,
609 2144 776 2179 exemplaria
804 2149 832 2172 et
854 2144 956 2172 formas
1008 2149 1092 2178 retur,
1103 2145 1266 2173 suﬂicienter
1280 2145 1449 2173 ostendimus
1463 2145 1600 2180 quomodo
1619 2152 1668 2179 per
1686 2145 1743 2172 hac
1754 2145 1807 2172 deo.

166 2192 285 2219 ostendit
303 2197 365 2218 esse
380 2198 470 2217 rerum
489 2190 610 2217 vivarum
628 2196 656 2218 et
669 2198 809 2223 verarum,
828 2190 872 2218 illa
896 2198 956 2224 qua:
1008 2190 1125 2218 claretur
1141 2191 1240 2219 indicia
1258 2190 1315 2226 (50)
1331 2197 1395 2226 pars
1413 2190 1458 2217 illa
1477 2191 1600 2225 corporis
1615 2190 1687 2225 apud
1704 2189 1799 2225 hujus~

167 2238 193 2264 in
207 2237 265 2272 lege
282 2237 385 2273 scripta
396 2241 468 2264 sunt.
484 2237 598 2271 Oportet
613 2244 678 2271 ergo
690 2244 741 2265 nos
754 2244 879 2272 qumrere
889 2245 956 2272 pon-
971 2228 995 2256 Ῑ)
1010 2237 1082 2264 modi
1100 2238 1171 2264 viros
1186 2236 1224 2264 ita
1238 2240 1373 2270 emortua,
1391 2241 1420 2264 ut
1435 2244 1522 2272 neque
1546 2236 1587 2264 vel
1612 2236 1678 2264 levis
1699 2241 1806 2271 motus,

167 2284 279 2315 tiﬁcem,
293 2284 340 2319 qui
367 2282 450 2310 semel
471 2283 497 2310 in
518 2290 600 2315 anno,
617 2283 643 2309 id
668 2287 711 2310 est
735 2290 785 2317 per
804 2290 885 2310 omne
904 2283 957 2311 hoc
1009 2291 1099 2318 neque
1118 2283 1188 2311 alius
1199 2283 1343 2318 quisquam
1366 2284 1393 2311 in
1411 2283 1512 2311 lumbis
1526 2290 1622 2311 eorum
1639 2282 1724 2310 fuisse
1739 2290 1805 2311 cre-

166 2337 284 2362 przcseus
300 2329 441 2360 saeculum,
456 2328 620 2356 sacriﬁcium
643 2328 743 2356 obtulit
759 2328 813 2356 Deo
824 2348 832 2361 ,
846 2330 957 2357 indutus
1009 2331 1130 2363 deretur,
1150 2330 1197 2358 sed
1219 2330 1275 2358 sola
1294 2330 1420 2364 castitas,
1432 2335 1461 2358 et
1487 2338 1555 2365 pura
1569 2329 1709 2365 pudicitia.
1725 2328 1804 2357 Zona

165 2380 251 2408 veste,
262 2376 349 2408 cujus,
362 2375 475 2402 Domino
485 2374 609 2409 juvante,
619 2381 678 2408 quae
689 2374 723 2401 sit
732 2374 850 2408 qualitas
860 2379 954 2402 osten-

1008 2384 1074 2412 ergo
1087 2377 1208 2411 pontifex
1227 2377 1298 2404 linea
1314 2377 1444 2412 cingitur,
1460 2381 1487 2403 et
1502 2376 1616 2414 cidarim
1635 2375 1734 2402 lineam
1747 2374 1802 2401 im-

165 2423 270 2448 demus.
286 2429 296 2447 ι
317 2420 433 2454 Tunica,
457 2420 547 2454 inquit
560 2419 596 2453 ³³,
616 2420 685 2447 linea
714 2420 882 2447 sanctiﬁcata
911 2420 953 2447 in-
1006 2423 1174 2458 ponitsuper
1187 2428 1268 2458 caput
1282 2431 1369 2453 suum,
1390 2422 1481 2450 omnia
1499 2421 1584 2449 linea.
1600 2420 1706 2448 Cidaris
1725 2421 1800 2455 quod

163 2464 272 2494 duetur.
292 2476 302 2493 ι
319 2466 416 2494 Linum
432 2467 466 2493 de
489 2470 562 2502 terra
580 2466 679 2498 oritur,
696 2466 786 2493 tunica
809 2473 875 2502 ergo
889 2474 953 2494 san-
1005 2469 1104 2496 dicitur
1129 2474 1241 2496 ornatus
1267 2470 1376 2503 quidam
1389 2460 1442 2500 est,
1466 2469 1512 2503 qni
1529 2467 1612 2502 capiti
1633 2467 1796 2502 superponi-

164 2511 281 2539 ctiﬁcata
296 2511 367 2539 linea
380 2510 500 2537 induitur
511 2518 591 2538 verus
606 2511 727 2544 pontifex
740 2511 875 2544 Christus,
889 2520 951 2540 cum
1005 2520 1060 2548 tur,
1070 2522 1124 2550 quo
1137 2515 1222 2541 utitur
1232 2515 1352 2549 pontifex
1369 2514 1396 2541 itt
1410 2513 1557 2541 oil‘erendis
1568 2513 1678 2545 hostiis,
1692 2512 1795 2540 νεΙοω-

163 2563 290 2584 naturaln
310 2557 410 2585 terreni
429 2557 552 2592 corporis
572 2558 666 2584 sumit.
690 2556 729 2584 De
742 2564 858 2592 corpore
874 2559 948 2586 enim
1004 2561 1055 2588 teri
1085 2560 1256 2588 sacerdotes.
1273 2559 1326 2587 Sed
1344 2560 1530 2595 unusquisque
1553 2564 1676 2587 nostrum
1695 2565 1795 2586 ornare

199 2613 222 2651 ’ξ
234 2612 244 2638 l
258 2613 331 2640 Petr.
350 2621 381 2646 ιι,
393 2614 421 2651 9.
455 2614 561 2651 fr'ian.
578 2622 627 2645 xn,
640 2614 683 2651 49Δ
737 2614 769 2651 _‘_°
783 2614 907 2648 llcbmx,
919 2617 963 2645 24.

1021 2619 1041 2634 ³¹
1057 2617 1138 2644 llebr.
1152 2624 1200 2646 vn.
1218 2616 1264 2643 '27.
1293 2614 1316 2630 ³¹
1329 2614 1480 2643 Ρειιιάιιςιι.
1542 2617 1565 2633 ³³
1582 2617 1671 2648 Levit.
1696 2625 1753 2651 xvt,
1766 2616 1781 2645 Ι

161 2649 184 2665 ³⁵
200 2648 301 2676 Cenes.
313 2656 354 2682 III,
372 2650 415 2678 l9.
452 2650 476 2666 "
487 2650 575 2677 Levit.
595 2657 650 2681 xu,
670 2648 697 2676 4.
735 2649 758 2664 ³⁸
774 2650 783 2677 l
798 2651 861 2678 Cor.
878 2659 928 2686 xu,
943 2654 971 2681 25

684 2664 697 2676 -.
735 2649 758 2664 “
774 2650 783 2677 l
798 2651 861 2678 Cor.
878 2659 928 2686 xu,
943 2654 988 2681 25.
1027 2653 1048 2669 ³⁷
1063 2653 1149 2680 Exod.
1166 2652 1255 2684 αλδ
1270 2660 1277 2685 ;
1290 2652 1376 2679 Levit.
1399 2660 1455 2685 xvi,
1468 2653 1494 2680 ι.

197 2729 253 2769 (4-6)
272 2729 349 2764 Mss,
367 2739 378 2757 ‹
399 2731 496 2769 intret.
514 2739 524 2755 ι
550 2730 628 2769 L'.b_b.
657 2730 767 2769 editi,_¢
784 2731 910 2760 irtraret.
933 2743 943 2760 ι

786 2731 910 2760 irtraret.
933 2743 943 2760 ι
1038 2734 1095 2769 (ιῑ8)
1115 2733 1207 2761 Codex
1221 2734 1380 2769 Sangerm.,
1403 2742 1413 2759 ι
1434 2738 1567 2762 nostrum.
1584 2744 1596 2762 ι

162 2763 244 2805 {aulo
260 2772 319 2805 post
338 2774 416 2805 mss.,
437 2766 577 2805 tseipsttm
594 2765 711 2792 hostium
722 2765 872 2795 offerendo.
886 2778 895 2794 ι
918 2769 946 2797 lo
1038 2763 1096 2805 (49)
1117 2770 1184 2797 Cod.
1202 2763 1360 2804 Sangarium
1373 2763 1389 2795 ἰ
1407 2770 1546 2798 dissoluta.
1567 2779 1577 2796 ι

162 2799 319 2843 libb._e.lil_is
333 2803 420 2831 deest.
440 2810 448 2826 ι
469 2801 595 2841 hostiam.
607 2809 616 2825 ι
636 2835 645 2843 Ι
754 2836 770 2843 ,,
787 2837 792 2841 .

1115 2805 1216 2833 Omnes
1232 2799 1314 2840 mss,
1332 2814 1341 2831 ι
1353 2799 1475 2834 vindicia.
1495 2815 1505 2833 ι
1524 2806 1603 2836 Libb.
1623 2807 1702 2843 editi,
1720 2816 1731 2835 ι
1746 2807 1789 2837 in-

162 2856 174 2896 t»
196 2835 252 2869 (47)
274 2836 351 2871 Mss.,
370 2846 380 2863 ‹
410 2837 584 2865 resuscitare.
605 2844 613 2860 ι
636 2835 713 2862 Libb.
727 2836 805 2870 editi,
825 2847 836 2864 ί
861 2839 946 2867 susci-

173 2878 228 2897 are.
254 2881 263 2897 Ι

316 2846 351 2871 5.,
370 2846 380 2863 ‹
410 2837 584 2865 resuscitare.
605 2844 613 2860 ι
636 2835 713 2862 Libb.
727 2836 805 2870 editi,
825 2847 836 2864 ί
861 2839 946 2867 susci-
1002 2835 1097 2870 dicari.
1116 2849 1125 2866 ι

192 2879 228 2898 [0.
254 2881 263 2898 Ι
