4106 6246
505 347 604 405 εει

1951 364 2269 421 ORIGENIS

3641 377 3764 432 512

505 463 666 517 debet
717 471 876 526 caput
926 479 1082 519 suum
1133 465 1562 529 sacerdotalibus
1594 485 1948 530 ornamentis.
1984 476 2063 530 Et-
2104 477 2148 532 A
2178 477 2359 540 habet,
2393 475 2553 530 etiam
2603 477 2742 545 quod
2796 478 2954 534 habet
3004 476 3283 534 auferetur
3320 482 3387 537 ah
3418 499 3504 548 eo,
3543 507 3561 538 ι
3605 503 3658 543 ιιι
3699 493 3758 547 ei

505 552 646 605 enim
679 553 804 620 quia
839 554 1019 610 onmis
1047 557 1145 612 viri
1174 572 1333 629 caput
1361 564 1613 619 Christus
1634 575 1738 630 est,
1763 568 2074 636 quicunque

506 644 578 696 ita
606 645 716 713 agit
741 655 798 698 ut
821 662 888 701 ex
922 650 1135 705 actibus
1166 655 1279 708 suis
1303 658 1548 711 conferat
1583 659 1808 728 gloriam
1834 659 2072 724 Christo,

505 742 838 800 capntsuum
866 738 957 805 qui
995 749 1075 793 est
1117 740 1364 798 Christus
1402 748 1636 801 ornavit.
1665 748 1850 803 Potest
1884 760 1937 802 et
1970 749 2075 802 alio

512 827 670 876 modo
692 826 742 878 in
769 829 922 882 nobis
948 829 1168 902 intelligi
1190 835 1380 900 capitis
1402 848 1642 895 ornatus.
1667 839 1930 905 Quoniam
1956 840 2075 909 qui-

503 917 622 967 dem
647 917 788 985 quod
821 928 902 972 est
933 921 982 974 in
1010 923 1162 976 nobis
1188 926 1416 992 primum
1442 943 1504 981 ac
1525 945 1816 996 summum,
1834 942 1889 986 et
1915 943 2074 1004 caput

501 1007 763 1070 oumium,
794 1024 944 1064 mens
979 1022 1086 1078 cst,
1121 1013 1185 1065 ad
1213 1015 1524 1083 dignitatem
1551 1020 1880 1088 pontiﬁcium
1915 1039 2076 1078 excm

501 1089 563 1144 lit
606 1105 768 1163 caput
803 1113 982 1162 suum,
1009 1103 1053 1153 si
1089 1103 1211 1170 quis
1259 1115 1492 1161 mentem
1541 1123 1694 1163 suam
1723 1112 2073 1170 adornaverit

501 1183 780 1250 Sapientia:
820 1187 1138 1257 disciplinis.
1184 1194 1290 1248 Ista
1335 1198 1501 1266 igitur
1539 1211 1665 1253 sunt
1697 1202 1891 1270 quibus
1925 1205 2071 1259 indui

505 1275 1098 1348 pracipiturpontifex,
1118 1295 1171 1340 et
1201 1288 1270 1341 ita
1302 1289 1516 1344 demum
1537 1292 1762 1348 introire
1783 1293 1836 1347 in
1864 1309 2072 1364 sancta,

504 1380 572 1419 ne
599 1366 712 1420 haec
743 1384 849 1424 non
887 1372 1090 1430 habens
1124 1379 1408 1436 moriatur.

571 1459 628 1512 3.
669 1459 789 1514 Jam
843 1479 973 1520 vero
1015 1467 1080 1521 de
1127 1470 1320 1526 hostiis
1369 1474 1612 1542 quaedam
1643 1478 1859 1544 quidem
1903 1480 2074 1550 ipsius

498 1551 824 1606 mandantur
876 1556 1074 1612 debere
1114 1575 1230 1614 esse
1276 1564 1565 1631 pontiﬁcis,
1601 1571 1844 1636 quaadam
1883 1587 2012 1627 vero
2043 1590 2072 1626 a

497 1641 694 1708 populo
736 1648 1014 1701 sumendm
1055 1648 1188 1720 (5i).
1227 1652 1395 1720 Ipsius
1427 1657 1570 1709 enim
1621 1659 1818 1714 dicitur
1849 1663 2070 1728 vitulus,

499 1733 640 1798 quod
675 1744 758 1788 est
807 1737 861 1792 in
900 1743 1226 1800 animalibus
1271 1749 1560 1815 pretiosius
1595 1761 1648 1806 et
1681 1753 1973 1812 robustius.
2006 1757 2070 1811 Et

498 1827 799 1882 secundum
831 1833 1032 1886 animal
1073 1837 1236 1901 aries,
1273 1839 1418 1907 quod
1454 1841 1504 1894 in
1538 1843 1729 1899 ovibus
1758 1847 1876 1901 sine
1908 1848 2069 1903 dubio
2103 1813 2142 1866 Β

500 1915 790 1979 pretiosius
816 1931 920 1976 est.
961 1925 1005 1978 A
1054 1927 1248 1993 populo
1299 1945 1429 1984 vero
1455 1934 1955 2003 munerajubentur
1984 1940 2069 1994 of-

503 2004 652 2100 ferri,
708 2011 850 2100 aries
896 2029 923 2065 a
961 2016 1320 2086 principibus,
1348 2031 1403 2075 et
1439 2023 1572 2078 hirci
1603 2027 1709 2080 duo
1767 2043 1796 2081 a
1847 2032 2066 2100 populo.

503 2092 652 2151 Unus
680 2099 770 2166 qui
804 2101 1109 2161 dimittatur
1135 2109 1186 2163 in
1214 2125 1475 2180 eremum,
1499 2116 1666 2184 quiet
1694 2092 2068 2191 apopompmus

499 2188 830 2256 nominatur,
863 2203 918 2248 et
943 2211 1082 2251 unus
1102 2202 1193 2268 qui
1225 2203 1452 2260 Domino
1493 2205 1778 2266 olferatnr.
1799 2188 1810 2190 ⁷
1832 2211 1889 2265 Si
1925 2188 2070 2268 esset

497 2281 676 2333 (ιιιιιιίει
707 2286 902 2351 populo
945 2288 1035 2342 Del
1065 2301 1309 2358 sanctus,
1349 2306 1400 2350 et
1433 2312 1623 2353 omnes
1675 2314 1859 2357 essent
1902 2304 2066 2372 beati,

499 2383 604 2422 non
663 2371 986 2432 ﬁerentduaa
1015 2391 1192 2436 sortes
1249 2399 1410 2454 super
1441 2387 1610 2443 hircis
1644 2409 1656 2444 :
1692 2402 1747 2446 et
1783 2409 1918 2448 unus
1948 2371 2072 2464 qui?

497 2457 618 2509 dem
666 2470 880 2516 sortem‘
921 2466 1127 2533 ferret,
1171 2480 1229 2525 ut
1284 2473 1651 2533 dimitteretur
1697 2481 1752 2535 in
1801 2457 2064 2550 eremum,

499 2549 642 2605 alius
675 2567 802 2607 vero
826 2563 884 2609 ut
912 2557 1136 2615 Domino
1159 2561 1466 2627 offerretur.
1493 2566 1588 2620 sed
1611 2581 1753 2628 esset
1781 2591 1900 2629 sors
1941 2549 2060 2637 una,

498 2649 548 2692 et
593 2640 766 2696 hostia
811 2661 915 2700 una
949 2649 1176 2707 Domino
1224 2656 1346 2712 soli.
1389 2656 1540 2714 Nunc
1572 2677 1700 2717 vero
1729 2667 1980 2733 quoniam
2014 2667 2065 2722 in

499 2733 844 2791 nntltitudine
867 2751 1056 2794 eorum
1081 2745 1172 2811 qui
1201 2749 1464 2805 accedunt
1492 2753 1556 2806 ad
1603 2755 1906 2822 Dominum,
1940 2769 2069 2814 sunt

497 2825 716 2892 quidam
747 2825 980 2896 Domini,
1016 2832 1105 2887 alii
1136 2846 1313 2891 autem
1355 2851 1501 2902 sunt,
1547 2845 1636 2910 qui
1675 2846 1815 2900 mitti
1849 2850 1914 2903 ad
1945 2865 2068 2904 ere-

498 2931 642 2969 mum
687 2919 938 2990 debeant,
981 2924 1032 2978 id
1059 2928 1253 2995 estqui
1281 2931 1440 2999 abjici
1473 2947 1768 3004 merentur,
1815 2949 1868 2993 et
1910 2957 2068 3010 sepa-

497 3009 606 3060 rari
640 3009 706 3062 ab
739 3011 909 3066 hostia
943 3013 1152 3071 Domini
1199 3037 1212 3074 :
1250 3035 1530 3090 propterea
1568 3042 1690 3095 pars
1728 3030 1917 3084 hostize
1945 3009 2065 3102 qua:

2175 568 2402 620 addatur
2430 568 2521 635 qui
2549 568 2708 622 habet
2737 569 2930 624 multas
2969 585 3120 624 muas
3147 583 3510 639 peccatorum.
3547 579 3758 635 Verum

2175 661 2430 726 quoniam
2456 659 2499 713 is
2516 660 2604 728 qui
2633 661 2685 714 in
2711 669 2858 715 sorte
2885 662 3094 715 Domini
3133 674 3237 728 est,
3271 679 3420 733 spem
3456 670 3596 736 gerit
3639 689 3760 727 ιιοιι

2178 752 2228 803 in
2259 753 2507 818 praisenti
2537 753 2752 818 szeculo,
2784 754 2880 809 sed
2904 756 2958 808 in
2979 755 3180 819 inturo,
3212 767 3267 810 et
3296 758 3448 825 cujus
3480 776 3599 816 sors
3641 765 3758 818 Do-

2176 839 2357 893 minus
2409 850 2516 904 est.
2555 842 2795 911 quotidie
2823 846 3086 912 moritur;
3115 857 3395 915 propterea
3433 852 3478 904 is
3525 856 3755 921 quidem

2175 946 2338 999 super
2359 947 2519 1000 quem
2546 948 2664 987 sors
2703 933 2911 989 Domini
2951 939 3170 1000 cecidit,
3201 938 3501 1007 jugulatur,
3531 955 3585 998 et
3630 962 3757 998 mo-

2177 1022 2334 1087 ritur,
2375 1033 2431 1076 ut
2479 1026 2739 1093 sanguine
2779 1041 2878 1080 suo
2914 1028 3167 1094 puriﬁcet
3206 1031 3459 1098 populum
3503 1035 3624 1098 Dei;
3658 1037 3756 1089 ille

2176 1121 2355 1167 autem
2409 1115 2498 1181 qui
2529 1115 2580 1168 in
2613 1126 2816 1169 sortem
2849 1117 3182 1170 contrariam
3227 1120 3509 1186 ceciderit,
3535 1139 3639 1177 nou
3663 1135 3756 1178 est

2176 1202 2369 1270 dignus
2400 1211 2460 1255 nt
2485 1204 2910 1272 moriatur.quia
2929 1207 3016 1275 qui
3045 1205 3094 1259 in
3125 1217 3271 1262 sorte
3305 1210 3513 1265 Domini
3533 1223 3616 1268 est
3638 1231 3750 1267 non

2174 1300 2258 1344 est
2287 1290 2352 1342 de
2388 1291 2489 1344 hoc
2514 1293 2712 1344 mundo
2741 1314 2752 1347 :
2791 1294 2878 1349 ille
2906 1309 3032 1348 vero
3063 1295 3132 1350 de
3156 1298 3256 1351 hoc
3282 1300 3482 1355 mundo
3516 1311 3622 1365 est,
3654 1303 3748 1370 qui

2176 1380 2228 1432 iu
2257 1383 2456 1435 nmndo
2487 1383 2797 1447 dimittitur,
2829 1393 2884 1438 et
2917 1387 3146 1440 mundus
3177 1389 3318 1456 quod
3365 1406 3522 1444 suum
3549 1402 3633 1446 est
3661 1393 3750 1446 di-

2175 1473 2310 1541 ligit.
2348 1473 2468 1527 Ideo
2493 1491 2596 1527 non
2628 1477 2915 1542 occiditur,
2945 1493 3042 1532 nec
3065 1480 3255 1549 dignus
3280 1492 3362 1536 est
3404 1483 3640 1554 jugulati
3677 1483 3748 1540 ad

2174 1565 2343 1618 altare
2378 1565 2493 1631 Dei,
2531 1582 2631 1620 nec
2661 1570 2880 1638 sanguis
2910 1569 3028 1638 ejus
3078 1573 3143 1625 ad
3191 1573 3363 1627 basim
3414 1574 3600 1631 altaris
3628 1589 3746 1632 me»

2177 1665 2325 1709 retur
2362 1655 2588 1712 eil‘uudi.

2244 1747 2298 1801 4.
2343 1748 2447 1802 Sed
2504 1752 2780 1808 videamus
2822 1754 2943 1823 quis
2982 1763 3064 1809 est
3094 1755 3181 1808 hic
3219 1755 3312 1824 qui
3358 1755 3548 1823 accipit
3585 1771 3730 1819 eum,

2177 1839 2332 1909 cujus
2381 1856 2500 1897 sors
2531 1848 2863 1914 apopompazi
2909 1845 3051 1900 facta
3081 1854 3197 1909 est,
3231 1857 3289 1900 ut
3323 1863 3447 1902 eum
3479 1847 3659 1914 eiiciat
3683 1850 3734 1902 in

2176 1943 2435 1986 cretnum.
2466 1950 2484 1983 ι
2521 1931 2710 2000 llomo,
2760 1935 2930 2004 inquit
2953 1935 3022 2000 “,
3059 1945 3282 2003 paratus
3357 1936 3585 2006 accipiet
3625 1937 3734 1989 bir-

2175 2039 2320 2088 cutu,
2364 2024 2454 2093 qui
2481 2027 2688 2081 venerit
2715 2027 2766 2080 in
2797 2039 3000 2082 sortem
3033 2029 3175 2098 ejus,
3206 2029 3292 2082 cui
3342 2029 3602 2082 ceciderit
3627 2043 3746 2081 sors

2174 2116 2528 2183 apopompzei,
2553 2125 2604 2168 et
2628 2116 2858 2172 adducet
2883 2133 3005 2172 cum
3034 2119 3086 2171 in
3108 2133 3372 2174 eremum.
3412 2139 3430 2171 ι
3457 2119 3608 2173 Finis
3632 2135 3744 2172 sor-

2179 2205 2246 2258 tis
2284 2205 2440 2259 istius
2482 2220 2697 2260 erentus
2740 2217 2847 2271 eet,
2882 2208 2933 2262 id
2961 2217 3043 2262 est
3072 2209 3219 2264 locus
3259 2212 3528 2276 desertus,
3561 2209 3747 2263 deser-

2177 2307 2262 2351 tus
2289 2299 2609 2365 virtutibus,
2639 2299 2885 2356 desertus
2930 2302 3059 2365 Deo,
3094 2301 3340 2356 desertus
3374 2302 3620 2371 justitia,
3654 2302 3748 2354 de-

2175 2399 2356 2445 sertus
2406 2390 2643 2456 Christo,
2678 2393 2920 2448 desertus
2971 2395 3118 2448 omni
3171 2395 3334 2450 bono.
3380 2395 3446 2449 Et
3482 2409 3582 2447 nos
3615 2408 3749 2461 ergo

2174 2481 2413 2550 singulos
2442 2492 2622 2539 manet
2653 2499 2772 2540 sors
2803 2501 2906 2540 una
2947 2501 2978 2542 e
3005 2487 3233 2541 duabus.
3267 2489 3372 2540 Aut
3418 2486 3560 2540 enim
3609 2486 3749 2539 bene

2174 2584 2418 2642 agentes,
2454 2592 2576 2631 sors
2606 2577 2815 2631 Domini
2846 2594 3055 2644 sumus,
3089 2590 3179 2634 aut
3217 2579 3357 2633 male
3382 2590 3607 2648 agentes
3624 2591 3746 2630 sors

2174 2673 2360 2716 nostra
2395 2679 2493 2718 nos
2517 2667 2665 2721 ducit
2698 2666 2762 2719 ad
2789 2684 3054 2727 eremum.
3075 2670 3171 2727 Vis
3205 2671 3298 2724 tibi
3331 2671 3608 2725 evidenter
3630 2667 3747 2738 (55)

2172 2755 2450 2809 ostendam
2510 2756 2778 2823 quomodo
2814 2757 2928 2810 ista:
2979 2759 3097 2812 dure
3137 2769 3310 2813 sortes
3366 2771 3583 2824 semper
3614 2769 3746 2822 ope-

2176 2855 2382 2909 rentur,
2413 2857 2469 2898 et
2525 2847 2896 2916 unusquisque
2938 2857 3180 2902 nostrum
3217 2857 3310 2901 aut
3343 2862 3460 2902 sors
3507 2844 3746 2906 Domini,

2171 2945 2265 2989 aut
2295 2951 2417 2990 sors
2447 2937 2778 3005 apopompaei
2819 2937 2902 2991 vel
2942 2940 3110 2992 eremi
3162 2940 3253 2992 ﬁat
3285 2939 3308 2992 ?
3335 2937 3629 2994 Considera
3689 2936 3745 2989 in

2175 3027 2483 3097 Evangeliis
2508 3027 2654 3081 illum
2708 3030 2928 3084 divitem
2961 3033 3232 3085 viventem
3271 3029 3550 3100 splendide
3573 3037 3628 3082 et
3659 3027 3744 3080 lu-

496 3099 728 3154 oﬁ‘ertur
750 3117 778 3155 a
809 3105 1025 3173 populo,
1071 3111 1122 3165 id
1168 3122 1250 3165 est
1286 3130 1422 3167 unus
1453 3115 1599 3171 solus
1632 3120 1812 3175 lnrcus
1841 3099 2065 3182 Domino
2093 3143 2137 3201 ο
2173 3123 2412 3187 xuriose,
2453 3130 2505 3175 et
2534 3121 2804 3176 Lazarum
2841 3123 2907 3176 ad
2942 3123 3162 3190 januam
3191 3123 3306 3191 ejus
3330 3124 3624 3192 jacentem,
3663 3122 3748 3173 ul-

499 3188 834 3260 immolatur,
865 3196 1003 3253 alius
1023 3212 1199 3280 autem
1230 3203 1499 3270 ahjicitur,
1528 3219 1582 3262 et
1619 3211 1670 3265 ιιι
1725 3227 1964 3270 eremum
1991 3218 2068 3273 di-

502 3283 757 3351 mittitur,
803 3299 858 3343 et
907 3307 1290 3364 apopompams
1324 3301 1652 3358 nominatur.
1700 3305 1829 3363 Sors
1885 3319 2063 3366 tamen

497 3374 640 3428 cadit
663 3391 828 3444 super
858 3390 1164 3450 utrumque,
1194 3397 1246 3439 ct
1280 3387 1363 3442 ille
1389 3391 1604 3458 quidem
1629 3395 1718 3462 qui
1745 3397 1794 3450 iu
1823 3413 2064 3454 eremum

502 3465 810 3534 dimittitur,
843 3471 1042 3524 dicitur
1067 3479 1206 3541 quod
1251 3479 1364 3546 ipse
1397 3479 1606 3536 auferat
1653 3501 1816 3554 super
1842 3502 1900 3541 se
1943 3505 2069 3555 pec-

499 3569 618 3611 cata
659 3560 887 3615 ﬁliorum
924 3563 1106 3632 Israel,
1143 3581 1196 3622 et
1226 3571 1517 3637 injustitias
1546 3593 1756 3642 eorum,
1787 3592 1839 3635 et
1869 3583 2068 3653 iniqui-

500 3658 640 3704 tates
677 3652 934 3721 ipsorum.
961 3657 1076 3712 Non
1097 3661 1240 3714 enim
1272 3663 1358 3718 ille
1383 3665 1567 3725 hircus
1591 3672 1680 3740 qui
1712 3673 1921 3729 Domini
1948 3652 2066 3732 sors

498 3739 750 3810 elﬁcitnr,
799 3747 891 3800 sed
931 3748 1018 3803 ille
1072 3753 1225 3822 cujus
1265 3771 1385 3811 sors
1408 3769 1488 3812 est
1521 3772 1578 3815 ut
1611 3739 1672 3816 in
1699 3779 1940 3821 eremum
1983 3771 2066 3825 di-

502 3837 769 3900 mittatur,
797 3838 1012 3896 auferre
1038 3859 1100 3896 ea
1126 3846 1346 3911 dicitur,
1376 3854 1668 3908 secundum
1707 3855 1854 3919 illud.
1883 3861 2067 3928 credo,

497 3929 642 3996 quod
673 3931 936 3998 scriptum
960 3945 1043 3986 est
1068 3935 1151 3988 ³³ε
1189 3955 1207 3987 ι
1252 3939 1378 3993 Dedi
1407 3945 1883 4001 commutationem
1921 3959 2067 4006 tuam

501 4019 814 4090 Egyptunt,
844 4033 899 4078 et
929 4025 1287 4096 lEthiopiam,
1328 4043 1382 4086 et
1438 4031 1666 4088 Soeuem
1709 4038 1821 4105 (52)
1853 4055 1949 4106 pro
1997 4053 2067 4108 te,

502 4122 568 4162 ex
594 4125 700 4179 quo
730 4121 782 4164 tu
837 4113 1167 4171 honorabilis
1194 4117 1368 4176 factus
1409 4136 1469 4174 es
1497 4122 1547 4174 in
1576 4136 1864 4191 conspectu
1909 4129 2072 4199 238

504 4219 645 4258 meo.
683 4224 700 4258 ι
734 4206 963 4262 Peccata
1004 4209 1167 4278 igitur
1195 4227 1385 4266 eorum
1416 4214 1504 4282 qui
1539 4217 1912 4284 paenitentiam
1951 4238 2070 4290 ege-

501 4306 646 4360 runt,
666 4307 721 4351 et
763 4313 950 4354 eorum
985 4303 1076 4370 qui
1126 4304 1534 4375 dereliquerunt
1582 4308 1864 4373 malitiam,
1911 4328 2072 4380 super

501 4389 680 4457 capita
724 4407 820 4445 sua
869 4394 1172 4464 suscipiunt
1213 4399 1265 4451 hi
1296 4398 1386 4468 qui
1437 4397 1612 4454 eﬂ'ecti
1660 4411 1786 4455 sunt
1831 4402 1884 4455 in
1923 4413 2071 4458 sorte

2167 3214 2381 3270 ccribus
2405 3213 2640 3280 plemun,
2659 3222 2714 3265 et
2746 3212 3050 3280 cupientem
3079 3214 3313 3267 saturari
3343 3215 3408 3268 de
3443 3213 3598 3267 micis
3625 3227 3747 3281 qua

2167 3305 2434 3360 cadebant
2478 3303 2542 3357 de
2597 3319 2782 3357 mensa
2830 3305 3031 3370 divitis,
3084 3305 3208 3374 quis
3267 3304 3388 3357 linis
3427 3303 3747 3372 designatur

2166 3394 2482 3461 utriusque:
2513 3411 2530 3444 ι
2556 3391 2793 3447 Mortuus
2843 3404 2944 3458 est,
2981 3393 3156 3462 inquit
3179 3394 3246 3457 δ’,
3271 3392 3526 3457 Lazarus,
3553 3403 3608 3446 et
3648 3393 3746 3446 ab-

2168 3487 2362 3540 ductus
2391 3495 2474 3540 est
2519 3487 2587 3539 ab
2637 3485 2845 3553 angelis
2878 3485 2929 3538 in
2979 3486 3158 3538 sinum
3190 3487 3443 3539 Abrahae.
3479 3483 3748 3537 Similiter

2168 3585 2347 3627 autem
2384 3584 2437 3628 et
2469 3574 2642 3640 dives,
2680 3587 2734 3629 et
2763 3574 3026 3630 abductus
3056 3585 3140 3629 est
3171 3578 3234 3629 ad
3273 3574 3543 3627 internum
3574 3574 3625 3626 in
3666 3575 3750 3624 Io-

2167 3681 2290 3722 cum
2321 3667 2574 3720 tormenti
2612 3665 2749 3736 (54).
2791 3685 2808 3718 ι
2867 3668 3272 3723 Animadvertis
3300 3668 3582 3721 evidenter
3631 3665 3748 3719 loca

2168 3761 2331 3815 sortis
2363 3759 2649 3828 utriusque
2679 3762 2951 3816 distincta.
2995 3761 3129 3818 Vide
3157 3761 3322 3816 etiam
3367 3759 3456 3828 qui
3484 3767 3613 3812 sunt
3652 3758 3748 3825 qui

2169 3850 2438 3904 abducunt
2485 3849 2622 3921 (55),
2652 3853 2868 3922 angeli,
2903 3853 3111 3921 inquit,
3162 3853 3252 3923 qui
3303 3865 3517 3920 semper
3567 3851 3747 3918 parati

2169 3951 2294 3994 sunt
2324 3943 2390 3997 ad
2418 3943 2805 3998 abducendum.
2854 3945 3080 4000 Miuistri
3116 3945 3259 3998 enim
3287 3943 3378 3996 Dei
3403 3953 3532 3996 sunt
3553 3941 3618 3994 ad
3646 3942 3749 3995 hoc

2171 4032 2345 4102 ipsum
2373 4034 2646 4098 destinati,
2679 4035 2768 4105 qui
2808 4037 3064 4106 impleant
3094 4047 3292 4114 sortem
3322 4051 3485 4105 quam
3512 4035 3604 4088 tibi
3636 4034 3752 4102 ipse

2173 4125 2474 4195 paraveris.
2512 4125 2568 4179 Si
2594 4127 2740 4179 enim
2805 4128 2941 4183 bene
2995 4128 3216 4191 vixeris,
3253 4129 3299 4182 si
3359 4127 3584 4196 fregeris
3626 4140 3752 4179 esu-

2174 4218 2330 4270 rienti
2358 4232 2547 4286 panem
2574 4229 2724 4273 tuum
2774 4235 2840 4274 ex
2877 4220 3082 4285 animo,
3108 4229 3163 4273 et
3215 4219 3416 4274 nudum
3477 4217 3748 4280 vestieris,

2175 4320 2379 4364 rectum
2423 4308 2684 4377 judicium
2731 4311 3081 4378 iudicaveris,
3116 4312 3303 4382 iniquo
3333 4312 3617 4365 adversum
3648 4311 3754 4362 ini-

2174 4405 2434 4472 quitatem
2475 4420 2626 4462 suam
2672 4405 2972 4472 rcstiteris,
3023 4421 3124 4460 nec
3165 4405 3413 4474 posueris
3461 4404 3752 4459 consilium

499 4479 638 4547 ejus,
673 4481 764 4549 qui
812 4481 864 4536 in
915 4497 1155 4538 eremum
1187 4488 1500 4552 dimittitur,
1527 4490 1618 4557 qui
1649 4491 1856 4559 seipsos
1881 4493 2072 4559 dignos
2105 4495 2148 4549 D
2179 4505 2329 4548 tuum
2352 4511 2472 4549 cum
2510 4494 2594 4550 his
2621 4497 2711 4564 qui
2747 4495 2965 4564 laqueos
2987 4497 3368 4552 innocentibus
3395 4508 3612 4564 parant,
3634 4511 3755 4549 sor-

503 4570 594 4624 tali
620 4570 946 4636 ministerio,
975 4574 1056 4626 vel
1087 4575 1393 4645 Imjnsmodi
1439 4589 1587 4633 sorte
1624 4581 1889 4636 fecermrt.
1925 4584 2071 4636 Cou-

502 4663 649 4716 venit
675 4673 852 4718 autem
888 4665 1030 4718 velut
1055 4667 1360 4720 econtrario
1383 4670 1558 4736 aptari
1594 4669 1676 4724 his
1696 4680 1749 4725 et
1772 4671 1898 4725 illud
1928 4674 2071 4740 quod

501 4755 704 4809 dictum
757 4766 843 4810 est
878 4757 966 4808 "z
1008 4775 1027 4809 ι
1090 4756 1191 4825 Qui
1251 4759 1410 4813 habet
1463 4760 1681 4814 dabitur
1719 4762 1802 4819 ei.-
1853 4781 1872 4813 ι
1917 4765 2073 4819 Sient

498 4848 642 4900 enim
667 4847 757 4915 qui
791 4847 1204 4917 habetjnstitias
1240 4849 1455 4903 dabitur
1478 4851 1526 4904 ei
1561 4866 1574 4902 :
1612 4852 1680 4905 ita
1716 4861 1768 4907 et
1793 4853 1883 4923 qui
1912 4855 2075 4908 habet

503 4948 748 5007 peccata,
770 4939 822 4990 in
863 4948 1068 4993 tantmu
1102 4947 1160 4991 ut
1189 4940 1241 4991 in
1271 4949 1416 4995 sorte
1448 4943 1780 5012 apopompzei
1833 4945 2074 4998 invenia-

505 5039 592 5082 tur
618 5028 761 5083 iilius
787 5029 880 5099 qui
926 5027 976 5084 in
1015 5045 1254 5084 eremum
1290 5029 1602 5095 emittitur;
1635 5033 1903 5086 addentur
1939 5036 1986 5088 ei
2011 5051 2073 5089 ea

502 5135 622 5188 quae
646 5120 1024 5191 abstergentur
1055 5136 1086 5175 a
1111 5123 1336 5188 sanczis,
1369 5131 1425 5174 ut
1453 5129 1507 5176 et
1537 5122 1590 5176 iu
1638 5123 1766 5191 ipsis
1800 5128 2074 5193 complea-

505 5218 594 5263 tur
635 5211 776 5280 quod
809 5209 1070 5280 scriptum
1107 5223 1189 5265 est
1215 5211 1298 5265 “z
1335 5229 1354 5262 ι
1397 5212 1479 5267 Ab
1505 5227 1570 5265 eo
1619 5222 1799 5267 autem
1840 5215 1929 5281 qui
1971 5232 2074 5269 non

2183 4596 2290 4640 tem
2324 4599 2468 4640 tuam
2519 4586 2688 4642 facies
2738 4589 3046 4642 Dominum.
3088 4588 3145 4641 Si
3182 4603 3308 4643 vero
3341 4588 3548 4642 libidini
3583 4589 3755 4640 inser-

2179 4677 2317 4743 vias,
2353 4677 2639 4745 voluptatis
2673 4689 2884 4733 amator
2929 4680 3004 4734 sis
3036 4680 3205 4746 magis
3237 4694 3397 4746 quam
3423 4677 3540 4741 Dei,
3573 4691 3752 4729 saecu-

2179 4768 2288 4821 Ιιιιιι
2327 4769 2545 4838 diligas.
2581 4769 2842 4823 malitiam
2887 4785 2991 4824 non
3024 4772 3223 4835 oderis,
3263 4778 3466 4824 sortem
3495 4780 3639 4821 tuam
3671 4767 3752 4821 fe-

2179 4861 2300 4913 cisti
2349 4860 2700 4930 apopompaai,
2739 4869 2799 4916 ut
2837 4860 3127 4915 abducaris
3158 4860 3210 4915 in
3243 4876 3484 4916 eremmn
3511 4875 3605 4928 per
3634 4876 3751 4913 ma-

2179 4965 2306 5003 num
2333 4951 2565 5005 ministri
2599 4951 2717 5018 Dei,
2750 4951 2916 5020 quiin
2948 4951 3050 5006 hoc
3073 4953 3244 5021 ipsmn
3276 4964 3305 5003 ιι
3341 4951 3449 5002 Deo
3470 4949 3755 5002 ordinatus

2179 5051 2261 5095 est
2305 5059 2321 5096 :
2348 5053 2402 5096 et
2437 5043 2556 5096 ideo
2589 5053 2806 5112 paratus
2837 5042 3152 5111 appellatur,
3173 5041 3295 5110 quia
3323 5054 3606 5108 personam
3634 5039 3755 5092 nul-

2181 5130 2284 5184 lius
2307 5132 2604 5199 erubescit,
2635 5147 2734 5186 nec
2779 5132 2987 5196 divitis,
3015 5149 3113 5188 nec
3158 5132 3418 5202 potentis,
3455 5145 3557 5184 nec
3587 5130 3751 5198 regis,

2185 5236 2284 5276 nec
2316 5225 2634 5279 sacerdotis.
2669 5225 2762 5280 Vis
2817 5234 2997 5279 autem
3031 5225 3175 5280 scire
3221 5224 3346 5294 quia
3379 5223 3447 5276 ad
3500 5235 3602 5278 nos
3632 5236 3754 5293 per-

575 5328 622 5360 ³⁸
654 5327 756 5384 lsa.
808 5343 974 5394 mu,
1001 5328 1055 5382 5.
1130 5330 1172 5362 ³⁹
1200 5329 1388 5384 Matth.
1432 5343 1550 5395 xm,
1584 5328 1666 5383 12.
1745 5329 1789 5358 ⁸ο
1820 5328 1948 5382 ibid.
2023 5329 2065 5360 δι

2177 5337 2270 5391 vit.
2295 5355 2406 5407 xw,
2442 5341 2507 5395 10
2535 5350 2587 5394 et
2625 5340 2716 5394 21.
2789 5340 2835 5373 ⁸⁸
2866 5340 2994 5395 Luc.
3036 5355 3147 5404 xvt,
3176 5339 3268 5393 22.

577 5470 689 5538 (51)
728 5470 878 5531 .\|ss.,
904 5489 922 5520 ι
945 5469 1236 5524 sumenda).
1267 5489 1284 5522 ι
1309 5470 1461 5524 Libh.
1490 5470 1642 5532 editi,
1681 5487 1698 5520 ι
1746 5471 2023 5522 smnemla.
2059 5488 2077 5520 ι

580 5541 690 5606 (52)
735 5541 882 5601 Mss.,
929 5558 947 5592 ι
993 5539 1247 5594 Soeucm.
1281 5559 1300 5590 ι
1345 5541 1500 5593 Libb.
1533 5541 1686 5604 editi,
1725 5558 1742 5590 ι
1787 5539 2074 5606 Syeneth

581 5611 691 5680 (55)
734 5611 786 5661 In
842 5611 972 5665 libb.
1019 5618 1175 5663 antea
1228 5611 1388 5664 editis
1440 5610 1615 5676 deest,
1651 5627 1668 5661 t
1716 5612 2013 5672 evidenter,
2058 5628 2074 5658 ι

507 5680 985 5758 qutiutrestituitur
1012 5695 1075 5732 ex
1110 5695 1238 5732 mss.
1295 5749 1306 5758 .
1412 5748 1422 5758 _
1565 5749 1610 5758 Η
1700 5750 1711 5758 _
1877 5749 1929 5758 Α,

582 5750 695 5818 (Si)
723 5750 905 5803 Codex
937 5750 1222 5817 Sangerm.
1248 5765 1267 5800 ι
1293 5749 1349 5804 in
1380 5748 1532 5804 sinus
1550 5749 1844 5804 Abraham.
1876 5748 2064 5803 Simili-

2193 5481 2274 5525 ter
2297 5473 2516 5524 etdivcs
2542 5472 2804 5526 abductus
2837 5482 2918 5525 est
2945 5471 2996 5523 in
3033 5470 3204 5523 locum
3238 5471 3513 5524 tormenti.
3551 5487 3573 5523 ι

2263 5543 2372 5612 (55)
2413 5542 2566 5594 Libh.
2615 5543 2779 5607 editi,
2839 5543 3192 5612 «Aaddncunt,
3233 5559 3254 5612 ι
3309 5550 3363 5592 et
3417 5539 3576 5608 paulo
3613 5548 3755 5607 post.

2193 5627 2209 5660 ι
2239 5609 2302 5662 ad
2352 5613 2746 5664 :nldncemlmn.
2794 5632 2812 5662 ι
2849 5609 2955 5665 Sed
2987 5626 3114 5664 mss.
3147 5620 3198 5662 ut
3249 5611 3299 5662 in
3346 5621 3531 5662 nostro
3582 5619 3754 5671 textu,

2185 5677 2450 5733 Czcterum
2500 5681 2719 5734 consule
2773 5681 3020 5737 lluelium
3078 5678 3522 5747 Origeuiauorum
3554 5680 3643 5734 lib.
3695 5695 3752 5744 tt,

2185 5762 2372 5820 quast.
2405 5751 2460 5814 5,
2495 5768 2642 5805 num.
2677 5751 2766 5808 δι,
