4106 6246
372 344 475 404 513

1527 350 1590 405 ΙΝ
1633 350 2000 408 ιιῖνιτιιιυιι
2034 351 2309 407 ll0.\llLl.\
2345 352 2434 406 ΙΧ.

3514 350 3618 405 5H

373 467 551 518 tinent
601 477 720 531 qua:
781 462 1381 522 dicuntur?Auimalia
1437 468 1548 522 lnec
1606 485 1725 538 qum
1774 476 2023 531 sortesA
2061 487 2077 517 ι
2131 482 2252 522 cum
2321 473 2589 535 potestate
2662 462 2939 529 traduxit,
3014 463 3353 533 triumphans
3412 477 3507 517 eos
3562 466 3616 517 in

370 557 513 610 istas
541 556 822 624 exeipiunt
850 555 985 625 (56).
1020 572 1124 609 ιιοιι
1162 567 1285 611 sunt
1325 559 1621 626 imumnda,
1652 576 1748 615 nec
1774 563 1944 616 aliena

370 646 441 700 ab
468 647 732 700 altaribus
760 647 877 709 Dei,
907 649 1000 701 sed
1035 648 1231 701 munda
1265 660 1409 715 sunt,
1436 660 1488 705 et
1512 667 1630 721 quae
1655 654 1706 707 in
1735 656 1944 707 sacriﬁ-

370 738 471 793 ciis
492 736 678 791 oﬂ‘erri
719 736 931 802 solent;
959 746 1019 789 ut
1048 738 1188 790 scias
1225 739 1339 793 htec
1377 740 1598 810 ﬁguram
1626 752 1808 797 tenere
1840 760 1943 798 non

373 843 558 884 eorum
591 829 683 895 qui
726 835 879 880 extra
916 826 1072 880 tidem
1106 838 1256 893 sunt,
1284 831 1376 885 sed
1417 847 1601 886 eorum
1635 836 1724 903 qui
1758 835 1807 888 in
1846 836 1947 891 tide

375 927 519 973 sunt.
556 917 753 972 Hircus
782 917 929 972 enim
977 919 1181 971 animal
1238 922 1492 974 mundum
1521 931 1623 988 est,
1652 935 1705 978 et
1746 925 1946 982 divinis

374 1008 636 1063 altaribus
667 1018 1067 1064 consecratum.
1107 1009 1175 1063 Et
1210 1020 1263 1063 tu
1298 1027 1425 1079 ergo
1474 1029 1569 1082 per
1595 1017 1823 1085 gratiam
1852 1020 1941 1073 ha-

373 1102 557 1170 ptisnti
584 1109 930 1156 consecratus
953 1117 1010 1155 es
1040 1102 1304 1157 altaribus
1337 1106 1447 1166 Dei.
1469 1118 1521 1161 et
1546 1110 1743 1163 animal
1768 1111 1943 1167 factus

370 1209 433 1247 es
457 1196 734 1247 mundum.
766 1194 872 1249 Sed
924 1197 962 1251 si
1005 1211 1110 1249 non
1155 1197 1430 1250 custodias
1472 1202 1782 1255 mandatum
1814 1204 1942 1257 illud

373 1283 587 1336 Domini
628 1286 771 1351 quod
804 1284 938 1339 dixit
965 1285 1053 1339 ":
1091 1303 1108 1336 ι
1147 1285 1283 1340 Ecce
1322 1301 1485 1341 sanus
1523 1288 1695 1344 factus
1721 1293 1942 1361 es,jam

374 1374 483 1426 noli
507 1388 751 1442 peccare,
775 1389 840 1431 ne
861 1377 1003 1444 quod
1030 1378 1124 1430 tibi
1156 1378 1395 1433 deterius
1422 1383 1703 1450 contingat
1730 1397 1745 1447 ;
1796 1404 1815 1437 ι
1849 1388 1941 1440 sed

372 1480 496 1518 cum
530 1479 679 1519 esses
707 1467 958 1533 mundus,
1000 1482 1214 1521 rursum
1248 1477 1298 1522 te
1336 1472 1540 1537 peccati
1567 1472 1931 1540 inquinamen-

374 1564 431 1609 to
476 1556 781 1620 maculasti,
824 1566 880 1611 et
928 1564 1013 1610 ex'
1042 1558 1240 1611 virtute
1283 1559 1349 1612 ad
1401 1558 1713 1626 libidinem,
1745 1579 1809 1617 ex
1844 1581 1936 1631 pu«

376 1648 537 1700 ritate
575 1648 639 1700 ad
674 1648 1072 1701 immunditiam
1126 1648 1444 1714 tlccliuasti,
1482 1659 1571 1704 tuo
1621 1654 1785 1719 vitio,
1820 1673 1939 1710 cum

373 1739 575 1791 animal
625 1740 880 1793 mundum
914 1740 1103 1806 lueris,
1135 1741 1268 1797 sorti
1295 1752 1346 1798 te
1375 1749 1706 1815 apopompzei
1746 1751 1943 1804 eremi-

373 1845 481 1898 que
514 1830 803 1886 tradidisti.

449 1920 504 1973 5.
547 1919 727 1973 Potest
762 1918 1006 1974 fortassis
1046 1933 1100 1976 et
1125 1922 1232 1976 alio
1263 1925 1420 1979 modo
1452 1927 1614 1982 homo
1645 1936 1866 1997 paratus
1889 1937 1943 1985 et

382 2010 612 2064 llllllldlls
656 2009 786 2078 (57),
819 2011 908 2078 qui
944 2011 1151 2067 abducit
1186 2029 1309 2068 eum
1352 2017 1508 2085 cujus
1552 2034 1671 2072 sors
1710 2020 1857 2073 venit
1886 2020 1939 2074 in

375 2116 633 2163 eremum,
655 2110 707 2154 et
741 2116 805 2155 eo
828 2101 944 2170 ipso
975 2118 1084 2172 quo
1129 2106 1308 2159 educit
1354 2121 1497 2170 eum,
1524 2109 1676 2176 quasi
1706 2111 1796 2178 qui
1836 2111 1940 2164 im-

376 2193 636 2242 mundum
678 2192 986 2261 contigerit,
1032 2192 1439 2250 dicitnrlavare
1477 2198 1796 2252 vestimenta
1844 2213 1939 2252 sua

370 2284 435 2332 ad
469 2296 770 2349 vesperam,
800 2292 853 2336 et
882 2297 1005 2337 esse
1048 2285 1299 2350 mundus,
1331 2288 1493 2339 etiam
1528 2288 1642 2356 ipse
1682 2288 1939 2344 Dominus

366 2386 421 2424 et
440 2372 687 2426 Salvator
716 2382 899 2426 noster
944 2374 1163 2445 intelligi
1190 2390 1255 2429 ex
1307 2392 1369 2430 ea
1400 2389 1571 2445 parte,
1603 2394 1704 2447 qua
1737 2388 1940 2434 natura:

368 2474 588 2527 nostra,
618 2465 667 2518 id
693 2473 775 2519 est
802 2466 984 2521 carnis
1017 2474 1070 2519 et
1097 2468 1374 2535 sanguinis
1405 2470 1719 2523 vestimenta
1754 2487 1940 2527 susce—

367 2558 465 2625 pit,
498 2571 619 2625 quae
665 2557 717 2610 in
769 2572 992 2627 vespera
1044 2557 1273 2612 laverit:
1308 2570 1528 2627 propter
1557 2562 1699 2629 quod
1738 2544 1815 2616 et.
1842 2564 1939 2616 dli!

367 2653 495 2704 dum
522 2652 783 2721 propheta
811 2652 875 2706 de
904 2666 969 2706 eo
995 2650 1277 2706 dixerat“
1307 2670 1321 2706 :
1352 2671 1370 2703 ι
1404 2652 1468 2706 Ει
1496 2654 1601 2708 vidi
1634 2652 1815 2709 Jesom
1852 2670 1938 2710 sa-

369 2745 646 2797 cerdotem
686 2759 961 2812 magnum,
999 2743 1242 2798 indutum
1270 2745 1595 2799 vestimenta
1629 2745 1939 2810 sordida,et

367 2832 642 2886 diabolmn
693 2842 927 2887 stantem
959 2848 989 2885 a
1019 2832 1228 2888 dextris
1273 2849 1409 2904 epis,
1453 2845 1512 2888 ut
1544 2837 1939 2891 contratliceret

365 2928 438 2980 ei.
483 2945 502 2977 ι
535 2926 686 2980 Lavit
714 2940 842 2996 ergo
871 2926 923 2978 in
953 2925 1096 2991 vino,
1129 2925 1178 2979 id
1200 2927 1367 2980 estin
1404 2927 1669 2996 sanguine
1697 2942 1795 2981 suo
1825 2938 1939 2982 sto—

364 3016 475 3070 tam
509 3032 661 3071 suam
686 3016 738 3069 in
772 3030 1013 3084 vespera,
1046 3028 1099 3070 et
1132 3018 1305 3071 factus
1335 3026 1417 3071 est
1448 3018 1697 3072 mundus.
1722 3018 1788 3071 Et
1815 3019 1937 3073 inde

366 3108 619 3162 fortassis
648 3115 766 3162 erat
789 3107 900 3179 (58)
937 3110 1080 3176 quod
1111 3120 1229 3176 post
1273 3109 1721 3163 resurrectionem
1753 3108 1935 3164 Maria:
1962 3140 2005 3197 ο

366 3200 568 3253 Volenti
594 3199 754 3272 pedes
776 3199 892 3266 ejus
921 3207 1123 3265 tenere,
1154 3200 1364 3255 dicebat
1394 3200 1475 3255 ":
1511 3218 1530 3252 ι
1564 3200 1677 3256 Noli
1702 3217 1787 3257 me
1819 3212 1935 3257 tan-

366 3311 518 3367 gere.
545 3315 564 3348 ι
600 3296 689 3350 Vis
737 3306 918 3349 autem
953 3294 1130 3350 adhuc
1178 3297 1379 3362 videre,
1412 3306 1466 3351 et
1518 3297 1678 3350 aliain
1706 3298 1932 3354 duarum

368 3390 601 3443 sortiqu
655 3386 1247 3441 fortnam?Considcra
1298 3388 1432 3443 duos
1474 3390 1614 3454 illos,
1660 3391 1752 3458 qui
1800 3401 1936 3444 tem-

366 3492 502 3548 pure
540 3479 718 3533 crucis
754 3476 871 3543 ejus
914 3491 1049 3530 unus
1084 3475 1121 3529 Ξ
1156 3478 1395 3546 dextris,
1438 3493 1491 3537 et
1538 3498 1674 3536 unus
1712 3498 1741 3535 a
1800 3483 1934 3536 sini-

365 3582 480 3623 stra
536 3569 651 3637 eius
704 3574 1072 3639 pependerunt
1119 3572 1376 3636 latrones,
1411 3582 1465 3626 et
1499 3573 1622 3627 vide
1649 3572 1793 3625 illum
1840 3573 1931 3640 qui

363 3661 725 3717 conﬁtebatur
754 3662 1059 3730 Dominum,
1085 3673 1285 3718 sortem
1315 3662 1517 3716 factum
1552 3676 1671 3717 esse
1694 3661 1928 3727 Domini,

365 3762 421 3808 et
474 3754 762 3808 abductum
823 3769 945 3808 esse
991 3756 1110 3810 sine
1157 3769 1304 3809 mora
1356 3754 1424 3806 ad
1481 3754 1821 3820 paradisum,
1872 3753 1929 3805 ila

368 3843 477 3896 lum
536 3859 666 3897 vero
710 3844 872 3898 alium
925 3844 1424 3915 blasphemautem,
1470 3852 1675 3897 sortem
1728 3842 1929 3897 factum

367 3934 531 4005 239
556 3950 674 3990 esse
698 3939 1047 4005 apopompaai,
1080 3938 1169 4006 qui
1197 3937 1249 3990 iu
1294 3949 1533 3990 eremum
1570 3934 1933 3988 abduceretur

366 4028 581 4082 interni.
618 4029 722 4082 Sed
752 4039 805 4082 et
836 4029 888 4082 iu
919 4043 984 4083 eo
1000 4031 1141 4099 quod
1164 4027 1382 4093 dicitur,
1410 4026 1537 4095 quia
1585 4027 1752 4079 atlixit
1780 4026 1928 4081 cruci

364 4135 476 4174 Sua:
505 4123 857 4191 principatus,
892 4131 948 4178 et
986 4130 1283 4192 potestates
1314 4120 1637 4185 contrarias,
1658 4129 1711 4174 et
1744 4121 1932 4175 trium-

366 4215 549 4282 phavit
571 4230 662 4269 eas
691 4214 756 4279 “,
784 4226 985 4271 sortem
1029 4218 1082 4270 in
1121 4218 1201 4271 eis
1230 4215 1562 4285 apopompaai
1619 4215 1928 4285 complevit,

362 4314 417 4356 et
440 4314 694 4374 tanquam
734 4305 895 4360 homo
923 4317 1146 4375 paratus
1186 4309 1409 4363 abduxit
1439 4322 1534 4362 eas
1578 4308 1630 4361 in
1663 4322 1927 4362 eremum.

366 4395 606 4465 Denique
652 4398 796 4452 etin
844 4398 1138 4469 Evangelio
1176 4399 1433 4455 Dominus
1489 4399 1625 4453 dicit
1657 4400 1725 4463 ⁸⁷,
1789 4401 1917 4467 quia

2049 559 2360 626 semetipso.
2396 575 2414 607 ι
2455 556 2734 617 Traduxit,
2777 571 2885 623 quo
2933 555 3205 618 traduxit,
3260 555 3361 607 nisi
3396 554 3462 607 ad
3496 570 3618 608 ere-

2048 666 2217 711 mum,
2245 651 2309 702 ad
2339 649 2452 701 lora
2486 646 2735 701 cherla?
2769 646 2918 699 Sicut
2949 645 3089 699 enim
3120 646 3193 698 illi
3215 649 3303 714 qui
3332 646 3611 701 confessus

2045 748 2148 801 est,
2184 741 2387 807 aperuit
2421 738 2655 807 paradisi
2680 736 2896 801 januas,
2924 733 3272 789 dicendo":t
3310 734 3479 788 llodie
3504 751 3617 790 me-

2047 845 2166 885 eum
2202 830 2310 883 eris
2332 830 2384 881 in
2417 828 2686 896 paradiso,
2730 845 2747 878 ι
2787 837 2837 879 et
2864 840 2957 892 per
2993 826 3094 879 hoc
3116 826 3363 880 omnibus
3385 826 3616 880 creden-

2052 917 2700 979 tihus,etcouliteutihus
2762 914 3096 983 ingrediendi
3157 915 3362 969 aditum
3445 917 3615 984 dedit,

2049 1028 2208 1081 quem
2242 1014 2393 1080 prius
2416 1011 2586 1064 Adam
2613 1017 2865 1079 peccante
2900 1008 3263 1065 concluserat.
3296 1012 3431 1080 Quis
3470 1016 3616 1069 enim

2047 1103 2184 1156 alius
2222 1104 2546 1173 routpltmant
2575 1102 2880 1155 ﬂammeam
2912 1111 2966 1155 et
2998 1106 3328 1169 versatilem,
3370 1121 3495 1176 quae
3522 1122 3619 1176 ap-

2045 1197 2217 1263 posita
2270 1206 2352 1249 est
2402 1197 2677 1251 custodire
2741 1196 2941 1264 lignum
2980 1198 3104 1249 vitae
3158 1206 3211 1250 et
3257 1196 3400 1250 fores
3459 1213 3617 1265 para-

2045 1288 2144 1342 disi
2186 1288 2252 1353 ”,
2290 1297 2502 1355 poterat
2527 1288 2837 1341 dimovere?
2869 1287 2999 1353 Quis
3025 1287 3162 1340 alius
3178 1288 3458 1341 cherubim
3488 1304 3614 1356 per—

2046 1379 2189 1448 vigili
2215 1379 2494 1432 excubans
2529 1378 2778 1432 custodia
2816 1377 3030 1430 valebat
3062 1377 3467 1440 inﬂectere,uisi
3496 1379 3615 1446 ipse

2045 1469 2211 1532 Solus,
2242 1469 2326 1522 cui
2363 1469 2484 1522 data
2521 1477 2603 1523 est
2649 1469 2826 1522 omnis
2886 1477 3123 1537 potestas
3171 1469 3225 1522 in
3275 1470 3417 1523 cmlo
3472 1479 3525 1522 et
3561 1470 3613 1521 in

2047 1573 2187 1616 terra
2214 1562 2298 1614 “1?
2329 1562 2414 1624 Ut,
2443 1563 2684 1630 inquam,
2719 1570 2913 1629 praeter
2944 1561 3119 1629 ipsum
3153 1574 3311 1615 nemo
3341 1562 3477 1616 alius
3499 1561 3614 1616 huic

2043 1652 2223 1707 facere
2255 1654 2448 1721 potuit,
2481 1653 2549 1705 ita
2581 1650 2916 1721 principatus
2942 1660 2993 1703 et.
3012 1661 3329 1719 potestates,
3356 1662 3411 1706 et
3439 1662 3616 1705 recto-

2045 1758 2132 1798 res
2166 1744 2369 1808 mundi,
2400 1757 2537 1812 quos
2574 1748 2857 1795 enumerat
2887 1742 3174 1809 Aposwlus
3195 1744 3261 1809 ⁸⁸,
3293 1759 3450 1797 nemo
3476 1743 3618 1798 alius

1972 1813 2015 1867 Β
2046 1843 2253 1903 poterat
2281 1834 2637 1903 triumphare,
2664 1841 2717 1887 et
2744 1830 3018 1887 abducere
3039 1833 3091 1887 in
3117 1849 3356 1888 eremum
3392 1834 3614 1901 inferni,

2045 1928 2148 1982 nisi
2185 1927 2471 1995 ipsesolus
2510 1927 2601 1994 qui
2652 1927 2895 1980 dixit":
2941 1943 2959 1977 ι
3011 1925 3280 1979 Conﬁdite
3326 1926 3462 1994 (59),
3512 1941 3615 1997 ego

2042 2019 2145 2073 vici
2196 2020 2477 2073 mundum.
2510 2037 2528 2069 ι
2558 2018 2761 2074 Idcirco
2795 2033 2926 2087 ergo
2967 2019 3334 2072 necessarium
3376 2019 3476 2071 fuit
3511 2020 3614 2073 Do-

2044 2110 2248 2163 minum
2273 2119 2326 2162 et
2355 2108 2691 2163 Salvatorem
2714 2126 2912 2173 meum,
2941 2123 3044 2162 non
3073 2109 3245 2162 solum
3277 2109 3417 2162 inter
3441 2110 3615 2163 homi-

2042 2215 2137 2255 nes
2164 2200 2434 2253 hominem
2476 2199 2645 2264 uasci,
2692 2198 2786 2253 sed
2841 2201 3004 2253 etiam
3049 2200 3115 2251 ad
3146 2196 3357 2251 inferna
3386 2199 3611 2252 descen—

2041 2292 2190 2354 dere,
2221 2300 2276 2342 ut
2299 2300 2497 2344 sortem
2523 2290 2849 2359 apopompmi
2884 2300 3137 2358 tanquam
3185 2289 3346 2342 homo
3394 2298 3614 2357 paratus

2042 2383 2094 2437 in
2123 2396 2362 2436 eremum
2391 2381 2583 2433 inferni
2613 2381 2926 2443 deduceret,
2957 2389 3118 2448 atque
3152 2380 3275 2433 inde
3304 2393 3610 2449 regressus,

2042 2487 2206 2541 opere
2241 2469 2960 2526 consummatoascenderet
3012 2469 3078 2521 ad
3135 2468 3368 2532 Patrem,
3428 2470 3612 2538 ibique

2040 2563 2250 2633 plenius
2278 2562 2419 2631 apud
2472 2561 2643 2616 altare
2679 2561 2806 2615 illud
2829 2560 3049 2615 cmleste
3090 2559 3499 2630 puriﬁcaretur,
3556 2571 3613 2615 ut

2039 2656 2224 2710 carnis
2251 2664 2449 2707 nostra:
2468 2653 2682 2722 pignus,
2700 2652 2846 2721 quod
2882 2664 3062 2706 secum
3094 2657 3378 2714 evexerat,
3422 2666 3613 2722 perpe-

2041 2754 2129 2798 tua
2158 2745 2391 2813 puritate
2415 2743 2663 2796 donaret.
2708 2741 2806 2796 Hic
2834 2756 2962 2812 ergo
2989 2750 3069 2796 est
3105 2756 3265 2795 verus
3320 2743 3434 2796 dies
3487 2757 3610 2812 pro-

2040 2835 2354 2904 pitiationis,
2399 2849 2522 2888 cum
2579 2832 2903 2901 propitiatus
2943 2842 3027 2885 est
3084 2831 3224 2884 Deus
3272 2832 3609 2891 hominibus.

2040 2927 2193 2982 Sicut
2215 2936 2268 2980 et
2291 2926 2577 2995 Apostolus
2598 2925 2729 2979 dicit
2759 2922 2807 2955 ⁸⁸
2842 2943 2854 2977 :
2890 2941 2909 2976 ι
2940 2924 3203 2991 Quoniam
3231 2926 3372 2980 Deus
3405 2936 3521 2981 erat
3555 2927 3610 2984 in

2038 3018 2275 3082 Christo,
2296 3019 2558 3071 mundum
2583 3016 2939 3070 reconcilians
2978 3016 3104 3071 sibi.
3153 3035 3172 3068 ι
3214 3017 3277 3070 Ει
3315 3018 3509 3072 iterum
3539 3018 3610 3072 de

2038 3111 2258 3166 Christo
2282 3109 2412 3163 dicit
2435 3110 2480 3142 "
2510 3125 2524 3162 :
2557 3130 2574 3161 ι
2608 3108 2908 3163 l’acilicans
2945 3122 3041 3177 per
3072 3109 3388 3179 sanguinem
3432 3112 3613 3165 crucis

2040 3213 2172 3265 sute,
2209 3197 2322 3252 sive
2369 3212 2488 3265 qua:
2536 3196 2589 3252 iu
2634 3196 2772 3253 coelo
2791 3205 2939 3261 sunt,
2980 3196 3095 3254 sive
3126 3214 3245 3265 qua:
3284 3198 3337 3251 in
3381 3209 3550 3253 terra.
3585 3219 3605 3251 ι

2040 3289 2322 3343 Mandatur
2347 3302 2476 3359 ergo
2517 3288 2568 3342 in
2605 3288 2741 3358 lege,
2786 3298 2844 3343 ut
2899 3288 2952 3341 in
3006 3288 3095 3342 die
3147 3290 3612 3358 repropitiationis

2039 3381 2216 3433 omnis
2260 3376 2487 3447 populus
2526 3377 2773 3432 humiliet
2813 3377 3049 3433 animam
3106 3393 3280 3433 suam.
3328 3379 3610 3446 Quomodo

2038 3470 2283 3526 humiliet
2326 3468 2555 3539 populus
2600 3468 2839 3522 animam
2868 3482 3051 3534 suam,
3087 3468 3203 3538 ipse
3250 3470 3379 3524 dicit
3409 3486 3423 3524 :
3455 3488 3474 3522 ι
3507 3472 3615 3526 Ve-

2046 3564 2214 3625 nient,
2245 3561 2419 3631 inquit
2447 3560 2513 3624 ⁸⁵,
2542 3561 2675 3622 dies,
2729 3574 2854 3614 cum
2902 3560 3176 3615 auferetur
3212 3560 3280 3615 ab
3321 3562 3401 3616 eis
3443 3577 3609 3630 spon-

2037 3668 2150 3715 sus.
2193 3662 2250 3707 et
2297 3664 2423 3707 tunc
2463 3651 2790 3721 jejunabunt
2823 3653 2874 3707 in
2934 3651 3039 3707 illis
3086 3652 3298 3708 diebus.
3354 3672 3372 3704 ι
3418 3652 3610 3709 Plures

2036 3756 2165 3811 ergo
2223 3751 2460 3810 aguntur
2490 3741 2605 3795 dies
2643 3738 2767 3795 festi
2797 3739 3092 3793 secundum
3127 3738 3318 3808 legem.
3366 3739 3461 3794 Est
3486 3741 3609 3808 qni-

2037 3832 2156 3886 dam
2183 3830 2440 3884 solemnis
2471 3830 2586 3884 dies
2632 3830 2685 3884 in
2735 3845 2919 3885 mense
2947 3830 3142 3898 primo,
3182 3838 3266 3885 est
3291 3839 3342 3885 et
3372 3831 3510 3885 alius
3551 3834 3605 3885 in

2035 3922 2296 3977 secundo.
2343 3921 2447 3976 Sed
2481 3929 2536 3977 et
2583 3920 2636 3975 in
2684 3935 2872 3977 mense
2916 3921 3232 3992 primo‘alia
3288 3922 3607 3977 solemnitas

2035 4032 2276 4096 Pasclue,
2324 4032 2426 4085 alia
2470 4045 2808 4103 azymorum,
2867 4032 2991 4088 licet
3039 4033 3326 4103 conjuncta
3362 4035 3611 4089 videatur

2034 4125 2241 4195 azymis
2265 4123 2488 4177 Paschte
2516 4123 2852 4178 solemnitas.
2890 4123 3221 4194 Principium
3272 4126 3417 4179 enim
3469 4139 3605 4195 azy-

2035 4232 2245 4270 morum
2279 4215 2344 4269 ad
2374 4219 2532 4267 tinem
2582 4212 2808 4267 Pascha:
2846 4215 3216 4283 conjungitur.
3261 4215 3466 4270 Pascha
3511 4232 3611 4270 au-

2035 4318 2141 4364 tem
2169 4308 2259 4362 ille
2281 4306 2428 4360 solus
2453 4306 2568 4360 dies
2599 4305 2922 4373 appellatur,
2951 4306 3002 4358 in
3032 4322 3139 4374 quo
3189 4321 3363 4375 agnus
3402 4309 3608 4375 occidi-

2035 4411 2143 4458 tur.
2176 4399 2382 4469 Reliqui
2432 4412 2562 4451 vero
2592 4410 2906 4465 azymorum
2948 4398 3064 4450 dies
3100 4397 3465 4467 appellantur.
3512 4399 3606 4454 Sic

370 4498 389 4532 ι
431 4499 550 4537 cum
582 4484 780 4538 exierit
813 4485 881 4538 de
910 4484 1129 4539 homine
1174 4485 1481 4541 immundus
1504 4485 1748 4554 spiritus,
1787 4484 1932 4539 vadit
1961 4486 2008 4543 D
2034 4495 2177 4561 enim
2229 4492 2358 4546 dicit
2386 4491 2431 4522 ⁸⁷
2469 4507 2484 4544 :
2524 4507 2542 4541 ι
2595 4489 2786 4543 Facies
2836 4488 3238 4543 solemnitatem
3287 4505 3603 4561 azymorum

362 4591 462 4645 per
484 4576 598 4629 loca
634 4577 867 4644 deserta,
897 4592 1142 4647 quaerens
1190 4578 1452 4647 requiem,
1509 4586 1563 4631 et
1611 4592 1718 4631 non
1774 4577 1927 4631 inve-

362 4668 464 4719 nit.
498 4687 516 4719 ι
558 4667 650 4723 Sic
678 4683 807 4738 ergo
830 4680 1006 4737 potest
1032 4678 1087 4724 et
1116 4670 1368 4724 Salvator
1410 4677 1593 4722 noster
1631 4668 1791 4721 homo
1831 4683 1927 4737 pa-

361 4772 509 4815 ratus
542 4763 784 4832 intelligi,
814 4764 905 4832 qui
944 4774 1144 4818 sortem
1189 4762 1406 4828 quidem
1465 4760 1696 4824 Domini,
1743 4760 1930 4815 Eccle-

358 4855 496 4906 siam
526 4868 677 4906 suam
705 4855 910 4921 l‘ccerit,
937 4869 1167 4923 eamque
1194 4854 1375 4907 divino
1395 4851 1729 4906 consecrarit
1751 4850 1927 4915 altari,

357 4954 559 4998 sortem
589 4960 716 5000 vero
746 4947 1073 5015 apopompazi
1098 4945 1401 5000 contrarias
1453 4943 1649 4999 fecerit.
1688 4952 1928 5012 potesta-

357 5043 464 5099 tes,
487 5036 712 5104 spiritns
743 5038 1020 5107 nequitiae,
1052 5048 1106 5092 et
1134 5038 1318 5091 mundi
1362 5035 1519 5102 hujus
1569 5043 1812 5091 rectores
1848 5043 1926 5089 te-

361 5128 653 5179 nebrarqu
704 5127 916 5189 harum,
970 5144 1128 5197 quos,
1179 5128 1319 5183 sicut
1360 5127 1490 5179 dicit
1543 5125 1833 5193 Apostolus
1856 5124 1921 5190 ⁸⁸,

427 5219 475 5251 ⁸³
500 5220 655 5273 Joau.
683 5238 734 5288 v,
767 5222 853 5275 14.
929 5222 974 5254 ⁸⁵
1006 5222 1173 5277 Zach.
1226 5238 1302 5284 ιιι,
1358 5222 1377 5274 1
1421 5231 1470 5275 et
1497 5221 1550 5273 5.

360 5288 409 5320 ⁸⁸
444 5289 648 5344 Coloss.
734 5308 792 5350 ιι.
833 5292 917 5347 14.
1011 5295 1053 5324 ⁶⁹
1090 5294 1219 5346 Luc.
1277 5307 1431 5353 χχιιι,
1486 5291 1566 5343 45.

359 5357 406 5391 ⁵³
436 5357 593 5414 Jean.
625 5377 736 5424 xvi,
775 5362 863 5416 55.
955 5362 998 5393 ⁵⁵
1030 5361 1071 5415 ιλ
1104 5364 1228 5416 Cor.
1261 5378 1311 5427 v,
1345 5361 1429 5415 19.

431 5499 544 5571 (56)
586 5501 739 5566 5155.,
766 5519 785 5552 ι
822 5510 998 5556 sortes
1028 5501 1160 5557 istas
1190 5501 1486 5570 excipiunt.
1528 5518 1546 5552 ι
1582 5498 1737 5556 Libb.
1766 5497 1920 5563 editi,

362 5587 383 5618 ο
421 5581 598 5639 sortes
634 5571 927 5639 accipiunt.
964 5589 982 5620 ι

426 5636 540 5775 ἓῦῚζ
581 5640 710 5697 Mss.
735 5636 1036 5695 (mundus.
1066 5658 1083 5691 ι
1114 5637 1263 5693 Libb.
1283 5639 1433 5702 editi,
1468 5656 1485 5690 t
1523 5638 1849 5692 immundus.
1893 5654 1912 5687 ι

450 5709 518 5765 58
629 5711 783 5765 Erat.
892 5710 1183 5775 Suppletur
1208 5724 1239 5763 e
1270 5726 1397 5763 mss.

450 5709 539 5779 58)
629 5711 783 5765 Erat.
892 5710 1397 5779 Suppleturemss.

428 5777 541 5846 159)
568 5779 751 5836 Codex
781 5777 1089 5848 Sangerin.,
1127 5798 1145 5831 ι
1177 5780 1430 5835 conliditc
1460 5777 1581 5846 quia
1615 5790 1732 5847 ego,
1769 5792 1785 5824 ι
1810 5783 1916 5829 etc.

1654 5220 1699 5251 ’⁸⁵
1729 5218 1885 5274 Joan.
1916 5223 2098 5285 xx,17.

1652 5291 1696 5322 ⁸ο
1731 5290 1926 5343 Cenes.
1983 5294 2189 5356 tu,_-94.

1519 5361 1563 5391 ⁵⁸
1587 5359 1793 5414 Coloss.
1824 5375 1862 5426 ι,
1892 5360 1981 5415 20.

2036 4592 2238 4653 septem
2291 4580 2501 4636 diebus.
2545 4599 2563 4633 ι
2595 4581 2718 4636 Haec
2746 4592 2876 4648 ergo
2905 4587 2988 4633 est
3043 4579 3217 4647 prima
3249 4579 3596 4634 soleumitas.

2037 4672 2159 4727 Post
2198 4674 2329 4737 haec,
2364 4673 2539 4741 inquit
2580 4672 2647 4736 ⁸⁸,
2695 4688 2714 4722 ι
2778 4684 2900 4724 cum
2937 4670 3309 4723 demessueris
3370 4685 3600 4725 messem

2033 4774 2202 4827 tuam,
2220 4773 2276 4819 et
2303 4761 2724 4833 congregaveris
2743 4763 3054 4817 nativitates
3075 4775 3139 4814 ex
3158 4775 3290 4829 agro
3308 4768 3420 4823 tuo,
3437 4759 3603 4814 iacies

2031 4856 2171 4910 diem
2194 4855 2384 4909 festum
2411 4857 2477 4909 de
2507 4854 2677 4909 initiis
2721 4854 2986 4907 fructuum
3027 4860 3263 4904 tuorum.
3298 4867 3316 4899 ι
3351 4848 3451 4914 Qui
3488 4849 3604 4902 dies

2031 4958 2112 5003 est
2136 4958 2257 5017 post
2285 4957 2491 5018 septem
2516 4947 2849 5015 septimanas
2890 4944 3130 5005 Paschte,
3173 4943 3227 4995 id
3270 4951 3353 4993 est
3408 4940 3603 4993 Pente-

2033 5051 2355 5104 coste,cum
2404 5040 2573 5093 etiam
2623 5035 2729 5091 dici
2773 5034 3014 5101 jubetur,
3061 5041 3115 5087 et
3152 5031 3439 5086 mundabis
3484 5028 3599 5100 (60)

2033 5140 2220 5183 sancta
2241 5128 2309 5183 de
2337 5129 2496 5182 domo
2525 5141 2664 5181 mea.
2712 5124 2839 5178 Post
2878 5124 2990 5176 ha‘c
3047 5122 3097 5175 in
3142 5120 3370 5187 septimo
3416 5133 3601 5173 mense

2210 5224 2258 5255 “
2312 5222 2519 5276 Coloss.
2574 5234 2633 5283 ιι,
2682 5217 2766 5279 14,
2820 5215 2902 5270 15.
3007 5215 3050 5246 "
3120 5211 3306 5266 Matth.
3351 5227 3451 5276 ιιι,
3504 5211 3596 5283 4?}.

2296 5293 2338 5323 ⁸¹
2372 5291 2558 5345 Matth.
2619 5280 2809 5347 xxvnt,
2854 5287 2939 5339 18.
3039 5283 3311 5349 "Ephes.
3370 5298 3443 5342 v1.
3507 5280 3594 5334 12.

2058 5350 2103 5397 εἴ
2134 5364 2325 5419 Matth.
2365 5377 2443 5424 IX,
2480 5360 2567 5414 15.
2644 5358 2687 5389 ετ
2722 5356 2892 5411 Exod.
2927 5369 3081 5421 xxm,
3113 5353 3201 5410 15.
3276 5352 3322 5386 ιε
3352 5352 3479 5406 ibid.
3508 5350 3594 5404 16.

2099 5495 2211 5565 (60)
2236 5493 2415 5565 Codex
2451 5490 2808 5565 Syll_g_el'lll.“§.
2835 5493 2889 5541 et
2932 5485 3209 5565 mandavi.
3239 5483 3406 5565 rAlii
3434 5497 3595 5565 mss"

2034 5587 2052 5620 ι
2084 5552 2396 5624 emtiudavi.
2432 5581 2450 5613 ι
2489 5552 2643 5613 Libb.
2680 5556 2833 5620 editi,
2866 5573 2885 5606 ι
2933 5565 2985 5610 ct
3035 5556 3339 5610 mundabis.
3370 5572 3401 5624 γι
3457 5552 3596 5624 Infra

2026 5622 2194 5693 codex
2231 5635 2542 5705 Sangerm.,
2576 5646 2595 5683 ι
2629 5628 2721 5684 ubi
2746 5635 2831 5685 est
2859 5636 2914 5684 et
2947 5641 3073 5683 arca
3103 5623 3400 5681 testimonii
3430 5633 3484 5679 et
3515 5622 3594 5676 al-

2028 5718 2163 5764 tare.
2207 5725 2226 5758 ι
