4106 6246
554 299 662 353 5ιῦ

2000 314 2322 373 ORIGENIS

3704 314 3806 371 5ίῦ

552 432 673 486 alia:
705 438 941 501 aguntur
962 406 1361 488 solemnitatcs.
1410 430 1592 488 Primo
1620 433 1707 488 die
1744 433 1947 489 mensis
1993 434 2129 489 Nco-
2162 441 2204 495 Α
2237 443 2538 490 morantem
2572 434 2713 489 intra
2747 432 2943 489 Sancta
2970 442 3311 501 sanctorum,
3350 443 3403 491 et
3436 432 3574 491 ellici
3609 437 3662 491 in
3690 453 3803 494 sor-

554 524 731 578 menia
761 524 1031 587 tubarum,
1058 523 1201 579 sicut
1231 525 1432 580 dicitur
1473 527 1526 581 in
1559 526 1773 581 Psalmo
1806 524 1852 558 ”
1884 540 1899 579 :
1929 545 1946 577 ι
1978 525 2126 579 Tuba

552 616 736 670 canite
775 616 827 670 in
876 616 1035 671 initio
1085 619 1289 673 mensis
1329 618 1492 673 tubas.
1528 637 1547 670 ι
1590 617 1810 673 Decima
1868 633 1999 672 vero
2044 619 2130 673 die

553 706 765 776 septimi
793 707 994 762 mensis
1033 719 1118 762 est
1151 709 1473 764 solemnitas
1529 710 2019 779 repropitiationis.
2067 709 2124 765 ln

553 798 655 853 hac
678 798 791 852 sola
821 799 908 855 die
926 800 1164 868 pontifex
1184 801 1426 855 induitur
1448 801 1704 856 omnibus
1730 802 2131 870 pontiﬁcalibus

552 891 909 959 indumentis,
941 903 1070 947 tunc
1100 894 1343 947 induitur
1367 893 1861 949 manifestationem
1909 905 1963 949 et
1988 895 2129 949 veri-

554 988 741 1043 tatem,
774 988 904 1037 tunc
953 983 1259 1051 ingreditur
1303 984 1368 1035 ad
1422 983 1509 1036 illa
1555 982 1979 1047 inaccessibilia,
2017 1000 2125 1053 quo

552 1071 720 1126 semel
755 1081 807 1126 In
842 1087 985 1126 anno
1024 1074 1206 1127 accedi
1263 1076 1642 1129 tantummodo
1672 1075 1820 1142 licet,
1856 1075 1908 1129 id
1950 1085 2034 1129 est
2071 1076 2121 1131 in

552 1159 753 1216 Sancta
790 1171 1123 1217 sanctorum.
1194 1163 1373 1219 Semel
1431 1167 1574 1220 enim
1617 1166 1669 1220 in
1701 1181 1841 1222 atnto
1888 1168 2129 1237 pontifex

552 1252 806 1319 pupulum
856 1253 1260 1323 derelinquens,
1308 1256 1623 1325 ingreditur
1655 1259 1721 1312 ad
1756 1258 1903 1313 illum
1954 1260 2129 1315 locum

552 1342 641 1397 ubi
674 1352 755 1399 est
788 1346 1311 1415 repropitiatorimn,
1341 1358 1393 1403 et
1424 1363 1589 1418 super
1626 1351 2128 1420 reprOpitiatorium

553 1434 855 1501 cherubim,
907 1435 996 1491 ubi
1037 1448 1121 1493 est
1146 1448 1347 1493 etarca
1393 1443 1722 1506 testamenti,
1764 1450 1821 1497 et
1853 1443 2025 1498 altare
2050 1444 2130 1497 in-

554 1524 700 1579 censi
729 1525 864 1591 (61).
897 1541 1005 1593 quo
1044 1528 1178 1582 nulli
1214 1528 1442 1583 introire
1483 1529 1564 1584 fas
1594 1540 1698 1595 est,
1736 1531 1841 1586 nisi
1891 1533 2129 1601 pontiﬁci

552 1613 679 1668 soli.
715 1614 773 1667 Si
800 1630 931 1685 ergo
967 1618 1316 1672 considerem
1373 1632 1561 1673 verum
1608 1620 1916 1689 pontificem
1951 1639 2129 1678 meum

556 1705 839 1761 Dominum
872 1706 1055 1763 Jesum
1087 1709 1388 1774 Christum,
1421 1714 1692 1781 quomodo
1721 1714 1773 1767 in
1806 1730 1974 1769 carne
2009 1717 2132 1785 qui-

2232 536 2339 581 tem
2368 526 2598 582 Domini.

2300 618 2355 672 6.
2390 617 2541 683 Quod
2579 626 2759 674 autem
2797 617 3025 672 dicimus
3058 616 3126 672 de
3176 626 3349 682 sorte,
3381 632 3490 672 non
3532 620 3614 673 sic
3662 623 3806 677 acet-

2232 706 2339 775 piat
2364 708 2597 770 auditor,
2623 710 2775 777 quasi
2802 725 2923 765 sors
2949 709 3072 762 talis
3095 706 3273 776 aliqua
3305 708 3542 771 dicatur,
3564 724 3687 778 qua:
3726 712 3809 766 in.

2232 806 2313 852 ter
2340 797 2582 853 homines
2616 814 2778 863 casu,
2814 810 2869 855 et
2923 815 3028 854 non
3069 799 3276 869 judicio
3329 800 3416 868 agi
3459 800 3619 855 solet.
3676 802 3810 857 Sors

2234 889 2444 943 Domini
2495 891 2565 943 ita
2612 892 2929 960 accipiemla
2974 901 3079 953 est.
3125 901 3381 957 tanquam
3438 890 3483 944 si
3530 891 3811 949 diceretur

2232 980 2424 1034 electio
2465 980 2698 1047 Domini,
2740 983 2818 1036 vel
2853 996 2980 1049 pars
3026 981 3273 1043 Domini;
3322 990 3377 1035 et
3423 997 3637 1036 rursum
3688 1000 3810 1038 sors

2233 1069 2348 1137 ejus
2381 1070 2469 1137 qni
2512 1071 2561 1123 in
2606 1084 2846 1125 eremum
2888 1072 3120 1125 mittitur
3157 1073 3472 1141 accipienda
3509 1083 3593 1129 est
3642 1075 3812 1131 veluti

2232 1177 2358 1232 pars
2386 1162 2472 1216 illa
2501 1178 2619 1231 quae
2656 1179 2754 1232 pro
2788 1163 3105 1233 indignitate
3147 1164 3231 1218 sui
3267 1179 3295 1217 a
3339 1163 3568 1219 Domino
3598 1169 3811 1236 sperni-

2234 1262 2321 1306 tur
2356 1262 2409 1306 et
2463 1254 2733 1320 abjicitur.
2794 1254 2962 1324 Magis
3008 1257 3155 1311 enim
3202 1266 3257 1311 et
3299 1272 3483 1312 sermo
3518 1259 3633 1327 ipse
3682 1274 3813 1327 apo-

2233 1344 2486 1413 pompzei,
2513 1345 2708 1413 ahjecti
2756 1355 2810 1400 et
2841 1345 3061 1402 refutati
3103 1348 3521 1416 signiﬁcantiam
3546 1351 3809 1404 continet.

2235 1434 2311 1488 Ex
2363 1450 2469 1503 quo
2522 1452 2809 1504 possumus
2854 1439 3017 1493 etiam
3070 1441 3198 1494 illud
3264 1441 3595 1510 intelligere,
3660 1443 3808 1497 verbi

2233 1527 2428 1596 gratia,
2455 1529 2701 1582 ascendit
2727 1529 2779 1583 in
2810 1544 2908 1585 cor
2933 1539 3086 1585 tuum
3117 1530 3258 1585 mala
3292 1531 3572 1600 cogitatio,
3604 1547 3812 1587 concu—

2235 1619 2497 1687 piscentia
2529 1619 2771 1674 mulieris
2809 1619 3021 1687 alienat,
3061 1630 3153 1675 aut
3195 1622 3389 1676 vicina:
3426 1624 3811 1691 possessionis,

2237 1712 2475 1781 intellige
2505 1713 2690 1767 statim
2718 1712 2860 1769 hanc
2900 1729 3023 1770 esse
3059 1714 3123 1770 de
3154 1723 3300 1770 sorte
3328 1716 3677 1784 spepompaei,
3710 1718 3812 1770 ab-

554 1799 677 1854 dem
710 1800 937 1868 positus,
980 1816 1076 1870 per
1105 1810 1278 1857 totum
1332 1773 1533 1858 annum
1589 1814 1710 1857 erat
1758 1820 1878 1859 cum
1911 1773 2128 1875 pepulo,
2163 1773 2205 1834 Β
2229 1804 2343 1874 jice
2371 1803 2680 1868 confestim,
2724 1813 2779 1859 et
2821 1806 3028 1875 expelle
3060 1806 3126 1861 de
3177 1807 3340 1861 corde
3383 1817 3497 1861 tuo.
3532 1808 3807 1873 Quomodo

554 1905 758 1945 annum
792 1892 963 1957 illum,
999 1892 1065 1946 de
1094 1907 1203 1962 quo
1233 1893 1350 1963 ipse
1396 1894 1527 1950 dicit
1560 1894 1605 1926 ⁸ο
1634 1911 1648 1950 :
1685 1912 1703 1947 ι
1739 1894 2134 1964 Evangelizare

555 1980 885 2049 pauperibus
928 1980 1075 2035 misit
1100 1995 1209 2045 me,
1237 1990 1292 2036 et
1326 1996 1523 2037 vocare
1555 1998 1755 2037 annum
1802 1983 2009 2039 Domini
2045 2002 2134 2043 ac-

554 2079 793 2141 ceptum,
828 2078 883 2125 et
924 2070 1065 2125 diem
1105 2071 1480 2135 remissionis,
1522 2091 1541 2125 ι
1587 2073 1814 2129 adverte
1860 2078 2132 2144 quomodo

554 2158 723 2213 semel
753 2159 803 2213 in
833 2175 976 2214 anno
1008 2160 1135 2224 isto,
1178 2160 1233 2215 in
1279 2161 1366 2216 die
1394 2162 1858 2233 repropitiationis
1888 2167 2052 2225 intrat
2080 2170 2131 2225 in

554 2250 755 2305 Sancta
783 2260 1118 2319 sanctorum,
1147 2252 1251 2306 hoc
1274 2262 1377 2319 est,
1406 2269 1534 2309 cum
1576 2255 1795 2325 impleta
1844 2262 2132 2331 dispensa-

556 2343 705 2394 tione
737 2350 987 2409 penetrat
1014 2342 1203 2407 cmlos,
1236 2352 1291 2397 et
1322 2344 1493 2400 intrat
1533 2347 1601 2401 ad
1632 2348 1874 2417 Patrem,
1912 2361 1970 2404 ιιι
2008 2368 2132 2407 eum

557 2432 847 2499 propitium
900 2432 1134 2489 humano
1186 2436 1372 2503 generi
1426 2437 1610 2503 faciat,
1668 2448 1721 2493 et
1790 2451 1982 2497 exoret
2034 2458 2133 2513 pro

450 2574 461 2587 ,η
556 2523 807 2578 onmibus
836 2525 1179 2581 credentibus
1222 2525 1276 2580 in
1316 2542 1395 2582 se.
1444 2527 1594 2585 Hanc
1629 2533 2129 2601 repropitiationem

556 2618 677 2681 ejus
723 2631 829 2683 qua
896 2617 1207 2674 hominibus
1266 2621 1590 2691 reprOpitiat
1639 2622 1885 2688 Patrem,
1949 2627 2133 2682 sciens

558 2704 795 2765 Joannes
837 2710 1115 2779 apostolus
1159 2711 1294 2767 dicit
1330 2712 1373 2744 "
1412 2731 1428 2769 :
1464 2732 1483 2765 ι
1516 2714 1641 2770 llaec
1692 2717 1834 2782 dico,
1872 2717 2042 2783 ﬁlioli,
2077 2730 2135 2775 ut

557 2816 665 2856 non
696 2817 1000 2871 peccemus.
1036 2804 1192 2870 Quod
1237 2812 1294 2858 et
1332 2803 1379 2859 si
1420 2806 1850 2873 peccaverimns.
1896 2809 2132 2866 advoca-

560 2900 675 2945 tum
734 2894 1004 2950 habemus
1065 2896 1207 2966 apud
1270 2894 1514 2963 Patrem,
1574 2895 1757 2955 Jesum
1813 2898 2134 2969 Christum,

556 2985 802 3046 )ustum,
842 2991 897 3034 et
936 2982 1052 3051 ipse
1091 2994 1176 3042 est
1216 2988 1591 3058 repropitiatio
1630 3009 1730 3063 pro
1767 2998 2005 3064 peccatis
2044 3015 2144 3054 no-

2234 1896 2473 1964 ahjicis?
2506 1896 2564 1952 Si
2588 1897 2789 1953 habeas
2838 1906 3014 1953 tecum
3060 1898 3231 1967 parati
3284 1898 3521 1953 hominis
3565 1914 3805 1964 manum,

2236 1989 2289 2045 id
2314 2000 2418 2053 est,
2451 1990 2495 2045 si
2550 1990 2712 2047 lectio
2740 1989 2920 2045 divina
2948 1991 3019 2044 sit
3068 1990 3119 2044 in
3149 1991 3401 2045 manibus
3436 1991 3565 2055 tuis,
3587 2000 3642 2045 et
3672 2005 3811 2059 pra:~

2237 2091 2393 2151 cepta
2428 2080 2524 2136 Dei
2574 2091 2703 2136 ante
2747 2080 2934 2137 oculos
2966 2081 3292 2148 habeantur,
3339 2092 3468 2138 tunc
3501 2098 3627 2138 vere
3656 2084 3809 2137 inve-

2237 2174 2406 2230 nieris
2432 2184 2651 2244 paratus
2677 2175 2741 2227 ad
2782 2172 3085 2240 abiicienda
3127 2184 3184 2230 et
3220 2174 3529 2244 repellenda
3563 2188 3651 2238 ea,
3693 2190 3813 2243 qum

2237 2276 2365 2321 sunt
2422 2268 2586 2322 sortis
2645 2266 2852 2320 alienae.
2906 2266 3012 2321 Sed
3054 2276 3107 2321 et
3151 2266 3230 2320 ira
3276 2267 3321 2321 si
3347 2265 3598 2321 ascendit
3634 2266 3689 2319 in
3721 2281 3814 2320 cor

2238 2368 2411 2422 tuum,
2435 2359 2480 2412 si
2515 2358 2687 2422 zelus,
2714 2358 2757 2413 si
2793 2359 3018 2423 invidia,
3065 2360 3113 2414 si
3139 2359 3343 2413 malitia
3375 2359 3443 2413 ad
3467 2357 3817 2427 supplantan-

2237 2450 2361 2503 dum
2392 2450 2639 2516 fratrem,
2672 2463 2902 2522 paratus
2931 2463 3047 2509 esto
3073 2462 3130 2508 ut
3155 2452 3384 2521 abjicias
3416 2467 3501 2517 ea,
3530 2461 3586 2505 et
3630 2451 3813 2519 expel-

2238 2538 2339 2600 las,
2382 2549 2436 2593 et
2484 2541 2703 2594 emittas
2754 2542 2807 2595 in
2845 2558 3111 2597 eremum.
3160 2541 3217 2598 Si
3277 2558 3406 2597 vero
3455 2543 3719 2597 ascendat
3759 2542 3811 2598 in

2236 2642 2333 2682 cor
2384 2637 2530 2684 tuum
2617 2632 2859 2703 cogitare
2903 2648 3023 2702 qua:
3058 2634 3151 2690 Dei
3204 2643 3352 2697 sunt,
3388 2634 3455 2687 de
3502 2633 3811 2688 misericor-

2238 2719 2345 2783 dia,
2379 2721 2444 2775 de
2464 2719 2699 2788 iustitia,
2734 2723 2802 2779 de
2836 2724 3059 2792 pietate,
3092 2724 3159 2780 de
3200 2739 3357 2793 pace,
3399 2725 3514 2778 hmo
3559 2726 3626 2779 de
3669 2734 3817 2781 sorte

2237 2822 2363 2866 sunt
2406 2812 2641 2880 Domini,
2685 2816 2797 2870 haec
2833 2814 3135 2871 offeruntur
3183 2816 3251 2869 ad
3306 2816 3496 2882 altare,
3548 2816 3664 2870 hac
3692 2831 3816 2884 pon-

2238 2900 2369 2958 tifex
2419 2904 2683 2974 suscipit,
2732 2915 2789 2961 et
2832 2906 2883 2961 in
2940 2908 3025 2962 his
3088 2906 3407 2961 reconciliat
3476 2906 3571 2962 tibi
3623 2906 3811 2960 Deum.

2236 2991 2528 3063 Pr0pterea
2555 3011 2686 3065 ergo
2725 3006 2780 3051 et
2817 2998 2862 3052 is
2913 2998 3007 3067 qui
3069 2999 3216 3068 ejicit
3263 3013 3386 3052 eum
3432 2998 3483 3052 in
3528 3013 3638 3069 quo
3689 3014 3809 3054 sors

558 3068 709 3170 stris.
748 3092 767 3124 ι
804 3073 911 3132 Sed
941 3088 997 3133 et
1026 3079 1230 3136 Paulus
1269 3082 1520 3139 similiter
1558 3086 1627 3141 de
1673 3088 1774 3144 hac
1821 3092 2204 3170 repmpigia-c
2239 3090 2571 3155 apopompani
2597 3096 2699 3151 est,
2745 3088 2848 3144 hoc
2880 3098 2963 3143 est
2998 3088 3167 3144 malas
3210 3068 3587 3159 cogitationes,
3636 3090 3807 3145 malas

556 3163 706 3220 tione
727 3182 1135 3240 commemorat,
1171 3191 1292 3232 cum
1320 3178 1451 3233 dicit
1476 3180 1543 3235 de
1569 3181 1786 3239 Christo
1811 3186 1854 3218 °'
1880 3205 1890 3239 :
1924 3207 1942 3237 ι
1971 3186 2142 3253 Quem

2239 3175 2587 3247 cupiditates,
2613 3195 2718 3233 non
2748 3190 2831 3234 est
2860 3181 3019 3235 homo
3045 3182 3218 3252 piger,
3264 3197 3365 3236 nec
3390 3191 3681 3249 occupatus
3718 3196 3807 3234 ne-

555 3262 737 3333 posuit
778 3262 920 3319 Deus
967 3267 1380 3337 propitiatorem
1423 3272 1536 3343 (62)
1576 3276 1631 3329 in
1670 3280 1934 3350 sanguine
1972 3282 2142 3352 ipsius

552 3372 651 3425 per
685 3356 868 3415 ﬁdem.
908 3376 927 3409 ι
962 3358 1130 3431 Igitur
1163 3362 1282 3417 dies
1326 3366 1724 3435 prapitiationis
1763 3383 1945 3428 manet
1985 3376 2141 3431 nobis

550 3468 833 3525 usquequo
856 3456 1067 3512 occidat
1088 3460 1188 3520 sol.
1219 3460 1273 3515 id
1300 3472 1381 3517 est
1411 3479 1691 3535 usquequo
1715 3468 1875 3524 ﬁnem
1902 3473 2140 3529 mundus

547 3547 797 3616 accipiat.
838 3548 1057 3605 Stamus
1094 3554 1240 3609 enim
1279 3571 1381 3611 nos
1419 3574 1519 3627 pro
1556 3560 1783 3626 foribus,
1825 3565 2137 3634 aperientes

556 3640 867 3703 pontificem
928 3651 1170 3696 nostrum
1235 3657 1665 3702 commorantem
1728 3649 1870 3705 intra
1930 3652 2132 3709 Sancta

552 3738 890 3796 sanctorum,
923 3732 976 3787 id
1003 3742 1086 3789 est
1135 3737 1276 3804 apud
1307 3735 1549 3804 Patrem,
1574 3750 1628 3795 et
1671 3757 1986 3798 exorantem
2034 3760 2132 3810 pro

552 3825 789 3889 peccatis
812 3839 1022 3893 eorum,
1068 3829 1158 3897 qui
1211 3844 1270 3883 se
1329 3840 1672 3900 exspectant,
1718 3850 1824 3889 non
1876 3852 1975 3905 pro
2013 3853 2129 3891 om-

550 3914 701 3969 nium
728 3917 966 3984 peccatis
998 3929 1338 3972 exorantem.
1384 3919 1497 3974 Non
1542 3923 1688 3976 enim
1728 3923 1892 3995 240
1935 3936 2129 3981 exorat

549 4019 650 4075 pro
680 4008 787 4073 his,
818 4008 912 4076 qui
949 4008 1001 4062 in
1032 4021 1235 4063 sortem
1268 4011 1491 4066 veniunt
1513 4014 1631 4082 ejus
1664 4016 1823 4081 hirci,
1846 4020 1935 4085 qui
1968 4019 2130 4073 emit-

554 4094 687 4151 titur
714 4095 766 4149 in
795 4095 1099 4151 desertum.
1139 4097 1244 4152 Pro
1268 4097 1373 4152 illis
1402 4110 1595 4155 exorat
1618 4112 1847 4169 tantum,
1884 4107 1973 4173 qui
2002 4115 2133 4161 sunt

550 4199 671 4240 sors
698 4185 927 4248 Doniiui,
957 4187 1047 4255 qui
1066 4204 1185 4245 eum
1206 4205 1303 4258 pro
1324 4190 1533 4247 foribus
1558 4198 2004 4265 exspectant,qni
2025 4216 2127 4252 NOII

552 4277 814 4334 recedunt
846 4294 875 4333 a
910 4280 1129 4351 templo,
1182 4280 1406 4351 jejuniis
1447 4292 1501 4338 et
1532 4286 1873 4340 orationibus
1931 4303 2131 4341 Vlll'all-

553 4377 659 4421 tes.
687 4369 769 4422 An
797 4378 850 4424 tu
886 4379 1064 4442 prius,
1096 4371 1189 4442 qui
1214 4372 1301 4426 vix
1331 4373 1523 4428 diebus
1546 4373 1699 4429 festis
1740 4377 1806 4429 ad
1841 4377 2127 4433 ecclesiam

552 4460 725 4524 venis,
762 4475 863 4515 nee
890 4461 1137 4516 intentus
1180 4477 1239 4517 es
1288 4464 1358 4518 ad
1410 4466 1679 4521 audienda
1717 4470 1879 4523 verba
1922 4469 2129 4537 divina,

550 4567 652 4607 nec
683 4552 780 4606 das
812 4567 1031 4621 operam
1059 4554 1128 4607 ad
1168 4554 1441 4624 implenda
1472 4561 1750 4623 mandata,
1778 4565 1922 4630 quod
1951 4564 2127 4631 possit

548 4660 672 4700 sors
724 4643 935 4699 Domini
994 4647 1182 4701 venire
1221 4662 1388 4717 super
1432 4649 1524 4703 te?
1567 4650 1831 4719 Optamus
1864 4662 2042 4708 tamen
2069 4666 2127 4709 ut

550 4738 635 4792 vel
673 4738 757 4793 his
781 4739 983 4794 auditis
1015 4756 1237 4812 operam
1280 4742 1448 4805 detis,
1476 4756 1582 4795 non
1606 4743 1780 4797 solum
1822 4743 1875 4797 in
1895 4745 2126 4800 ecclesia

551 4834 748 4887 audire
776 4834 939 4888 verba
978 4834 1089 4895 Dei,
1126 4835 1219 4887 sed
1244 4843 1298 4888 et
1339 4833 1392 4886 in
1436 4834 1690 4888 dondbus
1724 4837 1924 4890 vestris
1965 4852 2127 4891 exer-

549 4929 658 4981 ceri
716 4934 771 4980 et
810 4927 1058 4981 meditari
1103 4928 1157 4981 in
1191 4927 1307 4997 lege
1360 4927 1570 4980 Domini
1622 4927 1709 4983 die
1756 4944 1823 4983 ac
1864 4940 2042 4995 nocte,
2074 4942 2129 4987 et

549 5017 623 5072 ibi
657 5016 802 5071 enim
833 5017 1082 5072 Christus
1102 5027 1207 5082 est,
1239 5027 1294 5071 et
1319 5017 1519 5087 ubique
1568 5019 1724 5073 adest
1756 5022 2130 5089 quaerentibus

544 5125 631 5167 se.
662 5111 949 5181 Propterea
988 5126 1222 5181 namque
1265 5110 1558 5165 mandatur
1589 5112 1641 5165 in
1678 5111 1821 5181 lege,
1859 5122 1917 5166 ut
1960 5114 2132 5167 medi-

550 5208 733 5254 temur
773 5214 893 5253 cam
918 5213 1044 5254 cum
1073 5199 1219 5254 imus
1258 5200 1311 5253 in
1357 5200 1460 5264 via,
1514 5208 1569 5253 et
1619 5214 1741 5254 cum
1774 5201 2025 5254 sedemus
2075 5202 2127 5255 iu

546 5291 731 5355 (ionio,
761 5300 815 5345 et
846 5291 1094 5361 iacemus
1136 5292 1189 5345 in
1217 5291 1407 5356 cubili,
1464 5300 1520 5345 et
1568 5307 1690 5345 cum
1745 5293 2125 5362 exsurgimus;

545 5389 603 5434 et
642 5382 743 5434 hoc
773 5389 877 5444 est,
912 5394 1038 5434 vere
1065 5396 1163 5450 pro
1210 5379 1415 5434 foribus
1459 5390 1779 5449 exSpectare
1815 5384 2123 5451 pontificem

616 5470 666 5504 ⁸⁸
688 5469 996 5542 PsaLLxxx,
1028 5470 1084 5525 4.

545 5554 662 5607 xvi,
710 5541 799 5594 12.

616 5628 732 5698 (61)
783 5626 968 5683 Altare
1020 5612 1253 5698 incensi,
1287 5628 1423 5683 solet
1489 5628 1760 5686 collocare
1814 5631 1868 5685 in
1914 5629 2119 5689 Sancto

545 5708 879 5753 sanctorum.
907 5699 1068 5753 Atnni
1104 5697 1299 5752 eratin
1337 5709 1549 5753 sancto.

620 5769 734 5835 (62)
768 5766 950 5821 Codex
987 5766 1295 5837 Sangertn.,
1322 5786 1338 5817 ι
1378 5770 1837 5838 propitiatntium.
1880 5789 1901 5824 ι

762 5920 771 5923 “
790 5908 855 5919 -..μ

1180 5472 1226 5504 ⁵⁸
1260 5471 1368 5526 lsa.
1392 5472 1621 5537 ut,let
1645 5472 1703 5526 Ξ.
1778 5474 1821 5505 ⁶¹
1853 5472 2043 5530 Hosti.
2077 5474 2211 5541 It,l,
2250 5475 2305 5535 2.
2382 5478 2427 5510 ⁶²
2456 5478 2713 5548 Roman,
2742 5480 2835 5536 25.

2231 3268 2392 3336 gotiis
2458 3270 2830 3335 saecularibus,
2874 3273 2967 3326 sed
3011 3284 3234 3343 paratus
3272 3285 3375 3341 est,
3419 3286 3475 3329 et
3512 3282 3809 3344 promptus,

2231 3374 2295 3413 ac
2318 3359 2582 3428 vigilans;
2622 3362 2712 3431 qui
2744 3364 2961 3418 etiamsi
2982 3366 3301 3440 sordescere
3335 3368 3582 3420 videatur
3614 3380 3713 3435 pro
3736 3381 3801 3421 eo

2231 3451 2374 3518 quod
2414 3452 2707 3521 contigerit
2762 3455 3124 3521 immundum,
3181 3456 3383 3511 lavabit
3411 3458 3600 3512 statim
3632 3458 3805 3512 vesti-

2232 3556 2413 3600 menta
2446 3560 2568 3609 sua,
2598 3554 2653 3599 et
2675 3546 2780 3599 erit
2813 3547 3060 3602 mundus.
3090 3547 3244 3614 Quod
3282 3547 3586 3618 intelligere
3618 3562 3814 3617 possu-

2237 3652 2360 3692 mus
2382 3648 2657 3706 quantunr
2692 3638 2758 3692 ad
2793 3653 3234 3708 unumquemque
3277 3650 3519 3694 nostrum
3558 3639 3815 3708 pertinet,

2231 3730 2530 3783 secundum
2561 3728 2821 3783 moralem
2853 3730 3055 3796 locum,
3088 3745 3209 3785 esse
3237 3724 3510 3784 hominem
3537 3742 3814 3800 paratum,

2234 3822 2497 3875 rationem
2529 3819 2698 3887 ipsam
2727 3835 2847 3888 qua:
2887 3818 3029 3875 intra
3066 3835 3164 3875 nos
3199 3830 3303 3885 est,
3340 3837 3436 3891 per
3483 3837 3646 3890 quam
3694 3824 3816 3878 dis-

2231 3912 2404 3965 cretio
2435 3910 2590 3965 nobis
2620 3911 2747 3965 boni
2772 3911 3012 3981 malique
3040 3924 3143 3977 est,
3177 3927 3295 3983 qua:
3325 3913 3491 3968 etiam
3518 3914 3562 3968 si
3596 3917 3815 3969 videtur

2231 4002 2546 4057 sordescere
2585 4002 2714 4056 dum
2752 4003 3049 4067 discernit,
3091 4012 3145 4058 et
3188 4014 3487 4073 pertractat
3530 4007 3644 4075 ipsa
3689 4022 3812 4077 quae

2237 4092 2376 4146 mala
2403 4101 2557 4157 sunt;
2591 4102 2769 4149 tamen
2798 4096 2842 4149 si
2868 4112 2931 4149 ea
2967 4095 3211 4164 abjieiat,
3237 4106 3291 4151 et
3311 4098 3548 4168 expellat
3573 4114 3602 4153 a
3629 4101 3814 4165 corde,

2236 4199 2302 4237 ac
2354 4183 2543 4253 procul
2578 4183 2800 4252 eﬁ'nget,
2852 4194 2978 4239 tunc
3036 4186 3356 4245 melioribus
3390 4188 3813 4257 cogitationibus

2234 4276 2383 4330 velut
2426 4274 2709 4344 puriﬁcata
2747 4290 2812 4332 ac
2849 4276 3041 4342 diluta,
3084 4278 3284 4332 munda
3332 4278 3607 4334 videbitur
3644 4280 3815 4333 ratio-

2235 4369 2431 4423 nabilis
2461 4384 2637 4427 mens.
2672 4369 2781 4425 Nec
2807 4385 2944 4425 sane
2976 4370 3210 4434 mireris,
3245 4372 3575 4441 quodetiam
3602 4373 3669 4425 ad
3694 4386 3821 4442 pcr-

2163 4465 2207 4521 D
2238 4480 2427 4517 sonam
2452 4465 2755 4519 Salvatoris
2785 4466 3049 4520 traximus
3083 4465 3227 4519 hunc
3268 4468 3356 4535 qui
3408 4468 3557 4535 ejicit
3581 4467 3814 4531 hircum,

2234 4567 2289 4610 et
2320 4557 2544 4626 expellit
2569 4559 2623 4611 in
2651 4573 2920 4621 eremum,
2966 4558 3093 4626 quia
3149 4557 3351 4613 dicitur
3407 4557 3589 4612 lavare
3651 4557 3816 4612 vesti-

2234 4659 2413 4703 menta
2439 4664 2557 4713 sua,
2583 4659 2638 4704 et
2668 4649 2786 4704 fieri
2834 4650 3085 4713 mundus,
3118 4660 3342 4720 propter
3379 4649 3507 4705 illud
3550 4650 3696 4719 quod
3740 4649 3816 4703 le-

2214 4742 2410 4811 gimus
2457 4743 2511 4796 in
2556 4742 2817 4811 propheta
2862 4741 2969 4795 dici
3026 4741 3093 4796 de
3154 4742 3407 4805 Domino,
3454 4742 3597 4795 sicut
3646 4757 3809 4810 supra

2229 4832 2464 4887 diximus
2492 4853 2504 4888 :
2536 4851 2553 4883 ι
2595 4834 2659 4887 Ει
2705 4834 2813 4887 vidi
2856 4831 3038 4888 Jcsum
3066 4835 3403 4889 sacerdotem
3438 4848 3693 4900 magmnn
3732 4835 3814 4885 in-

2232 4925 2420 4980 dutnm
2448 4926 2775 4980 vestimenta
2810 4928 3028 4982 sordida
3061 4927 3129 4981 ⁸³.
3170 4944 3188 4978 ι
3227 4926 3380 4992 Quod
3411 4926 3456 4979 si
3498 4926 3688 4994 utique
3718 4940 3815 4992 pm

2232 5019 2608 5085 assumptione
2669 5018 2853 5073 carnis
2909 5020 3019 5075 dici
3085 5021 3176 5089 pie
3225 5018 3587 5088 intelligitur,
3642 5018 3811 5071 etiam

2228 5107 2317 5163 hic
2358 5109 2411 5163 in
2442 5109 2686 5164 lavandis
2720 5111 3061 5166 vestimentis
3107 5120 3289 5181 p0test
3344 5125 3412 5165 ea
3452 5109 3628 5179 ﬁgura
3688 5124 3811 5163 ser-

2229 5202 2341 5254 vari
2371 5202 2507 5269 (63).

2296 5292 2352 5346 7.
2391 5294 2679 5351 Videamus
2729 5307 2853 5368 post
2894 5298 3010 5352 haec
3060 5311 3179 5366 quae
3228 5308 3355 5350 sunt
3396 5311 3517 5366 quae
3567 5294 3816 5365 pontifex

2230 5382 2395 5439 faciat
2431 5404 2444 5438 :
2491 5405 2510 5439 ι
2547 5388 2610 5441 Et
2634 5399 2831 5453 smnet,
2856 5388 3036 5458 inquit
3061 5389 3128 5455 “,
3162 5388 3384 5460 plenum
3409 5386 3657 5441 batillum
3687 5400 3815 5439 car-

2910 5481 2956 5514 ”
2978 5479 3146 5537 Zacb.
3187 5495 3268 5545 ιιι.
3299 5482 3320 5538 l
3351 5490 3406 5537 et
3431 5479 3488 5535 5.
3561 5477 3608 5511 “
3630 5476 3814 5534 Levit.

2298 5635 2413 5707 (6⁸5)
2446 5637 2579 5709 Cod.
2609 5635 2920 5709 Sangerm.,
2972 5656 2997 5692 ,ι
3052 5647 3225 5708 potest
3265 5640 3488 5693 adeum
3542 5637 3746 5708 figura.
3796 5659 3813 5691 ι

2228 5707 2410 5764 Codex
2439 5708 2689 5776 Cadom.,
2719 5707 2743 5761 ι
2773 5718 2949 5779 potest
2982 5707 3169 5765 eadem
3202 5709 3393 5780 ﬁgura.
3426 5727 3447 5761 ι
