  <div class='ocr_page' id='page_1' title='image "/cluster/home/n/w/nwhite01/storage/ocr_20150623/12/hvd.32044052796216/264.png"; bbox 0 0 4106 6246; ppageno 0'>
   <div class='ocr_carea' id='block_1_1' title="bbox 406 327 509 385">
    <p class='ocr_par' dir='ltr' id='par_1_1' title="bbox 406 327 509 385">
     <span class='ocr_line' id='line_1_1' title="bbox 406 327 509 385; baseline 0.019 -2"><span class='ocrx_word' id='word_1_1' title='bbox 406 327 509 385; x_wconf 64' lang='lat' dir='ltr'><strong>fil?</strong></span> 
     </span>
    </p>
   </div>
   <div class='ocr_carea' id='block_1_2' title="bbox 1558 314 2488 380">
    <p class='ocr_par' dir='ltr' id='par_1_2' title="bbox 1558 314 2488 380">
     <span class='ocr_line' id='line_1_2' title="bbox 1558 314 2488 380; baseline 0.005 -5"><span class='ocrx_word' id='word_1_2' title='bbox 1558 318 1624 375; x_wconf 88' lang='lat' dir='ltr'><strong>lN</strong></span> <span class='ocrx_word' id='word_1_3' title='bbox 1664 314 2036 376; x_wconf 76' lang='lat' dir='ltr'><strong>LEVlTlCUM</strong></span> <span class='ocrx_word' id='word_1_4' title='bbox 2074 320 2357 377; x_wconf 74' lang='lat' dir='ltr'><strong>liOMiLlA</strong></span> <span class='ocrx_word' id='word_1_5' title='bbox 2395 323 2488 380; x_wconf 80' lang='lat' dir='ltr'><strong>lX.</strong></span> 
     </span>
    </p>
   </div>
   <div class='ocr_carea' id='block_1_3' title="bbox 3570 335 3668 390">
    <p class='ocr_par' dir='ltr' id='par_1_3' title="bbox 3570 335 3668 390">
     <span class='ocr_line' id='line_1_3' title="bbox 3570 335 3668 390; baseline 0.01 -1"><span class='ocrx_word' id='word_1_6' title='bbox 3570 335 3668 390; x_wconf 81' lang='lat' dir='ltr'><strong>5l8</strong></span> 
     </span>
    </p>
   </div>
   <div class='ocr_carea' id='block_1_4' title="bbox 419 438 3673 517">
    <p class='ocr_par' dir='ltr' id='par_1_4' title="bbox 419 438 3673 517">
     <span class='ocr_line' id='line_1_4' title="bbox 419 438 3673 517; baseline 0.001 -13"><span class='ocrx_word' id='word_1_7' title='bbox 419 448 653 510; x_wconf 74' lang='lat' dir='ltr'><strong>hortibus</strong></span> <span class='ocrx_word' id='word_1_8' title='bbox 703 444 843 515; x_wconf 85' lang='lat' dir='ltr'><strong>ign&#39;s</strong></span> <span class='ocrx_word' id='word_1_9' title='bbox 892 443 959 497; x_wconf 90' lang='lat' dir='ltr'><strong>de</strong></span> <span class='ocrx_word' id='word_1_10' title='bbox 1013 438 1193 504; x_wconf 92' lang='lat' dir='ltr'><strong>altari,</strong></span> <span class='ocrx_word' id='word_1_11' title='bbox 1244 438 1389 507; x_wconf 86' lang='lat' dir='ltr'><strong>quod</strong></span> <span class='ocrx_word' id='word_1_12' title='bbox 1446 446 1531 493; x_wconf 92' lang='lat' dir='ltr'><strong>est</strong></span> <span class='ocrx_word' id='word_1_13' title='bbox 1579 449 1769 494; x_wconf 87' lang='lat' dir='ltr'><strong>contra</strong></span> <span class='ocrx_word' id='word_1_14' title='bbox 1818 439 1999 496; x_wconf 84' lang='lat' dir='ltr'><strong>Domi-</strong></span> <span class='ocrx_word' id='word_1_15' title='bbox 2026 445 2067 502; x_wconf 86' lang='grc' dir='ltr'><strong>Α</strong></span> <span class='ocrx_word' id='word_1_16' title='bbox 2105 448 2360 503; x_wconf 93' lang='lat' dir='ltr'><strong>tentaret,</strong></span> <span class='ocrx_word' id='word_1_17' title='bbox 2396 454 2573 494; x_wconf 84' lang='lat' dir='ltr'><strong>nonne</strong></span> <span class='ocrx_word' id='word_1_18' title='bbox 2613 440 2843 506; x_wconf 76' lang='lat' dir='ltr'><strong>diceres,</strong></span> <span class='ocrx_word' id='word_1_19' title='bbox 2888 440 3109 498; x_wconf 84' lang='lat' dir='ltr'><strong>Percant</strong></span> <span class='ocrx_word' id='word_1_20' title='bbox 3154 446 3334 501; x_wconf 88' lang='lat' dir='ltr'><strong>omnia</strong></span> <span class='ocrx_word' id='word_1_21' title='bbox 3375 463 3471 517; x_wconf 90' lang='lat' dir='ltr'><strong>pro</strong></span> <span class='ocrx_word' id='word_1_22' title='bbox 3496 455 3673 510; x_wconf 80' lang='lat' dir='ltr'><strong>salute</strong></span> 
     </span>
    </p>
   </div>
   <div class='ocr_carea' id='block_1_5' title="bbox 415 528 1993 603">
    <p class='ocr_par' dir='ltr' id='par_1_5' title="bbox 415 528 1993 603">
     <span class='ocr_line' id='line_1_5' title="bbox 415 528 1993 603; baseline -0.008 -7"><span class='ocrx_word' id='word_1_23' title='bbox 415 556 566 596; x_wconf 87' lang='lat' dir='ltr'><strong>num.</strong></span> <span class='ocrx_word' id='word_1_24' title='bbox 598 557 619 591; x_wconf 70' lang='grc' dir='ltr'><strong>ι</strong></span> <span class='ocrx_word' id='word_1_25' title='bbox 649 537 901 603; x_wconf 79' lang='lat' dir='ltr'><strong>Legimus</strong></span> <span class='ocrx_word' id='word_1_26' title='bbox 920 542 976 587; x_wconf 91' lang='lat' dir='ltr'><strong>et</strong></span> <span class='ocrx_word' id='word_1_27' title='bbox 1003 532 1057 585; x_wconf 92' lang='lat' dir='ltr'><strong>in</strong></span> <span class='ocrx_word' id='word_1_28' title='bbox 1090 530 1247 594; x_wconf 90' lang='lat' dir='ltr'><strong>lsaia,</strong></span> <span class='ocrx_word' id='word_1_29' title='bbox 1275 530 1401 598; x_wconf 89' lang='lat' dir='ltr'><strong>quia</strong></span> <span class='ocrx_word' id='word_1_30' title='bbox 1433 528 1557 599; x_wconf 83' lang='lat' dir='ltr'><strong>igne</strong></span> <span class='ocrx_word' id='word_1_31' title='bbox 1594 542 1857 601; x_wconf 88' lang='lat' dir='ltr'><strong>purgatur</strong></span> <span class='ocrx_word' id='word_1_32' title='bbox 1876 546 1993 600; x_wconf 85' lang='lat' dir='ltr'><strong>pro-</strong></span> 
     </span>
    </p>
   </div>
   <div class='ocr_carea' id='block_1_6' title="bbox 414 622 1991 703">
    <p class='ocr_par' dir='ltr' id='par_1_6' title="bbox 414 622 1991 703">
     <span class='ocr_line' id='line_1_6' title="bbox 414 622 1991 703; baseline -0.006 -17"><span class='ocrx_word' id='word_1_33' title='bbox 414 634 575 703; x_wconf 85' lang='lat' dir='ltr'><strong>pheta</strong></span> <span class='ocrx_word' id='word_1_34' title='bbox 606 644 704 699; x_wconf 86' lang='lat' dir='ltr'><strong>per</strong></span> <span class='ocrx_word' id='word_1_35' title='bbox 734 641 899 682; x_wconf 89' lang='lat' dir='ltr'><strong>unum</strong></span> <span class='ocrx_word' id='word_1_36' title='bbox 923 640 990 679; x_wconf 75' lang='lat' dir='ltr'><strong>ex</strong></span> <span class='ocrx_word' id='word_1_37' title='bbox 1012 622 1310 692; x_wconf 89' lang='lat' dir='ltr'><strong>seraphim,</strong></span> <span class='ocrx_word' id='word_1_38' title='bbox 1336 622 1481 691; x_wconf 90' lang='lat' dir='ltr'><strong>quod</strong></span> <span class='ocrx_word' id='word_1_39' title='bbox 1512 624 1736 677; x_wconf 90' lang='lat' dir='ltr'><strong>missum</strong></span> <span class='ocrx_word' id='word_1_40' title='bbox 1772 636 1853 679; x_wconf 91' lang='lat' dir='ltr'><strong>est</strong></span> <span class='ocrx_word' id='word_1_41' title='bbox 1881 622 1991 689; x_wconf 52' lang='lat' dir='ltr'><strong>itii)</strong></span> 
     </span>
    </p>
   </div>
   <div class='ocr_carea' id='block_1_7' title="bbox 418 712 1994 785">
    <p class='ocr_par' dir='ltr' id='par_1_7' title="bbox 418 712 1994 785">
     <span class='ocr_line' id='line_1_7' title="bbox 418 712 1994 785; baseline -0.004 -9"><span class='ocrx_word' id='word_1_42' title='bbox 418 725 485 777; x_wconf 85' lang='lat' dir='ltr'><strong>ad</strong></span> <span class='ocrx_word' id='word_1_43' title='bbox 523 736 671 785; x_wconf 84' lang='lat' dir='ltr'><strong>eum,</strong></span> <span class='ocrx_word' id='word_1_44' title='bbox 719 734 843 773; x_wconf 91' lang='lat' dir='ltr'><strong>eum</strong></span> <span class='ocrx_word' id='word_1_45' title='bbox 884 715 1093 785; x_wconf 88' lang='lat' dir='ltr'><strong>accepit</strong></span> <span class='ocrx_word' id='word_1_46' title='bbox 1129 712 1334 781; x_wconf 82' lang='lat' dir='ltr'><strong>forcipe</strong></span> <span class='ocrx_word' id='word_1_47' title='bbox 1373 716 1666 769; x_wconf 89' lang='lat' dir='ltr'><strong>carbonem</strong></span> <span class='ocrx_word' id='word_1_48' title='bbox 1707 730 1872 768; x_wconf 87' lang='lat' dir='ltr'><strong>unum</strong></span> <span class='ocrx_word' id='word_1_49' title='bbox 1926 731 1994 769; x_wconf 82' lang='lat' dir='ltr'><strong>ex</strong></span> 
     </span>
    </p>
   </div>
   <div class='ocr_carea' id='block_1_8' title="bbox 374 805 1994 880">
    <p class='ocr_par' dir='ltr' id='par_1_8' title="bbox 374 805 1994 880">
     <span class='ocr_line' id='line_1_8' title="bbox 374 805 1994 880; baseline -0.006 -12"><span class='ocrx_word' id='word_1_50' title='bbox 374 807 379 811; x_wconf 73' lang='grc'><strong>’</strong></span> <span class='ocrx_word' id='word_1_51' title='bbox 418 814 506 868; x_wconf 88' lang='lat' dir='ltr'><strong>his</strong></span> <span class='ocrx_word' id='word_1_52' title='bbox 532 812 622 880; x_wconf 86' lang='lat' dir='ltr'><strong>qui</strong></span> <span class='ocrx_word' id='word_1_53' title='bbox 659 819 818 864; x_wconf 89' lang='lat' dir='ltr'><strong>erant</strong></span> <span class='ocrx_word' id='word_1_54' title='bbox 855 821 1018 877; x_wconf 90' lang='lat' dir='ltr'><strong>super</strong></span> <span class='ocrx_word' id='word_1_55' title='bbox 1066 805 1258 868; x_wconf 82' lang='lat' dir='ltr'><strong>altare,</strong></span> <span class='ocrx_word' id='word_1_56' title='bbox 1313 811 1367 857; x_wconf 87' lang='lat' dir='ltr'><strong>et</strong></span> <span class='ocrx_word' id='word_1_57' title='bbox 1414 805 1639 874; x_wconf 90' lang='lat' dir='ltr'><strong>contigit</strong></span> <span class='ocrx_word' id='word_1_58' title='bbox 1683 805 1820 859; x_wconf 82' lang='lat' dir='ltr'><strong>labia</strong></span> <span class='ocrx_word' id='word_1_59' title='bbox 1870 820 1994 875; x_wconf 89' lang='lat' dir='ltr'><strong>pro-</strong></span> 
     </span>
    </p>
   </div>
   <div class='ocr_carea' id='block_1_9' title="bbox 420 893 1987 969">
    <p class='ocr_par' dir='ltr' id='par_1_9' title="bbox 420 893 1987 969">
     <span class='ocr_line' id='line_1_9' title="bbox 420 893 1987 969; baseline -0.003 -15"><span class='ocrx_word' id='word_1_60' title='bbox 420 903 611 969; x_wconf 59' lang='lat' dir='ltr'><strong>pheta,</strong></span> <span class='ocrx_word' id='word_1_61' title='bbox 646 908 701 951; x_wconf 89' lang='lat' dir='ltr'><strong>et</strong></span> <span class='ocrx_word' id='word_1_62' title='bbox 728 896 864 952; x_wconf 79' lang='lat' dir='ltr'><strong>dixit</strong></span> <span class='ocrx_word' id='word_1_63' title='bbox 888 897 933 929; x_wconf 74' lang='grc' dir='ltr'><strong>θ’</strong></span> <span class='ocrx_word' id='word_1_64' title='bbox 960 914 973 949; x_wconf 89' lang='lat'><strong>:</strong></span> <span class='ocrx_word' id='word_1_65' title='bbox 1010 913 1030 945; x_wconf 72' lang='grc' dir='ltr'><strong>ι</strong></span> <span class='ocrx_word' id='word_1_66' title='bbox 1069 895 1207 949; x_wconf 86' lang='lat' dir='ltr'><strong>Ecce</strong></span> <span class='ocrx_word' id='word_1_67' title='bbox 1232 893 1430 948; x_wconf 89' lang='lat' dir='ltr'><strong>abstuli</strong></span> <span class='ocrx_word' id='word_1_68' title='bbox 1461 893 1768 962; x_wconf 83' lang='lat' dir='ltr'><strong>iniquitates</strong></span> <span class='ocrx_word' id='word_1_69' title='bbox 1799 905 1938 951; x_wconf 83' lang='lat' dir='ltr'><strong>tuas.</strong></span> <span class='ocrx_word' id='word_1_70' title='bbox 1968 916 1987 949; x_wconf 73' lang='grc' dir='ltr'><strong>ι</strong></span> 
     </span>
    </p>
   </div>
   <div class='ocr_carea' id='block_1_10' title="bbox 423 986 1991 1058">
    <p class='ocr_par' dir='ltr' id='par_1_10' title="bbox 423 986 1991 1058">
     <span class='ocr_line' id='line_1_10' title="bbox 423 986 1991 1058; baseline 0 -15"><span class='ocrx_word' id='word_1_71' title='bbox 423 989 550 1046; x_wconf 77' lang='lat' dir='ltr'><strong>Mihi</strong></span> <span class='ocrx_word' id='word_1_72' title='bbox 585 991 838 1045; x_wconf 86' lang='lat' dir='ltr'><strong>videntur</strong></span> <span class='ocrx_word' id='word_1_73' title='bbox 869 986 1097 1058; x_wconf 88' lang='lat' dir='ltr'><strong>mystica</strong></span> <span class='ocrx_word' id='word_1_74' title='bbox 1137 988 1252 1042; x_wconf 75' lang='lat' dir='ltr'><strong>inec</strong></span> <span class='ocrx_word' id='word_1_75' title='bbox 1278 1001 1420 1052; x_wconf 90' lang='lat' dir='ltr'><strong>esse,</strong></span> <span class='ocrx_word' id='word_1_76' title='bbox 1474 996 1527 1042; x_wconf 89' lang='lat' dir='ltr'><strong>et</strong></span> <span class='ocrx_word' id='word_1_77' title='bbox 1579 989 1680 1042; x_wconf 78' lang='lat' dir='ltr'><strong>hec</strong></span> <span class='ocrx_word' id='word_1_78' title='bbox 1729 988 1991 1052; x_wconf 91' lang='lat' dir='ltr'><strong>indicare,</strong></span> 
     </span>
    </p>
   </div>
   <div class='ocr_carea' id='block_1_11' title="bbox 417 1078 1991 1152">
    <p class='ocr_par' dir='ltr' id='par_1_11' title="bbox 417 1078 1991 1152">
     <span class='ocr_line' id='line_1_11' title="bbox 417 1078 1991 1152; baseline -0.003 -15"><span class='ocrx_word' id='word_1_79' title='bbox 417 1082 561 1152; x_wconf 88' lang='lat' dir='ltr'><strong>quod</strong></span> <span class='ocrx_word' id='word_1_80' title='bbox 617 1081 915 1149; x_wconf 82' lang='lat' dir='ltr'><strong>unicuique</strong></span> <span class='ocrx_word' id='word_1_81' title='bbox 966 1078 1260 1132; x_wconf 79' lang='lat' dir='ltr'><strong>Secundum</strong></span> <span class='ocrx_word' id='word_1_82' title='bbox 1331 1078 1385 1130; x_wconf 92' lang='lat' dir='ltr'><strong>id</strong></span> <span class='ocrx_word' id='word_1_83' title='bbox 1454 1080 1596 1147; x_wconf 89' lang='lat' dir='ltr'><strong>quod</strong></span> <span class='ocrx_word' id='word_1_84' title='bbox 1660 1088 1883 1147; x_wconf 84' lang='lat' dir='ltr'><strong>peccat,</strong></span> <span class='ocrx_word' id='word_1_85' title='bbox 1945 1080 1991 1133; x_wconf 90' lang='lat' dir='ltr'><strong>si</strong></span> 
     </span>
    </p>
   </div>
   <div class='ocr_carea' id='block_1_12' title="bbox 419 1160 1994 1242">
    <p class='ocr_par' dir='ltr' id='par_1_12' title="bbox 419 1160 1994 1242">
     <span class='ocr_line' id='line_1_12' title="bbox 419 1160 1994 1242; baseline -0.002 -14"><span class='ocrx_word' id='word_1_86' title='bbox 419 1175 645 1242; x_wconf 88' lang='lat' dir='ltr'><strong>dignum</strong></span> <span class='ocrx_word' id='word_1_87' title='bbox 679 1172 841 1226; x_wconf 89' lang='lat' dir='ltr'><strong>fuerit</strong></span> <span class='ocrx_word' id='word_1_88' title='bbox 879 1171 1156 1238; x_wconf 83' lang='lat' dir='ltr'><strong>purilicari</strong></span> <span class='ocrx_word' id='word_1_89' title='bbox 1186 1184 1333 1235; x_wconf 90' lang='lat' dir='ltr'><strong>eum,</strong></span> <span class='ocrx_word' id='word_1_90' title='bbox 1381 1160 1693 1224; x_wconf 74' lang='lat' dir='ltr'><strong>inferantur</strong></span> <span class='ocrx_word' id='word_1_91' title='bbox 1728 1171 1994 1225; x_wconf 81' lang='lat' dir='ltr'><strong>carbones</strong></span> 
     </span>
    </p>
   </div>
   <div class='ocr_carea' id='block_1_13' title="bbox 421 1260 1989 1331">
    <p class='ocr_par' dir='ltr' id='par_1_13' title="bbox 421 1260 1989 1331">
     <span class='ocr_line' id='line_1_13' title="bbox 421 1260 1989 1331; baseline -0.003 -11"><span class='ocrx_word' id='word_1_92' title='bbox 421 1264 679 1320; x_wconf 83' lang='lat' dir='ltr'><strong>membris</strong></span> <span class='ocrx_word' id='word_1_93' title='bbox 704 1260 841 1331; x_wconf 85' lang='lat' dir='ltr'><strong>ejus.</strong></span> <span class='ocrx_word' id='word_1_94' title='bbox 865 1260 1000 1315; x_wconf 83' lang='lat' dir='ltr'><strong>Nam</strong></span> <span class='ocrx_word' id='word_1_95' title='bbox 1032 1261 1286 1329; x_wconf 90' lang='lat' dir='ltr'><strong>quoniam</strong></span> <span class='ocrx_word' id='word_1_96' title='bbox 1311 1261 1443 1315; x_wconf 89' lang='lat' dir='ltr'><strong>dicit</strong></span> <span class='ocrx_word' id='word_1_97' title='bbox 1484 1262 1743 1330; x_wconf 82' lang='lat' dir='ltr'><strong>propheta</strong></span> <span class='ocrx_word' id='word_1_98' title='bbox 1778 1262 1864 1316; x_wconf 91' lang='lat' dir='ltr'><strong>hic</strong></span> <span class='ocrx_word' id='word_1_99' title='bbox 1892 1261 1939 1293; x_wconf 81' lang='lat'>“</span> <span class='ocrx_word' id='word_1_100' title='bbox 1975 1279 1989 1315; x_wconf 92' lang='lat'><strong>:</strong></span> 
     </span>
    </p>
   </div>
   <div class='ocr_carea' id='block_1_14' title="bbox 423 1353 1990 1424">
    <p class='ocr_par' dir='ltr' id='par_1_14' title="bbox 423 1353 1990 1424">
     <span class='ocr_line' id='line_1_14' title="bbox 423 1353 1990 1424; baseline -0.001 -15"><span class='ocrx_word' id='word_1_101' title='bbox 423 1375 445 1409; x_wconf 74' lang='grc' dir='ltr'><strong>ι</strong></span> <span class='ocrx_word' id='word_1_102' title='bbox 485 1358 758 1411; x_wconf 87' lang='lat' dir='ltr'><strong>immunda</strong></span> <span class='ocrx_word' id='word_1_103' title='bbox 799 1354 939 1409; x_wconf 84' lang='lat' dir='ltr'><strong>labia</strong></span> <span class='ocrx_word' id='word_1_104' title='bbox 970 1354 1171 1418; x_wconf 85' lang='lat' dir='ltr'><strong>habeo,</strong></span> <span class='ocrx_word' id='word_1_105' title='bbox 1208 1355 1260 1406; x_wconf 92' lang='lat' dir='ltr'><strong>in</strong></span> <span class='ocrx_word' id='word_1_106' title='bbox 1305 1353 1483 1407; x_wconf 88' lang='lat' dir='ltr'><strong>medio</strong></span> <span class='ocrx_word' id='word_1_107' title='bbox 1530 1368 1747 1421; x_wconf 87' lang='lat' dir='ltr'><strong>quoque</strong></span> <span class='ocrx_word' id='word_1_108' title='bbox 1807 1353 1990 1424; x_wconf 92' lang='lat' dir='ltr'><strong>populi</strong></span> 
     </span>
    </p>
   </div>
   <div class='ocr_carea' id='block_1_15' title="bbox 418 1443 1993 1508">
    <p class='ocr_par' dir='ltr' id='par_1_15' title="bbox 418 1443 1993 1508">
     <span class='ocr_line' id='line_1_15' title="bbox 418 1443 1993 1508; baseline -0.002 -6"><span class='ocrx_word' id='word_1_109' title='bbox 418 1448 694 1503; x_wconf 88' lang='lat' dir='ltr'><strong>immunda</strong></span> <span class='ocrx_word' id='word_1_110' title='bbox 742 1445 881 1499; x_wconf 86' lang='lat' dir='ltr'><strong>labia</strong></span> <span class='ocrx_word' id='word_1_111' title='bbox 948 1444 1203 1498; x_wconf 85' lang='lat' dir='ltr'><strong>habentis</strong></span> <span class='ocrx_word' id='word_1_112' title='bbox 1249 1443 1455 1508; x_wconf 89' lang='lat' dir='ltr'><strong>habito,</strong></span> <span class='ocrx_word' id='word_1_113' title='bbox 1499 1460 1518 1494; x_wconf 75' lang='grc' dir='ltr'><strong>ι</strong></span> <span class='ocrx_word' id='word_1_114' title='bbox 1565 1443 1768 1498; x_wconf 90' lang='lat' dir='ltr'><strong>idcirco</strong></span> <span class='ocrx_word' id='word_1_115' title='bbox 1827 1446 1993 1500; x_wconf 77' lang='lat' dir='ltr'><strong>carbo</strong></span> 
     </span>
    </p>
   </div>
   <div class='ocr_carea' id='block_1_16' title="bbox 420 1534 1988 1608">
    <p class='ocr_par' dir='ltr' id='par_1_16' title="bbox 420 1534 1988 1608">
     <span class='ocr_line' id='line_1_16' title="bbox 420 1534 1988 1608; baseline -0.003 -13"><span class='ocrx_word' id='word_1_116' title='bbox 420 1539 629 1608; x_wconf 79' lang='lat' dir='ltr'><strong>forcipe</strong></span> <span class='ocrx_word' id='word_1_117' title='bbox 690 1544 1002 1605; x_wconf 87' lang='lat' dir='ltr'><strong>assumptus</strong></span> <span class='ocrx_word' id='word_1_118' title='bbox 1054 1549 1085 1588; x_wconf 90' lang='lat' dir='ltr'><strong>a</strong></span> <span class='ocrx_word' id='word_1_119' title='bbox 1127 1535 1421 1602; x_wconf 89' lang='lat' dir='ltr'><strong>seraphim,</strong></span> <span class='ocrx_word' id='word_1_120' title='bbox 1475 1534 1611 1588; x_wconf 81' lang='lat' dir='ltr'><strong>labia</strong></span> <span class='ocrx_word' id='word_1_121' title='bbox 1665 1536 1782 1601; x_wconf 83' lang='lat' dir='ltr'><strong>ejus</strong></span> <span class='ocrx_word' id='word_1_122' title='bbox 1831 1551 1988 1590; x_wconf 85' lang='lat' dir='ltr'><strong>mun-</strong></span> 
     </span>
    </p>
   </div>
   <div class='ocr_carea' id='block_1_17' title="bbox 418 1624 1988 1699">
    <p class='ocr_par' dir='ltr' id='par_1_17' title="bbox 418 1624 1988 1699">
     <span class='ocr_line' id='line_1_17' title="bbox 418 1624 1988 1699; baseline -0.002 -15"><span class='ocrx_word' id='word_1_123' title='bbox 418 1629 511 1684; x_wconf 86' lang='lat' dir='ltr'><strong>dat</strong></span> <span class='ocrx_word' id='word_1_124' title='bbox 555 1626 891 1699; x_wconf 82' lang='lat' dir='ltr'><strong>(65),quibus</strong></span> <span class='ocrx_word' id='word_1_125' title='bbox 925 1624 1057 1680; x_wconf 90' lang='lat' dir='ltr'><strong>solis</strong></span> <span class='ocrx_word' id='word_1_126' title='bbox 1081 1639 1138 1680; x_wconf 91' lang='lat' dir='ltr'><strong>se</strong></span> <span class='ocrx_word' id='word_1_127' title='bbox 1154 1624 1407 1678; x_wconf 87' lang='lat' dir='ltr'><strong>mundum</strong></span> <span class='ocrx_word' id='word_1_128' title='bbox 1430 1638 1532 1677; x_wconf 92' lang='lat' dir='ltr'><strong>non</strong></span> <span class='ocrx_word' id='word_1_129' title='bbox 1548 1638 1668 1678; x_wconf 83' lang='lat' dir='ltr'><strong>esse</strong></span> <span class='ocrx_word' id='word_1_130' title='bbox 1685 1626 1988 1693; x_wconf 80' lang='lat' dir='ltr'><strong>profitetur.</strong></span> 
     </span>
    </p>
   </div>
   <div class='ocr_carea' id='block_1_18' title="bbox 429 1713 1991 1786">
    <p class='ocr_par' dir='ltr' id='par_1_18' title="bbox 429 1713 1991 1786">
     <span class='ocr_line' id='line_1_18' title="bbox 429 1713 1991 1786; baseline -0.003 -13"><span class='ocrx_word' id='word_1_131' title='bbox 429 1717 509 1772; x_wconf 73' lang='lat' dir='ltr'><strong>Ex</strong></span> <span class='ocrx_word' id='word_1_132' title='bbox 543 1731 651 1786; x_wconf 87' lang='lat' dir='ltr'><strong>quo</strong></span> <span class='ocrx_word' id='word_1_133' title='bbox 682 1716 989 1771; x_wconf 88' lang='lat' dir='ltr'><strong>ostenditur</strong></span> <span class='ocrx_word' id='word_1_134' title='bbox 1019 1713 1165 1784; x_wconf 90' lang='lat' dir='ltr'><strong>quod</strong></span> <span class='ocrx_word' id='word_1_135' title='bbox 1196 1727 1370 1782; x_wconf 88' lang='lat' dir='ltr'><strong>usque</strong></span> <span class='ocrx_word' id='word_1_136' title='bbox 1399 1715 1465 1767; x_wconf 90' lang='lat' dir='ltr'><strong>ad</strong></span> <span class='ocrx_word' id='word_1_137' title='bbox 1497 1713 1725 1769; x_wconf 78' lang='lat' dir='ltr'><strong>verbum</strong></span> <span class='ocrx_word' id='word_1_138' title='bbox 1753 1722 1991 1768; x_wconf 91' lang='lat' dir='ltr'><strong>tantum-</strong></span> 
     </span>
    </p>
   </div>
   <div class='ocr_carea' id='block_1_19' title="bbox 422 1805 1988 1877">
    <p class='ocr_par' dir='ltr' id='par_1_19' title="bbox 422 1805 1988 1877">
     <span class='ocr_line' id='line_1_19' title="bbox 422 1805 1988 1877; baseline -0.003 -12"><span class='ocrx_word' id='word_1_139' title='bbox 422 1811 585 1865; x_wconf 83' lang='lat' dir='ltr'><strong>modo</strong></span> <span class='ocrx_word' id='word_1_140' title='bbox 607 1817 884 1877; x_wconf 82' lang='lat' dir='ltr'><strong>peccatum</strong></span> <span class='ocrx_word' id='word_1_141' title='bbox 915 1805 1030 1874; x_wconf 86' lang='lat' dir='ltr'><strong>ejus</strong></span> <span class='ocrx_word' id='word_1_142' title='bbox 1072 1806 1427 1869; x_wconf 83' lang='lat' dir='ltr'><strong>inveniretur,</strong></span> <span class='ocrx_word' id='word_1_143' title='bbox 1477 1805 1529 1859; x_wconf 90' lang='lat' dir='ltr'><strong>in</strong></span> <span class='ocrx_word' id='word_1_144' title='bbox 1568 1805 1713 1861; x_wconf 91' lang='lat' dir='ltr'><strong>facto</strong></span> <span class='ocrx_word' id='word_1_145' title='bbox 1751 1821 1880 1859; x_wconf 88' lang='lat' dir='ltr'><strong>vero</strong></span> <span class='ocrx_word' id='word_1_146' title='bbox 1904 1805 1988 1861; x_wconf 86' lang='lat' dir='ltr'><strong>vel</strong></span> 
     </span>
    </p>
   </div>
   <div class='ocr_carea' id='block_1_20' title="bbox 421 1896 1984 1972">
    <p class='ocr_par' dir='ltr' id='par_1_20' title="bbox 421 1896 1984 1972">
     <span class='ocr_line' id='line_1_20' title="bbox 421 1896 1984 1972; baseline -0.003 -16"><span class='ocrx_word' id='word_1_147' title='bbox 421 1915 590 1972; x_wconf 80' lang='lat' dir='ltr'><strong>opere</strong></span> <span class='ocrx_word' id='word_1_148' title='bbox 609 1900 756 1955; x_wconf 89' lang='lat' dir='ltr'><strong>nullo</strong></span> <span class='ocrx_word' id='word_1_149' title='bbox 778 1898 1108 1969; x_wconf 81' lang='lat' dir='ltr'><strong>peccaverit;</strong></span> <span class='ocrx_word' id='word_1_150' title='bbox 1144 1896 1385 1967; x_wconf 84' lang='lat' dir='ltr'><strong>alioquin</strong></span> <span class='ocrx_word' id='word_1_151' title='bbox 1426 1897 1680 1961; x_wconf 82' lang='lat' dir='ltr'><strong>dixisset,</strong></span> <span class='ocrx_word' id='word_1_152' title='bbox 1719 1898 1984 1968; x_wconf 86' lang='lat' dir='ltr'><strong>quoniam</strong></span> 
     </span>
    </p>
   </div>
   <div class='ocr_carea' id='block_1_21' title="bbox 426 1987 1988 2060">
    <p class='ocr_par' dir='ltr' id='par_1_21' title="bbox 426 1987 1988 2060">
     <span class='ocr_line' id='line_1_21' title="bbox 426 1987 1988 2060; baseline -0.003 -11"><span class='ocrx_word' id='word_1_153' title='bbox 426 1992 763 2053; x_wconf 80' lang='lat' dir='ltr'><strong>immundum</strong></span> <span class='ocrx_word' id='word_1_154' title='bbox 813 2004 1011 2060; x_wconf 89' lang='lat' dir='ltr'><strong>corpus</strong></span> <span class='ocrx_word' id='word_1_155' title='bbox 1061 1989 1269 2051; x_wconf 90' lang='lat' dir='ltr'><strong>habeo,</strong></span> <span class='ocrx_word' id='word_1_156' title='bbox 1308 1987 1394 2043; x_wconf 96' lang='lat' dir='ltr'><strong>vel</strong></span> <span class='ocrx_word' id='word_1_157' title='bbox 1442 1988 1752 2044; x_wconf 82' lang='lat' dir='ltr'><strong>immundos</strong></span> <span class='ocrx_word' id='word_1_158' title='bbox 1798 1988 1988 2045; x_wconf 86' lang='lat' dir='ltr'><strong>oculos</strong></span> 
     </span>
    </p>
   </div>
   <div class='ocr_carea' id='block_1_22' title="bbox 426 2078 1988 2150">
    <p class='ocr_par' dir='ltr' id='par_1_22' title="bbox 426 2078 1988 2150">
     <span class='ocr_line' id='line_1_22' title="bbox 426 2078 1988 2150; baseline -0.003 -12"><span class='ocrx_word' id='word_1_159' title='bbox 426 2082 620 2149; x_wconf 85' lang='lat' dir='ltr'><strong>habeo,</strong></span> <span class='ocrx_word' id='word_1_160' title='bbox 659 2083 704 2137; x_wconf 95' lang='lat' dir='ltr'><strong>si</strong></span> <span class='ocrx_word' id='word_1_161' title='bbox 747 2089 1024 2150; x_wconf 82' lang='lat' dir='ltr'><strong>peccasset</strong></span> <span class='ocrx_word' id='word_1_162' title='bbox 1083 2079 1138 2134; x_wconf 89' lang='lat' dir='ltr'><strong>in</strong></span> <span class='ocrx_word' id='word_1_163' title='bbox 1210 2078 1648 2148; x_wconf 88' lang='lat' dir='ltr'><strong>concupiscendo</strong></span> <span class='ocrx_word' id='word_1_164' title='bbox 1697 2079 1892 2144; x_wconf 89' lang='lat' dir='ltr'><strong>aliena,</strong></span> <span class='ocrx_word' id='word_1_165' title='bbox 1933 2090 1988 2134; x_wconf 87' lang='lat' dir='ltr'><strong>et</strong></span> 
     </span>
    </p>
   </div>
   <div class='ocr_carea' id='block_1_23' title="bbox 420 2169 1988 2240">
    <p class='ocr_par' dir='ltr' id='par_1_23' title="bbox 420 2169 1988 2240">
     <span class='ocr_line' id='line_1_23' title="bbox 420 2169 1988 2240; baseline -0.001 -12"><span class='ocrx_word' id='word_1_166' title='bbox 420 2174 666 2237; x_wconf 78' lang='lat' dir='ltr'><strong>dixisset,</strong></span> <span class='ocrx_word' id='word_1_167' title='bbox 691 2170 993 2226; x_wconf 75' lang='lat' dir='ltr'><strong>immundus</strong></span> <span class='ocrx_word' id='word_1_168' title='bbox 1019 2185 1212 2225; x_wconf 90' lang='lat' dir='ltr'><strong>manus</strong></span> <span class='ocrx_word' id='word_1_169' title='bbox 1243 2170 1439 2233; x_wconf 87' lang='lat' dir='ltr'><strong>habeo,</strong></span> <span class='ocrx_word' id='word_1_170' title='bbox 1484 2171 1528 2225; x_wconf 90' lang='lat' dir='ltr'><strong>si</strong></span> <span class='ocrx_word' id='word_1_171' title='bbox 1561 2183 1656 2226; x_wconf 84' lang='lat' dir='ltr'><strong>eas</strong></span> <span class='ocrx_word' id='word_1_172' title='bbox 1704 2169 1988 2240; x_wconf 90' lang='lat' dir='ltr'><strong>polluisset</strong></span> 
     </span>
    </p>
   </div>
   <div class='ocr_carea' id='block_1_24' title="bbox 416 2260 1989 2335">
    <p class='ocr_par' dir='ltr' id='par_1_24' title="bbox 416 2260 1989 2335">
     <span class='ocr_line' id='line_1_24' title="bbox 416 2260 1989 2335; baseline -0.003 -16"><span class='ocrx_word' id='word_1_173' title='bbox 416 2266 672 2335; x_wconf 87' lang='lat' dir='ltr'><strong>operibus</strong></span> <span class='ocrx_word' id='word_1_174' title='bbox 694 2264 912 2333; x_wconf 83' lang='lat' dir='ltr'><strong>iniquis.</strong></span> <span class='ocrx_word' id='word_1_175' title='bbox 943 2260 1096 2316; x_wconf 80' lang='lat' dir='ltr'><strong>Nunc</strong></span> <span class='ocrx_word' id='word_1_176' title='bbox 1124 2271 1304 2316; x_wconf 87' lang='lat' dir='ltr'><strong>autem</strong></span> <span class='ocrx_word' id='word_1_177' title='bbox 1348 2262 1608 2331; x_wconf 89' lang='lat' dir='ltr'><strong>quoniam</strong></span> <span class='ocrx_word' id='word_1_178' title='bbox 1646 2262 1698 2317; x_wconf 89' lang='lat' dir='ltr'><strong>in</strong></span> <span class='ocrx_word' id='word_1_179' title='bbox 1732 2261 1849 2316; x_wconf 90' lang='lat' dir='ltr'><strong>solo</strong></span> <span class='ocrx_word' id='word_1_180' title='bbox 1877 2262 1989 2316; x_wconf 84' lang='lat' dir='ltr'><strong>for-</strong></span> 
     </span>
    </p>
   </div>
   <div class='ocr_carea' id='block_1_25' title="bbox 418 2355 1987 2420">
    <p class='ocr_par' dir='ltr' id='par_1_25' title="bbox 418 2355 1987 2420">
     <span class='ocr_line' id='line_1_25' title="bbox 418 2355 1987 2420; baseline 0 -9"><span class='ocrx_word' id='word_1_181' title='bbox 418 2367 564 2413; x_wconf 87' lang='lat' dir='ltr'><strong>tasse</strong></span> <span class='ocrx_word' id='word_1_182' title='bbox 595 2371 842 2412; x_wconf 86' lang='lat' dir='ltr'><strong>sermone</strong></span> <span class='ocrx_word' id='word_1_183' title='bbox 871 2357 1128 2412; x_wconf 89' lang='lat' dir='ltr'><strong>conscius</strong></span> <span class='ocrx_word' id='word_1_184' title='bbox 1169 2355 1271 2410; x_wconf 82' lang='lat' dir='ltr'><strong>sibi</strong></span> <span class='ocrx_word' id='word_1_185' title='bbox 1326 2364 1447 2411; x_wconf 87' lang='lat' dir='ltr'><strong>erat</strong></span> <span class='ocrx_word' id='word_1_186' title='bbox 1492 2356 1676 2411; x_wconf 89' lang='lat' dir='ltr'><strong>delicti</strong></span> <span class='ocrx_word' id='word_1_187' title='bbox 1721 2356 1886 2420; x_wconf 91' lang='lat' dir='ltr'><strong>illius,</strong></span> <span class='ocrx_word' id='word_1_188' title='bbox 1919 2357 1987 2411; x_wconf 93' lang='lat' dir='ltr'><strong>de</strong></span> 
     </span>
    </p>
   </div>
   <div class='ocr_carea' id='block_1_26' title="bbox 416 2445 1988 2521">
    <p class='ocr_par' dir='ltr' id='par_1_26' title="bbox 416 2445 1988 2521">
     <span class='ocr_line' id='line_1_26' title="bbox 416 2445 1988 2521; baseline -0.003 -16"><span class='ocrx_word' id='word_1_189' title='bbox 416 2467 526 2521; x_wconf 93' lang='lat' dir='ltr'><strong>quo</strong></span> <span class='ocrx_word' id='word_1_190' title='bbox 546 2450 677 2505; x_wconf 90' lang='lat' dir='ltr'><strong>dicit</strong></span> <span class='ocrx_word' id='word_1_191' title='bbox 704 2448 963 2503; x_wconf 87' lang='lat' dir='ltr'><strong>Dominus</strong></span> <span class='ocrx_word' id='word_1_192' title='bbox 990 2447 1032 2480; x_wconf 71' lang='grc' dir='ltr'>θ’</span> <span class='ocrx_word' id='word_1_193' title='bbox 1066 2465 1079 2500; x_wconf 87' lang='lat'><strong>:</strong></span> <span class='ocrx_word' id='word_1_194' title='bbox 1110 2465 1129 2499; x_wconf 80' lang='grc' dir='ltr'><strong>ι</strong></span> <span class='ocrx_word' id='word_1_195' title='bbox 1158 2445 1293 2513; x_wconf 84' lang='lat' dir='ltr'><strong>Quia</strong></span> <span class='ocrx_word' id='word_1_196' title='bbox 1322 2447 1483 2501; x_wconf 89' lang='lat' dir='ltr'><strong>etiam</strong></span> <span class='ocrx_word' id='word_1_197' title='bbox 1520 2446 1586 2501; x_wconf 92' lang='lat' dir='ltr'><strong>de</strong></span> <span class='ocrx_word' id='word_1_198' title='bbox 1615 2446 1784 2501; x_wconf 89' lang='lat' dir='ltr'><strong>verbo</strong></span> <span class='ocrx_word' id='word_1_199' title='bbox 1812 2448 1988 2501; x_wconf 91' lang='lat' dir='ltr'><strong>otioso</strong></span> 
     </span>
    </p>
   </div>
   <div class='ocr_carea' id='block_1_27' title="bbox 417 2536 1986 2606">
    <p class='ocr_par' dir='ltr' id='par_1_27' title="bbox 417 2536 1986 2606">
     <span class='ocr_line' id='line_1_27' title="bbox 417 2536 1986 2606; baseline -0.001 -13"><span class='ocrx_word' id='word_1_200' title='bbox 417 2540 661 2595; x_wconf 87' lang='lat' dir='ltr'><strong>reddetis</strong></span> <span class='ocrx_word' id='word_1_201' title='bbox 693 2538 957 2593; x_wconf 87' lang='lat' dir='ltr'><strong>rationem</strong></span> <span class='ocrx_word' id='word_1_202' title='bbox 992 2538 1043 2591; x_wconf 92' lang='lat' dir='ltr'><strong>in</strong></span> <span class='ocrx_word' id='word_1_203' title='bbox 1067 2536 1383 2605; x_wconf 88' lang='lat' dir='ltr'><strong>diejudicii,</strong></span> <span class='ocrx_word' id='word_1_204' title='bbox 1419 2555 1438 2589; x_wconf 74' lang='grc' dir='ltr'><strong>ι</strong></span> <span class='ocrx_word' id='word_1_205' title='bbox 1477 2552 1574 2606; x_wconf 92' lang='lat' dir='ltr'><strong>pro</strong></span> <span class='ocrx_word' id='word_1_206' title='bbox 1600 2550 1668 2591; x_wconf 91' lang='lat' dir='ltr'><strong>eo</strong></span> <span class='ocrx_word' id='word_1_207' title='bbox 1700 2538 1842 2605; x_wconf 87' lang='lat' dir='ltr'><strong>quod</strong></span> <span class='ocrx_word' id='word_1_208' title='bbox 1879 2537 1986 2592; x_wconf 87' lang='lat' dir='ltr'><strong>dif-</strong></span> 
     </span>
    </p>
   </div>
   <div class='ocr_carea' id='block_1_28' title="bbox 422 2626 1987 2698">
    <p class='ocr_par' dir='ltr' id='par_1_28' title="bbox 422 2626 1987 2698">
     <span class='ocr_line' id='line_1_28' title="bbox 422 2626 1987 2698; baseline -0.003 -13"><span class='ocrx_word' id='word_1_209' title='bbox 422 2631 564 2685; x_wconf 83' lang='lat' dir='ltr'><strong>ﬁcile</strong></span> <span class='ocrx_word' id='word_1_210' title='bbox 585 2640 679 2685; x_wconf 89' lang='lat' dir='ltr'><strong>est</strong></span> <span class='ocrx_word' id='word_1_211' title='bbox 707 2630 868 2684; x_wconf 87' lang='lat' dir='ltr'><strong>etiam</strong></span> <span class='ocrx_word' id='word_1_212' title='bbox 910 2626 1164 2698; x_wconf 80' lang='lat' dir='ltr'><strong>perfectis</strong></span> <span class='ocrx_word' id='word_1_213' title='bbox 1206 2626 1419 2696; x_wconf 88' lang='lat' dir='ltr'><strong>culpam</strong></span> <span class='ocrx_word' id='word_1_214' title='bbox 1473 2627 1646 2681; x_wconf 90' lang='lat' dir='ltr'><strong>vitare</strong></span> <span class='ocrx_word' id='word_1_215' title='bbox 1692 2628 1987 2693; x_wconf 89' lang='lat' dir='ltr'><strong>sermonis,</strong></span> 
     </span>
    </p>
   </div>
   <div class='ocr_carea' id='block_1_29' title="bbox 421 2718 1989 2790">
    <p class='ocr_par' dir='ltr' id='par_1_29' title="bbox 421 2718 1989 2790">
     <span class='ocr_line' id='line_1_29' title="bbox 421 2718 1989 2790; baseline -0.002 -13"><span class='ocrx_word' id='word_1_216' title='bbox 421 2722 628 2777; x_wconf 87' lang='lat' dir='ltr'><strong>idcirco</strong></span> <span class='ocrx_word' id='word_1_217' title='bbox 667 2718 940 2790; x_wconf 71' lang='lat' dir='ltr'><strong>indigebat</strong></span> <span class='ocrx_word' id='word_1_218' title='bbox 994 2718 1155 2773; x_wconf 87' lang='lat' dir='ltr'><strong>etiam</strong></span> <span class='ocrx_word' id='word_1_219' title='bbox 1194 2721 1459 2789; x_wconf 87' lang='lat' dir='ltr'><strong>propheta</strong></span> <span class='ocrx_word' id='word_1_220' title='bbox 1509 2724 1623 2772; x_wconf 92' lang='lat' dir='ltr'><strong>sola</strong></span> <span class='ocrx_word' id='word_1_221' title='bbox 1666 2718 1989 2788; x_wconf 82' lang='lat' dir='ltr'><strong>purgatione</strong></span> 
     </span>
    </p>
   </div>
   <div class='ocr_carea' id='block_1_30' title="bbox 420 2809 1988 2880">
    <p class='ocr_par' dir='ltr' id='par_1_30' title="bbox 420 2809 1988 2880">
     <span class='ocr_line' id='line_1_30' title="bbox 420 2809 1988 2880; baseline -0.003 -12"><span class='ocrx_word' id='word_1_222' title='bbox 420 2814 707 2868; x_wconf 88' lang='lat' dir='ltr'><strong>labiorum.</strong></span> <span class='ocrx_word' id='word_1_223' title='bbox 731 2810 841 2867; x_wconf 86' lang='lat' dir='ltr'><strong>Nos</strong></span> <span class='ocrx_word' id='word_1_224' title='bbox 874 2810 1133 2880; x_wconf 88' lang='lat' dir='ltr'><strong>autem,si</strong></span> <span class='ocrx_word' id='word_1_225' title='bbox 1167 2810 1352 2865; x_wconf 88' lang='lat' dir='ltr'><strong>redeat</strong></span> <span class='ocrx_word' id='word_1_226' title='bbox 1378 2809 1749 2880; x_wconf 85' lang='lat' dir='ltr'><strong>unusquisque</strong></span> <span class='ocrx_word' id='word_1_227' title='bbox 1770 2812 1836 2864; x_wconf 92' lang='lat' dir='ltr'><strong>ad</strong></span> <span class='ocrx_word' id='word_1_228' title='bbox 1858 2824 1988 2864; x_wconf 85' lang='lat' dir='ltr'><strong>con-</strong></span> 
     </span>
    </p>
   </div>
   <div class='ocr_carea' id='block_1_31' title="bbox 420 2900 1990 2971">
    <p class='ocr_par' dir='ltr' id='par_1_31' title="bbox 420 2900 1990 2971">
     <span class='ocr_line' id='line_1_31' title="bbox 420 2900 1990 2971; baseline -0.003 -12"><span class='ocrx_word' id='word_1_229' title='bbox 420 2905 704 2959; x_wconf 81' lang='lat' dir='ltr'><strong>scientiam</strong></span> <span class='ocrx_word' id='word_1_230' title='bbox 735 2918 911 2969; x_wconf 89' lang='lat' dir='ltr'><strong>suam,</strong></span> <span class='ocrx_word' id='word_1_231' title='bbox 943 2902 1127 2957; x_wconf 84' lang='lat' dir='ltr'><strong>nescio</strong></span> <span class='ocrx_word' id='word_1_232' title='bbox 1155 2901 1200 2956; x_wconf 89' lang='lat' dir='ltr'><strong>si</strong></span> <span class='ocrx_word' id='word_1_233' title='bbox 1248 2915 1534 2971; x_wconf 85' lang='lat' dir='ltr'><strong>possumus</strong></span> <span class='ocrx_word' id='word_1_234' title='bbox 1563 2900 1778 2970; x_wconf 86' lang='lat' dir='ltr'><strong>aliquod</strong></span> <span class='ocrx_word' id='word_1_235' title='bbox 1818 2915 1990 2955; x_wconf 88' lang='lat' dir='ltr'><strong>mem-</strong></span> 
     </span>
    </p>
   </div>
   <div class='ocr_carea' id='block_1_32' title="bbox 420 2991 1989 3064">
    <p class='ocr_par' dir='ltr' id='par_1_32' title="bbox 420 2991 1989 3064">
     <span class='ocr_line' id='line_1_32' title="bbox 420 2991 1989 3064; baseline -0.003 -14"><span class='ocrx_word' id='word_1_236' title='bbox 420 2998 578 3050; x_wconf 85' lang='lat' dir='ltr'><strong>brum</strong></span> <span class='ocrx_word' id='word_1_237' title='bbox 604 2995 853 3064; x_wconf 87' lang='lat' dir='ltr'><strong>corporis</strong></span> <span class='ocrx_word' id='word_1_238' title='bbox 884 3008 1171 3060; x_wconf 76' lang='lat' dir='ltr'><strong>excusare,</strong></span> <span class='ocrx_word' id='word_1_239' title='bbox 1195 2992 1335 3062; x_wconf 92' lang='lat' dir='ltr'><strong>quod</strong></span> <span class='ocrx_word' id='word_1_240' title='bbox 1361 3007 1467 3046; x_wconf 90' lang='lat' dir='ltr'><strong>non</strong></span> <span class='ocrx_word' id='word_1_241' title='bbox 1498 2991 1607 3062; x_wconf 91' lang='lat' dir='ltr'><strong>igni</strong></span> <span class='ocrx_word' id='word_1_242' title='bbox 1642 2992 1899 3062; x_wconf 83' lang='lat' dir='ltr'><strong>indigeat.</strong></span> <span class='ocrx_word' id='word_1_243' title='bbox 1922 2991 1989 3046; x_wconf 88' lang='lat' dir='ltr'><strong>Et</strong></span> 
     </span>
    </p>
   </div>
   <div class='ocr_carea' id='block_1_33' title="bbox 2099 532 3670 610">
    <p class='ocr_par' dir='ltr' id='par_1_33' title="bbox 2099 532 3670 610">
     <span class='ocr_line' id='line_1_33' title="bbox 2099 532 3670 610; baseline 0.009 -26"><span class='ocrx_word' id='word_1_244' title='bbox 2099 547 2239 594; x_wconf 83' lang='lat' dir='ltr'><strong>mea,</strong></span> <span class='ocrx_word' id='word_1_245' title='bbox 2263 547 2360 585; x_wconf 88' lang='lat' dir='ltr'><strong>nec</strong></span> <span class='ocrx_word' id='word_1_246' title='bbox 2384 532 2676 601; x_wconf 77' lang='lat' dir='ltr'><strong>quidquam</strong></span> <span class='ocrx_word' id='word_1_247' title='bbox 2706 546 2998 601; x_wconf 84' lang='lat' dir='ltr'><strong>remaneat,</strong></span> <span class='ocrx_word' id='word_1_248' title='bbox 3021 546 3225 591; x_wconf 91' lang='lat' dir='ltr'><strong>tantmu</strong></span> <span class='ocrx_word' id='word_1_249' title='bbox 3254 548 3309 591; x_wconf 90' lang='grc' dir='ltr'><strong>ιιι</strong></span> <span class='ocrx_word' id='word_1_250' title='bbox 3331 555 3429 610; x_wconf 86' lang='lat' dir='ltr'><strong>ego</strong></span> <span class='ocrx_word' id='word_1_251' title='bbox 3451 542 3627 596; x_wconf 79' lang='lat' dir='ltr'><strong>viVam</strong></span> <span class='ocrx_word' id='word_1_252' title='bbox 3645 546 3670 598; x_wconf 68' lang='grc' dir='ltr'><em>ἲ</em></span> 
     </span>
    </p>
   </div>
   <div class='ocr_carea' id='block_1_34' title="bbox 2070 622 3671 700">
    <p class='ocr_par' dir='ltr' id='par_1_34' title="bbox 2070 622 3671 700">
     <span class='ocr_line' id='line_1_34' title="bbox 2070 622 3671 700; baseline 0.009 -26"><span class='ocrx_word' id='word_1_253' title='bbox 2070 622 2208 685; x_wconf 77' lang='grc' dir='ltr'><strong>,Ηυε</strong></span> <span class='ocrx_word' id='word_1_254' title='bbox 2231 637 2401 691; x_wconf 87' lang='lat' dir='ltr'><strong>quare</strong></span> <span class='ocrx_word' id='word_1_255' title='bbox 2442 623 2692 676; x_wconf 87' lang='lat' dir='ltr'><strong>faceres?</strong></span> <span class='ocrx_word' id='word_1_256' title='bbox 2729 623 2856 692; x_wconf 88' lang='lat' dir='ltr'><strong>quia</strong></span> <span class='ocrx_word' id='word_1_257' title='bbox 2895 625 3021 681; x_wconf 89' lang='lat' dir='ltr'><strong>inde</strong></span> <span class='ocrx_word' id='word_1_258' title='bbox 3066 642 3169 682; x_wconf 92' lang='lat' dir='ltr'><strong>non</strong></span> <span class='ocrx_word' id='word_1_259' title='bbox 3211 629 3506 700; x_wconf 86' lang='lat' dir='ltr'><strong>dubitares,</strong></span> <span class='ocrx_word' id='word_1_260' title='bbox 3542 635 3671 690; x_wconf 90' lang='lat' dir='ltr'><strong>hinc</strong></span> 
     </span>
    </p>
   </div>
   <div class='ocr_carea' id='block_1_35' title="bbox 2095 713 3671 782">
    <p class='ocr_par' dir='ltr' id='par_1_35' title="bbox 2095 713 3671 782">
     <span class='ocr_line' id='line_1_35' title="bbox 2095 713 3671 782; baseline 0.009 -14"><span class='ocrx_word' id='word_1_261' title='bbox 2095 714 2327 768; x_wconf 86' lang='lat' dir='ltr'><strong>dubitas.</strong></span> <span class='ocrx_word' id='word_1_262' title='bbox 2382 713 2447 766; x_wconf 85' lang='lat' dir='ltr'><strong>Et</strong></span> <span class='ocrx_word' id='word_1_263' title='bbox 2494 714 2613 767; x_wconf 87' lang='lat' dir='ltr'><strong>ideo</strong></span> <span class='ocrx_word' id='word_1_264' title='bbox 2666 714 2807 769; x_wconf 90' lang='lat' dir='ltr'><strong>bene</strong></span> <span class='ocrx_word' id='word_1_265' title='bbox 2861 714 3120 773; x_wconf 88' lang='lat' dir='ltr'><strong>Dominus</strong></span> <span class='ocrx_word' id='word_1_266' title='bbox 3168 719 3410 777; x_wconf 75' lang='lat' dir='ltr'><strong>dicit“:</strong></span> <span class='ocrx_word' id='word_1_267' title='bbox 3448 741 3466 773; x_wconf 77' lang='grc' dir='ltr'><strong>ι</strong></span> <span class='ocrx_word' id='word_1_268' title='bbox 3508 723 3671 782; x_wconf 81' lang='lat' dir='ltr'><strong>Putas</strong></span> 
     </span>
    </p>
   </div>
   <div class='ocr_carea' id='block_1_36' title="bbox 2096 801 3669 880">
    <p class='ocr_par' dir='ltr' id='par_1_36' title="bbox 2096 801 3669 880">
     <span class='ocr_line' id='line_1_36' title="bbox 2096 801 3669 880; baseline 0.01 -27"><span class='ocrx_word' id='word_1_269' title='bbox 2096 802 2316 856; x_wconf 79' lang='lat' dir='ltr'><strong>veniens</strong></span> <span class='ocrx_word' id='word_1_270' title='bbox 2354 801 2523 856; x_wconf 87' lang='lat' dir='ltr'><strong>Filius</strong></span> <span class='ocrx_word' id='word_1_271' title='bbox 2570 802 2825 866; x_wconf 86' lang='lat' dir='ltr'><strong>hominis,</strong></span> <span class='ocrx_word' id='word_1_272' title='bbox 2863 804 3099 861; x_wconf 88' lang='lat' dir='ltr'><strong>inveniet</strong></span> <span class='ocrx_word' id='word_1_273' title='bbox 3147 808 3305 863; x_wconf 86' lang='lat' dir='ltr'><strong>ﬁdem</strong></span> <span class='ocrx_word' id='word_1_274' title='bbox 3353 825 3517 880; x_wconf 90' lang='lat' dir='ltr'><strong>super</strong></span> <span class='ocrx_word' id='word_1_275' title='bbox 3558 823 3669 868; x_wconf 82' lang='lat' dir='ltr'><strong>ter—</strong></span> 
     </span>
    </p>
   </div>
   <div class='ocr_carea' id='block_1_37' title="bbox 2096 894 3668 972">
    <p class='ocr_par' dir='ltr' id='par_1_37' title="bbox 2096 894 3668 972">
     <span class='ocr_line' id='line_1_37' title="bbox 2096 894 3668 972; baseline 0.006 -24"><span class='ocrx_word' id='word_1_276' title='bbox 2096 895 2248 949; x_wconf 88' lang='lat' dir='ltr'><strong>ram?</strong></span> <span class='ocrx_word' id='word_1_277' title='bbox 2282 912 2300 945; x_wconf 73' lang='grc'><strong>»</strong></span> <span class='ocrx_word' id='word_1_278' title='bbox 2338 894 2400 947; x_wconf 85' lang='lat' dir='ltr'><strong>Et</strong></span> <span class='ocrx_word' id='word_1_279' title='bbox 2441 894 2567 962; x_wconf 91' lang='lat' dir='ltr'><strong>quid</strong></span> <span class='ocrx_word' id='word_1_280' title='bbox 2609 908 2709 965; x_wconf 87' lang='lat' dir='ltr'><strong>ego</strong></span> <span class='ocrx_word' id='word_1_281' title='bbox 2756 894 2877 950; x_wconf 90' lang='lat' dir='ltr'><strong>dico</strong></span> <span class='ocrx_word' id='word_1_282' title='bbox 2931 898 2994 950; x_wconf 89' lang='lat' dir='ltr'><strong>de</strong></span> <span class='ocrx_word' id='word_1_283' title='bbox 3026 902 3190 953; x_wconf 89' lang='lat' dir='ltr'><strong>certis</strong></span> <span class='ocrx_word' id='word_1_284' title='bbox 3239 901 3668 972; x_wconf 87' lang='lat' dir='ltr'><strong>iudubitatisque</strong></span> 
     </span>
    </p>
   </div>
   <div class='ocr_carea' id='block_1_38' title="bbox 2095 985 3667 1062">
    <p class='ocr_par' dir='ltr' id='par_1_38' title="bbox 2095 985 3667 1062">
     <span class='ocr_line' id='line_1_38' title="bbox 2095 985 3667 1062; baseline 0.005 -23"><span class='ocrx_word' id='word_1_285' title='bbox 2095 986 2390 1055; x_wconf 87' lang='lat' dir='ltr'><strong>periculis?</strong></span> <span class='ocrx_word' id='word_1_286' title='bbox 2420 985 2815 1041; x_wconf 87' lang='lat' dir='ltr'><strong>Tantummodo</strong></span> <span class='ocrx_word' id='word_1_287' title='bbox 2861 987 2903 1041; x_wconf 92' lang='lat' dir='ltr'><strong>si</strong></span> <span class='ocrx_word' id='word_1_288' title='bbox 2946 1003 3106 1041; x_wconf 88' lang='lat' dir='ltr'><strong>causa</strong></span> <span class='ocrx_word' id='word_1_289' title='bbox 3142 990 3365 1044; x_wconf 86' lang='lat' dir='ltr'><strong>dicenda</strong></span> <span class='ocrx_word' id='word_1_290' title='bbox 3411 993 3481 1045; x_wconf 91' lang='lat' dir='ltr'><strong>sit</strong></span> <span class='ocrx_word' id='word_1_291' title='bbox 3528 995 3667 1062; x_wconf 83' lang='lat' dir='ltr'><strong>apud</strong></span> 
     </span>
    </p>
   </div>
   <div class='ocr_carea' id='block_1_39' title="bbox 2088 1080 3668 1150">
    <p class='ocr_par' dir='ltr' id='par_1_39' title="bbox 2088 1080 3668 1150">
     <span class='ocr_line' id='line_1_39' title="bbox 2088 1080 3668 1150; baseline 0.004 -18"><span class='ocrx_word' id='word_1_292' title='bbox 2088 1080 2323 1149; x_wconf 89' lang='lat' dir='ltr'><strong>judicem</strong></span> <span class='ocrx_word' id='word_1_293' title='bbox 2362 1090 2664 1143; x_wconf 89' lang='lat' dir='ltr'><strong>terrenum,</strong></span> <span class='ocrx_word' id='word_1_294' title='bbox 2695 1096 2814 1150; x_wconf 76' lang='lat' dir='ltr'><strong>qua:</strong></span> <span class='ocrx_word' id='word_1_295' title='bbox 2855 1080 3089 1150; x_wconf 89' lang='lat' dir='ltr'><strong>aliquem</strong></span> <span class='ocrx_word' id='word_1_296' title='bbox 3141 1090 3337 1136; x_wconf 89' lang='lat' dir='ltr'><strong>metum</strong></span> <span class='ocrx_word' id='word_1_297' title='bbox 3361 1083 3471 1150; x_wconf 86' lang='lat'><strong>(66)</strong></span> <span class='ocrx_word' id='word_1_298' title='bbox 3497 1101 3562 1137; x_wconf 78' lang='lat' dir='ltr'><strong>ex</strong></span> <span class='ocrx_word' id='word_1_299' title='bbox 3593 1086 3668 1137; x_wconf 66' lang='lat' dir='ltr'><strong>leo</strong></span> 
     </span>
    </p>
   </div>
   <div class='ocr_carea' id='block_1_40' title="bbox 2095 1170 3670 1243">
    <p class='ocr_par' dir='ltr' id='par_1_40' title="bbox 2095 1170 3670 1243">
     <span class='ocr_line' id='line_1_40' title="bbox 2095 1170 3670 1243; baseline 0.005 -21"><span class='ocrx_word' id='word_1_300' title='bbox 2095 1172 2252 1241; x_wconf 80' lang='lat' dir='ltr'><strong>gibus</strong></span> <span class='ocrx_word' id='word_1_301' title='bbox 2289 1170 2493 1225; x_wconf 87' lang='lat' dir='ltr'><strong>habere</strong></span> <span class='ocrx_word' id='word_1_302' title='bbox 2536 1172 2801 1235; x_wconf 85' lang='lat' dir='ltr'><strong>videatur,</strong></span> <span class='ocrx_word' id='word_1_303' title='bbox 2846 1186 3023 1226; x_wconf 90' lang='lat' dir='ltr'><strong>nonne</strong></span> <span class='ocrx_word' id='word_1_304' title='bbox 3069 1172 3320 1227; x_wconf 87' lang='lat' dir='ltr'><strong>omnibus</strong></span> <span class='ocrx_word' id='word_1_305' title='bbox 3358 1176 3555 1243; x_wconf 80' lang='lat' dir='ltr'><strong>vigiliis</strong></span> <span class='ocrx_word' id='word_1_306' title='bbox 3582 1193 3670 1230; x_wconf 82' lang='lat' dir='ltr'><strong>ex-</strong></span> 
     </span>
    </p>
   </div>
   <div class='ocr_carea' id='block_1_41' title="bbox 2095 1263 3666 1333">
    <p class='ocr_par' dir='ltr' id='par_1_41' title="bbox 2095 1263 3666 1333">
     <span class='ocr_line' id='line_1_41' title="bbox 2095 1263 3666 1333; baseline 0.003 -19"><span class='ocrx_word' id='word_1_307' title='bbox 2095 1263 2344 1326; x_wconf 89' lang='lat' dir='ltr'><strong>cuhatur,</strong></span> <span class='ocrx_word' id='word_1_308' title='bbox 2386 1264 2653 1316; x_wconf 88' lang='lat' dir='ltr'><strong>advocato</strong></span> <span class='ocrx_word' id='word_1_309' title='bbox 2707 1274 2933 1330; x_wconf 89' lang='lat' dir='ltr'><strong>patrono</strong></span> <span class='ocrx_word' id='word_1_310' title='bbox 2986 1278 3210 1317; x_wconf 90' lang='lat' dir='ltr'><strong>munera</strong></span> <span class='ocrx_word' id='word_1_311' title='bbox 3267 1278 3666 1333; x_wconf 78' lang='lat' dir='ltr'><strong>praeparantur,</strong></span> 
     </span>
    </p>
   </div>
   <div class='ocr_carea' id='block_1_42' title="bbox 2094 1353 3670 1422">
    <p class='ocr_par' dir='ltr' id='par_1_42' title="bbox 2094 1353 3670 1422">
     <span class='ocr_line' id='line_1_42' title="bbox 2094 1353 3670 1422; baseline 0.004 -14"><span class='ocrx_word' id='word_1_312' title='bbox 2094 1353 2305 1408; x_wconf 90' lang='lat' dir='ltr'><strong>etiamsi</strong></span> <span class='ocrx_word' id='word_1_313' title='bbox 2342 1369 2538 1420; x_wconf 88' lang='lat' dir='ltr'><strong>anceps</strong></span> <span class='ocrx_word' id='word_1_314' title='bbox 2569 1356 2872 1422; x_wconf 87' lang='lat' dir='ltr'><strong>periculum</strong></span> <span class='ocrx_word' id='word_1_315' title='bbox 2897 1355 2987 1419; x_wconf 91' lang='lat' dir='ltr'><strong>sit,</strong></span> <span class='ocrx_word' id='word_1_316' title='bbox 3015 1364 3108 1409; x_wconf 85' lang='lat' dir='ltr'><strong>aut</strong></span> <span class='ocrx_word' id='word_1_317' title='bbox 3131 1356 3293 1410; x_wconf 86' lang='lat' dir='ltr'><strong>etiam</strong></span> <span class='ocrx_word' id='word_1_318' title='bbox 3328 1356 3496 1410; x_wconf 92' lang='lat' dir='ltr'><strong>solius</strong></span> <span class='ocrx_word' id='word_1_319' title='bbox 3531 1368 3670 1415; x_wconf 75' lang='lat' dir='ltr'><strong>nota:</strong></span> 
     </span>
    </p>
   </div>
   <div class='ocr_carea' id='block_1_43' title="bbox 2095 1444 3668 1516">
    <p class='ocr_par' dir='ltr' id='par_1_43' title="bbox 2095 1444 3668 1516">
     <span class='ocr_line' id='line_1_43' title="bbox 2095 1444 3668 1516; baseline 0.003 -17"><span class='ocrx_word' id='word_1_320' title='bbox 2095 1456 2273 1500; x_wconf 90' lang='lat' dir='ltr'><strong>metus</strong></span> <span class='ocrx_word' id='word_1_321' title='bbox 2307 1444 2391 1499; x_wconf 90' lang='lat' dir='ltr'><strong>vel</strong></span> <span class='ocrx_word' id='word_1_322' title='bbox 2423 1446 2604 1499; x_wconf 86' lang='lat' dir='ltr'><strong>damni</strong></span> <span class='ocrx_word' id='word_1_323' title='bbox 2639 1447 2812 1501; x_wconf 88' lang='lat' dir='ltr'><strong>ratio?</strong></span> <span class='ocrx_word' id='word_1_324' title='bbox 2849 1444 2958 1501; x_wconf 84' lang='lat' dir='ltr'><strong>Nos</strong></span> <span class='ocrx_word' id='word_1_325' title='bbox 3008 1461 3176 1515; x_wconf 89' lang='lat' dir='ltr'><strong>quare</strong></span> <span class='ocrx_word' id='word_1_326' title='bbox 3215 1462 3323 1502; x_wconf 91' lang='lat' dir='ltr'><strong>non</strong></span> <span class='ocrx_word' id='word_1_327' title='bbox 3375 1446 3668 1516; x_wconf 88' lang='lat' dir='ltr'><strong>credimus,</strong></span> 
     </span>
    </p>
   </div>
   <div class='ocr_carea' id='block_1_44' title="bbox 2094 1538 3671 1609">
    <p class='ocr_par' dir='ltr' id='par_1_44' title="bbox 2094 1538 3671 1609">
     <span class='ocr_line' id='line_1_44' title="bbox 2094 1538 3671 1609; baseline 0.003 -17"><span class='ocrx_word' id='word_1_328' title='bbox 2094 1539 2235 1609; x_wconf 90' lang='lat' dir='ltr'><strong>quod</strong></span> <span class='ocrx_word' id='word_1_329' title='bbox 2282 1551 2470 1591; x_wconf 88' lang='lat' dir='ltr'><strong>omnes</strong></span> <span class='ocrx_word' id='word_1_330' title='bbox 2512 1538 2810 1592; x_wconf 88' lang='lat' dir='ltr'><strong>astabimus</strong></span> <span class='ocrx_word' id='word_1_331' title='bbox 2836 1557 2855 1590; x_wconf 74' lang='grc' dir='ltr'><strong>ι</strong></span> <span class='ocrx_word' id='word_1_332' title='bbox 2896 1548 3022 1595; x_wconf 87' lang='lat' dir='ltr'><strong>ante</strong></span> <span class='ocrx_word' id='word_1_333' title='bbox 3065 1539 3304 1593; x_wconf 88' lang='lat' dir='ltr'><strong>tribunal</strong></span> <span class='ocrx_word' id='word_1_334' title='bbox 3345 1539 3575 1607; x_wconf 87' lang='lat' dir='ltr'><strong>Christi,</strong></span> <span class='ocrx_word' id='word_1_335' title='bbox 3611 1551 3671 1597; x_wconf 93' lang='lat' dir='ltr'><strong>ut</strong></span> 
     </span>
    </p>
   </div>
   <div class='ocr_carea' id='block_1_45' title="bbox 2096 1629 3669 1701">
    <p class='ocr_par' dir='ltr' id='par_1_45' title="bbox 2096 1629 3669 1701">
     <span class='ocr_line' id='line_1_45' title="bbox 2096 1629 3669 1701; baseline 0.002 -18"><span class='ocrx_word' id='word_1_336' title='bbox 2096 1638 2333 1699; x_wconf 87' lang='lat' dir='ltr'><strong>reportet</strong></span> <span class='ocrx_word' id='word_1_337' title='bbox 2357 1629 2728 1697; x_wconf 88' lang='lat' dir='ltr'><strong>unusquisque</strong></span> <span class='ocrx_word' id='word_1_338' title='bbox 2759 1630 2975 1699; x_wconf 87' lang='lat' dir='ltr'><strong>prepria</strong></span> <span class='ocrx_word' id='word_1_339' title='bbox 3015 1631 3260 1699; x_wconf 87' lang='lat' dir='ltr'><strong>corporis</strong></span> <span class='ocrx_word' id='word_1_340' title='bbox 3290 1642 3448 1700; x_wconf 91' lang='lat' dir='ltr'><strong>prout</strong></span> <span class='ocrx_word' id='word_1_341' title='bbox 3479 1635 3669 1701; x_wconf 81' lang='lat' dir='ltr'><strong>gessit,</strong></span> 
     </span>
    </p>
   </div>
   <div class='ocr_carea' id='block_1_46' title="bbox 2095 1721 3672 1793">
    <p class='ocr_par' dir='ltr' id='par_1_46' title="bbox 2095 1721 3672 1793">
     <span class='ocr_line' id='line_1_46' title="bbox 2095 1721 3672 1793; baseline 0.002 -17"><span class='ocrx_word' id='word_1_342' title='bbox 2095 1723 2207 1778; x_wconf 85' lang='lat' dir='ltr'><strong>sive</strong></span> <span class='ocrx_word' id='word_1_343' title='bbox 2241 1723 2382 1777; x_wconf 90' lang='lat' dir='ltr'><strong>bona</strong></span> <span class='ocrx_word' id='word_1_344' title='bbox 2406 1722 2521 1776; x_wconf 85' lang='lat' dir='ltr'><strong>sive</strong></span> <span class='ocrx_word' id='word_1_345' title='bbox 2564 1721 2702 1775; x_wconf 88' lang='lat' dir='ltr'><strong>mala</strong></span> <span class='ocrx_word' id='word_1_346' title='bbox 2736 1723 2801 1775; x_wconf 72' lang='grc'><strong>⁵⁸.</strong></span> <span class='ocrx_word' id='word_1_347' title='bbox 2841 1742 2860 1773; x_wconf 73' lang='grc' dir='ltr'><strong>ι</strong></span> <span class='ocrx_word' id='word_1_348' title='bbox 2904 1721 3028 1778; x_wconf 68' lang='lat' dir='ltr'><strong>Haec</strong></span> <span class='ocrx_word' id='word_1_349' title='bbox 3069 1722 3115 1778; x_wconf 90' lang='lat' dir='ltr'><strong>si</strong></span> <span class='ocrx_word' id='word_1_350' title='bbox 3163 1722 3372 1793; x_wconf 81' lang='lat' dir='ltr'><strong>integre</strong></span> <span class='ocrx_word' id='word_1_351' title='bbox 3423 1726 3672 1779; x_wconf 89' lang='lat' dir='ltr'><strong>credere-</strong></span> 
     </span>
    </p>
   </div>
   <div class='ocr_carea' id='block_1_47' title="bbox 2093 1812 3666 1885">
    <p class='ocr_par' dir='ltr' id='par_1_47' title="bbox 2093 1812 3666 1885">
     <span class='ocr_line' id='line_1_47' title="bbox 2093 1812 3666 1885; baseline 0.001 -16"><span class='ocrx_word' id='word_1_352' title='bbox 2093 1830 2236 1879; x_wconf 88' lang='lat' dir='ltr'><strong>mus,</strong></span> <span class='ocrx_word' id='word_1_353' title='bbox 2270 1812 2607 1869; x_wconf 36' lang='lat' dir='ltr'><strong>esset&#39;nobis</strong></span> <span class='ocrx_word' id='word_1_354' title='bbox 2646 1815 2942 1869; x_wconf 88' lang='lat' dir='ltr'><strong>secundum</strong></span> <span class='ocrx_word' id='word_1_355' title='bbox 2983 1815 3125 1885; x_wconf 90' lang='lat' dir='ltr'><strong>quod</strong></span> <span class='ocrx_word' id='word_1_356' title='bbox 3164 1816 3425 1885; x_wconf 86' lang='lat' dir='ltr'><strong>scriptum</strong></span> <span class='ocrx_word' id='word_1_357' title='bbox 3463 1828 3545 1871; x_wconf 90' lang='lat' dir='ltr'><strong>est</strong></span> <span class='ocrx_word' id='word_1_358' title='bbox 3571 1817 3618 1848; x_wconf 82' lang='lat'>&quot;</span> <span class='ocrx_word' id='word_1_359' title='bbox 3650 1830 3666 1871; x_wconf 90' lang='lat'><strong>:</strong></span> 
     </span>
    </p>
   </div>
   <div class='ocr_carea' id='block_1_48' title="bbox 2097 1902 3671 1977">
    <p class='ocr_par' dir='ltr' id='par_1_48' title="bbox 2097 1902 3671 1977">
     <span class='ocr_line' id='line_1_48' title="bbox 2097 1902 3671 1977; baseline 0.004 -21"><span class='ocrx_word' id='word_1_360' title='bbox 2097 1921 2116 1956; x_wconf 77' lang='grc' dir='ltr'><strong>ι</strong></span> <span class='ocrx_word' id='word_1_361' title='bbox 2156 1902 2478 1977; x_wconf 78' lang='lat' dir='ltr'><strong>Redemptio</strong></span> <span class='ocrx_word' id='word_1_362' title='bbox 2515 1906 2710 1960; x_wconf 79' lang='lat' dir='ltr'><strong>anima:</strong></span> <span class='ocrx_word' id='word_1_363' title='bbox 2748 1904 2872 1971; x_wconf 89' lang='lat' dir='ltr'><strong>viri,</strong></span> <span class='ocrx_word' id='word_1_364' title='bbox 2904 1905 3104 1959; x_wconf 86' lang='lat' dir='ltr'><strong>divitiae</strong></span> <span class='ocrx_word' id='word_1_365' title='bbox 3147 1904 3289 1973; x_wconf 85' lang='lat' dir='ltr'><strong>ejus.</strong></span> <span class='ocrx_word' id='word_1_366' title='bbox 3324 1924 3342 1958; x_wconf 76' lang='grc' dir='ltr'><strong>ι</strong></span> <span class='ocrx_word' id='word_1_367' title='bbox 3380 1906 3485 1961; x_wconf 90' lang='lat' dir='ltr'><strong>Sed</strong></span> <span class='ocrx_word' id='word_1_368' title='bbox 3527 1909 3671 1962; x_wconf 86' lang='lat' dir='ltr'><strong>unde</strong></span> 
     </span>
    </p>
   </div>
   <div class='ocr_carea' id='block_1_49' title="bbox 2091 1992 3671 2063">
    <p class='ocr_par' dir='ltr' id='par_1_49' title="bbox 2091 1992 3671 2063">
     <span class='ocr_line' id='line_1_49' title="bbox 2091 1992 3671 2063; baseline 0.001 -15"><span class='ocrx_word' id='word_1_369' title='bbox 2091 2007 2384 2063; x_wconf 88' lang='lat' dir='ltr'><strong>possumus</strong></span> <span class='ocrx_word' id='word_1_370' title='bbox 2414 1994 2549 2063; x_wconf 62' lang='lat' dir='ltr'><strong>haec,</strong></span> <span class='ocrx_word' id='word_1_371' title='bbox 2579 1992 2663 2046; x_wconf 88' lang='lat' dir='ltr'><strong>vel</strong></span> <span class='ocrx_word' id='word_1_372' title='bbox 2702 1994 2926 2058; x_wconf 90' lang='lat' dir='ltr'><strong>sentire,</strong></span> <span class='ocrx_word' id='word_1_373' title='bbox 2955 1992 3037 2047; x_wconf 90' lang='lat' dir='ltr'><strong>vel</strong></span> <span class='ocrx_word' id='word_1_374' title='bbox 3070 1994 3313 2057; x_wconf 87' lang='lat' dir='ltr'><strong>credere,</strong></span> <span class='ocrx_word' id='word_1_375' title='bbox 3351 1994 3432 2049; x_wconf 88' lang='lat' dir='ltr'><strong>vel</strong></span> <span class='ocrx_word' id='word_1_376' title='bbox 3472 1994 3671 2049; x_wconf 85' lang='lat' dir='ltr'><strong>intelli-</strong></span> 
     </span>
    </p>
   </div>
   <div class='ocr_carea' id='block_1_50' title="bbox 2091 2083 3666 2154">
    <p class='ocr_par' dir='ltr' id='par_1_50' title="bbox 2091 2083 3666 2154">
     <span class='ocr_line' id='line_1_50' title="bbox 2091 2083 3666 2154; baseline 0 -15"><span class='ocrx_word' id='word_1_377' title='bbox 2091 2098 2239 2154; x_wconf 84' lang='lat' dir='ltr'><strong>gere,</strong></span> <span class='ocrx_word' id='word_1_378' title='bbox 2272 2099 2394 2139; x_wconf 88' lang='lat' dir='ltr'><strong>cmn</strong></span> <span class='ocrx_word' id='word_1_379' title='bbox 2433 2098 2499 2139; x_wconf 89' lang='lat' dir='ltr'><strong>ne</strong></span> <span class='ocrx_word' id='word_1_380' title='bbox 2535 2084 2604 2137; x_wconf 90' lang='lat' dir='ltr'><strong>ad</strong></span> <span class='ocrx_word' id='word_1_381' title='bbox 2644 2083 2757 2139; x_wconf 78' lang='lat' dir='ltr'><strong>hzcc</strong></span> <span class='ocrx_word' id='word_1_382' title='bbox 2791 2083 2903 2150; x_wconf 90' lang='lat' dir='ltr'><strong>ipsa</strong></span> <span class='ocrx_word' id='word_1_383' title='bbox 2959 2084 3176 2153; x_wconf 88' lang='lat' dir='ltr'><strong>quidem</strong></span> <span class='ocrx_word' id='word_1_384' title='bbox 3214 2084 3478 2139; x_wconf 86' lang='lat' dir='ltr'><strong>audienda</strong></span> <span class='ocrx_word' id='word_1_385' title='bbox 3527 2100 3666 2141; x_wconf 88' lang='lat' dir='ltr'><strong>con-</strong></span> 
     </span>
    </p>
   </div>
   <div class='ocr_carea' id='block_1_51' title="bbox 2090 2176 3671 2242">
    <p class='ocr_par' dir='ltr' id='par_1_51' title="bbox 2090 2176 3671 2242">
     <span class='ocr_line' id='line_1_51' title="bbox 2090 2176 3671 2242; baseline 0.001 -10"><span class='ocrx_word' id='word_1_386' title='bbox 2090 2176 2413 2232; x_wconf 84' lang='lat' dir='ltr'><strong>veniamus?</strong></span> <span class='ocrx_word' id='word_1_387' title='bbox 2437 2176 2568 2242; x_wconf 83' lang='lat' dir='ltr'><strong>Quis</strong></span> <span class='ocrx_word' id='word_1_388' title='bbox 2597 2176 2740 2231; x_wconf 92' lang='lat' dir='ltr'><strong>enim</strong></span> <span class='ocrx_word' id='word_1_389' title='bbox 2770 2183 3011 2230; x_wconf 88' lang='lat' dir='ltr'><strong>vestrum</strong></span> <span class='ocrx_word' id='word_1_390' title='bbox 3046 2190 3168 2229; x_wconf 89' lang='lat' dir='ltr'><strong>cum</strong></span> <span class='ocrx_word' id='word_1_391' title='bbox 3201 2178 3502 2231; x_wconf 87' lang='lat' dir='ltr'><strong>recitantur</strong></span> <span class='ocrx_word' id='word_1_392' title='bbox 3526 2178 3671 2233; x_wconf 89' lang='lat' dir='ltr'><strong>Scri-</strong></span> 
     </span>
    </p>
   </div>
   <div class='ocr_carea' id='block_1_52' title="bbox 2090 2264 3671 2339">
    <p class='ocr_par' dir='ltr' id='par_1_52' title="bbox 2090 2264 3671 2339">
     <span class='ocr_line' id='line_1_52' title="bbox 2090 2264 3671 2339; baseline -0.001 -16"><span class='ocrx_word' id='word_1_393' title='bbox 2090 2279 2263 2339; x_wconf 56' lang='lat' dir='ltr'><strong>ptura</strong></span> <span class='ocrx_word' id='word_1_394' title='bbox 2302 2268 2505 2338; x_wconf 83' lang='lat' dir='ltr'><strong>praebet</strong></span> <span class='ocrx_word' id='word_1_395' title='bbox 2537 2265 2817 2322; x_wconf 88' lang='lat' dir='ltr'><strong>auditum?</strong></span> <span class='ocrx_word' id='word_1_396' title='bbox 2850 2264 2992 2321; x_wconf 83' lang='lat' dir='ltr'><strong>Deus</strong></span> <span class='ocrx_word' id='word_1_397' title='bbox 3037 2281 3133 2337; x_wconf 88' lang='lat' dir='ltr'><strong>per</strong></span> <span class='ocrx_word' id='word_1_398' title='bbox 3172 2267 3488 2337; x_wconf 87' lang='lat' dir='ltr'><strong>prophetam</strong></span> <span class='ocrx_word' id='word_1_399' title='bbox 3526 2283 3671 2322; x_wconf 88' lang='lat' dir='ltr'><strong>com-</strong></span> 
     </span>
    </p>
   </div>
   <div class='ocr_carea' id='block_1_53' title="bbox 2093 2357 3665 2427">
    <p class='ocr_par' dir='ltr' id='par_1_53' title="bbox 2093 2357 3665 2427">
     <span class='ocr_line' id='line_1_53' title="bbox 2093 2357 3665 2427; baseline -0.001 -13"><span class='ocrx_word' id='word_1_400' title='bbox 2093 2360 2351 2426; x_wconf 88' lang='lat' dir='ltr'><strong>minatur,</strong></span> <span class='ocrx_word' id='word_1_401' title='bbox 2378 2368 2432 2413; x_wconf 91' lang='lat' dir='ltr'><strong>et</strong></span> <span class='ocrx_word' id='word_1_402' title='bbox 2458 2359 2673 2427; x_wconf 90' lang='lat' dir='ltr'><strong>quidem</strong></span> <span class='ocrx_word' id='word_1_403' title='bbox 2722 2357 2774 2412; x_wconf 89' lang='lat' dir='ltr'><strong>in</strong></span> <span class='ocrx_word' id='word_1_404' title='bbox 2826 2357 2903 2411; x_wconf 89' lang='lat' dir='ltr'><strong>ira</strong></span> <span class='ocrx_word' id='word_1_405' title='bbox 2952 2372 3143 2427; x_wconf 85' lang='lat' dir='ltr'><strong>magna</strong></span> <span class='ocrx_word' id='word_1_406' title='bbox 3167 2358 3208 2388; x_wconf 89' lang='lat'>&#39;”</span> <span class='ocrx_word' id='word_1_407' title='bbox 3243 2375 3257 2412; x_wconf 88' lang='lat'><strong>:</strong></span> <span class='ocrx_word' id='word_1_408' title='bbox 3290 2376 3309 2410; x_wconf 79' lang='grc' dir='ltr'><strong>ι</strong></span> <span class='ocrx_word' id='word_1_409' title='bbox 3346 2357 3412 2411; x_wconf 85' lang='lat' dir='ltr'><strong>Et</strong></span> <span class='ocrx_word' id='word_1_410' title='bbox 3457 2359 3665 2413; x_wconf 86' lang='lat' dir='ltr'><strong>mittam</strong></span> 
     </span>
    </p>
   </div>
   <div class='ocr_carea' id='block_1_54' title="bbox 2092 2441 3666 2521">
    <p class='ocr_par' dir='ltr' id='par_1_54' title="bbox 2092 2441 3666 2521">
     <span class='ocr_line' id='line_1_54' title="bbox 2092 2441 3666 2521; baseline -0.001 -14"><span class='ocrx_word' id='word_1_411' title='bbox 2092 2454 2287 2508; x_wconf 89' lang='lat' dir='ltr'><strong>famem</strong></span> <span class='ocrx_word' id='word_1_412' title='bbox 2316 2466 2479 2521; x_wconf 87' lang='lat' dir='ltr'><strong>super</strong></span> <span class='ocrx_word' id='word_1_413' title='bbox 2504 2460 2729 2517; x_wconf 85' lang='lat' dir='ltr'><strong>terram,</strong></span> <span class='ocrx_word' id='word_1_414' title='bbox 2755 2465 2857 2505; x_wconf 90' lang='lat' dir='ltr'><strong>non</strong></span> <span class='ocrx_word' id='word_1_415' title='bbox 2887 2450 3085 2506; x_wconf 80' lang='lat' dir='ltr'><strong>famem</strong></span> <span class='ocrx_word' id='word_1_416' title='bbox 3113 2450 3289 2521; x_wconf 90' lang='lat' dir='ltr'><strong>panis,</strong></span> <span class='ocrx_word' id='word_1_417' title='bbox 3320 2464 3493 2520; x_wconf 90' lang='lat' dir='ltr'><strong>neque</strong></span> <span class='ocrx_word' id='word_1_418' title='bbox 3518 2441 3666 2507; x_wconf 72' lang='lat' dir='ltr'><strong>sitiin</strong></span> 
     </span>
    </p>
   </div>
   <div class='ocr_carea' id='block_1_55' title="bbox 2090 2538 3667 2613">
    <p class='ocr_par' dir='ltr' id='par_1_55' title="bbox 2090 2538 3667 2613">
     <span class='ocr_line' id='line_1_55' title="bbox 2090 2538 3667 2613; baseline -0.001 -16"><span class='ocrx_word' id='word_1_419' title='bbox 2090 2558 2265 2613; x_wconf 63' lang='lat' dir='ltr'><strong>aqum,</strong></span> <span class='ocrx_word' id='word_1_420' title='bbox 2293 2542 2386 2597; x_wconf 87' lang='lat' dir='ltr'><strong>sed</strong></span> <span class='ocrx_word' id='word_1_421' title='bbox 2418 2538 2613 2594; x_wconf 83' lang='lat' dir='ltr'><strong>famem</strong></span> <span class='ocrx_word' id='word_1_422' title='bbox 2658 2540 2910 2595; x_wconf 87' lang='lat' dir='ltr'><strong>audiendi</strong></span> <span class='ocrx_word' id='word_1_423' title='bbox 2953 2539 3120 2594; x_wconf 89' lang='lat' dir='ltr'><strong>verba</strong></span> <span class='ocrx_word' id='word_1_424' title='bbox 3169 2541 3283 2596; x_wconf 85' lang='lat' dir='ltr'><strong>Dei.</strong></span> <span class='ocrx_word' id='word_1_425' title='bbox 3314 2558 3334 2592; x_wconf 74' lang='grc' dir='ltr'><strong>ι</strong></span> <span class='ocrx_word' id='word_1_426' title='bbox 3370 2540 3475 2595; x_wconf 90' lang='lat' dir='ltr'><strong>Sed</strong></span> <span class='ocrx_word' id='word_1_427' title='bbox 3525 2557 3667 2595; x_wconf 93' lang='lat' dir='ltr'><strong>nunc</strong></span> 
     </span>
    </p>
   </div>
   <div class='ocr_carea' id='block_1_56' title="bbox 2088 2632 3666 2704">
    <p class='ocr_par' dir='ltr' id='par_1_56' title="bbox 2088 2632 3666 2704">
     <span class='ocr_line' id='line_1_56' title="bbox 2088 2632 3666 2704; baseline -0.002 -13"><span class='ocrx_word' id='word_1_428' title='bbox 2088 2635 2286 2691; x_wconf 81' lang='lat' dir='ltr'><strong>famem</strong></span> <span class='ocrx_word' id='word_1_429' title='bbox 2312 2650 2414 2691; x_wconf 91' lang='lat' dir='ltr'><strong>non</strong></span> <span class='ocrx_word' id='word_1_430' title='bbox 2439 2635 2585 2689; x_wconf 89' lang='lat' dir='ltr'><strong>misit</strong></span> <span class='ocrx_word' id='word_1_431' title='bbox 2602 2633 2744 2689; x_wconf 90' lang='lat' dir='ltr'><strong>Deus</strong></span> <span class='ocrx_word' id='word_1_432' title='bbox 2769 2648 2936 2704; x_wconf 87' lang='lat' dir='ltr'><strong>super</strong></span> <span class='ocrx_word' id='word_1_433' title='bbox 2963 2632 3256 2688; x_wconf 87' lang='lat' dir='ltr'><strong>Ecclesiam</strong></span> <span class='ocrx_word' id='word_1_434' title='bbox 3285 2647 3461 2700; x_wconf 89' lang='lat' dir='ltr'><strong>suam,</strong></span> <span class='ocrx_word' id='word_1_435' title='bbox 3488 2648 3666 2702; x_wconf 90' lang='lat' dir='ltr'><strong>neque</strong></span> 
     </span>
    </p>
   </div>
   <div class='ocr_carea' id='block_1_57' title="bbox 2088 2720 3665 2783">
    <p class='ocr_par' dir='ltr' id='par_1_57' title="bbox 2088 2720 3665 2783">
     <span class='ocr_line' id='line_1_57' title="bbox 2088 2720 3665 2783; baseline -0.003 -1"><span class='ocrx_word' id='word_1_436' title='bbox 2088 2728 2234 2783; x_wconf 83' lang='lat' dir='ltr'><strong>sitim</strong></span> <span class='ocrx_word' id='word_1_437' title='bbox 2282 2726 2351 2781; x_wconf 90' lang='lat' dir='ltr'><strong>ad</strong></span> <span class='ocrx_word' id='word_1_438' title='bbox 2395 2724 2723 2780; x_wconf 90' lang='lat' dir='ltr'><strong>audiendum</strong></span> <span class='ocrx_word' id='word_1_439' title='bbox 2768 2724 2996 2779; x_wconf 91' lang='lat' dir='ltr'><strong>verbum</strong></span> <span class='ocrx_word' id='word_1_440' title='bbox 3040 2722 3156 2777; x_wconf 91' lang='lat' dir='ltr'><strong>Dei.</strong></span> <span class='ocrx_word' id='word_1_441' title='bbox 3207 2720 3477 2779; x_wconf 84' lang='lat' dir='ltr'><strong>Habemus</strong></span> <span class='ocrx_word' id='word_1_442' title='bbox 3518 2725 3665 2778; x_wconf 88' lang='lat' dir='ltr'><strong>enim</strong></span> 
     </span>
    </p>
   </div>
   <div class='ocr_carea' id='block_1_58' title="bbox 2088 2814 3669 2895">
    <p class='ocr_par' dir='ltr' id='par_1_58' title="bbox 2088 2814 3669 2895">
     <span class='ocr_line' id='line_1_58' title="bbox 2088 2814 3669 2895; baseline -0.003 -21"><span class='ocrx_word' id='word_1_443' title='bbox 2088 2834 2284 2891; x_wconf 87' lang='lat' dir='ltr'><strong>panem</strong></span> <span class='ocrx_word' id='word_1_444' title='bbox 2341 2818 2522 2874; x_wconf 86' lang='lat' dir='ltr'><strong>vivum</strong></span> <span class='ocrx_word' id='word_1_445' title='bbox 2570 2817 2661 2887; x_wconf 91' lang='lat' dir='ltr'><strong>qui</strong></span> <span class='ocrx_word' id='word_1_446' title='bbox 2707 2816 2773 2872; x_wconf 90' lang='lat' dir='ltr'><strong>de</strong></span> <span class='ocrx_word' id='word_1_447' title='bbox 2824 2814 2965 2895; x_wconf 65' lang='lat' dir='ltr'><strong>caelo</strong></span> <span class='ocrx_word' id='word_1_448' title='bbox 3029 2814 3347 2882; x_wconf 86' lang='lat' dir='ltr'><strong>descendit,</strong></span> <span class='ocrx_word' id='word_1_449' title='bbox 3405 2815 3669 2870; x_wconf 89' lang='lat' dir='ltr'><strong>habemus</strong></span> 
     </span>
    </p>
   </div>
   <div class='ocr_carea' id='block_1_59' title="bbox 2089 2904 3667 2981">
    <p class='ocr_par' dir='ltr' id='par_1_59' title="bbox 2089 2904 3667 2981">
     <span class='ocr_line' id='line_1_59' title="bbox 2089 2904 3667 2981; baseline -0.002 -17"><span class='ocrx_word' id='word_1_450' title='bbox 2089 2924 2284 2981; x_wconf 87' lang='lat' dir='ltr'><strong>aquam</strong></span> <span class='ocrx_word' id='word_1_451' title='bbox 2316 2909 2492 2965; x_wconf 90' lang='lat' dir='ltr'><strong>vivam</strong></span> <span class='ocrx_word' id='word_1_452' title='bbox 2527 2908 2813 2963; x_wconf 87' lang='lat' dir='ltr'><strong>salientem</strong></span> <span class='ocrx_word' id='word_1_453' title='bbox 2840 2907 2893 2961; x_wconf 93' lang='lat' dir='ltr'><strong>in</strong></span> <span class='ocrx_word' id='word_1_454' title='bbox 2923 2905 3087 2960; x_wconf 89' lang='lat' dir='ltr'><strong>vitam</strong></span> <span class='ocrx_word' id='word_1_455' title='bbox 3121 2915 3401 2960; x_wconf 63' lang='lat' dir='ltr'><strong>aeternam.</strong></span> <span class='ocrx_word' id='word_1_456' title='bbox 3430 2904 3541 2960; x_wconf 89' lang='lat' dir='ltr'><strong>Cur</strong></span> <span class='ocrx_word' id='word_1_457' title='bbox 3569 2920 3667 2961; x_wconf 88' lang='lat' dir='ltr'><strong>nos</strong></span> 
     </span>
    </p>
   </div>
   <div class='ocr_carea' id='block_1_60' title="bbox 2089 2996 3666 3072">
    <p class='ocr_par' dir='ltr' id='par_1_60' title="bbox 2089 2996 3666 3072">
     <span class='ocr_line' id='line_1_60' title="bbox 2089 2996 3666 3072; baseline -0.004 -16"><span class='ocrx_word' id='word_1_458' title='bbox 2089 3002 2236 3072; x_wconf 88' lang='lat' dir='ltr'><strong>ipsos</strong></span> <span class='ocrx_word' id='word_1_459' title='bbox 2288 3000 2633 3055; x_wconf 85' lang='lat' dir='ltr'><strong>fecunditatis</strong></span> <span class='ocrx_word' id='word_1_460' title='bbox 2680 3010 2923 3068; x_wconf 90' lang='lat' dir='ltr'><strong>tempore</strong></span> <span class='ocrx_word' id='word_1_461' title='bbox 2958 2996 3101 3050; x_wconf 81' lang='lat' dir='ltr'><strong>laine</strong></span> <span class='ocrx_word' id='word_1_462' title='bbox 3143 3010 3399 3050; x_wconf 90' lang='lat' dir='ltr'><strong>necamus</strong></span> <span class='ocrx_word' id='word_1_463' title='bbox 3438 3010 3501 3050; x_wconf 91' lang='lat' dir='ltr'><strong>ac</strong></span> <span class='ocrx_word' id='word_1_464' title='bbox 3539 2996 3666 3051; x_wconf 78' lang='lat' dir='ltr'><strong>siti?</strong></span> 
     </span>
    </p>
   </div>
   <div class='ocr_carea' id='block_1_61' title="bbox 419 3083 1990 3177">
    <p class='ocr_par' dir='ltr' id='par_1_61' title="bbox 419 3083 1982 3157">
     <span class='ocr_line' id='line_1_61' title="bbox 419 3083 1982 3157; baseline -0.003 -16"><span class='ocrx_word' id='word_1_465' title='bbox 419 3087 681 3157; x_wconf 86' lang='lat' dir='ltr'><strong>propheta</strong></span> <span class='ocrx_word' id='word_1_466' title='bbox 707 3086 921 3155; x_wconf 89' lang='lat' dir='ltr'><strong>quidem</strong></span> <span class='ocrx_word' id='word_1_467' title='bbox 938 3086 1198 3156; x_wconf 91' lang='lat' dir='ltr'><strong>quoniam</strong></span> <span class='ocrx_word' id='word_1_468' title='bbox 1227 3085 1295 3138; x_wconf 92' lang='lat' dir='ltr'><strong>ab</strong></span> <span class='ocrx_word' id='word_1_469' title='bbox 1312 3083 1567 3138; x_wconf 88' lang='lat' dir='ltr'><strong>omnibus</strong></span> <span class='ocrx_word' id='word_1_470' title='bbox 1590 3085 1823 3139; x_wconf 91' lang='lat' dir='ltr'><strong>mundus</strong></span> <span class='ocrx_word' id='word_1_471' title='bbox 1844 3091 1982 3153; x_wconf 82' lang='lat' dir='ltr'><strong>erat,</strong></span> 
     </span>
    </p>
   </div>
   <div class='ocr_carea' id='block_1_62' title="bbox 2094 3083 3664 3177">
    <p class='ocr_par' dir='ltr' id='par_1_62' title="bbox 2094 3087 3664 3165">
     <span class='ocr_line' id='line_1_62' title="bbox 2094 3087 3664 3165; baseline -0.006 -17"><span class='ocrx_word' id='word_1_472' title='bbox 2094 3092 2264 3165; x_wconf 67' lang='lat' dir='ltr'><strong>Pigra!</strong></span> <span class='ocrx_word' id='word_1_473' title='bbox 2293 3102 2347 3147; x_wconf 82' lang='lat' dir='ltr'><strong>et</strong></span> <span class='ocrx_word' id='word_1_474' title='bbox 2376 3092 2574 3146; x_wconf 87' lang='lat' dir='ltr'><strong>desidis</strong></span> <span class='ocrx_word' id='word_1_475' title='bbox 2601 3091 2795 3144; x_wconf 62' lang='lat' dir='ltr'><strong>animae</strong></span> <span class='ocrx_word' id='word_1_476' title='bbox 2821 3097 2927 3155; x_wconf 90' lang='lat' dir='ltr'><strong>est,</strong></span> <span class='ocrx_word' id='word_1_477' title='bbox 2963 3088 3015 3142; x_wconf 94' lang='lat' dir='ltr'><strong>in</strong></span> <span class='ocrx_word' id='word_1_478' title='bbox 3056 3087 3384 3142; x_wconf 83' lang='lat' dir='ltr'><strong>abundantia</strong></span> <span class='ocrx_word' id='word_1_479' title='bbox 3418 3088 3664 3142; x_wconf 89' lang='lat' dir='ltr'><strong>omnium</strong></span> 
     </span>
    </p>
   </div>
   <div class='ocr_carea' id='block_1_63' title="bbox 425 3174 1987 3245">
    <p class='ocr_par' dir='ltr' id='par_1_63' title="bbox 425 3174 1987 3245">
     <span class='ocr_line' id='line_1_63' title="bbox 425 3174 1987 3245; baseline -0.002 -12"><span class='ocrx_word' id='word_1_480' title='bbox 425 3179 631 3233; x_wconf 90' lang='lat' dir='ltr'><strong>idcirco</strong></span> <span class='ocrx_word' id='word_1_481' title='bbox 685 3177 884 3233; x_wconf 90' lang='lat' dir='ltr'><strong>meruit</strong></span> <span class='ocrx_word' id='word_1_482' title='bbox 911 3186 965 3231; x_wconf 90' lang='lat' dir='ltr'><strong>ut</strong></span> <span class='ocrx_word' id='word_1_483' title='bbox 1003 3191 1144 3232; x_wconf 90' lang='lat' dir='ltr'><strong>unus</strong></span> <span class='ocrx_word' id='word_1_484' title='bbox 1171 3178 1238 3232; x_wconf 90' lang='lat' dir='ltr'><strong>de</strong></span> <span class='ocrx_word' id='word_1_485' title='bbox 1268 3175 1540 3245; x_wconf 83' lang='lat' dir='ltr'><strong>seraphitt&#39;t</strong></span> <span class='ocrx_word' id='word_1_486' title='bbox 1577 3175 1892 3231; x_wconf 89' lang='lat' dir='ltr'><strong>mitteretur</strong></span> <span class='ocrx_word' id='word_1_487' title='bbox 1918 3174 1987 3230; x_wconf 90' lang='lat' dir='ltr'><strong>ad</strong></span> 
     </span>
    </p>
   </div>
   <div class='ocr_carea' id='block_1_64' title="bbox 422 3263 1987 3339">
    <p class='ocr_par' dir='ltr' id='par_1_64' title="bbox 422 3263 1987 3339">
     <span class='ocr_line' id='line_1_64' title="bbox 422 3263 1987 3339; baseline -0.004 -13"><span class='ocrx_word' id='word_1_488' title='bbox 422 3286 568 3337; x_wconf 87' lang='lat' dir='ltr'><strong>eum,</strong></span> <span class='ocrx_word' id='word_1_489' title='bbox 596 3268 685 3339; x_wconf 85' lang='lat' dir='ltr'><strong>qui</strong></span> <span class='ocrx_word' id='word_1_490' title='bbox 715 3268 833 3339; x_wconf 84' lang='lat' dir='ltr'><strong>ejus</strong></span> <span class='ocrx_word' id='word_1_491' title='bbox 860 3268 971 3325; x_wconf 90' lang='lat' dir='ltr'><strong>sola</strong></span> <span class='ocrx_word' id='word_1_492' title='bbox 1008 3268 1145 3324; x_wconf 86' lang='lat' dir='ltr'><strong>labia</strong></span> <span class='ocrx_word' id='word_1_493' title='bbox 1177 3275 1460 3338; x_wconf 85' lang='lat' dir='ltr'><strong>purgaret.</strong></span> <span class='ocrx_word' id='word_1_494' title='bbox 1491 3263 1602 3322; x_wconf 84' lang='lat' dir='ltr'><strong>Nos</strong></span> <span class='ocrx_word' id='word_1_495' title='bbox 1628 3280 1761 3322; x_wconf 87' lang='lat' dir='ltr'><strong>vero</strong></span> <span class='ocrx_word' id='word_1_496' title='bbox 1792 3280 1987 3322; x_wconf 88' lang='lat' dir='ltr'><strong>vereor</strong></span> 
     </span>
    </p>
   </div>
   <div class='ocr_carea' id='block_1_65' title="bbox 422 3358 1990 3433">
    <p class='ocr_par' dir='ltr' id='par_1_65' title="bbox 422 3358 1990 3433">
     <span class='ocr_line' id='line_1_65' title="bbox 422 3358 1990 3433; baseline -0.003 -16"><span class='ocrx_word' id='word_1_497' title='bbox 422 3378 491 3418; x_wconf 90' lang='lat' dir='ltr'><strong>ne</strong></span> <span class='ocrx_word' id='word_1_498' title='bbox 533 3363 708 3433; x_wconf 87' lang='lat' dir='ltr'><strong>ignem</strong></span> <span class='ocrx_word' id='word_1_499' title='bbox 762 3377 868 3417; x_wconf 91' lang='lat' dir='ltr'><strong>non</strong></span> <span class='ocrx_word' id='word_1_500' title='bbox 924 3361 1185 3417; x_wconf 89' lang='lat' dir='ltr'><strong>membris</strong></span> <span class='ocrx_word' id='word_1_501' title='bbox 1248 3358 1495 3430; x_wconf 89' lang='lat' dir='ltr'><strong>singulis,</strong></span> <span class='ocrx_word' id='word_1_502' title='bbox 1560 3359 1655 3414; x_wconf 90' lang='lat' dir='ltr'><strong>sed</strong></span> <span class='ocrx_word' id='word_1_503' title='bbox 1709 3368 1820 3416; x_wconf 91' lang='lat' dir='ltr'><strong>toto</strong></span> <span class='ocrx_word' id='word_1_504' title='bbox 1867 3374 1990 3414; x_wconf 90' lang='lat' dir='ltr'><strong>cor-</strong></span> 
     </span>
    </p>
   </div>
   <div class='ocr_carea' id='block_1_66' title="bbox 419 3448 1989 3528">
    <p class='ocr_par' dir='ltr' id='par_1_66' title="bbox 419 3448 1989 3528">
     <span class='ocr_line' id='line_1_66' title="bbox 419 3448 1989 3528; baseline -0.004 -17"><span class='ocrx_word' id='word_1_505' title='bbox 419 3470 554 3528; x_wconf 91' lang='lat' dir='ltr'><strong>pore</strong></span> <span class='ocrx_word' id='word_1_506' title='bbox 586 3468 911 3511; x_wconf 87' lang='lat' dir='ltr'><strong>mereamur.</strong></span> <span class='ocrx_word' id='word_1_507' title='bbox 961 3454 1094 3508; x_wconf 90' lang='lat' dir='ltr'><strong>Cum</strong></span> <span class='ocrx_word' id='word_1_508' title='bbox 1139 3452 1285 3507; x_wconf 88' lang='lat' dir='ltr'><strong>enim</strong></span> <span class='ocrx_word' id='word_1_509' title='bbox 1338 3451 1627 3507; x_wconf 85' lang='lat' dir='ltr'><strong>lasciviunt</strong></span> <span class='ocrx_word' id='word_1_510' title='bbox 1688 3449 1858 3515; x_wconf 91' lang='lat' dir='ltr'><strong>oculi,</strong></span> <span class='ocrx_word' id='word_1_511' title='bbox 1904 3448 1989 3504; x_wconf 90' lang='lat' dir='ltr'><strong>vel</strong></span> 
     </span>
    </p>
   </div>
   <div class='ocr_carea' id='block_1_67' title="bbox 420 3540 1989 3618">
    <p class='ocr_par' dir='ltr' id='par_1_67' title="bbox 420 3540 1989 3618">
     <span class='ocr_line' id='line_1_67' title="bbox 420 3540 1989 3618; baseline -0.004 -16"><span class='ocrx_word' id='word_1_512' title='bbox 420 3563 519 3618; x_wconf 89' lang='lat' dir='ltr'><strong>per</strong></span> <span class='ocrx_word' id='word_1_513' title='bbox 568 3546 783 3602; x_wconf 88' lang='lat' dir='ltr'><strong>illicitas</strong></span> <span class='ocrx_word' id='word_1_514' title='bbox 828 3543 1333 3613; x_wconf 87' lang='lat' dir='ltr'><strong>concupiscentias,</strong></span> <span class='ocrx_word' id='word_1_515' title='bbox 1381 3541 1467 3596; x_wconf 85' lang='lat' dir='ltr'><strong>vel</strong></span> <span class='ocrx_word' id='word_1_516' title='bbox 1528 3557 1629 3611; x_wconf 92' lang='lat' dir='ltr'><strong>per</strong></span> <span class='ocrx_word' id='word_1_517' title='bbox 1681 3540 1989 3610; x_wconf 83' lang='lat' dir='ltr'><strong>spectacula</strong></span> 
     </span>
    </p>
   </div>
   <div class='ocr_carea' id='block_1_68' title="bbox 421 3631 1989 3715">
    <p class='ocr_par' dir='ltr' id='par_1_68' title="bbox 421 3631 1989 3715">
     <span class='ocr_line' id='line_1_68' title="bbox 421 3631 1989 3715; baseline -0.007 -20"><span class='ocrx_word' id='word_1_518' title='bbox 421 3638 581 3715; x_wconf 57' lang='grc'><strong>24],</strong></span> <span class='ocrx_word' id='word_1_519' title='bbox 609 3636 891 3701; x_wconf 83' lang='lat' dir='ltr'><strong>diabolica,</strong></span> <span class='ocrx_word' id='word_1_520' title='bbox 921 3635 1049 3706; x_wconf 89' lang='lat' dir='ltr'><strong>quid</strong></span> <span class='ocrx_word' id='word_1_521' title='bbox 1080 3634 1225 3689; x_wconf 89' lang='lat' dir='ltr'><strong>aliud</strong></span> <span class='ocrx_word' id='word_1_522' title='bbox 1267 3634 1371 3689; x_wconf 84' lang='lat' dir='ltr'><strong>nisi</strong></span> <span class='ocrx_word' id='word_1_523' title='bbox 1411 3633 1588 3703; x_wconf 91' lang='lat' dir='ltr'><strong>ignem</strong></span> <span class='ocrx_word' id='word_1_524' title='bbox 1630 3631 1730 3685; x_wconf 91' lang='lat' dir='ltr'><strong>sibi</strong></span> <span class='ocrx_word' id='word_1_525' title='bbox 1758 3644 1989 3701; x_wconf 54' lang='lat' dir='ltr'><strong>congre-</strong></span> 
     </span>
    </p>
   </div>
   <div class='ocr_carea' id='block_1_69' title="bbox 422 3723 1988 3805">
    <p class='ocr_par' dir='ltr' id='par_1_69' title="bbox 422 3723 1988 3805">
     <span class='ocr_line' id='line_1_69' title="bbox 422 3723 1988 3805; baseline -0.009 -17"><span class='ocrx_word' id='word_1_526' title='bbox 422 3732 586 3805; x_wconf 77' lang='lat' dir='ltr'><strong>gant?</strong></span> <span class='ocrx_word' id='word_1_527' title='bbox 628 3730 762 3787; x_wconf 88' lang='lat' dir='ltr'><strong>Cum</strong></span> <span class='ocrx_word' id='word_1_528' title='bbox 807 3744 967 3783; x_wconf 88' lang='lat' dir='ltr'><strong>aures</strong></span> <span class='ocrx_word' id='word_1_529' title='bbox 1017 3743 1123 3783; x_wconf 91' lang='lat' dir='ltr'><strong>non</strong></span> <span class='ocrx_word' id='word_1_530' title='bbox 1168 3734 1489 3779; x_wconf 87' lang='lat' dir='ltr'><strong>avertuntur</strong></span> <span class='ocrx_word' id='word_1_531' title='bbox 1513 3725 1579 3777; x_wconf 90' lang='lat' dir='ltr'><strong>ab</strong></span> <span class='ocrx_word' id='word_1_532' title='bbox 1616 3723 1798 3777; x_wconf 89' lang='lat' dir='ltr'><strong>auditu</strong></span> <span class='ocrx_word' id='word_1_533' title='bbox 1829 3736 1988 3787; x_wconf 84' lang='lat' dir='ltr'><strong>vano,</strong></span> 
     </span>
    </p>
   </div>
   <div class='ocr_carea' id='block_1_70' title="bbox 421 3815 1990 3898">
    <p class='ocr_par' dir='ltr' id='par_1_70' title="bbox 421 3815 1990 3898">
     <span class='ocr_line' id='line_1_70' title="bbox 421 3815 1990 3898; baseline -0.01 -14"><span class='ocrx_word' id='word_1_534' title='bbox 421 3844 485 3884; x_wconf 90' lang='lat' dir='ltr'><strong>ac</strong></span> <span class='ocrx_word' id='word_1_535' title='bbox 516 3824 955 3898; x_wconf 86' lang='lat' dir='ltr'><strong>derogationibus</strong></span> <span class='ocrx_word' id='word_1_536' title='bbox 983 3821 1371 3891; x_wconf 82' lang='lat' dir='ltr'><strong>proximorum,</strong></span> <span class='ocrx_word' id='word_1_537' title='bbox 1404 3831 1527 3871; x_wconf 89' lang='lat' dir='ltr'><strong>cum</strong></span> <span class='ocrx_word' id='word_1_538' title='bbox 1562 3829 1752 3870; x_wconf 90' lang='lat' dir='ltr'><strong>manus</strong></span> <span class='ocrx_word' id='word_1_539' title='bbox 1780 3830 1806 3868; x_wconf 90' lang='lat' dir='ltr'><strong>a</strong></span> <span class='ocrx_word' id='word_1_540' title='bbox 1843 3815 1990 3869; x_wconf 86' lang='lat' dir='ltr'><strong>caede</strong></span> 
     </span>
    </p>
   </div>
   <div class='ocr_carea' id='block_1_71' title="bbox 421 3904 1989 3991">
    <p class='ocr_par' dir='ltr' id='par_1_71' title="bbox 421 3904 1989 3991">
     <span class='ocr_line' id='line_1_71' title="bbox 421 3904 1989 3991; baseline -0.013 -13"><span class='ocrx_word' id='word_1_541' title='bbox 421 3934 776 3991; x_wconf 84' lang='lat' dir='ltr'><strong>nequaquam,</strong></span> <span class='ocrx_word' id='word_1_542' title='bbox 807 3930 908 3970; x_wconf 87' lang='lat' dir='ltr'><strong>nec</strong></span> <span class='ocrx_word' id='word_1_543' title='bbox 935 3929 965 3968; x_wconf 92' lang='lat' dir='ltr'><strong>a</strong></span> <span class='ocrx_word' id='word_1_544' title='bbox 1003 3911 1205 3981; x_wconf 89' lang='lat' dir='ltr'><strong>rapinis</strong></span> <span class='ocrx_word' id='word_1_545' title='bbox 1233 3923 1298 3963; x_wconf 86' lang='lat' dir='ltr'><strong>ac</strong></span> <span class='ocrx_word' id='word_1_546' title='bbox 1339 3904 1829 3977; x_wconf 64' lang='lat' dir='ltr'><strong>depraedationibus</strong></span> <span class='ocrx_word' id='word_1_547' title='bbox 1858 3921 1989 3960; x_wconf 82' lang='lat' dir='ltr'><strong>cou-</strong></span> 
     </span>
    </p>
   </div>
   <div class='ocr_carea' id='block_1_72' title="bbox 422 3996 1988 4077">
    <p class='ocr_par' dir='ltr' id='par_1_72' title="bbox 422 3996 1988 4077">
     <span class='ocr_line' id='line_1_72' title="bbox 422 3996 1988 4077; baseline -0.012 -8"><span class='ocrx_word' id='word_1_548' title='bbox 422 4017 682 4077; x_wconf 90' lang='lat' dir='ltr'><strong>tiuentur,</strong></span> <span class='ocrx_word' id='word_1_549' title='bbox 713 4025 834 4066; x_wconf 89' lang='lat' dir='ltr'><strong>cum</strong></span> <span class='ocrx_word' id='word_1_550' title='bbox 875 4006 1041 4077; x_wconf 90' lang='lat' dir='ltr'><strong>pedes</strong></span> <span class='ocrx_word' id='word_1_551' title='bbox 1090 4002 1302 4057; x_wconf 86' lang='lat' dir='ltr'><strong>veloces</strong></span> <span class='ocrx_word' id='word_1_552' title='bbox 1343 4010 1468 4054; x_wconf 87' lang='lat' dir='ltr'><strong>sunt</strong></span> <span class='ocrx_word' id='word_1_553' title='bbox 1508 4001 1576 4054; x_wconf 90' lang='lat' dir='ltr'><strong>ad</strong></span> <span class='ocrx_word' id='word_1_554' title='bbox 1609 3996 1988 4052; x_wconf 77' lang='lat' dir='ltr'><strong>effundendum</strong></span> 
     </span>
    </p>
   </div>
   <div class='ocr_carea' id='block_1_73' title="bbox 420 4089 1985 4177">
    <p class='ocr_par' dir='ltr' id='par_1_73' title="bbox 420 4089 1985 4177">
     <span class='ocr_line' id='line_1_73' title="bbox 420 4089 1985 4177; baseline -0.014 -14"><span class='ocrx_word' id='word_1_555' title='bbox 420 4107 760 4177; x_wconf 85' lang='lat' dir='ltr'><strong>sanguinem,</strong></span> <span class='ocrx_word' id='word_1_556' title='bbox 782 4118 1012 4173; x_wconf 90' lang='lat' dir='ltr'><strong>cumque</strong></span> <span class='ocrx_word' id='word_1_557' title='bbox 1037 4112 1235 4169; x_wconf 86' lang='lat' dir='ltr'><strong>corpus</strong></span> <span class='ocrx_word' id='word_1_558' title='bbox 1273 4110 1378 4151; x_wconf 92' lang='lat' dir='ltr'><strong>non</strong></span> <span class='ocrx_word' id='word_1_559' title='bbox 1410 4092 1659 4155; x_wconf 89' lang='lat' dir='ltr'><strong>Domino,</strong></span> <span class='ocrx_word' id='word_1_560' title='bbox 1688 4089 1782 4146; x_wconf 90' lang='lat' dir='ltr'><strong>sed</strong></span> <span class='ocrx_word' id='word_1_561' title='bbox 1818 4089 1985 4144; x_wconf 85' lang='lat' dir='ltr'><strong>forni-</strong></span> 
     </span>
    </p>
   </div>
   <div class='ocr_carea' id='block_1_74' title="bbox 420 4188 1990 4265">
    <p class='ocr_par' dir='ltr' id='par_1_74' title="bbox 420 4188 1990 4265">
     <span class='ocr_line' id='line_1_74' title="bbox 420 4188 1990 4265; baseline -0.015 -9"><span class='ocrx_word' id='word_1_562' title='bbox 420 4199 622 4256; x_wconf 87' lang='lat' dir='ltr'><strong>cationi</strong></span> <span class='ocrx_word' id='word_1_563' title='bbox 652 4198 933 4262; x_wconf 88' lang='lat' dir='ltr'><strong>tradimus,</strong></span> <span class='ocrx_word' id='word_1_564' title='bbox 960 4193 1090 4265; x_wconf 90' lang='lat' dir='ltr'><strong>quid</strong></span> <span class='ocrx_word' id='word_1_565' title='bbox 1118 4191 1260 4246; x_wconf 87' lang='lat' dir='ltr'><strong>aliud</strong></span> <span class='ocrx_word' id='word_1_566' title='bbox 1302 4188 1403 4244; x_wconf 88' lang='lat' dir='ltr'><strong>nisi</strong></span> <span class='ocrx_word' id='word_1_567' title='bbox 1451 4194 1621 4241; x_wconf 89' lang='lat' dir='ltr'><strong>totum</strong></span> <span class='ocrx_word' id='word_1_568' title='bbox 1656 4196 1853 4252; x_wconf 88' lang='lat' dir='ltr'><strong>corpus</strong></span> <span class='ocrx_word' id='word_1_569' title='bbox 1882 4189 1990 4234; x_wconf 85' lang='lat' dir='ltr'><strong>tra-</strong></span> 
     </span>
    </p>
   </div>
   <div class='ocr_carea' id='block_1_75' title="bbox 421 4276 1992 4360">
    <p class='ocr_par' dir='ltr' id='par_1_75' title="bbox 421 4276 1992 4360">
     <span class='ocr_line' id='line_1_75' title="bbox 421 4276 1992 4360; baseline -0.017 -10"><span class='ocrx_word' id='word_1_570' title='bbox 421 4296 602 4350; x_wconf 90' lang='lat' dir='ltr'><strong>dimus</strong></span> <span class='ocrx_word' id='word_1_571' title='bbox 634 4294 686 4347; x_wconf 92' lang='lat' dir='ltr'><strong>in</strong></span> <span class='ocrx_word' id='word_1_572' title='bbox 719 4284 1059 4360; x_wconf 81' lang='lat' dir='ltr'><strong>gehennam?</strong></span> <span class='ocrx_word' id='word_1_573' title='bbox 1106 4288 1176 4340; x_wconf 84' lang='lat' dir='ltr'><strong>At</strong></span> <span class='ocrx_word' id='word_1_574' title='bbox 1224 4283 1337 4337; x_wconf 77' lang='lat' dir='ltr'><strong>haec</strong></span> <span class='ocrx_word' id='word_1_575' title='bbox 1390 4294 1515 4335; x_wconf 90' lang='lat' dir='ltr'><strong>cum</strong></span> <span class='ocrx_word' id='word_1_576' title='bbox 1560 4276 1831 4339; x_wconf 88' lang='lat' dir='ltr'><strong>dicuntur,</strong></span> <span class='ocrx_word' id='word_1_577' title='bbox 1864 4288 1992 4327; x_wconf 88' lang='lat' dir='ltr'><strong>con-</strong></span> 
     </span>
    </p>
   </div>
   <div class='ocr_carea' id='block_1_76' title="bbox 425 4363 1988 4449">
    <p class='ocr_par' dir='ltr' id='par_1_76' title="bbox 425 4363 1988 4449">
     <span class='ocr_line' id='line_1_76' title="bbox 425 4363 1988 4449; baseline -0.015 -12"><span class='ocrx_word' id='word_1_578' title='bbox 425 4380 649 4449; x_wconf 86' lang='lat' dir='ltr'><strong>temptui</strong></span> <span class='ocrx_word' id='word_1_579' title='bbox 675 4379 961 4433; x_wconf 87' lang='lat' dir='ltr'><strong>habentur.</strong></span> <span class='ocrx_word' id='word_1_580' title='bbox 985 4372 1202 4440; x_wconf 76' lang='lat' dir='ltr'><strong>Quare?</strong></span> <span class='ocrx_word' id='word_1_581' title='bbox 1227 4370 1350 4441; x_wconf 89' lang='lat' dir='ltr'><strong>quia</strong></span> <span class='ocrx_word' id='word_1_582' title='bbox 1378 4368 1510 4424; x_wconf 81' lang='lat' dir='ltr'><strong>fides</strong></span> <span class='ocrx_word' id='word_1_583' title='bbox 1541 4367 1712 4422; x_wconf 88' lang='lat' dir='ltr'><strong>deest.</strong></span> <span class='ocrx_word' id='word_1_584' title='bbox 1738 4363 1988 4433; x_wconf 86' lang='lat' dir='ltr'><strong>Alioquin</strong></span> 
     </span>
    </p>
   </div>
   <div class='ocr_carea' id='block_1_77' title="bbox 2089 3178 3668 3257">
    <p class='ocr_par' dir='ltr' id='par_1_77' title="bbox 2089 3178 3668 3257">
     <span class='ocr_line' id='line_1_77' title="bbox 2089 3178 3668 3257; baseline -0.004 -18"><span class='ocrx_word' id='word_1_585' title='bbox 2089 3185 2372 3254; x_wconf 87' lang='lat' dir='ltr'><strong>penuriam</strong></span> <span class='ocrx_word' id='word_1_586' title='bbox 2404 3185 2534 3251; x_wconf 88' lang='lat' dir='ltr'><strong>pati.</strong></span> <span class='ocrx_word' id='word_1_587' title='bbox 2565 3181 2679 3236; x_wconf 82' lang='lat' dir='ltr'><strong>Non</strong></span> <span class='ocrx_word' id='word_1_588' title='bbox 2705 3180 3017 3257; x_wconf 74' lang='lat' dir='ltr'><strong>audistisex</strong></span> <span class='ocrx_word' id='word_1_589' title='bbox 3051 3180 3250 3234; x_wconf 86' lang='lat' dir='ltr'><strong>divinis</strong></span> <span class='ocrx_word' id='word_1_590' title='bbox 3282 3179 3578 3249; x_wconf 86' lang='lat' dir='ltr'><strong>Scripturis</strong></span> <span class='ocrx_word' id='word_1_591' title='bbox 3595 3178 3668 3243; x_wconf 80' lang='lat'><strong>&quot;,</strong></span> 
     </span>
    </p>
   </div>
   <div class='ocr_carea' id='block_1_78' title="bbox 2089 3264 3666 3345">
    <p class='ocr_par' dir='ltr' id='par_1_78' title="bbox 2089 3264 3666 3345">
     <span class='ocr_line' id='line_1_78' title="bbox 2089 3264 3666 3345; baseline -0.006 -18"><span class='ocrx_word' id='word_1_592' title='bbox 2089 3275 2216 3345; x_wconf 88' lang='lat' dir='ltr'><strong>quia</strong></span> <span class='ocrx_word' id='word_1_593' title='bbox 2264 3281 2535 3327; x_wconf 88' lang='lat' dir='ltr'><strong>certamen</strong></span> <span class='ocrx_word' id='word_1_594' title='bbox 2568 3279 2654 3325; x_wconf 88' lang='lat' dir='ltr'><strong>est</strong></span> <span class='ocrx_word' id='word_1_595' title='bbox 2706 3269 2845 3323; x_wconf 91' lang='lat' dir='ltr'><strong>inter</strong></span> <span class='ocrx_word' id='word_1_596' title='bbox 2890 3267 3137 3321; x_wconf 90' lang='lat' dir='ltr'><strong>homines</strong></span> <span class='ocrx_word' id='word_1_597' title='bbox 3181 3265 3329 3319; x_wconf 89' lang='lat' dir='ltr'><strong>carni</strong></span> <span class='ocrx_word' id='word_1_598' title='bbox 3377 3264 3666 3319; x_wconf 87' lang='lat' dir='ltr'><strong>adversum</strong></span> 
     </span>
    </p>
   </div>
   <div class='ocr_carea' id='block_1_79' title="bbox 2088 3354 3672 3436">
    <p class='ocr_par' dir='ltr' id='par_1_79' title="bbox 2088 3354 3672 3436">
     <span class='ocr_line' id='line_1_79' title="bbox 2088 3354 3672 3436; baseline -0.008 -16"><span class='ocrx_word' id='word_1_599' title='bbox 2088 3366 2363 3436; x_wconf 89' lang='lat' dir='ltr'><strong>spiritum,</strong></span> <span class='ocrx_word' id='word_1_600' title='bbox 2397 3370 2451 3417; x_wconf 92' lang='lat' dir='ltr'><strong>et</strong></span> <span class='ocrx_word' id='word_1_601' title='bbox 2488 3359 2705 3431; x_wconf 89' lang='lat' dir='ltr'><strong>spiritui</strong></span> <span class='ocrx_word' id='word_1_602' title='bbox 2747 3359 3007 3413; x_wconf 84' lang='lat' dir='ltr'><strong>adversus</strong></span> <span class='ocrx_word' id='word_1_603' title='bbox 3044 3355 3307 3411; x_wconf 85' lang='lat' dir='ltr'><strong>carnem?</strong></span> <span class='ocrx_word' id='word_1_604' title='bbox 3341 3354 3406 3409; x_wconf 84' lang='lat' dir='ltr'><strong>Et</strong></span> <span class='ocrx_word' id='word_1_605' title='bbox 3452 3354 3672 3407; x_wconf 88' lang='lat' dir='ltr'><strong>nescitis</strong></span> 
     </span>
    </p>
   </div>
   <div class='ocr_carea' id='block_1_80' title="bbox 2091 3442 3669 3525">
    <p class='ocr_par' dir='ltr' id='par_1_80' title="bbox 2091 3442 3669 3525">
     <span class='ocr_line' id='line_1_80' title="bbox 2091 3442 3669 3525; baseline -0.006 -20"><span class='ocrx_word' id='word_1_606' title='bbox 2091 3453 2235 3525; x_wconf 90' lang='lat' dir='ltr'><strong>quod</strong></span> <span class='ocrx_word' id='word_1_607' title='bbox 2269 3453 2312 3507; x_wconf 90' lang='lat' dir='ltr'><strong>si</strong></span> <span class='ocrx_word' id='word_1_608' title='bbox 2343 3466 2566 3507; x_wconf 89' lang='lat' dir='ltr'><strong>carnem</strong></span> <span class='ocrx_word' id='word_1_609' title='bbox 2600 3448 2771 3504; x_wconf 88' lang='lat' dir='ltr'><strong>solam</strong></span> <span class='ocrx_word' id='word_1_610' title='bbox 2796 3446 3072 3510; x_wconf 89' lang='lat' dir='ltr'><strong>nutriatis,</strong></span> <span class='ocrx_word' id='word_1_611' title='bbox 3103 3455 3162 3500; x_wconf 91' lang='lat' dir='ltr'><strong>et</strong></span> <span class='ocrx_word' id='word_1_612' title='bbox 3191 3444 3361 3515; x_wconf 85' lang='lat' dir='ltr'><strong>ipsam</strong></span> <span class='ocrx_word' id='word_1_613' title='bbox 3394 3442 3669 3514; x_wconf 89' lang='lat' dir='ltr'><strong>frequenti</strong></span> 
     </span>
    </p>
   </div>
   <div class='ocr_carea' id='block_1_81' title="bbox 2092 3534 3673 3614">
    <p class='ocr_par' dir='ltr' id='par_1_81' title="bbox 2092 3534 3673 3614">
     <span class='ocr_line' id='line_1_81' title="bbox 2092 3534 3673 3614; baseline -0.008 -13"><span class='ocrx_word' id='word_1_614' title='bbox 2092 3545 2316 3601; x_wconf 92' lang='lat' dir='ltr'><strong>mollitie</strong></span> <span class='ocrx_word' id='word_1_615' title='bbox 2348 3558 2413 3598; x_wconf 90' lang='lat' dir='ltr'><strong>ac</strong></span> <span class='ocrx_word' id='word_1_616' title='bbox 2438 3541 2553 3614; x_wconf 87' lang='lat' dir='ltr'><strong>jugi</strong></span> <span class='ocrx_word' id='word_1_617' title='bbox 2578 3540 2895 3596; x_wconf 85' lang='lat' dir='ltr'><strong>deliciarum</strong></span> <span class='ocrx_word' id='word_1_618' title='bbox 2928 3537 3073 3591; x_wconf 80' lang='lat' dir='ltr'><strong>ﬂuxu</strong></span> <span class='ocrx_word' id='word_1_619' title='bbox 3100 3534 3353 3599; x_wconf 86' lang='lat' dir='ltr'><strong>foveatis,</strong></span> <span class='ocrx_word' id='word_1_620' title='bbox 3384 3534 3673 3589; x_wconf 89' lang='lat' dir='ltr'><strong>insolescct</strong></span> 
     </span>
    </p>
   </div>
   <div class='ocr_carea' id='block_1_82' title="bbox 2090 3624 3668 3700">
    <p class='ocr_par' dir='ltr' id='par_1_82' title="bbox 2090 3624 3668 3700">
     <span class='ocr_line' id='line_1_82' title="bbox 2090 3624 3668 3700; baseline -0.01 -6"><span class='ocrx_word' id='word_1_621' title='bbox 2090 3634 2399 3694; x_wconf 88' lang='lat' dir='ltr'><strong>necessario</strong></span> <span class='ocrx_word' id='word_1_622' title='bbox 2420 3634 2709 3689; x_wconf 90' lang='lat' dir='ltr'><strong>adversum</strong></span> <span class='ocrx_word' id='word_1_623' title='bbox 2743 3629 3017 3700; x_wconf 90' lang='lat' dir='ltr'><strong>spiritum,</strong></span> <span class='ocrx_word' id='word_1_624' title='bbox 3046 3635 3099 3683; x_wconf 90' lang='lat' dir='ltr'><strong>et</strong></span> <span class='ocrx_word' id='word_1_625' title='bbox 3132 3627 3324 3683; x_wconf 89' lang='lat' dir='ltr'><strong>fortior</strong></span> <span class='ocrx_word' id='word_1_626' title='bbox 3348 3625 3438 3681; x_wconf 92' lang='lat' dir='ltr'><strong>illo</strong></span> <span class='ocrx_word' id='word_1_627' title='bbox 3461 3624 3668 3680; x_wconf 67' lang='lat' dir='ltr'><strong>elﬁcieo</strong></span> 
     </span>
    </p>
   </div>
   <div class='ocr_carea' id='block_1_83' title="bbox 2093 3719 3669 3795">
    <p class='ocr_par' dir='ltr' id='par_1_83' title="bbox 2093 3719 3669 3795">
     <span class='ocr_line' id='line_1_83' title="bbox 2093 3719 3669 3795; baseline -0.01 -11"><span class='ocrx_word' id='word_1_628' title='bbox 2093 3729 2214 3785; x_wconf 85' lang='lat' dir='ltr'><strong>tur?</strong></span> <span class='ocrx_word' id='word_1_629' title='bbox 2238 3727 2391 3795; x_wconf 85' lang='lat' dir='ltr'><strong>Quod</strong></span> <span class='ocrx_word' id='word_1_630' title='bbox 2416 3727 2462 3782; x_wconf 88' lang='lat' dir='ltr'><strong>si</strong></span> <span class='ocrx_word' id='word_1_631' title='bbox 2497 3724 2609 3789; x_wconf 86' lang='lat' dir='ltr'><strong>fiat,</strong></span> <span class='ocrx_word' id='word_1_632' title='bbox 2635 3739 2758 3779; x_wconf 91' lang='lat' dir='ltr'><strong>eum</strong></span> <span class='ocrx_word' id='word_1_633' title='bbox 2792 3724 2909 3777; x_wconf 90' lang='lat' dir='ltr'><strong>sine</strong></span> <span class='ocrx_word' id='word_1_634' title='bbox 2936 3721 3101 3776; x_wconf 90' lang='lat' dir='ltr'><strong>dubio</strong></span> <span class='ocrx_word' id='word_1_635' title='bbox 3132 3721 3188 3775; x_wconf 91' lang='lat' dir='ltr'><strong>in</strong></span> <span class='ocrx_word' id='word_1_636' title='bbox 3211 3719 3474 3773; x_wconf 89' lang='lat' dir='ltr'><strong>ditionem</strong></span> <span class='ocrx_word' id='word_1_637' title='bbox 3512 3732 3669 3771; x_wconf 90' lang='lat' dir='ltr'><strong>suam</strong></span> 
     </span>
    </p>
   </div>
   <div class='ocr_carea' id='block_1_84' title="bbox 2093 3805 3669 3882">
    <p class='ocr_par' dir='ltr' id='par_1_84' title="bbox 2093 3805 3669 3882">
     <span class='ocr_line' id='line_1_84' title="bbox 2093 3805 3669 3882; baseline -0.009 -9"><span class='ocrx_word' id='word_1_638' title='bbox 2093 3820 2390 3882; x_wconf 90' lang='lat' dir='ltr'><strong>redactum,</strong></span> <span class='ocrx_word' id='word_1_639' title='bbox 2422 3815 2538 3869; x_wconf 93' lang='lat' dir='ltr'><strong>suis</strong></span> <span class='ocrx_word' id='word_1_640' title='bbox 2584 3822 2743 3882; x_wconf 84' lang='lat' dir='ltr'><strong>coget</strong></span> <span class='ocrx_word' id='word_1_641' title='bbox 2787 3810 2993 3882; x_wconf 86' lang='lat' dir='ltr'><strong>legibus</strong></span> <span class='ocrx_word' id='word_1_642' title='bbox 3038 3824 3102 3864; x_wconf 90' lang='lat' dir='ltr'><strong>ac</strong></span> <span class='ocrx_word' id='word_1_643' title='bbox 3138 3808 3285 3864; x_wconf 85' lang='lat' dir='ltr'><strong>vitiis</strong></span> <span class='ocrx_word' id='word_1_644' title='bbox 3325 3807 3569 3862; x_wconf 86' lang='lat' dir='ltr'><strong>obedire.</strong></span> <span class='ocrx_word' id='word_1_645' title='bbox 3610 3805 3669 3860; x_wconf 91' lang='lat' dir='ltr'><strong>Si</strong></span> 
     </span>
    </p>
   </div>
   <div class='ocr_carea' id='block_1_85' title="bbox 2091 3898 3672 3975">
    <p class='ocr_par' dir='ltr' id='par_1_85' title="bbox 2091 3898 3672 3975">
     <span class='ocr_line' id='line_1_85' title="bbox 2091 3898 3672 3975; baseline -0.009 -8"><span class='ocrx_word' id='word_1_646' title='bbox 2091 3926 2220 3967; x_wconf 89' lang='lat' dir='ltr'><strong>vero</strong></span> <span class='ocrx_word' id='word_1_647' title='bbox 2252 3909 2319 3965; x_wconf 91' lang='lat' dir='ltr'><strong>ad</strong></span> <span class='ocrx_word' id='word_1_648' title='bbox 2350 3907 2637 3964; x_wconf 87' lang='lat' dir='ltr'><strong>ecclesiam</strong></span> <span class='ocrx_word' id='word_1_649' title='bbox 2675 3904 2986 3975; x_wconf 86' lang='lat' dir='ltr'><strong>frequenter</strong></span> <span class='ocrx_word' id='word_1_650' title='bbox 3017 3901 3228 3964; x_wconf 89' lang='lat' dir='ltr'><strong>venias,</strong></span> <span class='ocrx_word' id='word_1_651' title='bbox 3257 3915 3442 3954; x_wconf 87' lang='lat' dir='ltr'><strong>aurem</strong></span> <span class='ocrx_word' id='word_1_652' title='bbox 3473 3898 3672 3952; x_wconf 90' lang='lat' dir='ltr'><strong>litteris</strong></span> 
     </span>
    </p>
   </div>
   <div class='ocr_carea' id='block_1_86' title="bbox 2093 3992 3671 4068">
    <p class='ocr_par' dir='ltr' id='par_1_86' title="bbox 2093 3992 3671 4068">
     <span class='ocr_line' id='line_1_86' title="bbox 2093 3992 3671 4068; baseline -0.01 -9"><span class='ocrx_word' id='word_1_653' title='bbox 2093 4002 2288 4059; x_wconf 90' lang='lat' dir='ltr'><strong>divinis</strong></span> <span class='ocrx_word' id='word_1_654' title='bbox 2318 4001 2629 4064; x_wconf 88' lang='lat' dir='ltr'><strong>admoveas,</strong></span> <span class='ocrx_word' id='word_1_655' title='bbox 2668 3995 3102 4068; x_wconf 80' lang='lat' dir='ltr'><strong>explanationem</strong></span> <span class='ocrx_word' id='word_1_656' title='bbox 3146 3992 3523 4047; x_wconf 90' lang='lat' dir='ltr'><strong>mandatorum</strong></span> <span class='ocrx_word' id='word_1_657' title='bbox 3563 4004 3671 4044; x_wconf 80' lang='lat' dir='ltr'><strong>cte-</strong></span> 
     </span>
    </p>
   </div>
   <div class='ocr_carea' id='block_1_87' title="bbox 2092 4079 3668 4162">
    <p class='ocr_par' dir='ltr' id='par_1_87' title="bbox 2092 4079 3668 4162">
     <span class='ocr_line' id='line_1_87' title="bbox 2092 4079 3668 4162; baseline -0.011 -13"><span class='ocrx_word' id='word_1_658' title='bbox 2092 4092 2305 4149; x_wconf 89' lang='lat' dir='ltr'><strong>lestium</strong></span> <span class='ocrx_word' id='word_1_659' title='bbox 2340 4091 2548 4162; x_wconf 88' lang='lat' dir='ltr'><strong>capias,</strong></span> <span class='ocrx_word' id='word_1_660' title='bbox 2578 4093 2721 4145; x_wconf 88' lang='lat' dir='ltr'><strong>sicut</strong></span> <span class='ocrx_word' id='word_1_661' title='bbox 2755 4086 2894 4142; x_wconf 88' lang='lat' dir='ltr'><strong>cibis</strong></span> <span class='ocrx_word' id='word_1_662' title='bbox 2930 4095 2985 4140; x_wconf 90' lang='lat' dir='ltr'><strong>et</strong></span> <span class='ocrx_word' id='word_1_663' title='bbox 3025 4084 3234 4140; x_wconf 91' lang='lat' dir='ltr'><strong>deliciis</strong></span> <span class='ocrx_word' id='word_1_664' title='bbox 3279 4097 3431 4147; x_wconf 86' lang='lat' dir='ltr'><strong>caro,</strong></span> <span class='ocrx_word' id='word_1_665' title='bbox 3456 4082 3529 4137; x_wconf 87' lang='lat' dir='ltr'><strong>ita</strong></span> <span class='ocrx_word' id='word_1_666' title='bbox 3560 4079 3668 4149; x_wconf 82' lang='lat' dir='ltr'><strong>spi-</strong></span> 
     </span>
    </p>
   </div>
   <div class='ocr_carea' id='block_1_88' title="bbox 2093 4176 3667 4243">
    <p class='ocr_par' dir='ltr' id='par_1_88' title="bbox 2093 4176 3667 4243">
     <span class='ocr_line' id='line_1_88' title="bbox 2093 4176 3667 4243; baseline -0.01 0"><span class='ocrx_word' id='word_1_667' title='bbox 2093 4189 2230 4243; x_wconf 87' lang='lat' dir='ltr'><strong>ritus</strong></span> <span class='ocrx_word' id='word_1_668' title='bbox 2261 4187 2440 4241; x_wconf 88' lang='lat' dir='ltr'><strong>verbis</strong></span> <span class='ocrx_word' id='word_1_669' title='bbox 2471 4184 2671 4239; x_wconf 87' lang='lat' dir='ltr'><strong>divinis</strong></span> <span class='ocrx_word' id='word_1_670' title='bbox 2710 4180 3052 4237; x_wconf 87' lang='lat' dir='ltr'><strong>convalescet</strong></span> <span class='ocrx_word' id='word_1_671' title='bbox 3087 4192 3152 4231; x_wconf 88' lang='lat' dir='ltr'><strong>ac</strong></span> <span class='ocrx_word' id='word_1_672' title='bbox 3189 4176 3457 4242; x_wconf 87' lang='lat' dir='ltr'><strong>sensibus,</strong></span> <span class='ocrx_word' id='word_1_673' title='bbox 3485 4183 3540 4228; x_wconf 92' lang='lat' dir='ltr'><strong>et</strong></span> <span class='ocrx_word' id='word_1_674' title='bbox 3575 4188 3667 4228; x_wconf 87' lang='lat' dir='ltr'><strong>ro-</strong></span> 
     </span>
    </p>
   </div>
   <div class='ocr_carea' id='block_1_89' title="bbox 2091 4263 3674 4337">
    <p class='ocr_par' dir='ltr' id='par_1_89' title="bbox 2091 4263 3674 4337">
     <span class='ocr_line' id='line_1_89' title="bbox 2091 4263 3674 4337; baseline -0.011 -3"><span class='ocrx_word' id='word_1_675' title='bbox 2091 4279 2301 4334; x_wconf 89' lang='lat' dir='ltr'><strong>bustior</strong></span> <span class='ocrx_word' id='word_1_676' title='bbox 2328 4275 2580 4337; x_wconf 78' lang='lat' dir='ltr'><strong>cii’ectus,</strong></span> <span class='ocrx_word' id='word_1_677' title='bbox 2614 4287 2833 4329; x_wconf 90' lang='lat' dir='ltr'><strong>carnem</strong></span> <span class='ocrx_word' id='word_1_678' title='bbox 2875 4269 2975 4324; x_wconf 87' lang='lat' dir='ltr'><strong>sibi</strong></span> <span class='ocrx_word' id='word_1_679' title='bbox 3024 4281 3215 4336; x_wconf 89' lang='lat' dir='ltr'><strong>parere</strong></span> <span class='ocrx_word' id='word_1_680' title='bbox 3259 4274 3440 4333; x_wconf 86' lang='lat' dir='ltr'><strong>coget,</strong></span> <span class='ocrx_word' id='word_1_681' title='bbox 3462 4279 3526 4318; x_wconf 89' lang='lat' dir='ltr'><strong>ac</strong></span> <span class='ocrx_word' id='word_1_682' title='bbox 3558 4263 3674 4317; x_wconf 92' lang='lat' dir='ltr'><strong>suis</strong></span> 
     </span>
    </p>
   </div>
   <div class='ocr_carea' id='block_1_90' title="bbox 2095 4354 3675 4435">
    <p class='ocr_par' dir='ltr' id='par_1_90' title="bbox 2095 4354 3675 4435">
     <span class='ocr_line' id='line_1_90' title="bbox 2095 4354 3675 4435; baseline -0.008 -17"><span class='ocrx_word' id='word_1_683' title='bbox 2095 4365 2305 4435; x_wconf 86' lang='lat' dir='ltr'><strong>legibus</strong></span> <span class='ocrx_word' id='word_1_684' title='bbox 2352 4361 2601 4430; x_wconf 88' lang='lat' dir='ltr'><strong>obsequi.</strong></span> <span class='ocrx_word' id='word_1_685' title='bbox 2650 4358 2994 4413; x_wconf 83' lang='lat' dir='ltr'><strong>Nutrimenta</strong></span> <span class='ocrx_word' id='word_1_686' title='bbox 3046 4356 3213 4426; x_wconf 63' lang='lat' dir='ltr'><strong>igittu‘</strong></span> <span class='ocrx_word' id='word_1_687' title='bbox 3259 4354 3482 4423; x_wconf 89' lang='lat' dir='ltr'><strong>spiritus</strong></span> <span class='ocrx_word' id='word_1_688' title='bbox 3523 4362 3675 4420; x_wconf 82' lang='lat' dir='ltr'><strong>Sunt,</strong></span> 
     </span>
    </p>
   </div>
   <div class='ocr_carea' id='block_1_91' title="bbox 421 4444 3665 4534">
    <p class='ocr_par' dir='ltr' id='par_1_91' title="bbox 421 4444 3665 4534">
     <span class='ocr_line' id='line_1_91' title="bbox 421 4444 3665 4534; baseline -0.01 -5"><span class='ocrx_word' id='word_1_689' title='bbox 421 4474 469 4529; x_wconf 88' lang='lat' dir='ltr'><strong>si</strong></span> <span class='ocrx_word' id='word_1_690' title='bbox 510 4444 606 4527; x_wconf 81' lang='lat' dir='ltr'><strong>tibi</strong></span> <span class='ocrx_word' id='word_1_691' title='bbox 642 4470 801 4526; x_wconf 90' lang='lat' dir='ltr'><strong>hodie</strong></span> <span class='ocrx_word' id='word_1_692' title='bbox 844 4468 1137 4530; x_wconf 91' lang='lat' dir='ltr'><strong>diceretur,</strong></span> <span class='ocrx_word' id='word_1_693' title='bbox 1184 4463 1309 4534; x_wconf 89' lang='lat' dir='ltr'><strong>quia</strong></span> <span class='ocrx_word' id='word_1_694' title='bbox 1355 4461 1516 4532; x_wconf 80' lang='lat' dir='ltr'><strong>judex</strong></span> <span class='ocrx_word' id='word_1_695' title='bbox 1564 4457 1744 4514; x_wconf 72' lang='lat' dir='ltr'><strong>saeculi</strong></span> <span class='ocrx_word' id='word_1_696' title='bbox 1782 4456 1895 4509; x_wconf 82' lang='lat' dir='ltr'><strong>vult</strong></span> <span class='ocrx_word' id='word_1_697' title='bbox 1939 4465 1989 4509; x_wconf 90' lang='lat' dir='ltr'><strong>te</strong></span> <span class='ocrx_word' id='word_1_698' title='bbox 2020 4455 2067 4515; x_wconf 84' lang='grc' dir='ltr'>ο</span> <span class='ocrx_word' id='word_1_699' title='bbox 2095 4456 2275 4510; x_wconf 91' lang='lat' dir='ltr'><strong>divina</strong></span> <span class='ocrx_word' id='word_1_700' title='bbox 2325 4453 2506 4516; x_wconf 90' lang='lat' dir='ltr'><strong>lectio,</strong></span> <span class='ocrx_word' id='word_1_701' title='bbox 2538 4451 2817 4508; x_wconf 85' lang='lat' dir='ltr'><strong>orationes</strong></span> <span class='ocrx_word' id='word_1_702' title='bbox 2866 4448 3121 4511; x_wconf 56' lang='lat' dir='ltr'><strong>assiduae,</strong></span> <span class='ocrx_word' id='word_1_703' title='bbox 3169 4460 3351 4501; x_wconf 88' lang='lat' dir='ltr'><strong>sermo</strong></span> <span class='ocrx_word' id='word_1_704' title='bbox 3388 4444 3665 4500; x_wconf 67' lang='lat' dir='ltr'><strong>doctrinae.</strong></span> 
     </span>
    </p>
   </div>
   <div class='ocr_carea' id='block_1_92' title="bbox 424 4547 1990 4622">
    <p class='ocr_par' dir='ltr' id='par_1_92' title="bbox 424 4547 1990 4622">
     <span class='ocr_line' id='line_1_92' title="bbox 424 4547 1990 4622; baseline -0.011 -3"><span class='ocrx_word' id='word_1_705' title='bbox 424 4563 667 4620; x_wconf 90' lang='lat' dir='ltr'><strong>crastino</strong></span> <span class='ocrx_word' id='word_1_706' title='bbox 717 4562 897 4615; x_wconf 83' lang='lat' dir='ltr'><strong>vivum</strong></span> <span class='ocrx_word' id='word_1_707' title='bbox 932 4570 1179 4622; x_wconf 82' lang='lat' dir='ltr'><strong>exurere,</strong></span> <span class='ocrx_word' id='word_1_708' title='bbox 1213 4564 1266 4611; x_wconf 90' lang='lat' dir='ltr'><strong>et</strong></span> <span class='ocrx_word' id='word_1_709' title='bbox 1291 4554 1376 4608; x_wconf 90' lang='lat' dir='ltr'><strong>his</strong></span> <span class='ocrx_word' id='word_1_710' title='bbox 1403 4551 1603 4605; x_wconf 91' lang='lat' dir='ltr'><strong>auditis</strong></span> <span class='ocrx_word' id='word_1_711' title='bbox 1636 4551 1678 4606; x_wconf 93' lang='lat' dir='ltr'><strong>si</strong></span> <span class='ocrx_word' id='word_1_712' title='bbox 1718 4555 1860 4604; x_wconf 56' lang='lat' dir='ltr'><strong>esset</strong></span> <span class='ocrx_word' id='word_1_713' title='bbox 1898 4547 1990 4602; x_wconf 90' lang='lat' dir='ltr'><strong>tibi</strong></span> 
     </span>
    </p>
   </div>
   <div class='ocr_carea' id='block_1_93' title="bbox 425 4642 1995 4723">
    <p class='ocr_par' dir='ltr' id='par_1_93' title="bbox 425 4642 1995 4723">
     <span class='ocr_line' id='line_1_93' title="bbox 425 4642 1995 4723; baseline -0.011 -11"><span class='ocrx_word' id='word_1_714' title='bbox 425 4657 586 4713; x_wconf 86' lang='lat' dir='ltr'><strong>unius</strong></span> <span class='ocrx_word' id='word_1_715' title='bbox 635 4652 742 4709; x_wconf 89' lang='lat' dir='ltr'><strong>diei</strong></span> <span class='ocrx_word' id='word_1_716' title='bbox 788 4650 1019 4723; x_wconf 88' lang='lat' dir='ltr'><strong>spatium</strong></span> <span class='ocrx_word' id='word_1_717' title='bbox 1067 4648 1318 4711; x_wconf 89' lang='lat' dir='ltr'><strong>liberum,</strong></span> <span class='ocrx_word' id='word_1_718' title='bbox 1351 4651 1553 4714; x_wconf 89' lang='lat' dir='ltr'><strong>quanta</strong></span> <span class='ocrx_word' id='word_1_719' title='bbox 1587 4642 1835 4697; x_wconf 76' lang='lat' dir='ltr'><strong>faceres?</strong></span> <span class='ocrx_word' id='word_1_720' title='bbox 1860 4655 1995 4710; x_wconf 87' lang='lat' dir='ltr'><strong>quo-</strong></span> 
     </span>
    </p>
   </div>
   <div class='ocr_carea' id='block_1_94' title="bbox 426 4732 1992 4814">
    <p class='ocr_par' dir='ltr' id='par_1_94' title="bbox 426 4732 1992 4814">
     <span class='ocr_line' id='line_1_94' title="bbox 426 4732 1992 4814; baseline -0.014 -10"><span class='ocrx_word' id='word_1_721' title='bbox 426 4749 587 4804; x_wconf 87' lang='lat' dir='ltr'><strong>modo</strong></span> <span class='ocrx_word' id='word_1_722' title='bbox 615 4754 668 4801; x_wconf 91' lang='lat' dir='ltr'><strong>et</strong></span> <span class='ocrx_word' id='word_1_723' title='bbox 695 4759 791 4814; x_wconf 89' lang='lat' dir='ltr'><strong>per</strong></span> <span class='ocrx_word' id='word_1_724' title='bbox 818 4756 954 4812; x_wconf 89' lang='lat' dir='ltr'><strong>quos</strong></span> <span class='ocrx_word' id='word_1_725' title='bbox 974 4732 1351 4794; x_wconf 68' lang='lat' dir='ltr'><strong>discurreres&#39;?</strong></span> <span class='ocrx_word' id='word_1_726' title='bbox 1372 4749 1530 4804; x_wconf 87' lang='lat' dir='ltr'><strong>quam</strong></span> <span class='ocrx_word' id='word_1_727' title='bbox 1561 4732 1803 4796; x_wconf 78' lang='lat' dir='ltr'><strong>humilis,</strong></span> <span class='ocrx_word' id='word_1_728' title='bbox 1832 4745 1992 4799; x_wconf 91' lang='lat' dir='ltr'><strong>quam</strong></span> 
     </span>
    </p>
   </div>
   <div class='ocr_carea' id='block_1_95' title="bbox 425 4821 1997 4909">
    <p class='ocr_par' dir='ltr' id='par_1_95' title="bbox 425 4821 1997 4909">
     <span class='ocr_line' id='line_1_95' title="bbox 425 4821 1997 4909; baseline -0.011 -15"><span class='ocrx_word' id='word_1_729' title='bbox 425 4840 615 4909; x_wconf 85' lang='lat' dir='ltr'><strong>lugens</strong></span> <span class='ocrx_word' id='word_1_730' title='bbox 669 4846 725 4891; x_wconf 88' lang='lat' dir='ltr'><strong>et</strong></span> <span class='ocrx_word' id='word_1_731' title='bbox 781 4831 1030 4889; x_wconf 84' lang='lat' dir='ltr'><strong>sordidus</strong></span> <span class='ocrx_word' id='word_1_732' title='bbox 1088 4826 1413 4884; x_wconf 76' lang='lat' dir='ltr'><strong>oberrares?</strong></span> <span class='ocrx_word' id='word_1_733' title='bbox 1458 4823 1647 4878; x_wconf 75' lang='lat' dir='ltr'><strong>Nonne</strong></span> <span class='ocrx_word' id='word_1_734' title='bbox 1694 4821 1997 4878; x_wconf 80' lang='lat' dir='ltr'><strong>eti&#39;underes</strong></span> 
     </span>
    </p>
   </div>
   <div class='ocr_carea' id='block_1_96' title="bbox 424 4916 1997 4997">
    <p class='ocr_par' dir='ltr' id='par_1_96' title="bbox 424 4916 1997 4997">
     <span class='ocr_line' id='line_1_96' title="bbox 424 4916 1997 4997; baseline -0.012 -9"><span class='ocrx_word' id='word_1_735' title='bbox 424 4945 640 4988; x_wconf 82' lang='lat' dir='ltr'><strong>Omnem</strong></span> <span class='ocrx_word' id='word_1_736' title='bbox 684 4926 968 4997; x_wconf 90' lang='lat' dir='ltr'><strong>pecuniam</strong></span> <span class='ocrx_word' id='word_1_737' title='bbox 1017 4932 1162 4979; x_wconf 91' lang='lat' dir='ltr'><strong>tuam</strong></span> <span class='ocrx_word' id='word_1_738' title='bbox 1202 4921 1258 4977; x_wconf 83' lang='lat' dir='ltr'><strong>in</strong></span> <span class='ocrx_word' id='word_1_739' title='bbox 1311 4934 1425 4981; x_wconf 89' lang='lat' dir='ltr'><strong>eos.</strong></span> <span class='ocrx_word' id='word_1_740' title='bbox 1465 4931 1693 4987; x_wconf 90' lang='lat' dir='ltr'><strong>quorum</strong></span> <span class='ocrx_word' id='word_1_741' title='bbox 1732 4916 1997 4971; x_wconf 85' lang='lat' dir='ltr'><strong>interces-</strong></span> 
     </span>
    </p>
   </div>
   <div class='ocr_carea' id='block_1_97' title="bbox 424 5006 1996 5087">
    <p class='ocr_par' dir='ltr' id='par_1_97' title="bbox 424 5006 1996 5087">
     <span class='ocr_line' id='line_1_97' title="bbox 424 5006 1996 5087; baseline -0.013 -8"><span class='ocrx_word' id='word_1_742' title='bbox 424 5027 579 5079; x_wconf 88' lang='lat' dir='ltr'><strong>sione</strong></span> <span class='ocrx_word' id='word_1_743' title='bbox 629 5021 859 5077; x_wconf 86' lang='lat' dir='ltr'><strong>evadere</strong></span> <span class='ocrx_word' id='word_1_744' title='bbox 916 5030 1072 5087; x_wconf 89' lang='lat' dir='ltr'><strong>posse</strong></span> <span class='ocrx_word' id='word_1_745' title='bbox 1128 5024 1179 5069; x_wconf 90' lang='lat' dir='ltr'><strong>te</strong></span> <span class='ocrx_word' id='word_1_746' title='bbox 1234 5010 1520 5069; x_wconf 82' lang='lat' dir='ltr'><strong>crederes?</strong></span> <span class='ocrx_word' id='word_1_747' title='bbox 1582 5008 1770 5063; x_wconf 85' lang='lat' dir='ltr'><strong>Nonne</strong></span> <span class='ocrx_word' id='word_1_748' title='bbox 1817 5006 1996 5061; x_wconf 88' lang='lat' dir='ltr'><strong>omnia</strong></span> 
     </span>
    </p>
   </div>
   <div class='ocr_carea' id='block_1_98' title="bbox 427 5095 2002 5185">
    <p class='ocr_par' dir='ltr' id='par_1_98' title="bbox 427 5095 2002 5185">
     <span class='ocr_line' id='line_1_98' title="bbox 427 5095 2002 5185; baseline -0.013 -15"><span class='ocrx_word' id='word_1_749' title='bbox 427 5129 546 5185; x_wconf 75' lang='lat' dir='ltr'><strong>qua:</strong></span> <span class='ocrx_word' id='word_1_750' title='bbox 586 5111 831 5183; x_wconf 85' lang='lat' dir='ltr'><strong>possides</strong></span> <span class='ocrx_word' id='word_1_751' title='bbox 876 5106 1301 5176; x_wconf 87' lang='lat' dir='ltr'><strong>redemptionem</strong></span> <span class='ocrx_word' id='word_1_752' title='bbox 1349 5102 1554 5157; x_wconf 87' lang='lat' dir='ltr'><strong>faceres</strong></span> <span class='ocrx_word' id='word_1_753' title='bbox 1612 5098 1805 5152; x_wconf 79' lang='lat' dir='ltr'><strong>anima:</strong></span> <span class='ocrx_word' id='word_1_754' title='bbox 1857 5095 2002 5150; x_wconf 68' lang='lat' dir='ltr'><strong>tum?</strong></span> 
     </span>
    </p>
   </div>
   <div class='ocr_carea' id='block_1_99' title="bbox 428 5187 2001 5273">
    <p class='ocr_par' dir='ltr' id='par_1_99' title="bbox 428 5187 2001 5273">
     <span class='ocr_line' id='line_1_99' title="bbox 428 5187 2001 5273; baseline -0.008 -17"><span class='ocrx_word' id='word_1_755' title='bbox 428 5206 579 5273; x_wconf 88' lang='lat' dir='ltr'><strong>Quod</strong></span> <span class='ocrx_word' id='word_1_756' title='bbox 612 5204 657 5258; x_wconf 90' lang='lat' dir='ltr'><strong>si</strong></span> <span class='ocrx_word' id='word_1_757' title='bbox 694 5204 858 5256; x_wconf 84' lang='lat' dir='ltr'><strong>etiam</strong></span> <span class='ocrx_word' id='word_1_758' title='bbox 897 5197 1092 5269; x_wconf 89' lang='lat' dir='ltr'><strong>aliquis</strong></span> <span class='ocrx_word' id='word_1_759' title='bbox 1153 5206 1204 5251; x_wconf 91' lang='lat' dir='ltr'><strong>te</strong></span> <span class='ocrx_word' id='word_1_760' title='bbox 1259 5192 1540 5248; x_wconf 89' lang='lat' dir='ltr'><strong>retardare</strong></span> <span class='ocrx_word' id='word_1_761' title='bbox 1586 5197 1678 5244; x_wconf 90' lang='lat' dir='ltr'><strong>aut</strong></span> <span class='ocrx_word' id='word_1_762' title='bbox 1737 5187 2001 5257; x_wconf 88' lang='lat' dir='ltr'><strong>impedire</strong></span> 
     </span>
    </p>
   </div>
   <div class='ocr_carea' id='block_1_100' title="bbox 420 5297 1282 5366">
    <p class='ocr_par' dir='ltr' id='par_1_100' title="bbox 420 5297 1282 5366">
     <span class='ocr_line' id='line_1_100' title="bbox 420 5297 1282 5366; baseline 0.012 -27"><span class='ocrx_word' id='word_1_763' title='bbox 420 5336 425 5339; x_wconf 87' lang='lat'><strong>.</strong></span> <span class='ocrx_word' id='word_1_764' title='bbox 518 5302 561 5332; x_wconf 67' lang='grc'><strong>⁸⁵</strong></span> <span class='ocrx_word' id='word_1_765' title='bbox 592 5300 693 5354; x_wconf 69' lang='lat' dir='ltr'><strong>isa.</strong></span> <span class='ocrx_word' id='word_1_766' title='bbox 722 5317 793 5366; x_wconf 81' lang='lat' dir='ltr'><strong>Vl,</strong></span> <span class='ocrx_word' id='word_1_767' title='bbox 829 5303 880 5354; x_wconf 88' lang='lat'><strong>7.</strong></span> <span class='ocrx_word' id='word_1_768' title='bbox 992 5300 1036 5329; x_wconf 73' lang='grc'><strong>⁵⁸</strong></span> <span class='ocrx_word' id='word_1_769' title='bbox 1067 5297 1197 5350; x_wconf 89' lang='lat' dir='ltr'><strong>ibid.</strong></span> <span class='ocrx_word' id='word_1_770' title='bbox 1230 5297 1282 5351; x_wconf 86' lang='lat'><strong>5.</strong></span> 
     </span>
    </p>
   </div>
   <div class='ocr_carea' id='block_1_101' title="bbox 432 5365 1362 5434">
    <p class='ocr_par' dir='ltr' id='par_1_101' title="bbox 432 5365 1362 5434">
     <span class='ocr_line' id='line_1_101' title="bbox 432 5365 1362 5434; baseline -0.006 -9"><span class='ocrx_word' id='word_1_771' title='bbox 432 5369 474 5402; x_wconf 81' lang='lat'><strong>&quot;</strong></span> <span class='ocrx_word' id='word_1_772' title='bbox 502 5370 690 5427; x_wconf 85' lang='lat' dir='ltr'><strong>Amos.</strong></span> <span class='ocrx_word' id='word_1_773' title='bbox 718 5365 841 5434; x_wconf 86' lang='lat' dir='ltr'><strong>vm,</strong></span> <span class='ocrx_word' id='word_1_774' title='bbox 874 5370 959 5425; x_wconf 77' lang='lat' dir='ltr'><strong>ii.</strong></span> <span class='ocrx_word' id='word_1_775' title='bbox 1035 5368 1081 5399; x_wconf 82' lang='lat'><strong>&quot;</strong></span> <span class='ocrx_word' id='word_1_776' title='bbox 1109 5365 1285 5422; x_wconf 86' lang='lat' dir='ltr'><strong>Galat.</strong></span> <span class='ocrx_word' id='word_1_777' title='bbox 1308 5383 1362 5421; x_wconf 90' lang='lat' dir='ltr'><strong>v.</strong></span> 
     </span>
    </p>
   </div>
   <div class='ocr_carea' id='block_1_102' title="bbox 505 5466 2001 5550">
    <p class='ocr_par' dir='ltr' id='par_1_102' title="bbox 505 5466 2001 5550">
     <span class='ocr_line' id='line_1_102' title="bbox 505 5466 2001 5550; baseline -0.008 -18"><span class='ocrx_word' id='word_1_778' title='bbox 505 5476 804 5550; x_wconf 55' lang='grc' dir='ltr'><strong>(θυμω).</strong></span> <span class='ocrx_word' id='word_1_779' title='bbox 851 5475 1003 5537; x_wconf 89' lang='lat' dir='ltr'><strong>editi,</strong></span> <span class='ocrx_word' id='word_1_780' title='bbox 1036 5482 1066 5524; x_wconf 64' lang='grc' dir='ltr'>δ</span> <span class='ocrx_word' id='word_1_781' title='bbox 1097 5475 1187 5541; x_wconf 88' lang='lat' dir='ltr'><strong>qui</strong></span> <span class='ocrx_word' id='word_1_782' title='bbox 1238 5473 1435 5524; x_wconf 78' lang='lat' dir='ltr'><strong>miSsus</strong></span> <span class='ocrx_word' id='word_1_783' title='bbox 1478 5477 1580 5531; x_wconf 89' lang='lat' dir='ltr'><strong>est,</strong></span> <span class='ocrx_word' id='word_1_784' title='bbox 1634 5486 1652 5513; x_wconf 74' lang='grc' dir='ltr'><strong>ι</strong></span> <span class='ocrx_word' id='word_1_785' title='bbox 1689 5466 1783 5521; x_wconf 89' lang='lat' dir='ltr'><strong>sed</strong></span> <span class='ocrx_word' id='word_1_786' title='bbox 1842 5480 2001 5531; x_wconf 89' lang='lat' dir='ltr'><strong>mss.,</strong></span> 
     </span>
    </p>
   </div>
   <div class='ocr_carea' id='block_1_103' title="bbox 438 5545 1086 5618">
    <p class='ocr_par' dir='ltr' id='par_1_103' title="bbox 438 5545 1086 5618">
     <span class='ocr_line' id='line_1_103' title="bbox 438 5545 1086 5618; baseline -0.008 -16"><span class='ocrx_word' id='word_1_787' title='bbox 438 5566 461 5602; x_wconf 70' lang='grc' dir='ltr'>ί</span> <span class='ocrx_word' id='word_1_788' title='bbox 504 5545 900 5618; x_wconf 73' lang='lat' dir='ltr'><strong>quodmissum</strong></span> <span class='ocrx_word' id='word_1_789' title='bbox 924 5551 1024 5600; x_wconf 79' lang='lat' dir='ltr'><strong>cs‘t.</strong></span> <span class='ocrx_word' id='word_1_790' title='bbox 1065 5561 1086 5597; x_wconf 77' lang='grc' dir='ltr'><strong>ι</strong></span> 
     </span>
    </p>
   </div>
   <div class='ocr_carea' id='block_1_104' title="bbox 504 5605 2001 5688">
    <p class='ocr_par' dir='ltr' id='par_1_104' title="bbox 504 5605 2001 5688">
     <span class='ocr_line' id='line_1_104' title="bbox 504 5605 2001 5688; baseline -0.009 -17"><span class='ocrx_word' id='word_1_791' title='bbox 504 5605 798 5688; x_wconf 55' lang='lat' dir='ltr'><strong>(135)Mss.,</strong></span> <span class='ocrx_word' id='word_1_792' title='bbox 836 5632 856 5667; x_wconf 78' lang='grc' dir='ltr'><strong>ι</strong></span> <span class='ocrx_word' id='word_1_793' title='bbox 881 5621 1107 5688; x_wconf 80' lang='lat' dir='ltr'><strong>purgat.</strong></span> <span class='ocrx_word' id='word_1_794' title='bbox 1141 5630 1160 5663; x_wconf 70' lang='grc' dir='ltr'><strong>ι</strong></span> <span class='ocrx_word' id='word_1_795' title='bbox 1194 5607 1338 5688; x_wconf 74' lang='lat' dir='ltr'><strong>infra</strong></span> <span class='ocrx_word' id='word_1_796' title='bbox 1371 5607 1503 5664; x_wconf 86' lang='lat' dir='ltr'><strong>libb.</strong></span> <span class='ocrx_word' id='word_1_797' title='bbox 1531 5607 1692 5688; x_wconf 57' lang='lat' dir='ltr'><strong>editi,</strong></span> <span class='ocrx_word' id='word_1_798' title='bbox 1729 5623 1747 5657; x_wconf 79' lang='grc' dir='ltr'><strong>ι</strong></span> <span class='ocrx_word' id='word_1_799' title='bbox 1786 5605 2001 5688; x_wconf 77' lang='lat' dir='ltr'><strong>iuveni-</strong></span> 
     </span>
    </p>
   </div>
   <div class='ocr_carea' id='block_1_105' title="bbox 432 5676 2002 5755">
    <p class='ocr_par' dir='ltr' id='par_1_105' title="bbox 432 5676 2002 5755">
     <span class='ocr_line' id='line_1_105' title="bbox 432 5676 2002 5755; baseline -0.009 -12"><span class='ocrx_word' id='word_1_800' title='bbox 432 5676 612 5755; x_wconf 66' lang='lat' dir='ltr'><strong>retur,</strong></span> <span class='ocrx_word' id='word_1_801' title='bbox 648 5688 719 5739; x_wconf 92' lang='lat' dir='ltr'><strong>ita</strong></span> <span class='ocrx_word' id='word_1_802' title='bbox 749 5676 1075 5755; x_wconf 39' lang='lat' dir='ltr'><strong>q&#39;uod&#39;facto</strong></span> <span class='ocrx_word' id='word_1_803' title='bbox 1123 5681 1209 5739; x_wconf 79' lang='lat' dir='ltr'><strong>vel</strong></span> <span class='ocrx_word' id='word_1_804' title='bbox 1231 5693 1412 5752; x_wconf 86' lang='lat' dir='ltr'><strong>opere.</strong></span> <span class='ocrx_word' id='word_1_805' title='bbox 1463 5697 1481 5732; x_wconf 79' lang='grc' dir='ltr'><strong>ι</strong></span> <span class='ocrx_word' id='word_1_806' title='bbox 1530 5676 1637 5734; x_wconf 86' lang='lat' dir='ltr'><strong>Sed</strong></span> <span class='ocrx_word' id='word_1_807' title='bbox 1676 5691 1806 5733; x_wconf 85' lang='lat' dir='ltr'><strong>mss.</strong></span> <span class='ocrx_word' id='word_1_808' title='bbox 1857 5685 1913 5731; x_wconf 91' lang='lat' dir='ltr'><strong>ut</strong></span> <span class='ocrx_word' id='word_1_809' title='bbox 1950 5677 2002 5729; x_wconf 92' lang='lat' dir='ltr'><strong>in</strong></span> 
     </span>
    </p>
   </div>
   <div class='ocr_carea' id='block_1_106' title="bbox 432 5764 827 5813">
    <p class='ocr_par' dir='ltr' id='par_1_106' title="bbox 432 5764 827 5813">
     <span class='ocr_line' id='line_1_106' title="bbox 432 5764 827 5813; baseline -0.013 -1"><span class='ocrx_word' id='word_1_810' title='bbox 432 5768 625 5813; x_wconf 83' lang='lat' dir='ltr'><strong>nostro</strong></span> <span class='ocrx_word' id='word_1_811' title='bbox 656 5764 827 5812; x_wconf 81' lang='lat' dir='ltr'><strong>textu.</strong></span> 
     </span>
    </p>
   </div>
   <div class='ocr_carea' id='block_1_107' title="bbox 1397 5292 1913 5359">
    <p class='ocr_par' dir='ltr' id='par_1_107' title="bbox 1397 5292 1913 5359">
     <span class='ocr_line' id='line_1_107' title="bbox 1397 5292 1913 5359; baseline -0.004 -12"><span class='ocrx_word' id='word_1_812' title='bbox 1397 5295 1438 5327; x_wconf 77' lang='grc'><strong>⁸⁷</strong></span> <span class='ocrx_word' id='word_1_813' title='bbox 1473 5292 1666 5348; x_wconf 78' lang='lat' dir='ltr'><strong>Matth.</strong></span> <span class='ocrx_word' id='word_1_814' title='bbox 1696 5308 1794 5359; x_wconf 68' lang='grc' dir='ltr'>χιι,</span> <span class='ocrx_word' id='word_1_815' title='bbox 1825 5292 1913 5348; x_wconf 79' lang='grc'><strong>56.</strong></span> 
     </span>
    </p>
   </div>
   <div class='ocr_carea' id='block_1_108' title="bbox 2026 5281 2511 5353">
    <p class='ocr_par' dir='ltr' id='par_1_108' title="bbox 2026 5281 2511 5353">
     <span class='ocr_line' id='line_1_108' title="bbox 2026 5281 2511 5353; baseline -0.012 -10"><span class='ocrx_word' id='word_1_816' title='bbox 2026 5289 2072 5321; x_wconf 82' lang='grc'><strong>⁸⁸</strong></span> <span class='ocrx_word' id='word_1_817' title='bbox 2102 5287 2233 5344; x_wconf 87' lang='lat' dir='ltr'><strong>Luc.</strong></span> <span class='ocrx_word' id='word_1_818' title='bbox 2264 5300 2421 5353; x_wconf 82' lang='lat' dir='ltr'><strong>xvnt,</strong></span> <span class='ocrx_word' id='word_1_819' title='bbox 2457 5281 2511 5339; x_wconf 89' lang='lat'><strong>8.</strong></span> 
     </span>
    </p>
   </div>
   <div class='ocr_carea' id='block_1_109' title="bbox 2101 4537 3669 4609">
    <p class='ocr_par' dir='ltr' id='par_1_109' title="bbox 2101 4537 3669 4609">
     <span class='ocr_line' id='line_1_109' title="bbox 2101 4537 3669 4609; baseline -0.006 -9"><span class='ocrx_word' id='word_1_820' title='bbox 2101 4546 2198 4601; x_wconf 83' lang='lat' dir='ltr'><strong>llis</strong></span> <span class='ocrx_word' id='word_1_821' title='bbox 2233 4544 2393 4600; x_wconf 89' lang='lat' dir='ltr'><strong>alitur</strong></span> <span class='ocrx_word' id='word_1_822' title='bbox 2416 4542 2573 4609; x_wconf 90' lang='lat' dir='ltr'><strong>cibis,</strong></span> <span class='ocrx_word' id='word_1_823' title='bbox 2612 4543 2696 4598; x_wconf 89' lang='lat' dir='ltr'><strong>his</strong></span> <span class='ocrx_word' id='word_1_824' title='bbox 2722 4540 3075 4605; x_wconf 88' lang='lat' dir='ltr'><strong>convalescit,</strong></span> <span class='ocrx_word' id='word_1_825' title='bbox 3101 4539 3184 4595; x_wconf 91' lang='lat' dir='ltr'><strong>his</strong></span> <span class='ocrx_word' id='word_1_826' title='bbox 3215 4539 3390 4593; x_wconf 91' lang='lat' dir='ltr'><strong>victor</strong></span> <span class='ocrx_word' id='word_1_827' title='bbox 3417 4537 3669 4592; x_wconf 86' lang='lat' dir='ltr'><strong>eilicitur.</strong></span> 
     </span>
    </p>
   </div>
   <div class='ocr_carea' id='block_1_110' title="bbox 2098 4628 3672 4708">
    <p class='ocr_par' dir='ltr' id='par_1_110' title="bbox 2098 4628 3672 4708">
     <span class='ocr_line' id='line_1_110' title="bbox 2098 4628 3672 4708; baseline -0.008 -16"><span class='ocrx_word' id='word_1_828' title='bbox 2098 4638 2251 4706; x_wconf 88' lang='lat' dir='ltr'><strong>Quod</strong></span> <span class='ocrx_word' id='word_1_829' title='bbox 2283 4638 2410 4708; x_wconf 88' lang='lat' dir='ltr'><strong>quia</strong></span> <span class='ocrx_word' id='word_1_830' title='bbox 2443 4651 2548 4691; x_wconf 90' lang='lat' dir='ltr'><strong>non</strong></span> <span class='ocrx_word' id='word_1_831' title='bbox 2585 4634 2786 4702; x_wconf 86' lang='lat' dir='ltr'><strong>facitis,</strong></span> <span class='ocrx_word' id='word_1_832' title='bbox 2823 4632 2991 4689; x_wconf 90' lang='lat' dir='ltr'><strong>nolite</strong></span> <span class='ocrx_word' id='word_1_833' title='bbox 3040 4630 3302 4701; x_wconf 88' lang='lat' dir='ltr'><strong>conqueri</strong></span> <span class='ocrx_word' id='word_1_834' title='bbox 3341 4629 3408 4683; x_wconf 87' lang='lat' dir='ltr'><strong>de</strong></span> <span class='ocrx_word' id='word_1_835' title='bbox 3441 4628 3672 4683; x_wconf 83' lang='lat' dir='ltr'><strong>inﬁrmi-</strong></span> 
     </span>
    </p>
   </div>
   <div class='ocr_carea' id='block_1_111' title="bbox 2104 4720 3672 4796">
    <p class='ocr_par' dir='ltr' id='par_1_111' title="bbox 2104 4720 3672 4796">
     <span class='ocr_line' id='line_1_111' title="bbox 2104 4720 3672 4796; baseline -0.009 -11"><span class='ocrx_word' id='word_1_836' title='bbox 2104 4741 2213 4786; x_wconf 87' lang='lat' dir='ltr'><strong>late</strong></span> <span class='ocrx_word' id='word_1_837' title='bbox 2262 4728 2466 4795; x_wconf 90' lang='lat' dir='ltr'><strong>carnis,</strong></span> <span class='ocrx_word' id='word_1_838' title='bbox 2512 4728 2680 4783; x_wconf 87' lang='lat' dir='ltr'><strong>nolite</strong></span> <span class='ocrx_word' id='word_1_839' title='bbox 2734 4728 2919 4783; x_wconf 84' lang='lat' dir='ltr'><strong>dicere</strong></span> <span class='ocrx_word' id='word_1_840' title='bbox 2960 4725 3088 4796; x_wconf 90' lang='lat' dir='ltr'><strong>quia</strong></span> <span class='ocrx_word' id='word_1_841' title='bbox 3137 4723 3405 4784; x_wconf 86' lang='lat' dir='ltr'><strong>volumus,</strong></span> <span class='ocrx_word' id='word_1_842' title='bbox 3437 4720 3532 4774; x_wconf 83' lang='lat' dir='ltr'><strong>sed</strong></span> <span class='ocrx_word' id='word_1_843' title='bbox 3568 4734 3672 4772; x_wconf 90' lang='lat' dir='ltr'><strong>non</strong></span> 
     </span>
    </p>
   </div>
   <div class='ocr_carea' id='block_1_112' title="bbox 2103 4807 3679 4890">
    <p class='ocr_par' dir='ltr' id='par_1_112' title="bbox 2103 4807 3679 4890">
     <span class='ocr_line' id='line_1_112' title="bbox 2103 4807 3679 4890; baseline -0.008 -16"><span class='ocrx_word' id='word_1_844' title='bbox 2103 4835 2413 4890; x_wconf 85' lang='lat' dir='ltr'><strong>possumus,</strong></span> <span class='ocrx_word' id='word_1_845' title='bbox 2454 4818 2700 4872; x_wconf 85' lang='lat' dir='ltr'><strong>volumus</strong></span> <span class='ocrx_word' id='word_1_846' title='bbox 2744 4815 3086 4871; x_wconf 89' lang='lat' dir='ltr'><strong>continenter</strong></span> <span class='ocrx_word' id='word_1_847' title='bbox 3119 4814 3321 4878; x_wconf 85' lang='lat' dir='ltr'><strong>vivere,</strong></span> <span class='ocrx_word' id='word_1_848' title='bbox 3362 4808 3457 4863; x_wconf 89' lang='lat' dir='ltr'><strong>sed</strong></span> <span class='ocrx_word' id='word_1_849' title='bbox 3493 4807 3679 4861; x_wconf 86' lang='lat' dir='ltr'><strong>carnis</strong></span> 
     </span>
    </p>
   </div>
   <div class='ocr_carea' id='block_1_113' title="bbox 2105 4896 3673 4984">
    <p class='ocr_par' dir='ltr' id='par_1_113' title="bbox 2105 4896 3673 4984">
     <span class='ocr_line' id='line_1_113' title="bbox 2105 4896 3673 4984; baseline -0.011 -16"><span class='ocrx_word' id='word_1_850' title='bbox 2105 4913 2400 4984; x_wconf 81' lang='lat' dir='ltr'><strong>fragilitate</strong></span> <span class='ocrx_word' id='word_1_851' title='bbox 2427 4910 2745 4980; x_wconf 91' lang='lat' dir='ltr'><strong>decipimur,</strong></span> <span class='ocrx_word' id='word_1_852' title='bbox 2774 4918 2828 4963; x_wconf 89' lang='lat' dir='ltr'><strong>et</strong></span> <span class='ocrx_word' id='word_1_853' title='bbox 2861 4907 3240 4974; x_wconf 87' lang='lat' dir='ltr'><strong>impngnamur</strong></span> <span class='ocrx_word' id='word_1_854' title='bbox 3266 4896 3503 4955; x_wconf 91' lang='lat' dir='ltr'><strong>stimulis</strong></span> <span class='ocrx_word' id='word_1_855' title='bbox 3535 4896 3673 4967; x_wconf 80' lang='lat' dir='ltr'><strong>ejus.</strong></span> 
     </span>
    </p>
   </div>
   <div class='ocr_carea' id='block_1_114' title="bbox 2104 4988 3679 5063">
    <p class='ocr_par' dir='ltr' id='par_1_114' title="bbox 2104 4988 3679 5063">
     <span class='ocr_line' id='line_1_114' title="bbox 2104 4988 3679 5063; baseline -0.013 -3"><span class='ocrx_word' id='word_1_856' title='bbox 2104 5006 2181 5060; x_wconf 91' lang='lat' dir='ltr'><strong>Tu</strong></span> <span class='ocrx_word' id='word_1_857' title='bbox 2217 5006 2316 5059; x_wconf 86' lang='lat' dir='ltr'><strong>das</strong></span> <span class='ocrx_word' id='word_1_858' title='bbox 2343 5002 2593 5059; x_wconf 90' lang='lat' dir='ltr'><strong>stimulos</strong></span> <span class='ocrx_word' id='word_1_859' title='bbox 2623 4999 2802 5055; x_wconf 87' lang='lat' dir='ltr'><strong>carnis</strong></span> <span class='ocrx_word' id='word_1_860' title='bbox 2835 5007 2959 5063; x_wconf 71' lang='lat' dir='ltr'><strong>tute,</strong></span> <span class='ocrx_word' id='word_1_861' title='bbox 2989 5004 3042 5047; x_wconf 92' lang='lat' dir='ltr'><strong>tu</strong></span> <span class='ocrx_word' id='word_1_862' title='bbox 3076 5008 3195 5047; x_wconf 89' lang='lat' dir='ltr'><strong>eam</strong></span> <span class='ocrx_word' id='word_1_863' title='bbox 3226 4991 3486 5045; x_wconf 89' lang='lat' dir='ltr'><strong>adversus</strong></span> <span class='ocrx_word' id='word_1_864' title='bbox 3511 4988 3679 5061; x_wconf 82' lang='lat' dir='ltr'><strong>spiri-</strong></span> 
     </span>
    </p>
   </div>
   <div class='ocr_carea' id='block_1_115' title="bbox 2107 5084 3677 5158">
    <p class='ocr_par' dir='ltr' id='par_1_115' title="bbox 2107 5084 3677 5158">
     <span class='ocr_line' id='line_1_115' title="bbox 2107 5084 3677 5158; baseline -0.012 -7"><span class='ocrx_word' id='word_1_865' title='bbox 2107 5107 2220 5150; x_wconf 91' lang='lat' dir='ltr'><strong>tum</strong></span> <span class='ocrx_word' id='word_1_866' title='bbox 2258 5106 2406 5150; x_wconf 90' lang='lat' dir='ltr'><strong>tuum</strong></span> <span class='ocrx_word' id='word_1_867' title='bbox 2446 5107 2653 5156; x_wconf 90' lang='lat' dir='ltr'><strong>armas,</strong></span> <span class='ocrx_word' id='word_1_868' title='bbox 2683 5100 2737 5145; x_wconf 90' lang='lat' dir='ltr'><strong>et</strong></span> <span class='ocrx_word' id='word_1_869' title='bbox 2762 5096 3035 5158; x_wconf 90' lang='lat' dir='ltr'><strong>potentem</strong></span> <span class='ocrx_word' id='word_1_870' title='bbox 3066 5084 3227 5149; x_wconf 86' lang='lat' dir='ltr'><strong>facis,</strong></span> <span class='ocrx_word' id='word_1_871' title='bbox 3249 5096 3372 5137; x_wconf 91' lang='lat' dir='ltr'><strong>cum</strong></span> <span class='ocrx_word' id='word_1_872' title='bbox 3401 5094 3520 5134; x_wconf 89' lang='lat' dir='ltr'><strong>eam</strong></span> <span class='ocrx_word' id='word_1_873' title='bbox 3552 5093 3677 5132; x_wconf 88' lang='lat' dir='ltr'><strong>car-</strong></span> 
     </span>
    </p>
   </div>
   <div class='ocr_carea' id='block_1_116' title="bbox 2107 5167 3678 5251">
    <p class='ocr_par' dir='ltr' id='par_1_116' title="bbox 2107 5167 3678 5251">
     <span class='ocr_line' id='line_1_116' title="bbox 2107 5167 3678 5251; baseline -0.015 -8"><span class='ocrx_word' id='word_1_874' title='bbox 2107 5190 2264 5243; x_wconf 89' lang='lat' dir='ltr'><strong>nibus</strong></span> <span class='ocrx_word' id='word_1_875' title='bbox 2318 5188 2509 5251; x_wconf 87' lang='lat' dir='ltr'><strong>satias,</strong></span> <span class='ocrx_word' id='word_1_876' title='bbox 2552 5185 2677 5237; x_wconf 87' lang='lat' dir='ltr'><strong>vino</strong></span> <span class='ocrx_word' id='word_1_877' title='bbox 2734 5178 2899 5234; x_wconf 78' lang='lat' dir='ltr'><strong>nimio</strong></span> <span class='ocrx_word' id='word_1_878' title='bbox 2952 5176 3218 5239; x_wconf 88' lang='lat' dir='ltr'><strong>inumlas,</strong></span> <span class='ocrx_word' id='word_1_879' title='bbox 3260 5171 3407 5229; x_wconf 90' lang='lat' dir='ltr'><strong>omni</strong></span> <span class='ocrx_word' id='word_1_880' title='bbox 3451 5167 3678 5225; x_wconf 85' lang='lat' dir='ltr'><strong>mollitie</strong></span> 
     </span>
    </p>
   </div>
   <div class='ocr_carea' id='block_1_117' title="bbox 2619 5270 3687 5338">
    <p class='ocr_par' dir='ltr' id='par_1_117' title="bbox 2619 5270 3687 5338">
     <span class='ocr_line' id='line_1_117' title="bbox 2619 5270 3687 5338; baseline -0.003 -7"><span class='ocrx_word' id='word_1_881' title='bbox 2619 5277 2664 5311; x_wconf 71' lang='grc'><strong>⁸⁸</strong></span> <span class='ocrx_word' id='word_1_882' title='bbox 2695 5274 2736 5330; x_wconf 89' lang='grc' dir='ltr'><strong>ιι</strong></span> <span class='ocrx_word' id='word_1_883' title='bbox 2767 5271 2892 5329; x_wconf 86' lang='lat' dir='ltr'><strong>Cor.</strong></span> <span class='ocrx_word' id='word_1_884' title='bbox 2924 5288 2976 5338; x_wconf 92' lang='lat' dir='ltr'><strong>v,</strong></span> <span class='ocrx_word' id='word_1_885' title='bbox 3015 5272 3096 5329; x_wconf 76' lang='grc'><strong>10.</strong></span> <span class='ocrx_word' id='word_1_886' title='bbox 3208 5270 3253 5302; x_wconf 72' lang='grc' dir='ltr'><strong>το</strong></span> <span class='ocrx_word' id='word_1_887' title='bbox 3282 5271 3442 5327; x_wconf 85' lang='lat' dir='ltr'><strong>Prov.</strong></span> <span class='ocrx_word' id='word_1_888' title='bbox 3478 5286 3596 5337; x_wconf 77' lang='lat' dir='ltr'><strong>xui,</strong></span> <span class='ocrx_word' id='word_1_889' title='bbox 3632 5270 3687 5328; x_wconf 86' lang='grc'>8-</span> 
     </span>
    </p>
   </div>
   <div class='ocr_carea' id='block_1_118' title="bbox 2178 5456 3677 5538">
    <p class='ocr_par' dir='ltr' id='par_1_118' title="bbox 2178 5456 3677 5538">
     <span class='ocr_line' id='line_1_118' title="bbox 2178 5456 3677 5538; baseline -0.014 -15"><span class='ocrx_word' id='word_1_890' title='bbox 2178 5466 2300 5538; x_wconf 18' lang='lat'><strong>(66),</strong></span> <span class='ocrx_word' id='word_1_891' title='bbox 2319 5464 2496 5522; x_wconf 77' lang='lat' dir='ltr'><strong>Codex</strong></span> <span class='ocrx_word' id='word_1_892' title='bbox 2530 5460 2923 5538; x_wconf 80' lang='lat' dir='ltr'><strong>Sangerm.,&#39;t</strong></span> <span class='ocrx_word' id='word_1_893' title='bbox 2958 5459 3053 5538; x_wconf 80' lang='lat' dir='ltr'><strong>qui</strong></span> <span class='ocrx_word' id='word_1_894' title='bbox 3106 5456 3339 5526; x_wconf 89' lang='lat' dir='ltr'><strong>aliquem</strong></span> <span class='ocrx_word' id='word_1_895' title='bbox 3388 5462 3677 5538; x_wconf 38' lang='lat' dir='ltr'><strong>metuimus.</strong></span> 
     </span>
    </p>
   </div>
   <div class='ocr_carea' id='block_1_119' title="bbox 2111 5522 3681 5600">
    <p class='ocr_par' dir='ltr' id='par_1_119' title="bbox 2111 5522 3681 5600">
     <span class='ocr_line' id='line_1_119' title="bbox 2111 5522 3681 5600; baseline -0.01 -9"><span class='ocrx_word' id='word_1_896' title='bbox 2111 5522 2198 5591; x_wconf 54' lang='lat' dir='ltr'><strong>Et‘</strong></span> <span class='ocrx_word' id='word_1_897' title='bbox 2224 5522 2383 5599; x_wconf 76' lang='lat' dir='ltr'><strong>infra,</strong></span> <span class='ocrx_word' id='word_1_898' title='bbox 2414 5553 2432 5586; x_wconf 74' lang='grc' dir='ltr'><strong>ι</strong></span> <span class='ocrx_word' id='word_1_899' title='bbox 2470 5522 2715 5588; x_wconf 65' lang='grc' dir='ltr'><strong>δάνοοέἶί</strong></span> <span class='ocrx_word' id='word_1_900' title='bbox 2759 5522 2994 5600; x_wconf 63' lang='lat' dir='ltr'><strong>patroni&#39;</strong></span> <span class='ocrx_word' id='word_1_901' title='bbox 3026 5522 3272 5600; x_wconf 74' lang='lat' dir='ltr'><strong>munera,</strong></span> <span class='ocrx_word' id='word_1_902' title='bbox 3305 5542 3324 5576; x_wconf 85' lang='lat' dir='ltr'><strong>I</strong></span> <span class='ocrx_word' id='word_1_903' title='bbox 3357 5523 3542 5591; x_wconf 90' lang='lat' dir='ltr'><strong>sicque</strong></span> <span class='ocrx_word' id='word_1_904' title='bbox 3590 5522 3681 5576; x_wconf 88' lang='lat' dir='ltr'><strong>alii</strong></span> 
     </span>
    </p>
   </div>
   <div class='ocr_carea' id='block_1_120' title="bbox 2112 5594 3681 5681">
    <p class='ocr_par' dir='ltr' id='par_1_120' title="bbox 2112 5594 3681 5681">
     <span class='ocr_line' id='line_1_120' title="bbox 2112 5594 3681 5681; baseline -0.011 -19"><span class='ocrx_word' id='word_1_905' title='bbox 2112 5594 2380 5671; x_wconf 77' lang='lat' dir='ltr'><strong>mss.,ubi</strong></span> <span class='ocrx_word' id='word_1_906' title='bbox 2399 5605 2522 5663; x_wconf 88' lang='lat' dir='ltr'><strong>libri</strong></span> <span class='ocrx_word' id='word_1_907' title='bbox 2553 5604 2684 5662; x_wconf 85' lang='lat' dir='ltr'><strong>editi</strong></span> <span class='ocrx_word' id='word_1_908' title='bbox 2707 5594 2929 5681; x_wconf 73' lang='lat' dir='ltr'><strong>habent,</strong></span> <span class='ocrx_word' id='word_1_909' title='bbox 2963 5616 2989 5652; x_wconf 75' lang='grc' dir='ltr'><strong><em>ο</em></strong></span> <span class='ocrx_word' id='word_1_910' title='bbox 3021 5594 3285 5655; x_wconf 86' lang='lat' dir='ltr'><strong>advocato</strong></span> <span class='ocrx_word' id='word_1_911' title='bbox 3315 5602 3542 5664; x_wconf 77' lang='lat' dir='ltr'><strong>patrono</strong></span> <span class='ocrx_word' id='word_1_912' title='bbox 3562 5609 3681 5655; x_wconf 77' lang='lat' dir='ltr'><strong>utu-</strong></span> 
     </span>
    </p>
   </div>
   <div class='ocr_carea' id='block_1_121' title="bbox 2114 5691 2326 5733">
    <p class='ocr_par' dir='ltr' id='par_1_121' title="bbox 2114 5691 2326 5733">
     <span class='ocr_line' id='line_1_121' title="bbox 2114 5691 2326 5733; baseline -0.009 -1"><span class='ocrx_word' id='word_1_913' title='bbox 2114 5691 2265 5733; x_wconf 85' lang='lat' dir='ltr'><strong>nera.</strong></span> <span class='ocrx_word' id='word_1_914' title='bbox 2304 5692 2326 5730; x_wconf 76' lang='grc' dir='ltr'><strong>ι</strong></span> 
     </span>
    </p>
   </div>
  </div>
