4106 6246
489 307 592 363 είςθ

1918 312 2237 368 OlilGENlS

3617 302 3723 363 5'20

474 434 676 505 palpas,
708 439 763 486 et
792 430 860 484 ad
885 429 1168 485 illecebras
1198 427 1391 481 nutris.
1426 427 1506 480 An
1537 425 1758 481 nescitis
1788 425 1912 494 quia
1940 442 2043 478 non
2076 431 2118 484 Α
2152 421 2398 476 Pontifex
2432 421 2593 490 igitur
2624 418 2819 474 noster
2853 418 3106 495 Dominus
3147 430 3202 475 et
3251 420 3500 476 Salvator
3545 427 3721 494 aperit

472 531 649 588 potest
682 521 964 575 mditicium
1008 520 1149 572 istud
1197 517 1449 573 Ecclesia:
1478 532 1541 571 ex
1578 516 1806 585 leprosis
1848 515 2043 584 lapidi-

474 614 573 664 bus
606 609 877 663 construi?
906 608 1041 662 Audi
1088 609 1215 676 quid
1251 609 1379 661 dicit
1413 607 1707 675 Apostolus
1736 606 1781 637 "
1815 624 1828 659 :
1871 624 1890 654 ι
1929 605 2041 657 Mo-

471 705 649 757 dicum
703 703 1022 754 fermentum
1077 709 1241 753 totam
1297 715 1531 753 massam
1573 698 1894 766 corrumpit.
1934 697 2042 750 Ex-

470 802 694 862 purgate
730 807 861 856 ergo
896 800 1047 845 vetus
1088 790 1434 852 fermentum,
1467 802 1524 843 ut
1567 789 1687 844 sitis
1723 804 1859 843 nova
1912 802 2044 843 con-

469 886 698 954 spersio.
737 904 753 935 i
790 883 895 937 Sed
932 884 996 935 ad
1035 883 1372 951 propositum
1408 881 1712 935 redeamus.

540 976 593 1029 8.
633 994 650 1025 ι
678 975 743 1028 Et
797 975 1048 1043 accipiet,
1097 972 1357 1041 inquit“,
1391 971 1631 1025 batillum
1675 969 1887 1037 plenum
1928 983 2044 1022 car-

470 1064 723 1118 bonibus.
767 1082 784 1113 ι
820 1063 932 1114 Non
983 1076 1171 1113 omnes
1219 1070 1515 1129 purgantur
1565 1074 1629 1113 eo
1674 1059 1794 1127 igne
1838 1058 1929 1126 qui
1977 1058 2044 1112 de

471 1156 629 1209 altari
661 1155 1176 1208 assumitur.Aaron
1212 1151 1577 1220 purgaturillo
1610 1152 1753 1220 igne,
1783 1160 1836 1204 et
1859 1150 2041 1215 Isaias,

470 1254 525 1298 et
567 1246 612 1296 si
654 1243 745 1310 qui
790 1250 916 1295 sunt
956 1244 1159 1296 similes
1195 1240 1316 1294 illis.
1352 1241 1451 1293 Alii
1487 1255 1615 1293 vero
1654 1240 1744 1309 qui
1779 1255 1883 1293 non
1919 1248 2044 1293 sunt

476 1335 633 1396 tales,
664 1336 727 1385 de
760 1334 955 1401 quibus
986 1333 1149 1386 etiam
1183 1332 1442 1400 meipsutu
1477 1341 1747 1400 computo,
1781 1331 1886 1384 alio
1922 1331 2043 1400 igne

473 1426 849 1493 purgabantur
895 1422 1029 1492 (67).
1076 1421 1262 1475 Timeo
1303 1436 1367 1473 ne
1411 1421 1499 1473 illo
1538 1424 1602 1473 de
1643 1436 1749 1489 quo
1783 1424 2041 1490 scriptum

468 1526 553 1567 est
580 1515 662 1564 7':
700 1533 716 1563 ι
755 1514 972 1567 Fluvius
1000 1513 1141 1582 ignis
1186 1513 1437 1566 currebat
1495 1523 1618 1567 ante
1654 1513 1848 1581 ipsum.
1885 1530 1902 1562 ι
1940 1514 2044 1566 Iste

470 1606 608 1673 ignis
634 1621 738 1659 non
768 1607 940 1657 estde
969 1604 1149 1656 altari.
1179 1603 1278 1669 Qui
1313 1604 1376 1657 de
1414 1603 1568 1656 altari
1608 1611 1691 1657 est
1723 1604 1878 1672 ignis,
1906 1603 2042 1671 ignis

468 1708 551 1751 est
585 1697 819 1761 Domini;
847 1695 936 1763 qui
966 1705 1144 1747 autem
1175 1704 1325 1747 extra
1357 1693 1526 1748 altare
1553 1703 1655 1754 est,
1692 1710 1795 1747 non
1825 1702 1907 1747 est
1941 1693 2039 1745 Do-

469 1789 625 1852 mini,
657 1788 747 1841 sed
796 1793 1046 1855 proprius
1085 1793 1169 1839 est
1210 1785 1633 1854 uniuscujusque
1674 1786 2038 1852 peccantium,

469 1880 536 1933 de
563 1894 668 1947 quo
701 1878 903 1931 dicitur
926 1876 973 1907 ⁷⁸
1003 1890 1017 1928 :
1058 1893 1079 1927 ι
1118 1876 1328 1931 Vermis
1364 1891 1552 1930 eorum
1604 1890 1707 1929 non
1759 1876 2041 1941 morietur,

468 1978 523 2022 et
558 1969 699 2039 ignis
726 1984 911 2022 eorum
948 1983 1055 2022 non
1085 1968 1483 2036 exstinguetur.
1525 1985 1542 2018 ι
1580 1967 1683 2021 Iste
1713 1982 1842 2037 ergo
1883 1968 2042 2037 ignis,

469 2060 710 2129 ipsorum
753 2070 835 2113 est
882 2060 974 2127 qui
1032 2074 1155 2113 eum
1206 2058 1590 2122 accenderunt,
1640 2059 1781 2113 sicut
1822 2070 1876 2114 et
1916 2058 2042 2113 alibi

467 2150 726 2219 scriptum
776 2159 859 2203 est
884 2150 927 2180 ⁷⁷
959 2165 973 2202 :
1003 2164 1021 2198 r
1052 2147 1339 2201 Ambulate
1384 2147 1437 2200 in
1489 2147 1613 2217 igne
1664 2157 1865 2211 vestro,
1900 2156 1953 2201 et
1988 2147 2039 2200 in

463 2241 678 2295 ﬂamma
711 2257 872 2311 quam
916 2239 1240 2293 accendistis
1273 2240 1444 2293 vobis.
1483 2258 1501 2291 ι
1538 2240 1687 2293 Isaia:
1716 2250 1895 2293 autem
1930 2252 2038 2292 non

466 2346 597 2387 auus
630 2333 767 2399 ignis
803 2332 1092 2402 apponitur
1122 2333 1188 2396 ⁷⁸,
1223 2336 1317 2385 sed
1370 2331 1511 2398 ignis
1542 2330 1751 2395 altaris,
1806 2330 1895 2399 qui
1934 2330 2041 2382 cir-

466 2426 860 2494 cumpurgahat
896 2425 1033 2478 labia
1074 2425 1208 2493 ejus,
1243 2432 1295 2478 et
1327 2423 1457 2477 huic
1492 2423 1556 2476 de
1578 2437 1685 2490 quo
1724 2422 1921 2475 dicitur
1947 2422 1991 2453 "
2024 2442 2035 2477 :

471 2535 488 2567 ι
533 2518 596 2569 Et
630 2528 808 2571 sumet
853 2516 1098 2569 batillum
1146 2515 1363 2583 plenum
1411 2514 1737 2567 carbonibus
1782 2512 1924 2582 ignis
1971 2513 2039 2567 de

464 2609 645 2672 altari,
689 2608 829 2675 quod
865 2618 944 2661 est
975 2617 1161 2661 contra
1194 2607 1509 2671 Dominum,
1546 2614 1599 2659 et
1638 2604 1877 2674 implebit
1919 2620 2036 2658 ma-

467 2714 569 2753 nus
623 2714 750 2752 suas
803 2698 1025 2751 incenso
1087 2697 1501 2767 compositionis
1558 2697 1787 2751 minuto.
1827 2714 1846 2748 ι
1884 2694 2037 2763 Quod

466 2788 682 2855 quidem
733 2788 947 2857 plenius
1013 2787 1271 2842 Dominus
1333 2796 1517 2842 noster
1581 2787 1731 2841 fecit.
1793 2787 2037 2856 Implevit

463 2880 609 2932 enim
640 2892 826 2932 manus
857 2891 983 2931 suas
1020 2875 1519 2941 incenso-minuto,
1548 2877 1614 2928 de
1639 2890 1745 2944 quo
1774 2876 2033 2945 scriptum

464 2981 545 3025 est
572 2970 659 3023 ’σε
696 2986 715 3021 ι
755 2968 1026 3038 Dirigatnr
1059 2968 1234 3021 oratio
1291 2982 1410 3021 mea
1460 2967 1600 3021 sicut
1644 2966 1922 3020 incensum
1982 2967 2032 3019 in

2147 530 2337 568 manus
2368 528 2516 579 suas,
2550 521 2606 566 et
2655 512 2933 581 suscipere
2969 515 3080 569 vult
3129 516 3198 568 ab
3250 530 3577 583 unoquoque
3619 534 3719 570 no-

2146 616 2313 659 strum
2366 606 2642 659 incensum
2691 605 3101 674 compositionis
3156 604 3445 667 minutum,
3502 620 3725 661 necesse

2144 706 2230 750 est
2276 711 2373 749 nos
2418 710 2664 764 qumrere
2715 696 2921 764 species
2972 695 3201 748 incensi.
3256 694 3517 749 Libanum
3565 698 3723 751 nobis

2145 788 2492 855 quaerendum
2523 794 2624 850 est,
2656 796 2711 839 et
2756 802 2859 840 non
2903 783 3280 855 qualecunque
3328 784 3591 848 libanum,
3624 789 3721 842 sed

2145 876 2463 931 dilucidum.
2491 875 2606 930 Non
2636 875 2747 929 vult
2776 890 2804 927 a
2839 884 2890 928 te
2933 874 3211 943 suscipere
3249 874 3493 942 pontifex
3518 875 3721 931 obscu-

2147 984 2264 1021 rmu
2293 966 2516 1035 aliquid,
2550 976 2641 1019 aut
2670 964 2970 1028 sordidum,
3009 964 3305 1018 dilucidum
3355 966 3568 1033 quaerit.
3614 966 3721 1022 Sed

2144 1071 2199 1112 et
2229 1059 2519 1130 galbanum
2550 1073 2579 1111 a
2615 1067 2667 1112 te
2694 1058 2887 1126 poscit,
2931 1056 3087 1126 cujus
3126 1066 3323 1110 natura
3357 1067 3441 1111 est
3474 1067 3532 1110 ut
3560 1059 3721 1113 vebe-

2145 1150 2345 1202 mentia
2383 1149 2566 1203 odoris
2611 1148 2693 1202 sui
2747 1156 3030 1216 serpentes
3079 1149 3272 1201 noxios
3310 1147 3475 1217 fuget.
3519 1148 3721 1214 Quaerit

2146 1247 2325 1292 autem
2357 1253 2387 1291 a
2430 1249 2479 1292 te
2505 1248 2559 1293 et
2589 1247 2819 1301 stacten,
2850 1238 3024 1292 colata
3071 1240 3291 1291 enimet
3321 1238 3576 1292 defaacata
3613 1240 3723 1292 vult

2144 1341 2282 1395 esse,
2314 1328 2395 1382 vel
2430 1330 2589 1382 verba
2634 1338 2839 1394 nostra,
2884 1327 2969 1382 vel
3020 1342 3206 1396 opera.
3249 1328 3452 1393 Quaerit
3484 1338 3539 1383 et
3581 1344 3722 1400 any-

2144 1418 2325 1483 chem,
2357 1434 2463 1500 quo
2500 1420 2647 1474 velut
2676 1430 2831 1474 scuto
2865 1420 3099 1490 quodam
3142 1420 3427 1489 obtegatur
3459 1421 3637 1473 anima
3668 1431 3723 1474 et

2147 1511 2305 1564 illa'sa
2335 1521 2651 1581 permaneat
2680 1510 2814 1582 (70).
2850 1512 2922 1565 Ita
2963 1522 3017 1566 et
3053 1521 3105 1566 te
3133 1511 3245 1564 vult
3271 1520 3426 1566 scuto
3454 1512 3572 1566 fidei
3602 1528 3720 1567 esse

2145 1609 2472 1670 protrcmm,
2505 1617 2611 1670 quo
2641 1602 2819 1656 omnia
2850 1602 3033 1671 jacula
3067 1602 3282 1670 maligni
3326 1602 3487 1672 ignita
3522 1604 3718 1655 restiu-

2144 1709 2298 1764 gnas.
2331 1692 2455 1748 llaec
2481 1703 2659 1747 tamen
2702 1695 2881 1748 omnia
2916 1693 3030 1747 vult
3062 1710 3089 1747 a
3128 1702 3179 1748 te
3203 1709 3324 1748 esse
3375 1695 3657 1762 composita
3692 1710 3708 1746 :

2148 1784 2221 1837 uil
2257 1783 2641 1848 inordinatum,
2690 1783 2824 1836 ttiltil
2872 1784 3170 1852 inquietum
3198 1824 3212 1848 ,
3267 1783 3401 1837 nihil
3442 1784 3707 1846 indecens,

2147 1875 2240 1928 sed
2271 1873 2373 1927 hoc
2399 1874 2529 1938 vult,
2558 1883 2614 1928 ttt
2642 1875 2823 1930 omnia
2868 1884 3049 1927 nostra
3092 1875 3391 1944 composite
3414 1883 3467 1927 et
3494 1874 3712 1927 honesto

2147 1966 2295 2019 fiant.
2328 1966 2448 2020 Stat
2480 1981 2610 2037 ergo
2662 1966 2824 2020 etiam
2881 1982 3021 2020 nunc
3070 1980 3229 2020 verus
3268 1966 3505 2036 pontifex
3536 1976 3717 2019 noster

2145 2058 2415 2123 Christus,
2444 2067 2499 2112 et
2547 2058 2739 2127 repleri
2783 2058 2897 2112 vult
2934 2074 3126 2112 manus
3166 2074 3292 2114 suas
3324 2060 3544 2113 incenso
3575 2073 3714 2112 00111-

2146 2149 2320 2216 posito
2350 2148 2593 2213 minuto;
2627 2157 2681 2201 et
2726 2149 2793 2202 ab
2836 2164 3155 2219 unaquaque
3193 2149 3428 2204 Ecclesia
3466 2164 3585 2217 qua:
3618 2147 3721 2201 sub

2144 2240 2280 2293 caelo
2336 2248 2454 2303 est,
2510 2240 2835 2294 considerat.
2867 2241 2995 2308 quid
3036 2238 3307 2301 offeratur,
3365 2255 3527 2310 quant
3585 2241 3718 2293 inte-

2144 2345 2239 2399 gre
2273 2330 2549 2383 incensum
2599 2345 2753 2384 suum
2804 2330 3190 2399 diligenterque
3218 2340 3523 2399 componat,
3553 2347 3716 2399 quam

2142 2421 2411 2475 minutum
2464 2422 2515 2475 id
2551 2420 2739 2486 faciat,
2794 2422 2843 2476 id
2890 2431 2994 2487 est,
3039 2424 3311 2491 quomodo
3345 2426 3718 2492 unusquisque

2142 2521 2383 2567 nostrum
2419 2526 2583 2582 opera
2619 2528 2715 2567 sua
2746 2514 2981 2577 ordinet,
3017 2523 3072 2567 et
3108 2517 3379 2582 quomodo
3409 2530 3625 2568 sensum
3655 2531 3717 2568 ac

2138 2602 2309 2657 verba
2341 2601 2747 2671 Scripturarum
2780 2602 3009 2671 spiritali
3038 2604 3417 2674 explanatione
3441 2606 3713 2659 discutiat.

2139 2691 2249 2746 Nec
2263 2692 2574 2762 angelorqu
2603 2693 2902 2746 ministeria
2926 2694 2990 2747 ad
3018 2694 3384 2763 hujuscemodi
3410 2695 3582 2749 ofiicia
3603 2696 3714 2763 (7i)

2139 2782 2353 2837 desunt.
2397 2782 2582 2853 Angeli
2625 2784 2769 2837 enim
2824 2783 2913 2839 Dei
2966 2786 3262 2839 ascendunt
3296 2795 3352 2840 et
3383 2787 3717 2841 descendunt

2140 2875 2204 2927 ad
2242 2873 2435 2928 Filium
2490 2874 2748 2937 hominis,
2795 2876 3136 2943 perquirunt,
3186 2887 3240 2932 et
3290 2878 3505 2933 curiose
3549 2887 3716 2948 agunt

2135 2966 2263 3032 quid
2318 2964 2369 3017 in
2415 2974 2643 3033 utroque
2688 2981 2929 3021 nostrum
2969 2965 3274 3032 inveniant,
3306 2972 3448 3038 quod
3488 2969 3715 3025 olIerant

464 3069 754 3131 conspectu
787 3070 899 3115 tuo.
940 3078 958 3110 ι
1007 3059 1251 3129 Implevit
1281 3072 1411 3127 ergo
1449 3073 1639 3112 manus
1677 3071 1803 3112 suas
1834 3059 2035 3113 sanctis
2060 3083 2103 3141 ε
2140 3056 2267 3111 Deo.
2302 3057 2492 3113 Vident
2517 3069 2571 3112 et
2595 3070 3001 3128 perscrutantur
3025 3062 3447 3131 uniuscujusque
3471 3072 3709 3116 nostrum

463 3156 739 3224 operibus,
789 3169 911 3223 qua:
960 3169 1058 3223 pro
1108 3155 1344 3205 humano
1391 3164 1585 3219 genere
1633 3158 1886 3218 operatus
1931 3160 2032 3203 est.

463 3248 643 3313 Quare
668 3255 846 3300 autem
883 3244 1293 3314 compositionis
1323 3242 1603 3296 incensum
1641 3240 1880 3295 dicitur?
1910 3243 2035 3311 quia

461 3354 568 3393 non
608 3347 691 3393 est
726 3353 829 3390 una
859 3340 1069 3406 species
1117 3350 1364 3406 operum,
1396 3334 1490 3388 sed
1538 3348 1602 3388 ex
1627 3334 1859 3404 justitia,
1887 3344 1941 3389 et
1969 3350 2036 3389 ex

462 3428 683 3496 pietate,
725 3440 793 3481 ex
825 3427 1179 3489 continentia,
1220 3440 1287 3479 ex
1331 3425 1640 3495 prudentia,
1674 3434 1727 3478 et
1760 3438 1825 3478 ex
1857 3425 2036 3479 omni-

461 3522 560 3574 bus
599 3519 971 3587 hujuscemodi
1009 3517 1303 3571 virtutibus
1334 3516 1677 3584 componitur
1744 3516 1843 3569 hoc
1891 3515 2035 3585 quod

462 3613 635 3682 placet
669 3611 776 3665 Deo
803 3611 937 3680 (68).
969 3610 1136 3681 242
1168 3610 1272 3664 Sed
1309 3619 1363 3663 et
1399 3610 1658 3661 minutum
1691 3608 1833 3676 quod
1863 3610 2030 3675 addit,

461 3719 566 3755 non
601 3702 775 3756 otiose
802 3702 1175 3771 intelligimus.
1214 3698 1327 3753 Non
1362 3698 1505 3753 enim
1544 3698 1657 3752 vult
1690 3712 1813 3751 eum
1845 3699 1933 3767 qui
1967 3698 2032 3750 ad
2088 3762 2093 3763 ν

460 3789 846 3858 perfectionem
880 3790 1070 3855 tendit,
1116 3788 1339 3843 verbum
1375 3786 1467 3841 Dei
1497 3802 1683 3841 crasse
1718 3796 1774 3841 et
1804 3774 2060 3840 carnali:

460 3892 542 3935 ter
564 3881 1005 3953 intelligere,'sed
1030 3882 1295 3934 minutum
1323 3880 1375 3933 in
1408 3880 1489 3934 his
1510 3893 1726 3933 sensum
1750 3878 2033 3933 subtilem-

457 3988 562 4039 que
603 3973 937 4041 perquirere,
973 3978 1032 4023 ut
1055 3971 1099 4024 si
1127 3970 1265 4022 forte
1291 3970 1476 4022 audiat
1504 3968 1763 4036 scriptum
1795 3982 1916 4021 esse
1940 3966 1982 3997 ⁸⁸
2015 3984 2028 4019 :

462 4077 481 4110 ι
517 4059 631 4113 Νοη
663 4059 946 4113 obturabis
992 4072 1055 4111 os
1104 4056 1225 4111 bovi
1264 4056 1562 4119 trituranti,
1594 4074 1613 4107 ι
1650 4056 1739 4110 ille
1779 4055 1893 4109 ltan
1925 4072 2030 4109 tton

459 4150 524 4202 de
561 4148 733 4202 bobus
768 4148 1054 4216 intelligat,
1088 4161 1261 4215 neque
1289 4145 1432 4199 enim
1482 4147 1546 4198 de
1579 4144 1749 4200 bobus
1794 4160 1919 4199 cura
1948 4157 2032 4200 est

460 4238 591 4301 Deo,
617 4238 709 4291 sed
747 4238 815 4291 de
844 4237 1102 4307 apostolis
1134 4237 1258 4292 dici.
1290 4234 1475 4289 Sedet
1504 4235 1548 4289 si
1590 4238 1710 4304 quis
1759 4238 1825 4291 de
1848 4238 2030 4307 provi-

456 4327 638 4384 dentia
672 4329 762 4383 Dei
800 4329 1087 4393 rationem,
1113 4344 1231 4397 qua:
1274 4336 1355 4381 est
1389 4325 1745 4381 minutissima
1780 4336 1833 4382 et
1857 4328 2030 4383 suhti-

2142 3158 2401 3214 mentem,
2432 3148 2477 3203 si
2508 3148 2706 3205 habeat
2736 3152 2938 3221 aliquid
2969 3152 3095 3218 tale,
3126 3154 3171 3208 si
3205 3163 3310 3206 tam
3338 3163 3585 3207 sanctum
3610 3154 3706 3205 ali-

2138 3238 2267 3307 quid
2305 3240 2529 3309 cogitet,
2571 3243 2712 3310 quod
2745 3243 2801 3295 Di
2822 3258 2853 3294 ο
2880 3252 3151 3297 mereatur
3182 3242 3383 3296 offerri.
3416 3241 3706 3305 lntueutur,

2136 3341 2191 3385 et
2220 3332 2565 3386 considerant
2602 3333 2644 3387 si
2675 3334 2798 3402 quis
2831 3347 3072 3388 nosuum
3102 3349 3169 3388 ex
3198 3335 3279 3388 his
3307 3350 3432 3404 qua:
3458 3334 3711 3388 dicuntur

2138 3420 2191 3474 in
2242 3420 2473 3475 ecclesia
2504 3422 2667 3477 corde
2699 3424 3095 3493 compuugitur,
3125 3433 3177 3476 et
3214 3425 3452 3477 animum
3488 3438 3712 3478 conver-

2139 3512 2202 3567 tit
2230 3513 2296 3566 ad
2336 3514 2731 3583 pceniteutiam,
2772 3515 2815 3568 si
2856 3515 2941 3568 his
2968 3517 3167 3570 auditis
3209 3518 3479 3585 corrigere
3512 3514 3713 3585 cogitat

2137 3604 2252 3657 vias
2281 3618 2428 3669 suas,
2453 3613 2509 3658 et
2534 3603 2779 3659 oblivisci
2812 3606 3105 3672 praeterita,
3124 3620 3189 3661 ac
3228 3620 3534 3676 praeparare
3559 3621 3618 3659 se
3647 3606 3711 3659 ad

2138 3691 2336 3757 futura,
2368 3693 2553 3748 saltem
2585 3697 2879 3748 secundum
2910 3695 3092 3748 Achab
3127 3695 3278 3748 illum
3308 3695 3708 3765 impiissitmtm,

2137 3784 2203 3837 de
2238 3799 2342 3853 quo
2390 3786 2517 3841 dicit
2565 3784 2826 3841 Dominus
2854 3785 2902 3817 δ’
2936 3802 2951 3839 :
2996 3802 3016 3837 ι
3050 3786 3236 3842 Vidisti
3274 3787 3539 3857 quomodo
3569 3802 3712 3841 com-

2138 3885 2394 3942 punctum
2421 3885 2503 3932 est
2532 3891 2626 3932 cor
2656 3877 2877 3931 Achab?
2917 3896 2936 3929 ι
2972 3876 3076 3932 Sed
3107 3879 3157 3932 in
3193 3880 3275 3932 his
3299 3878 3550 3933 omnibus
3577 3879 3707 3949 quid

2137 3967 2202 4020 de
2241 3968 2344 4022 illis
2378 3970 2575 4031 dicam,
2605 3970 2696 4036 qui
2747 3985 2848 4024 nec
2898 3971 3126 4025 audiunt
3177 3972 3397 4025 auribus
3446 3973 3577 4035 hare,
3608 3986 3707 4024 nec

2136 4059 2299 4112 corde
2339 4060 2643 4129 recipiunt?
2682 4062 2809 4127 Qua:
2852 4066 2901 4117 in
2942 4065 3047 4119 illis
3085 4065 3513 4132 compunctionis
3548 4063 3709 4133 spes?

2136 4164 2253 4217 qua:
2298 4153 2671 4207 conversionis
2711 4155 2987 4222 suspicio;
3025 4170 3143 4224 qua:
3194 4155 3588 4209 emendationis
3619 4170 3710 4206 ex-

2136 4242 2402 4309 spectatio
2429 4242 2585 4314 (72)?
2638 4244 2693 4299 Si
2734 4247 2878 4299 enim
2924 4257 3086 4299 etiam
3138 4248 3203 4301 de
3237 4246 3322 4300 bis
3354 4246 3446 4316 qui
3482 4246 3708 4298 audiunt

2135 4332 2465 4399 dubitamus,
2494 4335 2625 4404 quid
2661 4350 2946 4405 Speramus
2991 4339 3057 4392 de
3110 4338 3193 4392 his
3219 4338 3308 4406 qui
3348 4338 3567 4392 omnino
3599 4352 3702 4388 nou

455 4417 685 4484 lissima,
716 4420 886 4488 possit
913 4435 1201 4489 exponere,
1242 4420 1340 4473 iste
1389 4420 1595 4472 minuto
1640 4419 1863 4473 incenso
1910 4435 2026 4473 ωει-

2140 4426 2395 4480 audiunt?
2423 4428 2526 4482 Sed
2558 4439 2775 4485 utamur
2802 4431 2981 4485 verbis
3013 4431 3221 4484 Domini
3253 4430 3319 4494 ⁸³,
3348 4439 3401 4484 et
3422 4429 3663 4483 dicamus
3688 4445 3701 4481 :

459 4525 587 4562 num
621 4524 773 4562 suam
828 4510 1033 4577 replere
1081 4510 1303 4563 dicitur.
1333 4509 1465 4576 Quis
1508 4524 1636 4580 ergo
1677 4518 1918 4563 nostrum
1953 4510 2027 4562 ita

456 4610 736 4670 promptus
766 4612 847 4655 est
871 4614 925 4655 et
954 4612 1196 4669 paratus,
1225 4611 1285 4655 ut
1311 4603 1621 4670 ingressuro
1647 4602 1883 4671 pontifici
1914 4601 2024 4671 (09)

456 4693 508 4746 in
537 4693 732 4747 Sancta
777 4704 1103 4757 sanctorum,
1130 4694 1406 4748 incensum
1458 4693 1864 4762 compositionis
1890 4693 2023 4746 offe-

458 4794 540 4837 rat
572 4782 873 4837 minutum?
906 4782 1136 4837 Necesse
1159 4792 1240 4837 est
1263 4784 1406 4837 enim
1437 4799 1534 4837 nos
1563 4783 1801 4853 singulos
1824 4782 2024 4851 aliquid

452 4873 651 4929 otl'erre
688 4875 1034 4929 tabernaculo
1065 4874 1179 4937 Dei,
1208 4874 1410 4943 aliquid
1434 4875 1594 4928 etiam
1624 4874 2022 4942 pontificalibus

454 4966 801 5029 indumentis,
838 4966 1038 5035 aliquid
1070 4982 1196 5019 vero
1224 4966 1364 5034 quod
1402 4980 1499 5034 per
1528 4964 1799 5033 pontificis
1833 4980 2022 5017 manus

453 5057 517 5109 ad
564 5057 737 5124 ipsum
791 5057 955 5111 Deum
1000 5073 1093 5128 per
1140 5057 1361 5111 odorem
1404 5056 1689 5111 suavitatis
1737 5058 2020 5111 ascendat.

522 5238 567 5268 ⁷³
593 5238 607 5291 Ι
632 5237 752 5293 Cor.
778 5238 901 5301 v.6,
925 5240 977 5293 7.

453 5321 567 5371 xw,
619 5310 703 5363 i2.
780 5312 825 5340 ⁵ο
855 5312 992 5363 l’sal.
1021 5326 1145 5374 εει,
1175 5310 1231 5365 2.
1306 5309 1349 5341 ⁸¹
1386 5310 1549 5363 IUor.
1588 5324 1663 5376 Ix,
1692 5310 1745 5363 9.

525 5426 635 5500 ((i'i)
665 5427 842 5500 podex
877 5427 1185 5500 Sangcrm.,
1222 5447 1239 5479 ι
1280 5428 1712 5500 ῃιιι-ετιιήιιιιιτ.)

527 5496 821 5578 (68)_ijb.
884 5496 1032 5578 editi,
1074 5516 1091 5549 ι
1141 5509 1198 5551 ut
1260 5496 1325 5553 eo
1376 5496 1619 5567 placetur
1666 5498 1824 5552 Deus.
1859 5516 1877 5549 ι
1909 5498 2015 5552 Sed

457 5581 589 5616 mss.
618 5575 669 5616 ut
707 5575 760 5617 in
788 5578 971 5622 nostro
1005 5577 1172 5622 textu.

525 5633 838 5714 (69).(niodex
892 5639 1201 5708 Sangerm.,
1248 5656 1266 5691 ο
1300 5638 1559 5707 pontifici.
1593 5656 1614 5690 ι
1653 5637 1809 5692 Libb.
1854 5636 2015 5701 editi,

458 5720 478 5757 ι
520 5705 796 5773 pontiﬁce.
838 5724 855 5756 ι

1966 5821 2071 5837 μην-ι-

1052 5240 1096 5271 τι
1128 5238 1295 5293 Levii.
1334 5254 1442 5304 xvi,
1472 5238 1551 5292 12.
1627 5239 1673 5270 "
1711 5237 1838 5290 Dan.
1868 5254 1960 5303 ιιι,
1995 5241 2075 5295 ιο.

2137 4516 2237 4583 Qui
2273 4518 2470 4573 habent
2511 4536 2669 4576 aures
2713 4522 2965 4577 audiendi
3005 4523 3243 4587 audiant,
3280 4531 3332 4575 et
3362 4521 3451 4589 qui
3487 4521 3708 4572 audiunt

2134 4608 2311 4662 sciant
2341 4611 2595 4679 scriptum
2628 4628 2770 4679 esse,
2801 4617 2921 4682 quia
2958 4628 3078 4667 cum
3110 4628 3402 4669 conversus
3434 4612 3707 4679 ingemneo

2136 4701 2233 4763 ris,
2265 4709 2390 4756 tunc
2410 4704 2588 4759 salvus
2622 4707 2751 4769 eris.
2778 4716 2832 4760 et
2862 4708 3000 4763 scies
3029 4708 3117 4762 ubi
3147 4706 3333 4761 fueris.
3366 4702 3451 4768 Et,
3485 4703 3527 4756 si
3554 4702 3705 4754 dixe-

2134 4792 2211 4844 ris
2244 4801 2297 4845 tu
2326 4805 2546 4862 peccata
2583 4807 2671 4849 tua
2703 4799 2873 4867 prior,
2905 4814 3005 4870 ego
3039 4797 3325 4853 exaudiam
3364 4804 3415 4849 te
3450 4804 3703 4861 tanq-tam

2132 4882 2384 4949 populum
2423 4896 2691 4941 sanctum.
2719 4890 2928 4944 Audisti
2959 4889 3226 4959 quomodo
3256 4887 3417 4940 etiam
3447 4886 3490 4938 si
3515 4898 3706 4953 pecca-

2132 4981 2213 5023 tor
2254 4970 2421 5035 fuisti,
2466 4981 2672 5029 tantum
2722 4978 2766 5031 si
2811 4992 3101 5033 conversus
3144 4992 3222 5059 es,
3279 4985 3331 5029 et
3377 4974 3630 5028 destitisti
3674 4988 3703 5025 a

2130 5071 2371 5131 peccato,
2398 5062 2510 5132 jam
2543 5076 2761 5124 sanctus
2805 5068 3129 5139 appellaris?
3159 5067 3301 5122 Nihil
3349 5080 3480 5134 ergo
3512 5064 3674 5131 despe

3107 5248 3152 5281 ⁷⁸
3184 5248 3285 5302 lsa.
3314 5262 3387 5301 vt.
3450 5248 3494 5279 "
3527 5244 3701 5301 Levit.

2152 5243 2197 5273 ⁷⁶
2218 5242 2320 5297 lsa.
2346 5247 2584 5302 t.xvt.‘24.
2661 5248 2706 5279 "
2731 5247 2830 5303 lsa.
2868 5265 2920 5316 ι,
2946 5250 3031 5305 li.

1820 5308 1947 5364 “Ill
1978 5313 2107 5381 lleg.
2140 5317 2341 5378 “1,29
2365 5358 2382 5377 .
2438 5317 2485 5348 ⁸³
2524 5318 2710 5372 Matth.
2752 5334 2824 5373 xt.

2198 5431 2309 5501 (70)
2346 5432 2503 5499 Mss.,
2544 5451 2565 5486 ι
2610 5435 2878 5506 obtegitur
2916 5434 3115 5491 animal
3169 5450 3324 5490 suum
3369 5444 3424 5490 et
3474 5433 3700 5489 illaesum

2127 5512 2426 5569 permanet.
2464 5522 2482 5555 ι

2198 5571 2310 5713 (71)
2340 5572 2486 5666 Mss,
2529 5592 2548 5625 ι
2586 5574 2653 5654 ab
2682 5573 3048 5643 hujuscemodi
3072 5573 3281 5631 ciliciis.
3321 5591 3345 5626 ι

2200 5641 2290 5711 (72
2345 5642 2493 5710 Mss.,
2529 5660 2547 5695 ι
2591 5659 2695 5699 vta.
2734 5662 2753 5696 ι

2200 5641 2310 5711 (72)
2345 5642 2493 5710 Mss.,
2529 5660 2547 5695 ι
2591 5646 2695 5699 via.
2734 5662 2753 5696 ι
