4106 6246
450 281 550 339 591

1617 277 1683 331 1N
1722 275 2096 333 LEVITICUM
2135 274 2421 332 HOMILIA
2460 274 2547 330 1X.

3606 281 3712 347 5'23

451 401 681 456 randum
712 408 795 453 est
832 400 914 454 his
960 399 1050 469 qui
1086 408 1520 467 con-ipunguutur
1551 406 1605 452 et
1644 408 2036 452 convertuntur
2065 405 2111 459 Α
2138 396 2311 451 obtuli
2354 395 2421 448 ad
2452 394 2628 448 altare
2652 394 2769 450 Dei.
2803 392 2858 449 Si
2904 396 3122 465 diligam
3154 397 3352 454 fratres
3411 414 3560 456 meos
3591 443 3604 465 ,
3640 403 3710 464 ita

453 492 518 545 ad
549 491 849 545 Dominum.
890 489 1003 545 Non
1032 493 1173 545 enim
1204 499 1421 561 superat
1461 489 1758 545 bonitatem
1790 490 1884 545 Dei
1920 507 2032 543 ma-

452 583 567 643 litia
610 582 959 636 delictorum.

523 674 577 727 9.
600 673 920 742 Sumitergo
937 672 1172 742 pontifex
1200 672 1439 727 batillum
1466 672 1681 741 plenum
1707 672 2036 727 carbonibus

456 764 597 834 ignis
628 764 694 817 de
723 764 900 829 altari,
930 766 1071 833 quod
1098 776 1181 817 est
1210 774 1395 818 contra
1425 764 1734 829 Dominum,
1763 774 1817 817 et
1849 764 2034 833 implet

457 871 671 908 manum
706 870 858 907 suam
892 857 957 909 de
993 856 1216 909 incenso
1266 855 1672 923 compositionis
1722 856 1949 917 minuto,
1983 865 2037 909 et

456 946 618 1000 infert
670 946 721 999 in
775 945 1029 1000 interiora
1078 946 1386 1000 velaminis.
1442 948 1809 1017 lutelligamus
1861 948 2035 1015 primo

454 1037 583 1105 quid
612 1037 854 1107 designet
879 1035 1126 1101 historia,
1157 1047 1212 1091 et
1240 1048 1365 1092 tunc
1388 1039 1515 1107 quid
1547 1054 1741 1093 sensus
1776 1040 2037 1108 spiritalis

454 1127 651 1183 habeat
712 1129 1064 1197 requiremus.
1123 1130 1323 1198 Duplex
1371 1131 1512 1185 aedes
1559 1140 1640 1186 est
1701 1132 2037 1187 tabernaculi

456 1218 751 1272 testimonii
801 1218 881 1271 vel
936 1218 1117 1286 templi
1171 1218 1400 1273 Domini.
1458 1219 1635 1273 Prima
1684 1229 1784 1282 est,
1830 1220 1883 1273 in
1929 1234 2035 1287 qua

455 1311 628 1366 altare
664 1311 1034 1366 holocaustum
1063 1319 1146 1364 est
1172 1309 1309 1379 (75).
1337 1312 1477 1378 quod
1503 1310 1780 1380 perpetuis
1819 1310 2038 1378 ignibus

456 1405 744 1466 excitatur,
772 1402 822 1456 in
855 1417 958 1470 qua
987 1404 1101 1456 aede
1129 1403 1259 1455 solis
1300 1401 1424 1454 licet
1455 1401 1709 1454 assistere
1739 1398 2040 1453 sacerdoti-

457 1495 575 1560 bus,
605 1505 658 1550 et
685 1494 1078 1550 sacriﬁciorum
1114 1494 1251 1547 ritus
1292 1507 1355 1546 ac
1394 1491 1691 1546 ministeria
1741 1490 2038 1558 celebrare,

454 1595 509 1642 et
538 1602 710 1655 neque
749 1586 972 1651 Levitis,
1000 1600 1174 1655 neque
1214 1584 1304 1639 alii
1340 1584 1592 1653 cuiquam
1626 1581 1736 1654 (74)
1777 1594 2038 1653 praeterea

457 1679 766 1747 indulgetur
825 1691 1095 1733 accessus.
1149 1676 1396 1731 Secunda
1454 1689 1581 1731 vero
1629 1676 1772 1731 aedes
1818 1674 2041 1731 interior

456 1779 564 1832 est,
598 1768 711 1823 solo
754 1768 821 1821 ab
855 1769 957 1821 hac
989 1769 1222 1823 discreta
1256 1767 1539 1821 velamine.
1584 1768 1729 1821 Intra
1771 1769 1914 1837 quod
1945 1783 2035 1822 ve-
2072 1754 2114 1811 Β

458 1862 668 1925 tamen,
722 1875 844 1916 arca
896 1861 1207 1916 testamenti
1257 1870 1310 1914 et
1368 1861 1828 1929 propitiatorium,
1876 1876 2037 1929 super

460 1954 603 2022 quod
652 1955 928 2009 cherubim
978 1956 1079 2010 duo
1144 1962 1348 2008 statuta
1409 1962 1566 2018 sunt,
1614 1962 1668 2008 et
1722 1953 1893 2006 altare
1950 1954 2035 2005 iu-

460 2048 605 2103 censi
637 2046 747 2118 (75)
778 2048 1099 2102 collocatum
1138 2056 1239 2101 est.
1280 2044 1335 2100 in
1383 2047 1523 2100 hanc
1567 2046 1732 2100 aedem
1766 2045 1931 2099 semel
1979 2045 2033 2099 in

459 2148 603 2188 anno
634 2139 840 2204 primus
872 2138 1179 2206 quicunque
1215 2146 1331 2191 erat
1372 2137 1635 2206 pontifex,
1664 2137 1859 2191 oblatis
1887 2137 2037 2205 prius

459 2228 649 2284 hostiis
682 2232 1101 2301 propitiationis,
1136 2233 1201 2286 de
1232 2232 1429 2300 quibus
1463 2246 1622 2300 supra
1657 2233 2033 2302 exposuimus,

459 2319 887 2389 ingrediebatur,
918 2324 1121 2379 habens
1167 2332 1453 2392 utramque
1486 2339 1701 2379 manum
1753 2326 2031 2395 repletam,

458 2429 618 2471 ttnam
656 2416 844 2471 hatillo
873 2416 1193 2480 carbonum,
1226 2426 1279 2471 et
1324 2418 1481 2469 aliam
1513 2418 1918 2486 compositionis
1948 2418 2034 2471 in-

456 2519 641 2571 censo,
668 2516 727 2561 ut
755 2522 876 2563 cum
906 2507 1095 2563 fuisset
1118 2511 1408 2577 ingressus,
1428 2508 1609 2562 statim
1644 2509 1922 2578 supposito
1954 2510 2037 2564 in-

460 2611 622 2652 censo
656 2598 979 2653 carbonibus
1001 2598 1178 2654 fumus
1201 2599 1537 2664 ascenderet,
1563 2608 1840 2669 totamque
1861 2601 2035 2655 aedem

460 2689 723 2759 repleret,
774 2700 833 2745 ut
881 2700 1161 2761 aspectum
1215 2698 1561 2753 sanctorum,
1602 2703 1759 2758 quem
1826 2690 2037 2760 ingres-

461 2797 553 2834 sus
588 2782 856 2852 pontificis
893 2782 1246 2847 revelaverat,
1280 2783 1453 2837 nubes
1482 2782 1688 2836 velaret
1720 2781 1943 2838 incensi.
1976 2778 2038 2837 Si

464 2874 555 2927 tibi
608 2877 997 2931 sacriﬁciorum
1050 2890 1167 2930 mos
1216 2875 1388 2944 patuit
1432 2858 1874 2943 antiquus,'quid
1924 2874 2038 2928 haec

461 2969 623 3021 etiam
674 2969 969 3023 secundum
1039 2968 1303 3023 rationem
1363 2967 1648 3036 mysticam
1702 2964 2036 3029 contineant,

460 3059 622 3132 25,3
651 3062 956 3116 videamus.
991 3062 1137 3116 Duas
1177 3059 1380 3114 audisti
1426 3061 1608 3113 aedes:
1661 3072 1825 3113 unam
1880 3057 2036 3127 quasi

464 3154 737 3207 visibilem
763 3162 817 3207 et
854 3162 1128 3222 patentem
1161 3152 1563 3215 saeerdmibus,
1594 3150 1753 3204 aliam
1788 3165 1915 3205 vero
1952 3151 2036 3205 in.

464 3244 733 3297 visibilem
761 3283 776 3309 ,
813 3254 866 3298 et
898 3245 1231 3299 inaccessam
1256 3284 1270 3307 ,
1326 3252 1556 3312 excepto
1596 3242 1712 3297 solo
1758 3241 2037 3311 pontiﬁce,

466 3336 645 3389 cazteri
680 3336 810 3390 foris
840 3344 984 3390 sunt.
1016 3336 1196 3389 Prima
1230 3334 1374 3395 mdes
1402 3335 1505 3388 ista
1535 3343 1669 3405 puto
1701 3335 1848 3401 quod
1884 3332 2041 3387 intel-

470 3424 561 3495 ligi
594 3428 762 3493 possit
790 3428 905 3481 haec
938 3427 991 3480 in
1028 3443 1135 3496 qua
1177 3442 1319 3480 nunc
1350 3442 1536 3480 sumus
1572 3425 1624 3479 in
1662 3440 1829 3479 carne
1878 3423 2039 3492 positi

468 3514 709 3571 Ecclesia
735 3557 749 3581 ,
788 3518 839 3570 in
872 3533 977 3585 qua
1024 3518 1340 3571 sacerdotes
1399 3517 1718 3570 ministrant
1770 3515 1836 3568 ad
1872 3514 2042 3569 altare

467 3607 933 3672 bolocaustorum,
964 3620 1231 3660 succenso
1262 3605 1352 3658 illo
1380 3605 1525 3675 igne,
1560 3606 1627 3658 de
1661 3620 1767 3677 quo
1795 3603 1932 3659 dixit
1954 3604 2043 3661 Je—

467 3714 559 3754 sus
588 3699 674 3754 3‘:
722 3719 741 3751 ι
774 3699 964 3770 Ignem
998 3700 1118 3753 veni
1165 3699 1383 3754 mittere
1433 3700 1485 3752 in
1516 3708 1718 3753 terram
1747 3738 1762 3764 ,
1793 3708 1845 3753 et
1879 3713 2040 3768 quam

466 3792 590 3846 volo
640 3800 698 3846 ut
731 3792 1078 3847 accendatur.
1116 3810 1135 3844 ι
1186 3790 1255 3849 Et
1290 3790 1414 3846 nolo
1465 3793 1679 3846 mireris
1732 3791 1876 3861 quod
1928 3793 2043 3846 hate

471 3883 617 3936 mdes
667 3881 797 3936 solis
842 3881 1221 3936 sacerdotibus
1255 3890 1463 3949 pateat.
1491 3880 1694 3936 Omnes
1724 3882 1868 3937 enim
1925 3882 2044 3950 qni-

464 3987 678 4042 cunque
707 3984 980 4043 nngueuto
1006 3971 1146 4029 sacri
1173 3972 1491 4026 chrismatis
1517 3972 1740 4027 delibuti
1774 3981 1921 4037 sunt,
1955 3987 2044 4027 sa-

465 4066 718 4120 cerdotes
748 4064 924 4119 effecti
969 4074 1137 4129 sunt,
1166 4064 1307 4117 sicut
1362 4072 1416 4118 et
1461 4063 1656 4119 Petrus
1707 4065 1775 4118 ad
1826 4078 2041 4119 omnem

465 4157 595 4210 dicit
636 4154 933 4211 Ecclesiam
968 4156 1013 4191 ⁸⁵
1041 4172 1056 4209 :
1095 4173 1116 4206 ι
1153 4153 1259 4210 Vos
1292 4165 1474 4211 autem
1508 4170 1678 4225 genus
1701 4155 1956 4221 electum,
1987 4162 2043 4209 et

468 4249 651 4317 regale
676 4248 1061 4316 sacerdotium,
1089 4262 1223 4320 gens
1248 4258 1459 4304 sancta.
1493 4267 1511 4300 ι
1548 4248 1690 4301 Estis
1720 4262 1853 4316 ergo
1875 4261 2044 4316 genus

465 4339 807 4394 sacerdotale
832 4379 848 4405 ,
907 4350 965 4394 et
996 4341 1115 4395 ideo
1174 4340 1437 4395 acceditis
1488 4340 1553 4393 ad
1594 4349 1805 4397 sancta.
1843 4339 1950 4392 Sed
1987 4346 2043 4392 et

2141 496 2195 540 ut
2226 488 2465 540 animant
2507 501 2678 539 meam
2712 500 2907 555 ponam
2936 503 3033 556 pro
3058 488 3318 545 fratribus
3351 493 3506 558 meis,
3540 494 3584 547 si
3615 509 3714 562 pro

2130 576 2374 645 justitia,
2414 592 2511 645 pro
2547 578 2777 631 veritate
2828 592 2996 645 usque
3032 578 3099 632 ad
3150 592 3377 636 mortem
3409 594 3713 663 certavero,

2139 668 2519 724 holocaustum
2570 669 2739 724 obtuli
2769 669 2834 721 ad
2866 669 3036 723 altare
3066 670 3181 725 Dei.
3211 671 3268 727 Si
3304 676 3544 728 membra
3595 693 3713 737 mea

2138 762 2207 816 ab
2259 762 2406 817 onmi
2458 761 2909 829 concupiscentia
2971 763 3156 818 carnis
3207 764 3640 833 mortiﬁcavero,
3671 769 3714 831 si

2139 854 2372 907 mundus
2402 853 2532 907 mihi
2566 854 2865 908 cruciﬁxus
2918 853 3006 917 sit,
3045 866 3099 909 et
3153 872 3252 925 ego
3307 857 3527 921 mundo,
3562 858 3715 918 holo-

2138 954 2383 998 caustum
2411 943 2580 997 obtuli
2604 946 2670 998 ad
2696 944 2867 1000 altare
2896 947 3010 1013 Dei,
3040 955 3095 1000 et
3119 946 3230 1014 ipse
3258 962 3391 1000 meae
3416 948 3603 1003 hostia:
3632 966 3715 1005 sa.

2138 1037 2330 1091 cerdos
2357 1036 2579 1091 eﬁicior.
2609 1036 2720 1092 Hoc
2749 1053 2880 1107 ergo
2906 1040 3065 1092 modo
3093 1039 3455 1096 sacerdotium
3487 1042 3718 1108 geritur,

2141 1130 2193 1184 in
2229 1130 2399 1198 prima
2433 1131 2566 1195 :nde,
2593 1140 2647 1183 et
2679 1131 2868 1186 hostia:
2897 1129 3221 1195 oﬁ‘eruntnr,
3261 1140 3313 1185 et
3342 1147 3406 1185 ex
3458 1133 3559 1189 hac
3604 1135 3721 1188 aede

2140 1220 2502 1275 sanctiﬁcatis
2551 1222 2773 1275 indutus
2828 1222 3169 1276 vestimentis
3208 1223 3455 1292 pontifex
3505 1225 3723 1292 proﬁcis

2140 1311 2333 1377 scitur,
2362 1320 2415 1365 et
2452 1312 2761 1381 ingreditur
2798 1312 2850 1364 in
2907 1312 3166 1367 interiora
3201 1314 3487 1370 velaminis
3516 1355 3533 1379 ,
3578 1317 3723 1371 sicut

2143 1403 2395 1470 superius
2435 1402 2588 1455 Pauli
2626 1404 2791 1457 verba
2818 1404 3131 1472 posuimus,
3167 1405 3400 1460 dicentis
3432 1407 3512 1459 ⁸ος
3550 1426 3571 1461 ι
3608 1407 3720 1470 Non

2143 1493 2196 1547 in
2233 1508 2393 1547 manu
2420 1493 2563 1548 facta
2588 1502 2795 1561 sancta,
2824 1494 2916 1549 sed
2951 1494 3006 1549 in
3037 1496 3213 1565 ipsum
3240 1498 3437 1553 caelum
3469 1510 3720 1569 penetra.

2144 1585 2242 1648 vit,
2275 1584 2469 1654 iuquit,
2496 1584 2673 1651 Iesus,
2704 1597 2758 1639 et
2790 1595 3013 1655 apparet
3043 1588 3210 1641 vultui
3250 1588 3337 1642 Dei
3367 1607 3462 1659 pro
3491 1593 3664 1647 nobis.
3696 1611 3715 1649 ι

2142 1676 2277 1731 (ἰωΙὶ
2312 1692 2441 1746 ergo
2477 1677 2651 1743 locus,
2681 1685 2734 1732 et
2766 1679 2881 1748 ipsa
2916 1679 3008 1734 Dei
3067 1680 3224 1734 sedes
3251 1720 3266 1746 ,
3322 1696 3415 1750 per
3445 1682 3722 1741 interioris

2142 1770 2276 1825 aedis
2304 1769 2531 1839 ﬁguram
2584 1779 2749 1838 atque
2785 1770 3074 1841 imaginem
3110 1772 3448 1841 designatur.
3482 1776 3587 1830 Sed
3620 1776 3722 1832 mi.

2142 1879 2263 1918 rum
2293 1874 2552 1918 contuere
2582 1863 2826 1917 ordinem
2875 1876 3366 1920 sacramentorum.
3409 1866 3722 1937 ingrediens

2143 1958 2386 2026 pontifex
2449 1958 2501 2011 in
2555 1956 2754 2011 Sancta
2801 1966 3136 2024 sanctorum,
3182 1960 3359 2026 ignem
3423 1975 3609 2014 secum
3654 1962 3722 2013 de

2142 2048 2246 2105 hoc
2299 2048 2454 2101 altari
2490 2055 2688 2116 portat,
2744 2057 2798 2103 et
2848 2048 3126 2103 incensum
3180 2051 3233 2103 in
3286 2052 3385 2104 hae
3425 2052 3541 2105 :ede
3589 2067 3721 2107 sos,

2143 2141 2293 2210 cipit.
2334 2140 2440 2195 Sed
2470 2150 2523 2196 et
2565 2140 2888 2195 vestimenta
2927 2140 3121 2208 quibus
3153 2141 3368 2195 indutus
3395 2152 3498 2206 est,
3531 2143 3596 2197 de
3620 2143 3725 2199 hoc

2145 2232 2263 2286 loco
2312 2233 2562 2301 sumpsit.
2617 2230 2855 2285 Putasne
2895 2231 3205 2301 dignabitur
3248 2231 3509 2289 Dominus
3570 2249 3723 2290 meus

2142 2338 2306 2378 verus
2339 2323 2587 2392 pontifex
2620 2334 2673 2379 et
2712 2339 2741 2377 a
2784 2338 2869 2377 me
2902 2322 3180 2390 suscipere
3221 2333 3429 2392 partem
3484 2324 3720 2395 aliquam

2146 2414 2357 2469 incensi
2406 2415 2821 2483 compositionis
2856 2416 3050 2468 minuti
3103 2415 3245 2484 quod
3279 2431 3462 2469 secum
3515 2414 3725 2471 deferat

2144 2507 2211 2560 ad
2238 2505 2487 2561 Patrem?
2517 2505 2754 2562 Putasne
2783 2506 3024 2560 inveniet
3054 2507 3107 2560 in
3135 2521 3221 2560 me
3246 2505 3449 2575 aliquid
3480 2507 3721 2577 igniculi,

2142 2604 2199 2650 et
2232 2594 2610 2650 holocaustum
2666 2610 2847 2649 meum
2882 2594 3105 2658 ardens,
3144 2603 3203 2648 ut
3254 2594 3509 2664 dignetur
3556 2610 3622 2652 ex
3659 2611 3724 2652 co

2144 2686 2391 2745 batillum
2423 2702 2581 2741 suum
2618 2686 2845 2756 implere
2883 2687 3237 2748 carbonibus,
3271 2694 3325 2740 et
3358 2685 3408 2740 in
3444 2687 3574 2756 ipsis
3612 2687 3724 2743 Deo

2146 2778 2293 2834 Patri
2328 2778 2551 2834 odorem
2584 2778 2873 2833 suavitatis
2904 2779 3138 2834 olferre?
3189 2778 3389 2835 Beatus
3440 2789 3526 2834 est
3572 2782 3725 2851 cujus

2145 2880 2255 2927 tam
2306 2873 2482 2939 vivos,
2513 2881 2731 2942 tamque
2771 2872 3294 2942 iguitosholocausti
3331 2873 3412 2927 sui
3457 2873 3723 2933 carbones

2145 2964 2436 3031 invenerit,
2466 2974 2529 3018 ut
2558 2979 2652 3019 eos
2682 2974 2835 3033 aptos
2856 2966 3065 3035 judicet
3093 2979 3229 3034 quos
3263 2964 3420 3017 altari
3462 2978 3726 3034 superpo-

2147 3064 2237 3111 nat
2255 3057 2483 3113 incensi.
2508 3055 2705 3110 Beatus
2723 3056 2775 3110 in
2801 3055 2956 3125 cujus
2980 3056 3147 3111 corde
3172 3056 3439 3110 invenerit
3467 3066 3573 3110 tam
3592 3056 3723 3111 sub-

2145 3148 2315 3214 tilem,
2354 3159 2460 3203 tam
2499 3149 2770 3203 minutum
2803 3158 3022 3219 tamque
3048 3149 3347 3220 spiritalem
3388 3165 3631 3218 sensum,
3668 3160 3722 3205 et

2142 3243 2216 3297 ita
2240 3243 2456 3297 diversa
2476 3241 2736 3296 virtutum
2759 3242 3025 3296 suavitate
3043 3241 3428 3309 compositum,
3462 3251 3523 3295 ut
3549 3240 3726 3309 reple-

2144 3350 2203 3390 re
2233 3334 2485 3404 dignetur
2512 3348 2578 3387 ex
2596 3349 2661 3387 eo
2691 3348 2884 3386 manus
2910 3331 3293 3401 suas,Deoque
3320 3329 3470 3386 Patri
3499 3346 3723 3386 suavem

2143 3428 2369 3480 odorem
2403 3424 2778 3493 intelligentiae
2810 3425 2927 3494 ejus
2960 3424 3179 3479 oﬁerre.
3214 3424 3283 3476 At
3314 3432 3505 3477 contra
3539 3421 3725 3485 infelix

2147 3517 2347 3588 anima,
2362 3514 2516 3584 cujus
2549 3517 2672 3571 ﬁdei
2705 3517 2847 3586 ignis
2880 3513 3279 3585 exstinguitur,
3330 3524 3384 3567 et
3420 3513 3726 3584 refrigescit

2145 3606 2432 3661 charitatis
2462 3606 2654 3663 calor:
2713 3607 2780 3660 ad
2812 3620 2975 3675 quam
3032 3621 3155 3660 cum
3216 3604 3428 3659 venerit
3486 3605 3725 3662 caelestis

2148 3695 2393 3767 pontifex
2426 3706 2637 3761 noster,
2682 3711 2933 3766 quaerens
2964 3696 3031 3748 ab
3065 3709 3127 3749 ea
3165 3696 3367 3764 ignitus
3392 3702 3446 3748 et
3477 3695 3728 3758 ardentes

2145 3792 2411 3846 carbones
2457 3804 2619 3860 super
2642 3805 2777 3858 quos
2813 3791 3094 3843 incensum
3135 3785 3326 3842 oﬁ'erat
3357 3787 3524 3848 Patri,
3562 3787 3717 3840 inve.

2148 3886 2231 3941 nit
2258 3884 2312 3940 in
2344 3899 2407 3939 ea
2455 3883 2639 3938 aridos
2670 3882 2884 3937 cineres
2915 3888 2970 3935 et
3018 3879 3243 3947 frigidas
3301 3877 3532 3933 favillas.
3567 3878 3726 3941 Tales

2151 3986 2278 4033 sunt
2307 3990 2502 4031 omnes
2543 3974 2636 4044 qui
2674 3972 3005 4028 subtrahunt
3035 3983 3093 4025 se
3128 3978 3184 4023 et
3237 3968 3393 4040 longe
3448 3967 3661 4025 faciunt
3692 3985 3721 4025 τι

2144 4069 2313 4123 verbo
2344 4066 2480 4130 Dei,
2515 4080 2584 4120 ne
2630 4063 2913 4119 audientes
2962 4075 3242 4117 sermones
3271 4061 3482 4122 divinos
3530 4075 3725 4115 acceu,
3816 4074 3826 4087 ε

2147 4160 2348 4214 dantur
2370 4158 2436 4211 ad
2469 4158 2652 4218 fidem,
2678 4155 3016 4209 incalescant
3042 4152 3110 4208 ad
3137 4153 3485 4215 charitatem,
3516 4151 3728 4221 iguiaue

2149 4258 2239 4303 tur
2267 4249 2332 4301 ad
2385 4246 2843 4301 misericordiam.
2887 4242 2978 4297 Vis
3011 4242 3105 4299 tibi
3142 4244 3421 4297 ostendam
3454 4245 3728 4310 quomodo

2148 4340 2215 4392 dc
2249 4336 2433 4390 verbis
2478 4334 2716 4403 Spiritus
2768 4334 2942 4391 sancti
2982 4331 3121 4402 ignis
3161 4338 3342 4393 exeat,
3377 4341 3431 4385 et
3465 4334 3729 4385 accendat

466 4432 841 4501 unusquisque
857 4441 1101 4486 nostrum
1126 4434 1289 4486 habet
1316 4432 1368 4485 in
1392 4446 1449 4486 se
1468 4431 1839 4486 holocaustum
1860 4444 2038 4493 suum,
2074 4450 2119 4504 ι)
2149 4431 2310 4485 corda
2340 4427 2723 4483 credentium?
2769 4425 2905 4480 Audi
2933 4425 3199 4480 dicentem
3238 4423 3402 4477 David
3437 4422 3489 4476 in
3520 4423 3727 4491 psalmo

466 4535 523 4579 et
554 4527 853 4581 holocausti
890 4526 973 4580 sui
1008 4527 1121 4595 ipse
1152 4525 1436 4580 succendit
1486 4524 1680 4590 altare,
1736 4532 1793 4576 ut
1825 4537 2041 4591 semper

468 4618 676 4670 ardeat.
709 4617 821 4687 Ego
857 4619 902 4672 si
957 4618 1266 4671 renuntiem
1314 4616 1571 4671 omnibus
1600 4630 1719 4685 quae
1744 4615 1997 4683 possideo
2023 4657 2037 4682 ,

466 4720 520 4765 et
557 4712 740 4764 tollam
773 4725 990 4766 crucem
1018 4727 1214 4774 meam,
1252 4720 1306 4766 et
1330 4726 1529 4781 sequar
1549 4710 1852 4776 Christum,
1881 4708 2035 4764 bolo-

467 4812 717 4857 canstum
746 4803 913 4857 obtuli
942 4805 1009 4857 ad
1037 4803 1211 4857 altare
1237 4802 1329 4858 Dei
1359 4824 1370 4857 :
1405 4812 1498 4856 aut
1528 4803 1572 4856 si
1612 4801 1887 4856 tradidero
1920 4815 2043 4854 cor-

469 4908 570 4962 pus
603 4911 778 4947 nicum
815 4906 871 4947 ut
906 4897 1126 4949 ardeam
1183 4895 1388 4949 habens
1421 4894 1744 4948 charitatem
1774 4930 1789 4957 ,
1839 4898 1894 4946 et
1926 4889 2043 4957 glo-

470 4988 607 5040 riam
660 4988 903 5059 martyrii
952 5003 1299 5057 consequar,
1343 4987 1723 5040 holocaustum
1772 4983 2036 5051 meipsum

537 5100 581 5135 ⁸⁵
616 5101 745 5157 Luc.
796 5118 897 5169 xu,
944 5102 1032 5156 49.
1110 5101 1207 5155 ⁸⁵1
1247 5101 1361 5156 Pet.
1418 5118 1478 5168 ιι,
1525 5100 1578 5155 9.

540 5241 652 5309 (73)
683 5239 749 5293 In
771 5257 873 5309 qua
897 5238 1065 5292 altare
1094 5239 1544 5309 Itofocattstorum,
1576 5242 1678 5309 etc.
1705 5229 1825 5286 lam
1847 5227 2033 5309 monui

468 5298 656 5366 boinil'.
684 5311 714 5364 9
743 5298 794 5364 in
827 5309 1018 5371 Exod.,
1052 5325 1196 5362 num.
1236 5309 1290 5370 5,
1325 5323 1426 5361 nou
1456 5306 1621 5359 fuisse
1658 5304 1710 5354 ιιι
1743 5309 1932 5355 sancto
1954 5298 2034 5371 al-

472 5393 587 5435 tare
621 5368 1168 5449 holocaustorum,nt
1204 5368 1290 5431 hic
1334 5386 1484 5446 putat
1522 5375 1806 5449 Origenes,
1839 5371 1943 5449 sed.
1980 5368 2035 5422 in

469 5452 607 5574 ιέιῑφ
636 5449 975 5503 sacerdotum
1018 5448 1118 5501 sub
1145 5449 1253 5511 dio,
1280 5448 1347 5500 ad
1392 5447 1534 5517 quod
1572 5456 1823 5499 accessus
1872 5446 2037 5493 etiam

515 5522 696 5574 evitis.

515 5536 843 5670 θῖἣιῗὶὶὺι).
890 5588 1047 5655 editi,
1085 5608 1103 5641 ι
1151 5586 1309 5641 alicui
1353 5598 1609 5654 unquam.
1648 5601 1666 5636 ι
1703 5580 1853 5646 Mss.,
1895 5598 1913 5631 ι
1945 5576 2039 5633 alii

475 5674 740 5729 cntqnam.
779 5681 797 5712 ι

788 5755 1061 5813 Parnm.
1087 5751 1204 5813 Gn.
1238 5748 1382 5815 XI].

1653 5099 1698 5131 "
1734 5097 1898 5153 Hebr.
1922 5112 1999 5159 ιιι,
2023 5092 2113 5152 24.

2149 4522 2262 4593 (76)
2296 4522 2339 4553 ⁸⁷
2370 4539 2423 4575 :t
2452 4520 2732 4590 Eloquium
2764 4518 2975 4573 Domini
3000 4517 3190 4588 ignivit
3210 4531 3352 4571 eum.
3393 4534 3411 4567 ι
3442 4514 3506 4569 Ει
3531 4515 3724 4569 iterum

2151 4616 2204 4667 in
2233 4612 2533 4684 Evangelio
2562 4613 2825 4681 scriptum
2848 4620 2955 4673 est,
2980 4619 3269 4679 postquam
3300 4607 3562 4662 Dominus
3584 4607 3727 4660 locu-

2153 4714 2238 4758 tus
2276 4712 2360 4758 est
2390 4703 2457 4757 ad
2492 4701 2785 4773 Cleopham
2817 4717 2830 4754 :
2875 4717 2892 4752 ι
2930 4697 3127 4754 Nonne
3156 4712 3252 4753 cor
3286 4708 3531 4752 nostrum
3561 4735 3578 4761 ,
3639 4695 3722 4747 in-

2147 4795 2267 4862 quit
2315 4795 2382 4860 ⁸⁸,
2412 4804 2532 4849 erat
2565 4792 2760 4848 ardens
2789 4793 2930 4845 intra
2967 4806 3087 4855 nos,
3118 4803 3240 4843 cum
3282 4788 3523 4854 aperiret
3568 4784 3725 4838 nobis

2149 4883 2504 4953 Scripturas?
2538 4901 2558 4935 ι
2601 4879 2683 4934 Tu
2717 4895 2846 4951 ergo
2895 4878 3036 4931 unde
3080 4874 3336 4931 ardebis?
3385 4871 3536 4928 Unde
3570 4872 3724 4926 inve-9

2146 4978 2364 5030 nientur
2396 4976 2450 5034 in
2485 4984 2536 5029 te
2567 4975 2829 5031 carbones
2864 4969 3024 5038 ignis,
3056 4968 3144 5036 qui
3198 4981 3477 5035 nunquam
3510 4960 3725 5020 Domini

2188 5093 2232 5128 ⁸⁷
2258 5092 2400 5149 Psal.
2428 5106 2538 5155 CIX,
2577 5086 2665 5147 40.
2738 5087 2782 5118 ⁸³
2817 5087 2948 5140 Luc.
2987 5098 3132 5147 xxiv,
3174 5082 3263 5135 5|.

2212 5228 2325 5301 (75)
2356 5226 2629 5301 ιξι-αιςᾳνε
2653 5222 2875 5301 incensi,
2897 5233 3004 5301 etc.
3042 5220 3172 5301 Vide
3205 5224 3377 5301 potas.
3403 5215 3477 5301 ad,
3507 5213 3721 5301 noun;

2146 5288 2335 5355 boinil.
2372 5298 2404 5350 9
2440 5296 2493 5349 in
2519 5294 2782 5357 Exodnm,
2819 5293 2908 5346 ubi
2945 5293 3140 5365 monui
3170 5291 3336 5365 altare
3368 5288 3722 5365 incensinton

2148 5353 2313 5422 fuisse
2362 5367 2415 5419 in
2455 5366 2654 5418 Sancto
2685 5353 3017 5426 sanctorum,
3048 5361 3141 5416 sed
3176 5360 3226 5412 in
3259 5366 3463 5426 sancto.
3504 5353 3725 5426 Origeni

2146 5438 2327 5493 fucum
2365 5436 2494 5489 fecit
2522 5449 2551 5487 a
2591 5448 2648 5487 se
2686 5431 2825 5486 male
2859 5423 3166 5487 intellectus
3193 5429 3340 5483 locus
3392 5424 3526 5480 Heb.
3564 5423 3721 5493 tx,4,

2147 5509 2214 5564 de
2244 5520 2352 5571 quo
2383 5504 2693 5560 consulendi
2726 5502 3065 5571 interpretes.

2222 5567 2333 5649 (76)
2362 5575 2488 5632 Mss.
2525 5591 2542 5626 ι
2574 5572 2802 5645 psalmo.
2834 5567 2984 5630 iLib.
3019 5571 3149 5627 editi
3179 5590 3196 5623 ι
3238 5567 3485 5641 psalmis.
3520 5583 3539 5616 ι

3334 5733 3407 5800 17
