4106 6246
436 315 547 370 525

1915 306 2231 366 OithENlS

3601 331 3704 387 5‘26

435 430 626 496 igniris
657 431 893 498 eloquio,
930 444 1203 499 nunquam
1244 430 1422 484 verbis
1453 429 1690 500 Spiritus
1725 432 1895 485 sancti
1930 431 2008 483 in.
2037 434 2082 489 Α
2116 431 2228 485 rius
2261 431 2672 485 tabernacuhnu
2701 469 2715 493 ,
2768 439 2820 485 et
2875 429 3137 485 caelorum
3177 432 3390 488 excelsa
3425 449 3695 492 conscen-

429 517 772 575 ﬂammaris?
821 521 956 576 Audi
1015 530 1066 575 et
1128 523 1300 590 ipsum
1365 523 1530 576 David
1587 523 1852 576 dicentem
1912 522 2002 576 ⁸⁹ε

434 627 456 662 ε
498 613 780 668 Concaluit
814 629 910 668 cor
947 627 1124 667 meum
1155 615 1296 667 intra
1337 629 1444 678 me,
1470 623 1524 667 et
1564 614 1616 668 in
1647 614 2005 668 meditatione

431 720 548 756 mea
578 707 879 760 exardescit
915 705 1074 777 ignis.
1118 726 1134 758 ι
1170 696 1328 763 Unde
1358 715 1409 759 tu
1437 708 1817 763 concalescis?
1853 709 2004 764 Unde

429 794 569 862 ignis
599 798 941 864 accenditur,
972 798 1060 866 qui
1091 811 1369 867 nunquam
1407 799 1458 852 in
1494 799 1694 853 divinis
1724 801 2003 856 meditaris

427 890 694 960 eloquiis:
753 889 861 942 imo
913 889 1058 956 quod
1108 897 1192 942 est
1229 887 1521 952 infelicius,
1559 889 1891 945 concalescis
1947 891 2000 945 in

424 980 748 1050 spectaculis
787 980 942 1042 circi,
988 978 1321 1033 concalescis
1377 979 1427 1033 in
1464 988 1730 1049 equorum
1766 991 1997 1036 conten-

421 1072 678 1132 tionibus,
708 1070 758 1122 iu
786 1069 1083 1123 certamine
1112 1068 1489 1121 athletarum?
1523 1071 1682 1138 Atqui
1723 1071 1822 1125 iste
1857 1071 1998 1140 ignis

420 1177 524 1214 non
562 1170 646 1213 est
695 1162 760 1213 de
797 1159 956 1211 altari
1000 1158 1237 1226 Domini,
1293 1160 1386 1213 sed
1426 1160 1471 1213 is
1503 1169 1607 1224 est,
1647 1161 1738 1230 qui
1797 1162 1999 1217 dicitur

419 1255 562 1321 ignis
596 1253 851 1317 alienus;
887 1260 940 1305 et
972 1250 1168 1303 audisti
1203 1250 1362 1319 paulo
1395 1253 1644 1321 superius
1669 1292 1684 1318 ,
1721 1255 1848 1322 quia
1900 1257 1993 1323 qui

418 1344 736 1398 obtulerunt
765 1343 998 1396 alienum
1028 1341 1205 1412 ignem
1235 1348 1359 1395 ante
1394 1341 1702 1409 Dominum,
1738 1345 1993 1400 exstincti

420 1444 568 1489 sunt.
600 1434 945 1489 Conc:ilescis
985 1442 1038 1486 et
1070 1449 1191 1487 cum
1232 1444 1282 1486 te
1319 1433 1604 1502 repleverit
1656 1436 1940 1492 iracundia
1975 1477 1989 1504 ,

412 1537 466 1580 et
503 1541 623 1579 cum
665 1534 712 1579 te
739 1522 1156 1577 intlammaverit
1197 1522 1369 1586 furor,
1423 1523 1599 1577 ureris
1632 1525 1901 1579 interdum
1938 1533 1991 1580 et

412 1633 595 1673 amore
626 1617 857 1683 cnruali,
885 1632 946 1669 ac
977 1617 1304 1686 turpissimae
1355 1617 1600 1671 libidinis
1624 1615 1852 1685 jactaris
1910 1619 1992 1671 in-

411 1711 641 1764 cendiis.
670 1708 775 1764 Sed
815 1709 993 1764 omnis
1019 1708 1124 1762 iste
1154 1708 1295 1777 ignis
1331 1709 1539 1762 alienus
1572 1718 1656 1762 est
1687 1719 1742 1762 et
1771 1719 1990 1764 contra-

2110 521 2400 588 dere,jam
2448 538 2554 575 non
2614 523 2720 576 erit
2757 524 2939 585 homo,
3000 525 3092 577 sed
3129 526 3425 579 secundant
3467 529 3690 582 verbum

2111 615 2282 683 ipsius
2330 615 2432 669 erit
2467 623 2722 682 tanquam
2777 615 2998 683 angelus
3039 617 3155 669 Dei.
3195 617 3298 670 Aut
3352 617 3500 672 forte
3526 620 3692 674 etiam

2113 699 2201 753 ille
2254 715 2416 768 super
2449 716 2571 754 eum
2605 715 2787 756 sermo
2817 701 3179 772 complebitur
3227 719 3388 773 quem
3427 706 3542 774 ipse
3584 711 3692 764 Do-

2108 791 2285 845 minus
2314 791 2447 845 dixit
2479 792 2564 846 ”:
2605 812 2623 844 ι
2656 793 2766 862 Ego
2798 794 2908 846 dixi
2939 812 2950 846 :
2985 794 3065 847 Dii
3090 797 3247 863 estis,
3270 807 3323 852 et
3349 798 3442 851 lilii
3477 800 3689 856 Excelsi

2104 896 2313 936 omnes.
2351 903 2369 934 ι
2435 882 2561 937 Sive
2616 900 2745 954 ergo
2782 884 3042 953 spiritalis
3076 885 3337 955 effectus,
3393 905 3531 944 unus
3566 908 3689 946 cum

2105 971 2332 1027 Domino
2387 975 2615 1044 spiritus
2677 975 2807 1042 fiat;
2843 977 2957 1031 sive
2992 993 3087 1047 per
3130 980 3547 1035 resurrectionis
3575 984 3690 1051 glo-

2103 1063 2238 1117 riam
2289 1063 2341 1119 in
2391 1067 2712 1135 angelorum
2762 1067 3010 1122 ordinem
3061 1078 3325 1137 transeat,
3379 1081 3530 1126 recte
3571 1078 3684 1140 jam

2102 1173 2207 1212 non
2234 1159 2339 1214 erit
2369 1159 2565 1223 homo;
2599 1160 2692 1214 sed
2725 1161 3093 1231 unusquisque
3131 1162 3245 1230 ipse
3293 1163 3393 1218 sibi
3422 1166 3523 1220 hoc
3545 1182 3688 1234 prae-

2097 1261 2226 1314 atat,
2257 1259 2316 1304 ut
2337 1249 2421 1302 vel
2449 1252 2675 1305 excedat
2703 1251 2936 1305 hominis
2963 1252 3406 1322 appellationem,
3428 1256 3514 1310 vel
3541 1257 3684 1312 intra

2098 1341 2469 1395 conditionem
2501 1341 2658 1410 hujus
2701 1341 2946 1396 vocabuli
2973 1351 3283 1397 censeatur.
3323 1344 3379 1398 Si
3410 1346 3557 1401 enim
3600 1347 3686 1402 fa-

2096 1438 2215 1484 ctus
2265 1429 2426 1484 homo
2479 1429 2546 1484 ab
2576 1430 2733 1486 initio
2788 1442 3060 1486 servasset
3115 1432 3240 1487 illud
3276 1437 3424 1503 quod
3457 1437 3524 1490 ad
3557 1453 3679 1492 eum

2097 1517 2379 1588 Scriptura
2408 1519 2539 1574 dicit
2567 1519 2614 1551 ⁸⁸
2641 1537 2654 1572 :
2719 1537 2736 1571 ι
2789 1518 2939 1574 Ecce.
2968 1522 3124 1589 posui
3177 1531 3304 1576 ante
3337 1523 3525 1578 oculos
3561 1535 3677 1580 tuos

2095 1620 2324 1666 mortem
2348 1620 2402 1666 et
2428 1612 2614 1679 vitam,
2643 1612 2782 1684 elige
2814 1615 2908 1668 tibi
2938 1614 3135 1681 vitam;
3167 1635 3186 1668 ι
3226 1617 3271 1672 si
3300 1618 3404 1672 hoc
3432 1618 3667 1689 fecisset,

2093 1717 2367 1769 nunquam
2401 1703 2650 1771 profecto
2705 1703 3007 1758 lmmanum
3052 1721 3221 1776 genus
3251 1709 3492 1764 mortalis
3537 1727 3666 1766 con-

379 1800 524 1855 ‘rius
556 1801 683 1863 Deo,
715 1817 873 1869 quem
907 1800 998 1869 qui
1045 1801 1382 1866 accenderit,
1423 1802 1542 1856 sine
1597 1802 1759 1857 dubio
1794 1801 1983 1859 Nadab
2021 1777 2064 1836 Β
2093 1791 2228 1845 (Πιίο
2261 1793 2540 1847 ῑθηυίεεθῑσ
2593 1793 2699 1847 Sed
2754 1795 3011 1863 lli"mium
3065 1795 3449 1868 derelinquens
3484 1801 3661 1868 Vim".

408 1899 463 1942 et
487 1890 660 1942 Aliud
697 1889 931 1957 perferet
964 1898 1184 1942 sortem.

479 1981 570 2037 10.
603 1982 694 2034 Ait
722 1996 851 2049 ergo
882 1979 1156 2048 eloquium
1191 1979 1432 2034 divinum
1467 1981 1513 2012 ⁹⁰
1546 1997 1559 2033 :
1601 1999 1617 2032 ι
1653 1981 1718 2036 Ει
1749 1982 1987 2053 imponet

406 2074 686 2128 incensum
744 2089 908 2142 super
963 2075 1138 2143 ignem
1193 2073 1245 2126 in
1294 2083 1584 2144 conspectu
1640 2075 1879 2143 Domini,
1932 2087 1987 2132 et

409 2166 622 2235 operiet
669 2165 847 2220 fumos
887 2164 1091 2220 incensi
1125 2165 1238 2237 (77)
1272 2168 1708 2237 propitiatorimu
1733 2169 1873 2235 quod
1903 2177 1985 2224 cst

405 2276 569 2329 super
598 2259 930 2321 testimonia,
959 2268 1012 2312 et
1038 2274 1140 2312 non
1175 2261 1454 2324 morietur,
1471 2271 1524 2314 et
1555 2271 1732 2314 sumet
1758 2263 1823 2316 de
1858 2277 1985 2316 san-

402 2354 562 2423 guine
588 2352 761 2416 vituli,
788 2358 843 2405 et
879 2360 1154 2420 resperget
1187 2351 1353 2420 digito
1384 2368 1484 2406 suo
1516 2367 1680 2422 super
1714 2355 1977 2423 propitia-

401 2448 600 2502 torium
633 2452 824 2499 contra
860 2444 1143 2498 orientem.
1186 2461 1205 2495 ι
1246 2442 1400 2497 Ritus
1436 2445 1665 2513 quidem
1716 2448 1855 2515 apud
1886 2463 1980 2502 ve-

400 2547 546 2591 teres
607 2534 1013 2605 propitiationis
1067 2549 1163 2601 pro
1237 2533 1566 2600 hominibus,
1644 2536 1733 2604 qui
1818 2539 1981 2593 tiebat

399 2629 464 2682 ad
502 2627 694 2689 Deum,
723 2625 958 2695 qualiter
981 2624 1355 2680 celebraretur
1383 2625 1604 2680 edocuit
1631 2646 1644 2682 :
1676 2629 1769 2682 sed
1804 2638 1856 2682 tu
1887 2631 1979 2698 qui

398 2723 464 2774 ad
499 2719 774 2773 Christum
795 2717 1010 2780 venisti,
1031 2716 1340 2784 pontificem
1378 2733 1588 2782 verum,
1611 2719 1698 2786 qui
1719 2721 1980 2790 sanguine

397 2827 496 2865 suo
545 2809 711 2866 Deum
746 2810 840 2865 tibi
869 2809 1161 2878 propitium
1205 2808 1352 2875 fecit,
1407 2821 1460 2866 et
1519 2813 1909 2878 reconciliavit,
1929 2823 1978 2868 te

396 2904 570 2969 Patri,
622 2920 726 2959 non
779 2905 990 2956 haerens
1043 2902 1093 2954 in
1128 2904 1392 2971 sanguine
1423 2905 1638 2967 carnis;
1703 2906 1796 2959 sed
1829 2906 1976 2960 disce

399 2996 577 3066 potius
603 2997 919 3066 sanguinem
963 2993 1144 3058 Verbi,
1176 3005 1230 3048 et
1266 2995 1389 3048 audi
1420 2997 1592 3066 ipsum
1645 2997 1738 3050 tibi
1789 2997 1971 3051 dicen-

2093 1891 2320 1937 mortem
2355 1891 2572 1938 secutus
2598 1893 2701 1951 est,
2733 1885 2897 1940 homo
2930 1887 3104 1942 factus
3127 1899 3244 1956 est;
3280 1899 3468 1946 etnon
3497 1893 3666 1948 solum

2089 1973 2283 2037 homo,
2321 1977 2412 2029 sed
2461 1984 2515 2030 et
2549 1985 2714 2040 terra,
2743 1988 2964 2048 prepter
2996 1980 3137 2050 quod
3172 1991 3225 2036 et
3258 1982 3310 2036 in
3356 1991 3554 2038 terram
3591 2000 3676 2040 re-.

2088 2066 2204 2121 dire
2239 2067 2438 2121 dicitur
2481 2069 2548 2122 ⁸⁸.
2584 2069 2824 2138 Requiro
2873 2080 3052 2125 tamen
3089 2088 3210 2141 quae
3239 2078 3309 2130 sit
3346 2075 3449 2130 ista
3500 2092 3670 2142 tnors,

2087 2173 2250 2227 quam
2275 2159 2406 2212 dicit
2435 2169 2558 2214 ante
2591 2178 2610 2211 ι
2638 2161 2824 2217 oculos
2861 2171 2978 2217 tuos
3003 2166 3178 2233 posui.
3211 2184 3230 2218 ι
3271 2166 3344 2221 De
3371 2169 3480 2222 vita
3519 2171 3667 2223 enim

2087 2264 2193 2303 non
2243 2250 2523 2304 dubitatur
2559 2252 2700 2320 quod
2743 2253 3090 2323 semetipsum
3145 2259 3348 2314 indicet
3379 2261 3544 2327 Detts,
3572 2263 3665 2332 qui

2085 2345 2217 2398 dicit
2249 2345 2331 2398 “z
2372 2364 2390 2395 ι
2425 2343 2538 2414 Ego
2562 2360 2680 2400 sum
2714 2349 2918 2404 veritas
2943 2359 2996 2403 et
3026 2351 3157 2407 vita.
3195 2370 3211 2403 ι
3262 2352 3392 2418 Qua:
3422 2365 3505 2409 est
3534 2371 3666 2426 ergo

2084 2437 2184 2491 ista
2221 2452 2366 2491 mors
2407 2438 2528 2491 vita:
2559 2441 2830 2493 contraria
2861 2480 2876 2505 ,
2911 2457 3074 2512 quam
3117 2445 3298 2513 posuit
3342 2446 3484 2500 Deus
3538 2460 3664 2504 ante

2082 2529 2271 2585 oculos
2301 2531 2566 2583 nostros?
2620 2529 2694 2584 De
2724 2530 2818 2586 illo
2855 2533 2961 2589 dici
3004 2546 3168 2602 puto,
3203 2537 3268 2590 de
3310 2551 3416 2605 quo
3465 2537 3666 2594 Paulus

2079 2620 2214 2674 dicit
2239 2620 2324 2672 9':
2360 2637 2378 2669 ι
2406 2617 2742 2676 Novissimus
2790 2623 3040 2678 inimicus
3085 2625 3396 2682 destruetur
3432 2644 3599 2684 mors.
3635 2649 3654 2681 ι

2078 2711 2186 2767 Iste
2217 2721 2300 2765 est
2349 2727 2476 2781 ergo
2517 2711 2770 2768 inimicus
2812 2715 3078 2778 diabolus,
3107 2718 3198 2786 qui
3237 2718 3414 2788 primo
3440 2721 3660 2790 quidem

2078 2816 2203 2860 ante
2234 2806 2417 2889 oculos
2446 2810 2674 2879 positus.
2712 2809 2806 2863 sed
2850 2809 3180 2865 novissimus
3203 2811 3527 2868 destruetur.
3558 2814 3662 2868 Po-

2077 2900 2211 2955 situs
2246 2911 2425 2955 autem
2461 2901 2640 2954 fuerat
2674 2911 2797 2954 ante
2821 2901 3006 2955 oculos
3029 2940 3043 2965 ,
3077 2916 3182 2957 non
3211 2912 3265 2956 ut
3298 2919 3655 2973 sequeremur

2075 3005 2220 3056 cum,
2247 2992 2340 3045 sed
2372 2999 2429 3045 ιιι
2450 2991 2764 3045 vitaremus.
2812 2989 2964 3046 Unde
3005 3000 3059 3048 et
3099 2991 3338 3048 arbitror
3370 2995 3511 3063 quod
3542 2998 3654 3066 ipsa

397 3099 506 3142 tem
548 3089 614 3151 ⁹¹,
652 3089 776 3156 quia
820 3104 840 3137 ι
870 3087 957 3141 hic
993 3087 1214 3156 Sanguis
1249 3102 1400 3141 meus
1431 3098 1534 3151 est,
1565 3087 1654 3156 qui
1691 3102 1787 3154 pro
1818 3088 1970 3142 vobis
2000 3117 2040 3175 α
2077 3096 2173 3150 per
2207 3096 2264 3136 se
2287 3082 2470 3136 anima
2504 3082 2765 3148 humana,
2817 3096 2992 3153 neque
3041 3082 3306 3149 mortalis,
3345 3101 3520 3155 neque
3557 3089 3654 3140 im-

393 3181 700 3235 eﬂ‘undetnr
754 3183 808 3233 in
868 3181 1245 3234 remissionem
1301 3191 1670 3248 peccatorum.
1731 3200 1750 3233 ι
1809 3179 1972 3237 Nevit

393 3272 556 3346 244
587 3273 675 3342 qui
710 3272 984 3343 mysteriis
1019 3272 1255 3326 imbutus
1292 3281 1369 3327 est
1404 3272 1539 3342 (78),
1573 3282 1626 3328 et
1662 3289 1885 3328 carnem
1916 3283 1973 3330 et

391 3365 710 3436 sanguinem
736 3363 898 3418 Verbi
937 3365 1054 3420 Dei.
1089 3363 1203 3419 Non
1248 3380 1380 3435 ergo
1406 3367 1760 3420 immorentur
1794 3367 1845 3420 in
1885 3366 1969 3421 his

389 3473 510 3527 quae
539 3465 593 3510 et
624 3457 921 3511 scientibus
951 3467 1077 3512 nota
1109 3465 1256 3523 sunt,
1294 3466 1348 3510 et
1380 3458 1760 3526 ignorantibus
1786 3468 1970 3528 patere

389 3566 494 3603 non
530 3559 780 3620 possunt.
813 3549 966 3616 Quod
998 3558 1178 3602 autem
1222 3559 1414 3602 contra
1461 3549 1723 3604 orientem
1757 3566 1969 3618 resper-

387 3645 486 3714 git,
520 3659 624 3697 non
653 3643 827 3697 otiose
864 3641 1121 3711 accipias.
1174 3641 1254 3694 Ah
1287 3640 1500 3695 oriente
1527 3641 1622 3695 tibi
1654 3642 1966 3710 propitiatio

387 3734 556 3788 venit.
595 3732 719 3787 Inde
746 3742 829 3787 est
857 3733 1001 3788 enim
1036 3732 1138 3794 vir,
1169 3731 1257 3785 cui
1289 3731 1484 3786 Oriens
1510 3747 1706 3786 nomen
1737 3742 1840 3796 est,
1871 3733 1964 3802 qui

389 3828 655 3881 mediator
685 3826 776 3880 Dei
805 3833 859 3880 et
903 3825 1182 3880 hominum
1213 3823 1390 3879 factus
1420 3832 1522 3878 est.
1555 3822 1810 3878 lnvitaris
1833 3839 1964 3894 ergo

385 3937 481 3990 per
514 3923 636 3984 hoc,
665 3927 721 3971 ut
755 3919 820 3973 ad
847 3919 1113 3972 orientem
1139 3932 1356 3986 semper
1394 3917 1659 3984 aspicias,
1689 3917 1830 3970 unde
1863 3917 1958 3970 tibi

383 4014 558 4066 oritur
592 4011 936 4080 soljustitim,
963 4007 1106 4060 unde
1160 4022 1375 4074 semper
1424 4006 1519 4060 tibi
1557 4007 1733 4060 lumen
1781 4007 1964 4060 nasci-

384 4119 508 4160 tur:
543 4115 596 4159 ιιι
633 4118 908 4170 nunquam
949 4101 999 4154 in
1042 4099 1286 4154 tenebris
1319 4099 1585 4162 ambules,
1641 4113 1815 4167 neque
1847 4100 1962 4153 dies

382 4198 471 4251 ille
509 4194 839 4250 novissimus
895 4203 944 4246 te
981 4192 1035 4245 in
1093 4189 1335 4245 tenebris
1393 4188 1857 4258 comprehendat:
1895 4203 1961 4243 ne

383 4290 477 4344 tibi
515 4287 832 4357 ignorautim
863 4299 967 4339 nox
999 4292 1051 4339 et
1087 4283 1262 4352 caligo
1293 4282 1569 4351 subrepat,
1603 4281 1696 4336 sed
1732 4291 1787 4333 ιιι
1819 4295 1960 4334 sem-

381 4395 476 4447 per
512 4380 564 4432 in
601 4377 840 4430 scientia:
871 4376 990 4430 luce
1019 4374 1302 4441 verseris,‘
1338 4388 1555 4441 semper
1585 4372 1790 4427 habeas
1814 4373 1956 4426 diem

2079 3174 2326 3229 mortalis
2355 3175 2458 3230 dici
2491 3184 2673 3245 potest
2705 3193 2719 3242 ;
2760 3175 2855 3230 sed
2907 3176 2951 3229 si
2999 3177 3291 3246 contigerit
3327 3178 3492 3231 vitam
3520 3219 3534 3243 ,
3579 3195 3642 3233 ex

2076 3269 2364 3337 participio
2397 3269 2517 3324 vita:
2541 3269 2646 3324 erit
2690 3269 3056 3337 immortalis;
3091 3271 3143 3324 in
3177 3271 3342 3323 vitam
3371 3272 3517 3325 enim
3544 3286 3646 3324 non

2075 3361 2266 3415 incidit
2293 3376 2442 3416 mors
2480 3379 2493 3428 ;
2551 3364 2594 3416 si
2648 3377 2776 3417 vero
2818 3371 3076 3418 avertens
3115 3377 3172 3418 se
3199 3378 3228 3416 a
3267 3364 3377 3418 vita
3429 3366 3652 3433 partici-

2072 3454 2219 3524 pium
2249 3458 2472 3510 traxerit
2507 3457 2718 3521 mortis,
2755 3456 2870 3526 ipsa
2908 3471 2966 3510 se
2995 3453 3126 3510 facit
3173 3471 3294 3512 esse
3341 3457 3648 3513 mortalem.

2071 3547 2138 3601 Et
2163 3547 2283 3602 ideo
2308 3549 2570 3617 propheta
2597 3547 2728 3603 dicit
2756 3548 2801 3579 ’⁸
2829 3566 2841 3602 :
2881 3567 2898 3599 ι
2933 3548 3129 3602 Anima
3151 3563 3272 3624 qua:
3295 3557 3505 3619 peccat,
3532 3551 3647 3619 ipsa

2072 3640 2377 3706 morietur;
2423 3659 2440 3691 ι
2481 3641 2724 3710 quamvis
2769 3651 2996 3696 mortem
3049 3641 3166 3710 ejus
3204 3657 3310 3696 non
3354 3640 3422 3697 ad
3476 3643 3648 3698 inter-

2072 3730 2202 3785 itum
2256 3734 2574 3787 substautize
2620 3735 2940 3799 sentiamus,
3000 3737 3094 3790 sed
3142 3734 3245 3790 hoc
3288 3735 3457 3802 ipsum
3504 3735 3648 3803 quod

2069 3823 2242 3878 aliena
2277 3832 2330 3878 et
2358 3826 2592 3879 eXIorris
2619 3826 2738 3880 sita
2768 3828 2900 3893 Deo,
2928 3827 3016 3896 qui
3048 3842 3173 3882 vera
3207 3827 3315 3881 vita
3362 3836 3467 3894 est,
3498 3843 3646 3882 mors

2067 3914 2115 3967 ei
2171 3930 2295 3969 esse
2342 3917 2611 3970 credenda
2655 3927 2758 3972 est.
2812 3917 2963 3971 Nulla
3013 3933 3142 3988 ergo
3196 3919 3538 3989 participatio
3588 3921 3648 3974 fit

2061 4005 2286 4073 justitite
2310 4021 2434 4060 eum
2462 4008 2768 4076 iniquitate,
2797 4010 2944 4066 nulla
2981 4011 3214 4065 societas
3245 4009 3379 4065 locis
3408 4011 3472 4065 ad
3499 4020 3644 4066 tene-

2065 4098 2215 4161 bras,
2250 4097 2397 4151 nnlla
2447 4102 2808 4154 consonantia
2849 4101 3068 4156 Christo
3104 4117 3224 4157 cum
3278 4101 3445 4158 Belial
3472 4103 3538 4157 θ’.
3581 4104 3639 4157 Si

2063 4188 2321 4258 elegimus
2355 4190 2551 4257 vitam,
2590 4205 2804 4260 semper
2839 4193 3114 4258 vivemus,
3152 4208 3300 4248 mors
3344 4193 3501 4249 nobis
3532 4209 3640 4249 non

2064 4281 2455 4347 dominabitur,
2503 4293 2558 4336 et
2598 4282 2958 4351 complebitur
3007 4284 3059 4338 in
3105 4284 3262 4340 nobis
3305 4301 3486 4341 sermo
3538 4288 3642 4342 Do-

2064 4374 2220 4437 mini,
2254 4373 2345 4443 qui
2386 4374 2523 4428 dixit
2555 4377 2569 4405 ¹
2603 4392 2616 4427 :
2658 4392 2678 4425 ι
2706 4374 2805 4441 Qui
2839 4375 3012 4430 credit
3047 4377 3098 4430 in
3136 4391 3240 4442 me,
3279 4379 3490 4433 etiamsi
3518 4394 3642 4434 tne-

381 4471 530 4534 tidei,
565 4483 780 4537 semper
813 4467 990 4520 lumen
1033 4467 1320 4520 cbaritatis
1357 4474 1411 4518 et
1446 4463 1593 4532 pacis
1644 4463 1915 4518 obtinens.
1987 4467 2033 4524 D
2064 4466 2272 4530 riatur,
2339 4467 2500 4520 vivet.
2555 4486 2573 4517 ι
2620 4467 2894 4535 Eligamus
2933 4483 3066 4537 ergo
3124 4467 3330 4534 vitam,
3377 4470 3641 4540 eligamus

451 4563 537 4618 Η.
571 4560 732 4614 Addit
763 4569 884 4626 post
909 4558 1023 4611 inec
1055 4557 1340 4624 Scriptura
1375 4555 1419 4586 ⁸⁸
1449 4572 1461 4606 :
1505 4571 1523 4605 ι
1565 4555 1633 4608 Ει
1665 4570 1768 4609 ιιοιι
1822 4555 1951 4622 erit,

379 4659 576 4729 inquit,
617 4657 776 4710 homo
805 4669 925 4708 cum
954 4649 1288 4720 ingredietur
1317 4646 1556 4718 pontifex
1610 4649 1750 4701 intra
1804 4648 1951 4703 vela-

379 4769 500 4807 men
533 4749 762 4804 interius
793 4747 845 4800 in
904 4741 1315 4798 tabernaculum
1368 4739 1687 4795 testimonii.
1732 4757 1749 4790 ι
1803 4741 1951 4806 Quo-

377 4843 541 4899 modo
570 4857 674 4896 non
710 4841 814 4894 erit
859 4835 1063 4892 homo?
1092 4835 1203 4904 Ego
1232 4835 1313 4888 sic
1364 4831 1575 4900 accipio
1601 4873 1615 4897 ,
1675 4832 1818 4901 quod
1859 4833 1951 4902 qui

375 4933 611 5006 potuerit
635 4929 786 5000 sequi
822 4928 1125 4990 Christum,
1157 4935 1211 4980 et
1240 4929 1527 4994 penetrare
1557 4935 1678 4974 cum
1715 4935 1780 4974 eo
1815 4921 1951 4976 inte-

445 5079 490 5110 ”
530 5074 674 5130 Psal.
740 5088 930 5136 xxxix,
993 5069 1046 5123 3.
1125 5067 1520 5128 °°Levit.xvi,
1585 5065 1668 5119 l3.

374 5149 422 5179 "
464 5150 619 5202 Deut.
654 5143 905 5207 “1,15.
982 5143 1028 5173 ⁸⁵
1066 5141 1264 5195 Genes.
1322 5153 1403 5202 ιιι,
1456 5139 1537 5192 it).

375 5234 450 5283 vi,
486 5218 573 5283 H,
612 5217 702 5270 15.
783 5212 980 5267 ‘Joau.
1010 5209 1202 5277 x1,25.

441 5329 554 5400 (Ἷῖ)
595 5327 747 5400 Libh.
787 5325 915 5381 editi
939 5334 1057 5394 post
1099 5321 1599 5400 c_pr_op'rtiatorium
1650 5339 1668 5372 ι
1717 5318 1939 5384 addunt,

378 5419 395 5450 ι
426 5395 616 5454 contra
643 5397 917 5452 orientem
956 5415 974 5447 ι
1011 5395 1151 5463 quod
1183 5395 1339 5447 abest
1370 5406 1480 5444 tum
1515 5407 1542 5444 a
1578 5406 1734 5456 mss.,
1759 5399 1868 5443 tum
1907 5406 1937 5444 a

371 5479 628 5523 contextu
654 5467 842 5522 Graeco
873 5464 1228 5530 Septuaginta
1270 5463 1650 5530 interpretum.

399 5609 409 5619 .
441 5539 555 5618 (.78)
594 5537 869 5616 Novugui
909 5529 1546 5619 mysteriis-imbutuscst,
1589 5539 1693 5619 etc.
1722 5529 1937 5619 Eucha-

368 5599 874 5675 ris‘tiae'mysterium
908 5599 1012 5657 non
1035 5605 1288 5675 omnibus
1316 5599 1718 5675 patebat.___ldeo
1767 5613 1832 5675 pa
1844 5615 1933 5652 rce

368 5683 434 5734 de
460 5693 524 5734 eo
548 5670 801 5745 loquitur.
840 5674 965 5745 Scio
989 5673 1239 5745 equidem
1285 5687 1312 5745 ξι
1359 5670 1632 5745 nonnullis
1677 5670 1935 5745 vapulare

367 5739 634 5806 Ruﬁnum'
669 5747 824 5816 quasi
875 5739 1233 5813 plurimorum
1275 5741 1526 5810 locorqu
1579 5739 1932 5808 interpolator

1768 5065 1810 5097 ⁹¹
1848 5065 2040 5124 Matth.
2085 5084 2227 5133 xxvr,
2270 5067 2360 5122 28.

1616 5137 1662 5168 ’⁸
1690 5133 1846 5190 Joan.
1872 5152 1982 5206 xrv,
2029 5139 2082 5192 6.

2063 4555 2262 4619 lucem,
2309 4562 2370 4608 ut
2412 4555 2463 4608 in
2521 4555 2607 4608 die
2653 4557 2879 4612 honeste
2924 4557 3286 4624 ambulemus,
3339 4569 3398 4614 ut
3437 4571 3496 4614 et
3543 4577 3640 4616 nos

2062 4656 2349 4714 sequentes
2389 4646 2573 4701 Jesum
2615 4649 2754 4700 intra
2803 4649 3048 4704 velamen
3097 4652 3431 4707 tabernaculi
3488 4653 3632 4707 inte-

2063 4739 2250 4804 rioris,
2286 4738 2398 4807 jam
2449 4753 2554 4793 non
2605 4739 2778 4794 simus
2819 4748 2877 4794 ut
2912 4740 3166 4797 homines
3211 4743 3497 4808 mortales,
3542 4746 3637 4799 sed

2061 4839 2120 4885 ut
2152 4830 2328 4901 angeli
2367 4831 2741 4898 immortales,
2783 4846 2906 4890 cum
2947 4832 3308 4887 novissimum
3352 4834 3634 4889 inimicum

2059 4924 2646 4987 destruxeritmortem
2689 4923 2805 4992 ipse
2855 4923 3118 4979 Dominus
3169 4922 3328 4980 Jesus
3365 4925 3632 4989 Christus,

3093 5064 3140 5096 ⁸³
3171 5061 3314 5118 Psal.
3348 5078 3550 5129 Luxu,
3578 5064 3630 5117 6.

2469 5067 2513 5098 ⁸³
2558 5063 2728 5118 Levit.
2779 5079 2891 5128 xvr,
2930 5064 3018 5120 t7.
3093 5064 3140 5096 ’³
3171 5063 3314 5118 Psal.
3348 5078 3550 5129 Luxu,
3578 5064 3630 5117 6.

2473 5153 2522 5189 ν.
2550 5135 2640 5189 26.
2716 5134 2763 5167 ⁸⁸
2787 5135 2986 5189 Ezech.
3031 5149 3187 5189 xvm.
3216 5134 3272 5188 4.
3348 5134 3392 5166 ⁹⁹
3429 5132 3475 5188 ιι
3506 5135 3632 5189 Cor.

2159 5139 2242 5190 "l
2270 5139 2396 5194 Cor.
2433 5153 2522 5201 xv,
2550 5135 2640 5192 26.
2716 5134 2763 5167 ⁸⁸
2787 5135 2986 5190 Ezech.
3031 5149 3187 5200 xvm,
3216 5134 3272 5188 4.

2052 5319 2216 5376 fuerit
2245 5320 2332 5374 ubi
2359 5317 2746 5391 mysteriorum
2782 5329 2899 5391 ιιοιιΔ
2928 5314 3382 5391 publica‘ndorum
3421 5311 3627 5391 mentio

2049 5394 2149 5453 tit;
2194 5391 2287 5444 sed
2313 5380 2508 5461 iniqua
2529 5389 2717 5461 istth
2745 5380 3058 5461 criminatio
3093 5380 3634 5461 Διξιιιιῐιιιει.ι-εξῐιξμιιιιιν

2043 5462 2130 5515 vel
2191 5475 2256 5513 ex
2314 5453 2510 5512 celebri
2574 5458 2676 5511 hoc
2736 5455 2988 5515 Origeuis
3053 5453 3216 5508 etfato
3261 5453 3364 5506 sub
3413 5453 3630 5504 initium

2048 5532 2142 5585 lib.
2191 5546 2207 5583 ι
2247 5537 2428 5582 contra
2457 5525 2687 5591 Celsum,
2716 5519 2863 5594 apud
2883 5525 3247 5587 Christianos,
3279 5529 3339 5575 ut
3381 5530 3436 5594 et
3487 5519 3632 5594 apud

2040 5601 2497 5670 philosophoset
2556 5587 2784 5670 gentiles
2839 5596 3084 5670 quaedam
3129 5591 3504 5670 εεεᾳκρύφια
3555 5587 3631 5659 μὴ

2039 5662 2118 5734 Et;
2152 5662 2276 5733 τοὺξ
2314 5667 2538 5732 πολλοὺς
2559 5662 2869 5736 φθάνοντα.
2897 5675 2949 5720 et
2980 5662 3305 5734 ὲσωτερικά.
