4106 6246
512 335 619 393 525

1688 322 1755 378 ΙΝ
1796 318 2174 378 LEVITICUM
2216 316 2501 375 IIOMILIA
2543 318 2608 371 Χ.

3678 313 3779 367 5'26

513 460 719 528 quiest
746 456 852 519 via,
880 464 932 509 et
961 452 1182 517 veritas,
1215 458 1267 505 et
1300 449 1405 503 vita
1442 470 1450 503 :
1487 448 1572 502 cui
1611 446 1783 519 gloria
1820 456 1875 501 et
1915 447 2082 515 impc—
2123 452 2170 511 Α
2200 440 2537 509 dispensatio
2561 433 2896 506 procuravit,
2946 442 3002 487 ut
3050 443 3103 487 et
3151 432 3342 487 civitas
3386 432 3524 501 ipsa,
3555 439 3609 484 et
3639 441 3777 485 tem-

516 552 659 606 rium
685 551 737 604 in
772 547 969 603 saecula
1006 546 1347 600 saeculorum.
1381 543 1575 597 Amen.

1112 654 1387 710 HOMILIA
1431 653 1499 707 Χ.

517 750 597 806 De
615 750 823 822 jejunio
855 752 993 819 quod
1019 751 1071 802 in
1094 751 1175 802 die
1202 747 1591 822 propitiationis
1627 745 1706 822 fit.
1761 755 1808 798 et
1836 745 1899 798 de
1946 743 2092 797 hirco

865 818 953 887 qui
990 822 1042 873 in
1073 836 1299 873 arentum
1336 820 1626 871 dimittitur
1656 818 1698 869 '.

586 916 635 969 1.
680 913 790 969 Νοε
830 913 1070 982 quidem,
1122 912 1210 981 qni
1240 912 1305 965 de
1359 910 1601 965 Ecclesia
1640 922 1851 972 sumus,
1901 905 2092 959 merito

514 1006 734 1077 Moysen
789 1005 1113 1073 recipimus,
1161 1012 1217 1057 et
1260 1004 1463 1072 scripta
1507 1002 1625 1069 ejus
1662 1002 1913 1071 legimus,
1968 1014 2094 1055 sen-

514 1101 714 1154 tientes
744 1097 810 1151 de
844 1112 930 1159 eo,
958 1095 1098 1164 quod
1128 1096 1386 1165 prepheta
1418 1103 1469 1148 et
1524 1094 1630 1148 Deo
1664 1094 1764 1148 sibi
1794 1095 2089 1161 revelante,

514 1191 567 1245 in
596 1189 876 1261 symbolis,
914 1198 967 1243 et
1000 1188 1206 1259 ﬁguris,
1259 1202 1321 1241 ac
1374 1187 1567 1241 formis
1616 1187 1923 1257 allegoricis
1961 1202 2093 1241 con-

512 1282 794 1349 scripserit
847 1280 1028 1334 futura
1083 1279 1365 1351 mysteria,
1419 1294 1541 1347 qum
1592 1280 1650 1333 in
1704 1290 1948 1349 tempore
1992 1295 2092 1334 suo

514 1373 771 1427 docemus
811 1372 1051 1441 impleta.
1109 1372 1210 1438 Qui
1266 1387 1397 1426 vero
1452 1370 1716 1437 ejusmodi
1760 1372 1811 1424 in
1860 1386 1925 1424 eo
1986 1387 2092 1426 non

514 1464 710 1533 recipit
760 1477 1001 1527 sensum,
1061 1463 1175 1517 sive
1222 1462 1534 1516 .lutlazorum
1577 1461 1719 1529 quis,
1763 1462 1880 1515 sive
1927 1463 2091 1516 etiam

512 1567 825 1611 nostrorum
859 1564 963 1622 est,
1010 1556 1056 1609 is
1088 1571 1152 1609 nc
1183 1556 1498 1623 prophetam
1534 1555 1748 1622 quidem
1775 1569 1897 1608 eum
1929 1556 2094 1611 fuisse

512 1652 708 1705 docere
731 1658 907 1720 potest
932 1666 944 1701 :
972 1648 1244 1716 quomodo
1273 1649 1418 1702 enim
1451 1649 1771 1717 prophetam
1812 1650 2086 1718 probabit,

510 1744 667 1812 cujus
687 1743 895 1797 litteras
920 1754 1130 1797 asserat
1160 1756 1282 1795 csse
1302 1756 1648 1805 communes,
1684 1742 1851 1794 futuri
1886 1742 2087 1795 nullius

2204 531 2369 600 plum,
2397 541 2451 585 et
2481 530 2660 585 omnia
2705 527 2794 581 illa
2836 527 3039 595 pariter
3072 525 3556 579 subverterentur:
3587 538 3654 578 ne
3683 524 3776 591 qui

2204 624 2347 677 forte
2380 624 2556 676 adhuc
2586 618 2846 690 parvulus
2898 625 2953 671 et
2991 616 3201 670 lactens
3251 616 3301 669 in
3347 615 3451 669 fide
3490 614 3536 669 si
3571 614 3780 669 videret

2204 714 2292 770 illa
2350 722 2625 776 constare,
2660 712 2783 764 dum
2817 708 3211 764 sacriﬁciorum
3243 705 3427 767 ritum.
3465 707 3590 760 dttm
3622 706 3785 760 mini-

2202 808 2492 863 steriorum
2543 805 2791 859 ordinem
2836 802 3105 856 attonitus
3142 806 3403 868 stuperet,
3455 797 3572 867 ipso
3600 799 3780 851 diver-

2201 915 2386 954 ειη-ιλιι]
2428 899 2724 952 formarmn
2755 904 3038 962 raperetur
3084 892 3305 946 intuitu.
3342 889 3451 944 Sed
3492 890 3781 958 providens

2202 992 2343 1046 Deus
2378 990 2682 1045 inﬁrmitati
2721 998 2945 1048 nostrae,
2978 996 3031 1041 et
3074 985 3260 1039 volens
3294 982 3644 1052 multiplicari
3684 981 3781 1035 Ec-

2202 1082 2418 1136 clesiatn
2455 1097 2604 1134 suam
2630 1121 2645 1145 ,
2675 1081 2855 1133 omnia
2905 1079 2995 1133 illa
3042 1076 3284 1132 subverti
3316 1076 3446 1131 fecit
3474 1083 3529 1129 et
3563 1075 3784 1145 penitus

2201 1173 2503 1237 auferri,ut
2525 1172 2643 1225 sine
2674 1171 2781 1224 ulla
2815 1169 3160 1225 cunctatione
3188 1167 3292 1221 illis
3309 1166 3783 1221 cessantibushazc

2202 1280 2327 1319 vera
2380 1279 2500 1319 esse
2527 1304 2544 1332 ,
2596 1278 2696 1334 pro
2733 1262 2928 1332 quibus
2970 1264 3022 1315 in
3058 1260 3164 1315 illis
3197 1271 3353 1331 typus
3406 1268 3780 1329 praecesserat,

2202 1357 2570 1411 crederemus.

2270 1446 2328 1503 2.
2362 1444 2518 1501 Unde
2550 1457 2603 1501 et
2631 1461 2777 1501 nunc
2802 1444 3027 1501 dicenda
3064 1443 3220 1500 nobis
3254 1452 3379 1499 sunt
3408 1442 3589 1514 aliqua
3620 1445 3780 1499 etiam

2202 1538 2269 1591 ad
2301 1552 2416 1600 eos,
2443 1538 2540 1605 ’qui
2578 1546 2769 1605 putant
2804 1552 2904 1607 pro
2936 1537 3192 1589 mandato
3235 1534 3368 1604 legis
3420 1532 3523 1587 sibi
3564 1549 3783 1603 quoque

2199 1624 2505 1681 Judmorum
2530 1630 2794 1698 jejunium
2825 1627 3203 1697 jejunandum,
3235 1634 3289 1680 et
3324 1624 3501 1695 primo
3539 1625 3779 1681 omnium

2202 1720 2548 1774 sermonibus
2583 1729 2707 1773 utar
2756 1718 2908 1773 Pauli
2943 1718 3179 1774 dicentis
3214 1736 3227 1772 :
3258 1718 3383 1787 quia
3419 1717 3463 1771 si
3512 1715 3634 1786 quis
3666 1715 3778 1770 volt

510 1834 784 1901 conscias,
820 1850 919 1889 nec
939 1834 1140 1890 occulti
1176 1834 1380 1903 aliquid
1410 1833 1654 1902 mysterii
1700 1834 2042 1887 continentes
2071 1835 2087 1888 1‘

2198 1825 2361 1863 unum
2399 1810 2602 1879 aliquid
2633 1809 2911 1865 custodire
2963 1810 3029 1864 de
3080 1808 3554 1864 observationibus
3616 1807 3772 1877 legis,

525 1925 680 1980 Hunc
727 1927 912 1995 itaque
952 1927 1043 1996 qui
1084 1926 1154 1980 ita
1199 1924 1385 1987 sentit,
1432 1923 1696 1994 legentem
1749 1925 1866 1979 haec
1910 1926 2093 1993 arguit

515 2032 699 2072 sermo
746 2018 982 2080 divinus,
1034 2026 1090 2071 et
1139 2015 1322 2070 dicit’
1376 2032 1390 2068 :
1453 2033 1472 2067 ι
1534 2013 1767 2070 Putasne
1822 2016 2081 2085 intelligis

512 2125 633 2178 quae
677 2109 856 2179 legis?
885 2130 903 2162 ι
939 2110 1031 2163 Est
1076 2124 1207 2177 ergo
1258 2107 1369 2174 lex,
1419 2118 1473 2162 et
1519 2108 1844 2177 omniaquae
1888 2110 1941 2163 in
1978 2110 2094 2179 lege

509 2214 659 2266 sunt,
705 2205 1001 2256 secundum
1056 2201 1295 2269 Apostoli
1350 2200 1675 2255 sententiam
1732 2200 1754 2232 ’⁵
1798 2216 1969 2270 usque
2025 2202 2091 2256 ad

508 2302 719 2363 tempus
773 2294 1129 2349 correctionis
1172 2293 1447 2362 imposita,
1500 2300 1557 2347 et
1597 2292 1739 2346 sicut
1788 2293 1840 2346 bi
1892 2293 2092 2363 quibus

507 2385 800 2441 artiﬁcium
815 2395 900 2440 est
921 2386 1073 2453 signa
1094 2400 1162 2438 ex
1181 2400 1289 2439 tere
1308 2383 1513 2447 facere,
1534 2392 1587 2439 et
1606 2392 1814 2439 statuas
1844 2383 2089 2450 fundere,

510 2488 804 2547 antequam
866 2492 1061 2532 verum
1092 2492 1228 2546 opus
1251 2477 1375 2531 aeris
1395 2477 1708 2546 producant,
1735 2488 1828 2531 aut
1857 2479 2091 2548 argenti,

514 2570 599 2624 vel
648 2572 790 2634 auri,
841 2569 1158 2640 figmentum
1215 2569 1366 2636 prius
1416 2568 1514 2622 luti
1557 2568 1624 2621 ad
1683 2568 2090 2625 similitudinem

509 2661 704 2717 futura;
755 2661 1007 2730 imaginis
1054 2660 1288 2715 formant
1334 2658 1449 2732 (79)
1502 2674 1517 2713 :
1563 2662 1707 2728 quod
1772 2659 2091 2731 ﬁgmentum

509 2752 878 2808 necessarium
911 2752 1130 2821 quidem
1176 2759 1279 2817 est,
1318 2749 1411 2804 sed
1465 2764 1747 2819 usquequo
1788 2765 1921 2819 opus
1944 2752 2091 2820 quod

507 2844 807 2913 principale
829 2853 929 2904 est,
956 2842 1239 2911 expleatur
1261 2860 1272 2895 :
1294 2857 1418 2896 cum
1440 2851 1623 2897 autem
1647 2842 1813 2896 fuerit
1833 2841 2088 2897 effectum

506 2954 643 3009 opus
671 2939 798 2994 illud
834 2948 1054 3008 propter
1086 2939 1226 3007 quod
1285 2937 1596 3006 ﬁgmentum
1628 2935 1725 2989 luti
1767 2935 1943 2992 fuerat
1978 2936 2094 2991 for-

509 3040 741 3095 malum,
775 3045 902 3083 usus
925 3027 1039 3095 ejus
1062 3027 1201 3081 ultra
1239 3042 1344 3079 non
1384 3029 1644 3095 quaeritur
1681 3043 1694 3079 :
1738 3026 1843 3079 tale
1883 3024 2090 3094 aliquid

507 3123 749 3193 intellige
775 3122 941 3176 etiam
976 3122 1027 3174 in
1064 3120 1167 3186 bis,
1198 3135 1318 3188 quae
1364 3119 1416 3172 in
1458 3128 1580 3190 typo
1617 3127 1672 3172 et
1710 3116 1883 3189 ﬁgura
1940 3116 2091 3170 futu-
2118 3149 2159 3205 Ο

515 3231 697 3269 rerum
739 3215 790 3267 in
823 3214 943 3284 lege
986 3222 1039 3267 et
1078 3210 1381 3281 prophetis,
1431 3210 1514 3265 vel
1552 3212 1777 3280 scripta,
1818 3209 1903 3264 vel
1939 3219 2087 3279 gesta

510 3316 655 3363 sunt.
684 3305 848 3360 V'enit
882 3304 1026 3359 enim
1063 3304 1176 3373 ipse
1202 3304 1398 3358 artifex
1440 3314 1494 3358 et
1521 3311 1711 3356 auctor
1737 3302 2002 3365 omnium,
2032 3308 2088 3355 et

512 3396 679 3463 legem
711 3412 830 3464 quae
860 3396 1106 3451 umbram
1147 3397 1387 3451 habebat
1407 3395 1718 3448 futurorum
1748 3391 2013 3447 bonorum
2040 3392 2087 3457 ⁸,

512 3486 793 3539 transtulit
828 3488 894 3539 ad
928 3488 1097 3554 ipsam
1137 3487 1426 3556 imaginem
1466 3499 1668 3539 rerum.
1697 3484 1804 3537 Sed
1843 3498 1909 3536 ne
1947 3482 2089 3539 forte

509 3575 722 3630 difﬁcile
757 3577 850 3631 tibi
885 3578 1102 3647 probari
1143 3591 1300 3646 posse
1345 3590 1463 3643 qute
1505 3574 1741 3628 dicimus
1777 3573 2084 3638 videantur,

508 3681 843 3735 recognosce
874 3682 972 3735 per
993 3665 1231 3734 singula.
1259 3665 1388 3718 Erat
1420 3663 1569 3731 prius
1612 3661 1914 3718 Jerusalem
1958 3664 2088 3718 urbs

507 3757 597 3810 illa
654 3773 845 3827 magna
909 3756 1125 3825 regalis,
1203 3757 1292 3810 ubi
1345 3755 1603 3823 templum
1658 3753 2084 3809 famosissimum

505 3848 667 3921 245
698 3850 802 3904 Deo
836 3848 1013 3903 fuerat
1050 3856 1409 3904 exstructum.
1446 3846 1813 3916 Posteaquam
1833 3860 1965 3900 vero
1991 3860 2087 3900 ve-

504 3943 583 3995 nit
617 3941 723 4007 ille,
755 3942 843 4010 qui
892 3949 1013 3995 erat
1061 3954 1244 3994 verum
1292 3938 1547 4007 templum
1601 3937 1720 4004 Dei,
1773 3945 1826 3991 et
1875 3938 2087 3994 dicebat

505 4033 569 4087 de
601 4032 801 4100 templo
827 4031 1075 4102 corporis
1098 4030 1184 4085 sui
1221 4047 1234 4083 :
1270 4048 1287 4080 ι
1325 4028 1528 4083 Solvite
1556 4028 1811 4097 templum
1839 4029 1937 4083 hoc
1960 4030 1981 4059 θ
2012 4068 2027 4093 ,
2061 4046 2079 4081 ι

504 4134 558 4178 et
603 4128 728 4194 quia
763 4124 1001 4180 caelestis
1045 4121 1347 4177 Jerusalem
1402 4123 1569 4192 cozpit
1611 4123 1826 4192 aperire
1868 4133 2083 4193 myste»

509 4217 584 4269 ria
618 4234 632 4270 :
669 4217 845 4271 deleta
881 4228 964 4270 est
998 4215 1088 4268 illa
1124 4224 1363 4277 terrena,
1400 4214 1490 4267 ubi
1526 4212 1766 4268 caelestis
1788 4215 2037 4283 apparuit
2067 4232 2081 4268 :

507 4303 558 4356 in
590 4302 788 4373 templo
836 4301 926 4356 illo
976 4317 1084 4355 non
1122 4299 1382 4353 remansit
1433 4299 1569 4368 lapis
1616 4315 1781 4369 super
1830 4301 2081 4372 lapidem,

506 4417 570 4454 ex
601 4416 708 4470 quo
733 4413 921 4453 verum
960 4397 1217 4466 templum
1252 4398 1343 4452 Dei
1391 4396 1535 4452 facta
1562 4405 1667 4450 test
1697 4411 1827 4451 caro
1856 4396 2079 4451 Christi.

2203 1919 2219 1951 ι
2252 1903 2524 1956 obnoxius
2571 1911 2655 1956 est
2710 1902 2981 1956 universa:
3037 1902 3169 1970 legis
3221 1899 3486 1954 faciendas
3527 1898 3571 1954 '.
3611 1918 3630 1951 ι
3674 1899 3778 1967 Qui

2197 2008 2327 2063 ergo
2356 1994 2611 2048 observat
2646 1993 2748 2047 ista
2778 1992 2981 2060 jejunia
3001 2032 3015 2056 ,
3066 1992 3325 2045 ascendat
3353 1999 3407 2045 et
3437 2000 3519 2046 ter
3546 1990 3599 2044 in
3637 2006 3782 2047 anno

2198 2087 2252 2139 in
2296 2083 2640 2149 Jerusalem,
2693 2095 2751 2138 ut
2795 2091 3053 2153 appareat
3084 2094 3208 2137 ante
3240 2083 3496 2151 templum
3541 2084 3778 2150 Domini,

2198 2186 2255 2231 ut
2295 2176 2489 2232 offerat
2521 2192 2578 2231 se
2599 2177 2902 2241 sacerdoti;
2934 2175 3174 2244 requirat
3206 2175 3378 2228 altare
3404 2176 3550 2245 quod
3579 2176 3630 2230 in
3663 2176 3782 2246 pul-

2196 2282 2379 2321 verem
2431 2282 2641 2322 versum
2699 2276 2823 2332 est,
2880 2264 3074 2319 offerat
3125 2263 3330 2318 hostias
3377 2263 3527 2318 nullo
3564 2276 3775 2320 astante

2196 2360 2471 2429 pontiﬁce.
2520 2356 2796 2428 Scriptum
2830 2366 2910 2411 est
2949 2356 3092 2409 enim
3120 2355 3172 2423 ⁸,
3216 2363 3275 2409 ιιι
3303 2356 3439 2411 duos
3469 2357 3651 2413 hircos
3694 2359 3770 2426 je-

2190 2450 2394 2519 junans
2421 2449 2651 2519 populus
2685 2448 2878 2503 offerat
2916 2446 3270 2510 sacriﬁcium,
3308 2461 3472 2516 super
3496 2462 3632 2516 quos
3654 2464 3775 2503 sor-

2197 2552 2276 2597 tes
2300 2542 2441 2595 mitti
2478 2542 2732 2604 debeant,
2767 2550 2825 2594 ut
2852 2554 2991 2594 unus
3029 2553 3091 2593 ex
3125 2539 3210 2592 his
3250 2539 3341 2593 ﬁat
3387 2539 3601 2595 Domini
3633 2556 3777 2608 sors,

2194 2644 2247 2689 et
2272 2633 2453 2688 hostia
2484 2633 2712 2687 Domino
2742 2629 3035 2697 offeratur;
3081 2631 3310 2685 alterius
3340 2645 3470 2687 vero
3511 2647 3631 2688 scrs
3660 2634 3776 2699 ﬁat,

2196 2734 2256 2780 ut
2291 2726 2595 2779 dimittatur
2639 2724 2694 2779 in
2743 2738 2986 2779 eremutn
3036 2723 3193 2777 vivus
3221 2766 3235 2789 ,
3274 2724 3365 2791 qui
3398 2732 3453 2778 et
3484 2723 3685 2780 habeat
3720 2727 3776 2781 in

2195 2834 2255 2874 se
2301 2828 2525 2888 peccata
2578 2816 2784 2887 populi.
2842 2815 2969 2870 Haec
3013 2816 3111 2870 tibi
3157 2817 3340 2871 omnia
3375 2829 3778 2887 consequenter

2194 2910 2460 2981 explenda
2490 2918 2637 2975 sunt,
2673 2907 2763 2978 qui
2810 2908 2892 2963 vis
2921 2907 3221 2964 secundum
3267 2918 3597 2977 praeceptum
3643 2910 3776 2977 legis

2194 3004 2486 3057 observare
2530 3000 2795 3069 jejunium
2846 3017 2860 3055 :
2908 3000 2974 3055 de
3007 3000 3206 3069 quibus
3252 3016 3283 3054 a
3320 3001 3474 3057 nobis
3513 3004 3731 3072 quidem
3759 3044 3775 3065 .

2196 3103 2356 3165 prout
2398 3094 2701 3164 potuimus,
2755 3091 3025 3163 superiori
3075 3091 3447 3162 disputatione
3480 3094 3773 3150 dissertum

2194 3197 2295 3242 est.
2331 3184 2534 3240 Tamen
2577 3185 2833 3255 quoniam
2877 3185 3028 3240 dives
3059 3192 3141 3239 est
3196 3200 3379 3241 sermo
3424 3187 3545 3251 Dei,
3582 3196 3636 3257 et
3689 3201 3776 3241 se-

2192 3279 2427 3332 cundum
2480 3277 2808 3332 sententiam
2867 3274 3180 3330 Salomonis
3218 3276 3240 3309 ⁹
3277 3290 3385 3330 non
3432 3276 3774 3344 simpliciter,

2193 3370 2287 3426 sed
2312 3378 2366 3424 et
2398 3369 2682 3438 dupliciter
2703 3379 2756 3423 et
2790 3366 3078 3437 tripliciter
3102 3368 3494 3423 describendus
3522 3368 3574 3422 in
3610 3369 3776 3425 corde

2191 3472 2295 3530 est,
2333 3472 2607 3518 tentemus
2637 3461 2798 3516 etiam
2830 3475 2975 3515 nunc
3005 3460 3205 3515 addere
3238 3459 3419 3529 aliqua
3447 3460 3513 3514 ad
3539 3476 3623 3526 ea,
3652 3476 3773 3529 qute

2192 3555 2391 3610 dudum
2426 3570 2523 3624 pro
2550 3554 2762 3610 viribus
2799 3554 2943 3610 dicta
2975 3562 3121 3623 sunt,
3162 3562 3220 3608 ut
3265 3555 3618 3610 ostendamus
3646 3569 3776 3622 quo-

2192 3650 2351 3703 modo
2378 3648 2429 3702 in
2463 3658 2589 3719 typo
2622 3646 2932 3701 futurorum
2959 3648 3122 3701 etiam
3148 3646 3238 3701 hic
3267 3663 3404 3702 unus
3435 3647 3619 3703 hircus
3664 3647 3771 3702 Do-

2191 3739 2339 3792 mino
2365 3737 2580 3793 oblatus
2608 3746 2691 3792 est
2740 3737 2937 3801 hostia,
2992 3746 3046 3791 et
3100 3738 3239 3792 alius
3282 3737 3439 3792 vivus
3486 3739 3770 3793 dimissus.

2191 3829 2329 3884 Audi
2362 3830 2413 3884 in
2455 3828 2769 3899 Evangeliis
2802 3828 3031 3883 Pilatum
3063 3830 3330 3884 dicentem
3362 3830 3427 3884 ad
3458 3832 3773 3886 sacerdotes

2191 3932 2244 3977 et
2271 3922 2529 3992 populum
2559 3921 2872 3976 luds-orum
2912 3921 2953 3951 ¹⁰
2981 3936 2994 3973 :
3032 3939 3050 3972 ι
3086 3920 3253 3986 Quem
3281 3920 3443 3977 vultis
3472 3922 3537 3976 de
3564 3923 3776 3977 duobus

2191 4016 2459 4069 dimittam
2512 4015 2709 4078 vobis,
2771 4013 2955 4069 .lesum
3015 4013 3104 4082 qui
3160 4013 3361 4066 dicitur
3389 4013 3663 4080 Christus,
3704 4029 3771 4068 an

2189 4105 2535 4161 Barabbam?
2565 4126 2582 4158 ι
2620 4106 2775 4160 Tunc
2809 4105 3069 4160 clamavit
3095 4104 3274 4159 omnis
3302 4105 3555 4175 populus,
3585 4112 3644 4159 ut
3671 4104 3773 4157 Ba-

2190 4200 2411 4255 rabbatn
2471 4199 2812 4262 dimitteret,
2862 4197 3047 4252 .lesum
3107 4211 3236 4251 vero
3286 4198 3447 4251 morti
3508 4198 3771 4252 traderet.

2189 4294 2326 4348 Ecce
2363 4291 2531 4347 babes
2571 4292 2782 4345 hircum
2826 4290 2918 4359 qui
2973 4289 3229 4344 dimissus
3257 4296 3341 4344 est
3373 4289 3528 4345 vivus
3560 4290 3612 4343 in
3647 4304 3772 4344 ere-

2190 4401 2372 4445 mum.
2405 4393 2626 4451 peccata
2671 4396 2851 4436 secum
2894 4379 3074 4449 populi
3127 4379 3345 4444 ferens,
3397 4378 3688 4434 clamantis
3716 4388 3771 4434 et

505 4493 640 4548 Erat
682 4494 831 4562 prius
871 4490 1112 4561 pontifex
1172 4490 1437 4560 sanguine
1488 4498 1766 4543 taurorum
1808 4498 1861 4542 ct
1907 4489 2086 4543 hirco-

2194 4476 2422 4529 dicentis
2460 4474 2495 4503 “
2530 4491 2543 4525 :
2583 4490 2599 4523 ι
2634 4470 2939 4540 Cruciﬁge,
2975 4470 3259 4540 crucifige.
3294 4489 3312 4522 ι
3368 4469 3469 4525 Iste
3521 4480 3606 4524 est
3640 4486 3771 4537 ergo

506 4603 622 4641 rum
678 4586 976 4651 puriﬁcans
1016 4582 1271 4652 populum
1312 4600 1324 4634 :
1357 4582 1450 4637 sed
1482 4596 1547 4635 ex
1584 4595 1693 4651 quo
1730 4580 1877 4634 venit
1924 4593 2082 4634 verus

507 4675 768 4748 pontifex,
805 4676 895 4745 qui
942 4675 1205 4743 sanguine
1235 4687 1332 4726 suo
1361 4673 1733 4727 sanctiﬁcaret
1770 4671 2078 4733 credentes,

506 4784 769 4837 nusquam
811 4778 891 4821 est
926 4766 1013 4820 ille
1046 4765 1291 4835 pontifex
1341 4764 1514 4834 prior,
1557 4778 1658 4818 nec
1694 4762 1836 4815 ullus
1865 4763 1912 4816 ei
1948 4762 2078 4816 reli-

504 4871 624 4918 ctus
654 4872 736 4915 est
770 4861 939 4914 locus.
972 4860 1156 4913 Altare
1197 4857 1299 4912 fuit
1338 4858 1514 4927 prius,
1548 4865 1602 4910 et
1633 4856 1899 4910 sacrificia
1941 4853 2081 4907 cele-

504 4954 799 5009 brabantur
831 4969 843 5004 :
876 4952 967 5005 sed
1005 4960 1061 5003 ut
1108 4949 1258 5003 venit
1296 4964 1457 5003 verus
1486 4948 1675 5017 Agnus
1711 4944 1802 5014 qui
1840 4945 2077 5013 seipsum

506 5048 736 5100 hostiam
775 5044 972 5097 obtulit
1004 5041 1138 5107 Deo,
1178 5052 1374 5097 cuncta
1412 5040 1499 5094 illa
1530 5038 1678 5093 velut
1708 5052 1806 5107 pro
1838 5046 2079 5105 tempore

504 5140 678 5207 posita
703 5144 1075 5192 cessaverunt.
1112 5135 1225 5191 Non
1265 5137 1358 5190 tibi
1397 5149 1528 5204 ergo
1556 5133 1771 5186 videtur
1798 5130 1941 5199 quod
1993 5144 2080 5184 se.

502 5234 736 5287 cundum
770 5234 994 5301 ﬁguram
1031 5246 1191 5298 quam
1226 5244 1385 5297 supra
1420 5227 1726 5297 posuimus,
1773 5224 1941 5277 veluti
1968 5221 2080 5277 for-

502 5339 603 5377 mae
638 5323 837 5376 fuerint
863 5320 1109 5390 quaedam
1140 5334 1170 5371 c
1197 5318 1311 5370 lttlo
1341 5318 1501 5378 ﬁctae.
1547 5331 1645 5384 per
1670 5329 1807 5384 quas
1828 5310 2079 5367 veritatis

501 5414 943 5483 exprimerentur
972 5407 1275 5477 imagines?
1314 5405 1603 5475 Propterea
1634 5404 1867 5473 denique
1898 5400 2078 5455 divina

572 5507 594 5537 ⁸
627 5506 798 5561 Levit.
827 5518 935 5558 xvt.
1014 5502 1033 5533 ³
1059 5503 1179 5556 Act.
1210 5517 1327 5563 vut,
1361 5500 1449 5554 50.
1526 5501 1547 5530 δ
1582 5498 1715 5553 lleb.
1745 5513 1819 5551 Ix.

500 5576 524 5608 ’
556 5575 713 5631 Prov.
748 5592 829 5630 ιιι.
911 5574 953 5605 ⁸ο
984 5571 1170 5625 Matth.
1204 5588 1370 5636 xxvii,
1408 5571 1495 5623 17.
1573 5569 1613 5600 ¹¹
1645 5568 1776 5623 Luc.
1813 5565 2062 5629 “11,21.

575 5672 688 5742 (79)
722 5670 876 5726 Libb.
901 5670 1052 5725 editi.
1094 5687 1112 5719 ι
1148 5668 1413 5723 formant:
1446 5682 1547 5720 non
1581 5665 1725 5742 quod
1761 5666 2076 5742 figmentum

507 5734 872 5800 necessarium
902 5744 991 5808 sit,
1024 5742 1116 5796 sed
1147 5752 1450 5809 usquequo,
1486 5756 1501 5788 ι
1532 5734 1637 5790 etc.
1673 5734 1777 5789 Sed
1842 5746 1975 5787 mss.
2020 5739 2081 5784 ut

1895 5495 1917 5528 ⁵
1951 5494 2082 5550 lleb.
2115 5508 2170 5557 x,
2205 5491 2253 5544 l.

2192 4567 2378 4621 hircus
2410 4565 2563 4618 vivus
2596 4563 2853 4618 dimissus
2884 4564 2936 4616 in
2970 4578 3213 4617 eremutn
3265 4579 3279 4617 :
3321 4573 3374 4618 et
3406 4563 3496 4617 ille
3530 4572 3611 4619 est
3664 4565 3769 4617 bir-

2188 4674 2307 4725 cus,
2335 4658 2424 4727 qui
2461 4657 2687 4710 Domino
2713 4655 2928 4709 oblatus
2954 4664 3038 4710 est
3068 4656 3242 4709 hostia
3266 4656 3333 4709 ad
3360 4654 3763 4724 repropitianda

2187 4760 2436 4820 peccata,
2471 4760 2524 4803 et
2558 4762 2741 4802 veram
2771 4746 3211 4816 prepitiationem
3250 4745 3300 4798 in
3330 4760 3388 4799 se
3420 4744 3767 4799 credentibus

2186 4843 2397 4912 populis
2434 4842 2582 4896 fecit.
2618 4839 2769 4907 Quod
2799 4839 2844 4893 si
2877 4838 3065 4891 ethoc
3100 4836 3364 4904 requiras,
3403 4835 3526 4904 quis
3567 4836 3638 4889 sit
3674 4832 3765 4903 qui

2189 4936 2328 4990 hunc
2364 4934 2572 4987 hircum
2619 4931 2875 5001 perduxit
2906 4928 3016 4998 (80)
3052 4928 3102 4980 in
3131 4939 3396 4990 cremnm,
3422 4932 3478 4976 ut
3508 4924 3768 4992 probetur

2188 5028 2239 5080 in
2278 5042 2342 5079 eo
2384 5026 2544 5078 etiam
2590 5025 2730 5090 quod
2789 5020 2928 5073 lotus
2974 5019 3045 5071 sit
3107 5025 3164 5070 et
3215 5016 3445 5068 mundus
3498 5013 3764 5078 eﬂ'ectus,

2183 5129 2365 5195 potest
2421 5116 2632 5172 Pilatus
2688 5114 2803 5181 ipse
2856 5110 3028 5179 accipi
3076 5108 3238 5161 homo
3296 5117 3538 5176 paratus.
3588 5103 3765 5161 Judex

2184 5218 2381 5285 quippe
2414 5211 2591 5283 gentis
2625 5210 2792 5277 ipsius
2835 5213 2982 5267 erat,
3030 5203 3120 5272 qui
3159 5215 3281 5254 eum
3312 5214 3409 5270 per
3435 5199 3761 5253 sententiam

2184 5321 2337 5361 suam
2372 5301 2555 5356 emisit
2587 5300 2641 5353 in
2676 5309 2944 5352 eremum.
2990 5292 3126 5346 Audi
3163 5299 3341 5343 autem
3379 5289 3651 5359 quomodo
3684 5287 3765 5341 lo-

2184 5405 2272 5449 tus
2302 5394 2369 5446 sit
2411 5401 2463 5445 et
2496 5389 2727 5443 mumlus
2770 5384 3018 5439 effectus.
3064 5381 3197 5436 Cum
3232 5382 3297 5434 ad
3330 5378 3581 5451 populum
3611 5379 3760 5433 dicc-

2332 5488 2352 5517 ⁶
2376 5484 2533 5539 Joan.
2572 5498 2634 5547 ιι,
2671 5480 2758 5535 19.
2858 5479 2877 5510 ⁷
2908 5477 3029 5533 Gal.
3055 5492 3106 5542 v,
3136 5477 3191 5532 5.
3292 5474 3313 5505 ⁸
3342 5473 3519 5529 Levit.
3558 5488 3673 5536 χιιι,
3706 5471 3759 5525 5.

2190 5658 2242 5712 iu
2266 5662 2450 5709 nostro
2481 5661 2651 5705 textu.
3107 5711 3114 5712 ί
3243 5710 3275 5712 η
3313 5710 3322 5712 μ
3550 5706 3563 5712 ,
3648 5698 3657 5708 .

2262 5706 2373 5796 (8-6)
2407 5722 2559 5788 Μεε.,
2590 5738 2608 5772 ι
2642 5714 2912 5789 perduxit.
2944 5732 2961 5765 ι
2998 5711 3159 5769 Libb.
3194 5710 3351 5777 editi,
3387 5727 3404 5760 ι
3431 5706 3759 5791 produxit?
