4106 6246
390 357 491 412 5i?

388 485 466 528 ret
493 473 531 502 "
563 493 574 528 :

388 568 682 623 Christus?
709 587 727 620 ι
755 577 806 621 et
838 568 1190 622 acclatnasset
1218 568 1393 621 omnis
1419 569 1663 636 populus,
1685 570 1872 624 dicens
1894 572 1956 625 13:

389 683 408 716 ι
447 665 503 717 Si
534 664 676 717 hunc
707 658 956 724 dimittis,
992 675 1097 714 non
1142 676 1202 713 es
1228 661 1436 715 amicus
1463 660 1736 727 Caesaris;
1777 682 1793 714 ι
1836 673 1962 718 tunc

383 756 667 826 poposdt,
711 754 904 823 inquit,
951 753 1174 815 Pilatus,
1227 768 1444 822 aquam,
1480 763 1535 808 et
1580 754 1713 809 lavit
1770 772 1962 810 manus

382 867 509 905 suas
536 865 719 904 coram
754 849 971 918 populo,
997 845 1247 901 dicens“
1286 864 1299 899 :
1339 865 1356 897 ι
1395 846 1623 902 Mundus
1654 864 1753 918 ego
1783 864 1901 903 sum
1932 865 1959 903 a

381 942 648 1010 sanguine
678 940 795 1009 ejus
820 980 835 999 ,
884 954 978 994 vos
1024 938 1293 993 videritis.
1336 958 1353 989 ι
1390 938 1483 993 Sic
1522 952 1653 1008 ergo
1695 938 1962 994 videbitur

384 1032 508 1085 lotis
553 1032 807 1086 manibus
852 1032 965 1084 suis
1002 1031 1234 1083 mundus
1270 1027 1513 1084 eﬁcctus.
1547 1028 1738 1084 Nostra
1776 1030 1958 1099 igitur,

379 1127 432 1181 id
470 1133 554 1178 cst
607 1123 696 1193 qui
733 1139 838 1177 non
870 1122 1075 1175 umbra:
1124 1131 1179 1175 et
1224 1121 1519 1190 exemplari
1553 1122 1841 1188 servimus,
1869 1123 1961 1176 scd

380 1217 622 1279 veritati,
658 1216 771 1270 ha‘c
809 1226 890 1268 est
944 1212 1347 1281 propitiationis
1402 1214 1542 1277 dies,
1592 1214 1645 1266 in
1697 1230 1801 1282 qua
1835 1215 1959 1268 data

379 1320 463 1362 est
519 1308 676 1359 nobis
733 1305 982 1357 remissio
1031 1314 1414 1370 peccatorum,
1455 1318 1578 1355 cum
1625 1303 1821 1372 pascha
1861 1319 1959 1357 no-

380 1413 555 1454 strum
587 1396 897 1453 immolatus
921 1407 1004 1451 est
1034 1397 1282 1451 Christus
1310 1398 1374 1449 ¹³.
1408 1397 1690 1464 Quomodo
1722 1412 1847 1466 ergo
1873 1411 1965 1449 co-

379 1489 525 1557 gnita
582 1486 816 1539 veritate
858 1486 1230 1539 convertimur
1283 1488 1476 1539 iterum
1528 1486 1595 1538 ad
1650 1487 1861 1541 inﬁrma
1910 1494 1964 1540 et

378 1595 546 1649 egena
578 1579 844 1633 elementa
888 1578 1048 1648 hujus
1100 1578 1310 1641 mundi,
1360 1577 1555 1646 quibus
1588 1592 1776 1630 rursus
1805 1594 1833 1629 ιι
1866 1591 1961 1629 ca-

380 1675 488 1741 pite
519 1672 727 1727 servire
760 1670 945 1734 vultis,
983 1671 1100 1724 dies
1129 1669 1506 1732 observantes,
1547 1677 1601 1722 et
1637 1683 1871 1731 menses,
1908 1676 1962 1721 et

380 1776 648 1833 tempora,
697 1773 751 1817 et
783 1762 998 1817 annos?
1026 1761 1164 1816 Audi
1191 1761 1465 1831 quomodo
1496 1762 1656 1813 etiam
1698 1762 1959 1829 prepheta

380 1857 691 1929 hujusmodi
719 1855 985 1925 jejunium
1021 1854 1270 1923 respuit,
1304 1861 1359 1907 et
1394 1852 1526 1907 dicit
1550 1852 1593 1883 "
1620 1869 1633 1905 :
1664 1870 1682 1902 ι
1714 1851 1827 1905 Νοιι
1860 1853 1961 1907 hoc

371 1949 641 2019 jejunium
676 1947 837 2018 elegi,
873 1946 1005 2000 dicit
1047 1945 1306 1999 Dominus
1331 1985 1345 2009 ,
1397 1958 1572 2012 neque
1606 1943 1745 1996 diem
1778 1953 1835 1995 ut
1868 1943 1961 1996 hu-

379 2043 551 2097 miliet
596 2042 758 2095 homo
805 2039 1040 2093 animam
1080 2052 1255 2091 suam.
1284 2054 1302 2087 ι
1365 2033 1444 2087 Tu
1501 2035 1545 2089 si
1590 2034 1671 2088 vis
1712 2032 1959 2103 jejnnare

377 2135 675 2191 secundum
721 2131 996 2187 Christum
1039 2138 1092 2183 et
1140 2127 1429 2181 humiliare
1481 2127 1718 2179 animam
1771 2137 1912 2179 tuam
1940 2167 1954 2192 ,

376 2240 538 2281 omne
570 2224 663 2278 tibi
705 2232 915 2290 tempus
945 2228 1126 2290 aptum
1164 2226 1246 2274 est
1274 2214 1384 2288 (8|)
1420 2217 1589 2271 totius
1650 2216 1811 2280 anni;
1850 2216 1958 2270 imo

379 2318 549 2373 totius
589 2316 711 2369 vitae
756 2325 860 2369 tua:
893 2314 1010 2367 dies
1058 2312 1256 2365 habeto
1298 2311 1364 2363 ad
1403 2309 1791 2364 humiliandam
1830 2309 1957 2362 ani—

377 2427 521 2466 mam
557 2420 724 2473 tuam,
761 2409 806 2463 si
842 2417 1021 2461 tamen
1059 2404 1295 2459 didicisti
1340 2418 1368 2456 a
1405 2403 1633 2456 Domino
1672 2400 1959 2455 Salvatore

378 2513 587 2567 nostro,
631 2501 754 2570 quia
789 2499 941 2554 ruitis
967 2507 1050 2553 est
1081 2509 1134 2552 et
1160 2496 1380 2552 humilis
1412 2497 1581 2550 corde
1626 2496 1689 2547 ¹⁷.
1730 2494 1957 2561 Quando

377 2610 509 2664 ergo
538 2609 644 2648 non
677 2600 761 2647 est
800 2592 897 2645 tibi
930 2590 1328 2645 lmmiliatienis
1368 2588 1509 2653 dies,
1555 2587 1646 2656 qui
1677 2585 1956 2641 Christum

378 2686 648 2757 sequeris,
688 2686 779 2754 qui
808 2692 891 2738 est
923 2683 1143 2739 humilis
1169 2682 1335 2737 corde
1357 2724 1370 2748 ,
1402 2690 1456 2733 et
1491 2680 1815 2735 humilitatis
1846 2694 1961 2733 ina-

379 2776 591 2850 gister?
624 2777 701 2831 Tu
740 2778 925 2844 itaque
948 2776 991 2830 si
1022 2774 1103 2829 vis
1138 2772 1409 2843 jejunare,
1436 2773 1623 2844 jejuna
1658 2773 1956 2828 secundum

379 2878 707 2941 praeceptum
752 2866 1055 2939 Evangelii,
1088 2874 1142 2922 et
1169 2868 1398 2921 observa
1438 2867 1487 2919 in
1518 2863 1740 2935 jejuniis
1786 2880 1958 2920 evan.

376 2963 578 3033 gelicas
608 2962 774 3031 leges,
805 2960 858 3014 in
886 2960 1086 3030 quibus
1133 2961 1235 3017 hoc
1279 2958 1438 3013 modo
1483 2957 1737 3014 Salvator
1780 2959 1847 3013 de
1877 2958 1957 3028 je-

376 3053 542 3123 juniis
572 3052 791 3107 mandat
821 3051 863 3083 ¹⁸
899 3068 912 3105 :
945 3068 965 3105 ς
1005 3050 1082 3105 Tu
1115 3059 1294 3109 autem
1340 3051 1384 3107 si
1413 3051 1651 3119 jejunas,
1689 3064 1831 3121 unge
1863 3065 1955 3105 ca-

1829 355 2148 412 ORIGENIS

619 493 635 525 ι
676 473 849 530 Vultis
887 473 1157 526 dimittam
1188 473 1344 527 vobis
1390 473 1596 539 Jesum,
1628 477 1718 546 qni
1760 479 1956 533 dicitur
1986 481 2032 540 Α
2062 478 2212 534 adire
2245 479 2554 548 pontiﬁcem
2590 486 2740 533 tuum
2784 478 3082 543 Christum,
3115 478 3208 549 qui
3232 479 3416 548 utique
3449 495 3554 534 non
3590 483 3643 538 in

3546 358 3647 413 528

2066 570 2228 624 terris
2264 571 2626 641 requirendus
2664 580 2769 632 est,
2812 571 2902 626 sed
2936 574 2985 624 in
3019 571 3207 635 caelis,
3253 580 3308 623 et
3335 586 3434 640 per
3470 571 3643 640 ipsum

2064 663 2226 717 debes
2258 662 2455 717 oﬂ'erre
2479 664 2712 718 hostiam
2741 664 2869 717 Deo.
2899 662 2991 716 Vis
3019 662 3115 715 tibi
3147 662 3322 715 adhuc
3359 666 3641 718 ostendam

2063 754 2223 822 quale
2272 762 2322 807 te
2386 763 2602 823 Oportet
2670 753 2919 822 jejunare
2972 750 3285 819 jejunium?
3333 750 3524 819 Jejuna
3574 754 3643 808 ab

2062 847 2207 901 omni
2244 854 2488 914 peccato,
2537 848 2743 902 nullum
2774 846 2952 899 cibum
2983 860 3167 898 sumas
3196 843 3435 910 malitias,
3467 844 3644 898 nullas

2063 938 2249 1007 capias
2304 938 2489 1006 epulas
2536 939 2851 1007 voluptatis,
2902 937 3046 992 nullo
3081 938 3206 991 vino
3242 936 3472 990 luxuria:
3512 950 3642 989 con—

2064 1031 2322 1086 calescas.
2357 1030 2547 1103 Jejuna
2594 1048 2621 1086 a
2678 1033 2833 1087 malis
2886 1033 3123 1098 actibus,
3172 1031 3383 1084 abstine
3424 1044 3451 1082 a
3486 1029 3642 1084 malis

2064 1121 2428 1187 sermonibus,
2484 1123 2701 1176 contine
2742 1134 2792 1177 te
2833 1137 2862 1176 a
2912 1121 3334 1192 cogitationibus
3367 1120 3641 1190 pessimis.

2066 1210 2182 1265 Noli
2221 1214 2536 1283 contingere
2576 1229 2744 1283 panes
2791 1212 3020 1267 furtivos
3056 1226 3324 1283 perversa:
3357 1213 3641 1267 doctrinae.

2065 1302 2181 1358 Non
2219 1305 2575 1374 concupiscas
2628 1304 2850 1360 fallaces
2894 1305 3248 1374 philosophia:
3301 1305 3497 1369 cibos,
3550 1309 3642 1373 qui

2067 1405 2116 1450 te
2145 1411 2173 1448 a
2209 1398 2438 1451 veritate
2470 1398 2754 1452 seducant.
2805 1397 2936 1452 Tale
2985 1396 3253 1468 jejunium
3296 1398 3405 1452 Deo
3443 1398 3638 1466 placet.

2063 1486 2353 1542 Abstinere
2382 1503 2511 1543 vero
2536 1503 2564 1542 a
2592 1489 2753 1553 cibis,
2790 1504 2926 1558 quos
2972 1489 3113 1544 Dens
3145 1490 3353 1543 creavit
3379 1529 3393 1554 ,
3424 1490 3491 1542 ad
3520 1504 3642 1557 per-

2064 1577 2379 1648 cipiendum
2420 1594 2547 1632 cum
2591 1580 2889 1649 gratiarum
2917 1564 3129 1634 actione
3158 1580 3425 1645 ﬁdelibus,
3453 1591 3502 1634 et
3536 1581 3639 1633 hoc

2065 1669 2248 1724 facere
2283 1685 2406 1724 cum
2445 1669 2532 1725 his
2578 1672 2671 1739 qui
2704 1668 2983 1726 Christum
3018 1674 3432 1740 cruciﬁxerunt,
3473 1688 3631 1728 acce—

2065 1769 2214 1827 ptum
2251 1775 2370 1814 esse
2399 1776 2505 1813 non
2532 1771 2709 1830 potest
2739 1762 2870 1818 Deo.
2900 1762 3164 1835 lndignati
3197 1774 3323 1819 sunt
3353 1765 3630 1834 aliquando

2061 1862 2113 1904 et
2139 1851 2395 1907 Pharisazi
2445 1853 2695 1917 Domino,
2745 1870 2845 1909 cur
2893 1871 3003 1911 non
3047 1855 3636 1926 jejunarentdiscipuli

2060 1944 2199 2013 ejus.
2231 1943 2441 2011 Quibus
2488 1946 2575 2001 ille
2611 1948 2922 2017 respondit,
2967 1949 3094 2019 quia
3144 1965 3252 2003 non
3291 1962 3518 2020 possunt
3546 1951 3640 2004 filii

2060 2039 2243 2105 sponsi
2275 2037 2528 2106 jejunare
2569 2041 2809 2110 quandiu
2855 2056 2975 2095 cum
3010 2042 3142 2111 ipsis
3182 2055 3266 2098 est
3312 2059 3548 2113 sponsus
3570 2045 3633 2095 ".

2062 2130 2141 2184 illi
2194 2145 2327 2200 ergo
2366 2130 2613 2201 jejunent
2649 2135 2742 2201 qui
2793 2133 3144 2202 perdiderunt
3187 2149 3442 2204 sponsum
3470 2177 3485 2201 ,
3541 2149 3642 2190 nos

2062 2223 2322 2278 habentes
2345 2224 2626 2279 nobiscum
2651 2238 2905 2294 sponsum
2928 2224 3177 2293 jejunare
3200 2242 3304 2280 non
3327 2241 3637 2295 possumus.

2061 2314 2171 2369 Nec
2200 2316 2303 2370 hoc
2339 2325 2518 2370 tamen
2554 2316 2678 2372 ideo
2705 2296 2956 2383 dicimus,
2997 2327 3055 2372 ut
3109 2319 3452 2373 abstinentiae
3480 2319 3641 2375 Chri-

2061 2407 2259 2460 stianae
2294 2407 2447 2461 frena
2484 2408 2750 2462 laxemus.
2808 2408 3081 2463 Habemus
3116 2409 3256 2463 enim
3290 2411 3640 2481 quadragesi-

2061 2518 2163 2556 ma:
2209 2499 2595 2570 dicsjejuniis
2654 2511 3023 2556 consecratos.
3068 2499 3342 2556 Habemus
3388 2514 3635 2572 quartam

2061 2603 2115 2649 et
2137 2604 2345 2649 sextam
2375 2594 2692 2661 septimana:
2740 2595 2875 2659 dies,
2927 2592 3129 2663 quibus
3156 2594 3471 2651 solemniter
3500 2596 3639 2665 jeju-

2062 2699 2259 2739 namus
2284 2682 2418 2755 (83).
2454 2683 2548 2740 Est
2570 2696 2720 2741 certe
2747 2685 2974 2743 libertas
3003 2690 3317 2746 Christiano
3349 2706 3447 2760 per
3476 2707 3637 2746 omne

2063 2782 2276 2843 tempus
2306 2774 2614 2844 jejunandi,
2670 2793 2777 2831 non
2814 2779 3178 2835 observantia:
3226 2784 3636 2852 superstitione,

2061 2865 2155 2919 sed
2202 2866 2405 2921 virtute
2445 2869 2820 2923 continentiae.
2861 2868 2995 2924 Nam
3043 2876 3315 2943 quomodo
3363 2876 3503 2944 apud
3544 2891 3637 2931 eos

2059 2958 2282 3012 castitas
2332 2958 2642 3029 incorrupta
2669 2972 2939 3026 servatur,
2973 2963 3074 3018 nisi
3109 2966 3435 3021 arctioribus
3463 2968 3640 3022 conti-

2064 3050 2266 3105 nentia:
2307 3049 2436 3104 fulta
2487 3051 2788 3108 subsidiis?
2827 3053 3108 3120 Quomodo
3157 3055 3457 3127 Scripturis
3510 3074 3636 3128 ope-

381 3156 473 3215 put
504 3154 674 3210 tuum,
700 3142 970 3198 etfaciem
1018 3151 1169 3197 tuam
1210 3142 1349 3197 lava.
1381 3162 1400 3195 ι
1446 3142 1602 3209 Quod
1635 3144 1679 3198 si
1726 3143 1959 3213 requiris
1986 3151 2029 3209 ς,
2065 3156 2180 3194 ram
2229 3141 2476 3196 dabunt?
2515 3141 2796 3209 Quomodo
2837 3146 3079 3201 scientia:
3119 3157 3173 3202 et
3202 3150 3486 3218 sapientia:
3524 3162 3639 3204 stu-

379 3236 650 3306 quornodo
679 3236 829 3292 laves
870 3236 1063 3291 faciem
1098 3243 1247 3290 tuam
1274 3276 1288 3300 ,
1323 3235 1524 3290 Paulus
1559 3235 1837 3305 apostolus
1866 3236 1959 3290 do-

384 3339 475 3385 cet
507 3330 550 3361 ¹⁹
577 3327 1032 3400 quemadmodum
1081 3346 1099 3380 ι
1134 3328 1372 3382 revelata
1420 3328 1557 3382 facie
1586 3328 1812 3398 gloriam
1846 3328 1959 3382 D0-

378 3422 511 3478 mini
550 3420 958 3491 contempleris,
988 3420 1054 3474 ad
1085 3421 1330 3475 eamdem
1374 3420 1662 3490 imaginem
1694 3418 1959 3475 formatus

379 3529 408 3568 a
438 3514 610 3585 gloria
658 3514 710 3566 in
743 3513 995 3583 gloriam,
1040 3520 1297 3583 tanquam
1339 3528 1367 3566 a
1409 3513 1625 3567 Domini
1665 3513 1893 3580 spiritu.
1934 3533 1952 3565 ι

384 3606 533 3674 Unge
561 3607 722 3660 etiam
754 3614 917 3674 caput
950 3614 1123 3669 tuum,
1173 3605 1265 3660 sed
1296 3605 1523 3661 observa
1568 3619 1632 3659 ne
1664 3605 1783 3659 oleo
1835 3621 1960 3675 pec—

379 3699 486 3753 cati
522 3717 534 3752 :
569 3696 732 3770 246
757 3716 775 3749 ι
805 3696 992 3753 Oleum
1021 3697 1164 3751 enim
1198 3696 1499 3766 peccatoris
1527 3712 1631 3750 non
1664 3697 1959 3768 impiuguct

380 3802 543 3862 caput
572 3802 720 3846 tuum
743 3791 788 3822 ²⁰
820 3788 953 3863 (8‘2).
994 3810 1013 3843 ι
1061 3792 1165 3846 Sed
1203 3807 1345 3862 unge
1383 3798 1547 3861 caput
1573 3791 1690 3845 oleo
1718 3790 1960 3846 exsulta-

380 3883 565 3949 tionis,
612 3883 732 3939 oleo
763 3882 984 3944 laetitiae,
1023 3882 1145 3937 oleo
1179 3882 1565 3937 misericordia:
1592 3924 1605 3948 ,
1657 3883 1731 3936 ita
1770 3891 1828 3935 ut
1873 3897 1958 3937 se-

378 3978 618 4031 cundum
646 3976 958 4030 mandatum
986 3974 1264 4044 sapientia:
1294 4013 1309 4039 ,
1345 3973 1715 4029 misericordia
1742 3983 1797 4029 et
1822 3974 1956 4031 ﬁdes

380 4084 487 4124 non
519 4069 773 4123 deserant
802 4076 871 4120 te.
904 4065 1198 4134 Propterea
1227 4063 1375 4117 enim
1421 4073 1475 4117 et
1504 4065 1795 4132 Apostolus
1817 4104 1833 4130 ,
1864 4078 1959 4121 vo-

378 4161 498 4218 lens
543 4159 865 4215 abstrahere
903 4172 1002 4213 nos
1044 4160 1109 4213 ab
1142 4159 1226 4213 his
1257 4156 1561 4213 visibilibus
1590 4166 1643 4211 et
1683 4158 1914 4212 terrenis
1938 4196 1953 4223 ,

378 4264 436 4311 et
465 4253 675 4322 erigere
705 4251 920 4306 animos
968 4266 1268 4320 sensusque
1306 4260 1523 4305 nostros
1553 4251 1621 4304 ad
1667 4251 1910 4307 crnlestia
1940 4292 1955 4318 ,

375 4348 579 4403 clamat
608 4356 663 4401 et
695 4343 826 4400 dicit
854 4345 897 4376 ²¹
927 4360 939 4397 :
968 4362 986 4397 ι
1029 4342 1090 4399 Si
1126 4342 1508 4400 resurrexistis
1537 4359 1660 4399 cum
1710 4344 1953 4410 Christo,

379 4455 501 4510 qua:
528 4453 742 4494 sursum
774 4446 901 4492 sunt
930 4439 1179 4507 quatrite,
1214 4453 1325 4493 non
1350 4453 1471 4508 qua:
1498 4454 1661 4509 super
1692 4449 1948 4494 terram.»

381 4532 573 4587 Nonne
602 4538 789 4598 aperte
827 4530 923 4583 tibi
956 4529 1130 4587 dicit:
1161 4529 1281 4586 Noli
1314 4547 1561 4601 quaerere
1591 4534 1642 4587 in
1670 4533 1831 4589 terris
1860 4532 1955 4590 Je-

382 4623 632 4685 rusalem,
667 4636 763 4677 nec
788 4621 1161 4678 observantias
1210 4623 1367 4691 legis,
1415 4639 1514 4679 nec
1555 4624 1819 4695 jejunium
1858 4624 1953 4680 Ju-

378 4715 639 4780 dacorum,
667 4713 758 4767 sed
785 4711 1051 4782 jejunium
1073 4711 1315 4767 Christi?
1337 4712 1598 4781 Jejunans
1616 4716 1759 4768 enim
1787 4715 1950 4771 debes

453 4813 496 4844 ¹¹
535 4810 716 4865 Marc.
737 4825 828 4875 xv,
853 4807 907 4863 9.

378 4882 468 4938 29.
548 4882 589 4913 ¹⁸
616 4880 807 4936 Matth.
853 4895 926 4945 v1,
956 4880 1047 4934 17.

377 4952 508 5010 Cor.
548 4969 601 5017 v,
635 4952 720 5006 l7.

454 5048 782 5121 (81)_Codex
812 5047 1120 5116 Sangerm.,
1160 5054 1472 5121 {apertum
1494 5052 1593 5098 est.
1626 5061 1646 5094 ι

452 5116 566 5187 (8‘2)
582 5118 763 5181 Mss.,t
784 5131 945 5187 caput
964 5130 1132 5173 tuum.
1149 5118 1328 5171 thibb.
1344 5116 1500 5175 editi,
1516 5123 1950 5187 «caputmeuma

452 5185 566 5259 (83)
623 5185 892 5242 Habemus
920 5198 1167 5257 quartam
1197 5200 1243 5241 et
1276 5186 1810 5259 sextantseptintanw
1842 5185 1953 5238 dies

377 5256 566 5328 quibus
618 5256 939 5313 solenmiter
982 5259 1313 5326 jejunamus.
1370 5256 1825 5328 Antiquissimum
1867 5264 1951 5308 est

380 5325 663 5398 utriusque
725 5329 829 5382 diei
860 5325 1123 5397 jejunium
1154 5368 1167 5389 ,
1208 5328 1408 5396 quippe
1438 5326 1579 5395 quod
1609 5325 1949 5398 perinde__ac

380 5394 875 5483 quadragesimale'
896 5394 1474 5483 'prlazlcipitur—capone
1503 5394 1767 5483 napostol.
1828 5394 1889 5447 6|
1925 5434 1941 5457 ,

380 5465 668 5523 Constitul.
701 5465 926 5533 apostof.
963 5468 1056 5520 lib.
1086 5483 1138 5532 v,
1172 5483 1291 5536 cap.
1325 5467 1394 5520 15
1418 5475 1473 5518 et
1503 5465 1595 5527 2|,
1632 5476 1687 5519 et
1720 5480 1749 5536 ιι
1785 5480 1945 5536 pseu—

382 5539 688 5608 ilo-Ignatio
719 5538 933 5608 epistol.
978 5539 1042 5589 ad
1091 5534 1469 5608 l’liilipp.icap.
1502 5536 1596 5608 15ἐ
1634 5536 1706 5588 De
1729 5535 1833 5608 hoc
1859 5534 1939 5602 je-

377 5604 528 5677 junio
560 5604 882 5661 mentionem
915 5607 1039 5661 facit
1069 5624 1173 5660 non
1194 5604 1301 5660 uno
1330 5607 1382 5659 in
1416 5604 1531 5659 loco
1557 5604 1945 5677 Tertullianus,

380 5676 435 5730 et
467 5679 729 5732 stationes
766 5678 871 5731 illis
903 5678 1032 5745 ipsis
1062 5679 1253 5732 diebus
1282 5677 1421 5731 obiri
1473 5676 1823 5745 consuevisse
1876 5676 1948 5728 si-

379 5747 602 5822 gniﬁcat
638 5766 660 5822 :_
687 5748 826 5822 utuin
863 5744 956 5801 lib.
1004 5747 1079 5799 De
1117 5747 1339 5815 jejuniis
1376 5757 1563 5822 contra
1617 5744 1944 5822 Psychicos:

388 5818 527 5872 «Cur
538 5817 864 5873 stationibus
886 5826 1136 5885 quartam
1150 5827 1202 5870 et
1216 5826 1424 5872 sextam
1448 5815 1663 5871 sabbati
1680 5815 1945 5879 dicamus,

988 4807 1030 4839 ⁸³
1053 4808 1211 4862 Joan.
1236 4824 1352 4873 xix,
1382 4809 1471 4863 12.
1553 4809 1811 4876 "Matth.
1844 4826 2016 4876 xxv”,
2039 4813 2130 4866 ΞΔ.

1122 4880 1164 4910 ¹⁹
1197 4880 1235 4933 ll
1266 4880 1391 4935 Cor.
1444 4891 1527 4942 ιιι,
1567 4874 1652 4935 18.
1729 4882 1775 4914 ὀ
1808 4881 1948 4938 Psal.
1981 4874 2128 4944 exat.
2155 4882 2208 4935 5.

2061 3233 2310 3287 debunt?
2336 3231 2526 3289 Nonne
2558 3251 2654 3304 per
2696 3239 3098 3293 continentiam
3136 3242 3344 3294 ventris
3366 3251 3423 3295 et
3456 3252 3638 3312 guttu-

2062 3327 2175 3381 ris?
2200 3325 2482 3393 Quomodo
2511 3328 2633 3399 quis
2660 3330 2896 3398 seipsum
2926 3340 3136 3384 castrat
3166 3340 3389 3401 propter
3412 3348 3637 3401 regnum

2059 3418 2347 3485 canorum,
2389 3420 2494 3473 nisi
2546 3419 2798 3474 ciborum
2849 3421 3184 3476 afﬂuentiam
3230 3434 3488 3489 resecet,
3532 3426 3636 3480 nisi

2060 3512 2395 3567 abstinentia
2452 3521 2636 3567 utatur
2671 3515 2920 3568 ministra
2945 3514 2968 3566 ?
2991 3514 3115 3571 Haec
3152 3531 3281 3587 ergo
3318 3516 3640 3572 Christianis

2057 3605 2338 3676 jejunandi
2362 3606 2540 3660 oratio
2573 3616 2676 3661 est.
2706 3606 2813 3662 Sed
2840 3617 2925 3662 est
2956 3618 3008 3662 et
3032 3608 3135 3662 alia
3156 3610 3334 3664 adhuc
3362 3609 3637 3678 religiosa,

2058 3697 2214 3767 cujus
2248 3696 2367 3751 laus
2398 3696 2761 3766 quorumdam
2797 3697 3165 3769 apostolorum
3217 3698 3414 3755 litteris
3444 3701 3641 3768 praedi-

2064 3800 2238 3845 catur.
2255 3791 2718 3846 lnvenimusenim
2739 3791 2792 3844 in
2814 3792 3044 3860 quodam
3064 3791 3245 3846 libello
3262 3791 3400 3861 (83‘)
3420 3792 3485 3847 ab
3511 3808 3637 3863 apo-

2064 3884 2219 3939 stolis
2247 3884 2452 3938 dictum
2479 3901 2494 3938 :
2527 3903 2543 3935 ι
2580 3883 2775 3937 Beatus
2807 3892 2891 3937 est
2920 3883 3011 3951 qui
3043 3883 3204 3938 etiam
3222 3884 3429 3953 jejunat
3452 3899 3550 3954 pro
3571 3900 3637 3939 eo

2066 3986 2122 4030 ut
2150 3976 2263 4030 alat
2293 3990 2646 4045 pauperem.»
2686 3976 2853 4045 Hujus
2879 3974 3148 4047 jejunium
3179 3977 3332 4032 valde
3356 3988 3633 4046 acceptum

2059 4076 2143 4122 est
2179 4069 2320 4137 apud
2369 4067 2578 4132 Deum,
2636 4078 2691 4121 et
2740 4082 2932 4121 revera
2990 4067 3152 4137 digne
3199 4070 3354 4126 satis.
3390 4068 3637 4124 Imitatur

2060 4160 2203 4214 enim
2240 4158 2411 4222 illum,
2438 4158 2530 4227 qui
2563 4157 2797 4229 animam
2833 4173 2987 4213 suam
3029 4160 3212 4229 posuit
3239 4174 3339 4229 pro
3372 4159 3636 4216 fratribus

2062 4250 2195 4306 suis.
2239 4249 2378 4315 Quid
2429 4262 2560 4318 ergo
2609 4248 2885 4303 veteribus
2924 4250 3120 4315 pannis
3152 4265 3290 4305 nova
3325 4251 3634 4304 indumenta

2062 4342 2391 4398 miscemus?
2433 4339 2569 4408 Quid
2608 4340 2662 4395 in
2712 4351 2862 4397 utres
2907 4352 3116 4396 veteres
3148 4344 3416 4397 mittimus
3451 4343 3634 4397 vinum

2063 4434 2304 4488 novum?
2341 4452 2359 4484 ι
2399 4433 2593 4487 Vetera
2630 4433 2991 4495 transierunt,
3022 4447 3152 4487 ecce
3180 4433 3321 4488 facta
3358 4444 3489 4489 sunt
3519 4450 3637 4489 om-

2064 4525 2153 4579 nia
2187 4539 2323 4578 nova
2355 4523 2434 4589 ’³,
2472 4542 2490 4574 ι
2554 4538 2648 4593 per
2694 4523 2969 4579 Christum
3016 4523 3313 4593 ,Dominum
3367 4535 3633 4589 nostrum,

2062 4620 2148 4673 cui
2179 4627 2261 4672 est
2312 4617 2484 4688 gloria
2537 4626 2592 4671 et
2630 4616 2917 4686 imperium
2961 4616 3015 4670 in
3056 4614 3254 4670 saacula
3289 4616 3633 4673 saeculorum.

2057 4717 2250 4769 Amen.

2217 4812 2259 4841 ¹¹⁵
2288 4808 2305 4862 1
2331 4809 2459 4861 Cor.
2492 4820 2539 4864 v,
2582 4804 2633 4857 7.

2308 4880 2351 4911 ²¹
2384 4876 2591 4933 Coloss.
2651 4891 2734 4941 ιιι,
2764 4875 2813 4928 l.

2749 4805 2792 4836 ³⁸
2826 4803 2926 4860 lsa.
2955 4820 3105 4866 Lvttt,
3139 4804 3195 4859 5.
3275 4803 3525 4858 "Matth.
3557 4818 3633 4865 ιι,

2911 4877 2956 4907 ι·
2983 4876 3175 4929 Matth.
3216 4891 3293 4942 ix,
3327 4875 3412 4929 l5.
3519 4875 3564 4905 ’³
3593 4872 3636 4928 ιι

2066 5055 2119 5099 et
2146 5043 2370 5114 jejuniis
2397 5041 2792 5114 parascevem?
2822 5060 2840 5094 ι
2880 5040 3095 5114 Etcap.
3128 5039 3163 5093 2
3189 5058 3201 5093 :
3241 5058 3260 5091 ε
3295 5040 3386 5094 Sic
3416 5048 3475 5114 et
3505 5053 3637 5108 apo-

2063 5110 2232 5171 stolos
2260 5110 2602 5177 observasse,
2658 5113 2860 5165 nullum
2900 5112 3044 5164 aliud
3079 5111 3420 5179 imponentes
3443 5110 3633 5179 juguin

2061 5197 2375 5248 certorum,
2425 5192 2479 5237 et
2524 5184 2576 5236 in
2629 5196 2919 5236 commune
2955 5182 3207 5235 omnibus
3255 5181 3631 5235 obeundorum

2052 5254 2386 5322 jejuniorum
2407 5271 2420 5306 :
2439 5253 2668 5323 proinde
2685 5266 2784 5305 nec
2802 5251 3117 5323 stationum,
3136 5266 3256 5319 quae
3280 5259 3334 5305 et
3360 5251 3632 5323 ipstc_suos

2056 5320 2283 5395 quidem
2300 5324 2415 5395 dies
2439 5320 2702 5395 habeant,
2729 5332 2936 5390 quarta:
2969 5321 3115 5395 feria;
3144 5332 3197 5395 et
3226 5330 3447 5395 sextam
3476 5320 3634 5388 Ejus-

2055 5391 2175 5450 dem
2211 5391 2404 5462 jejunii
2457 5394 2660 5447 mentio
2708 5403 2796 5446 est
2846 5393 2985 5460 apud
3020 5392 3381 5462 Epiphaniam
3434 5392 3627 5444 haeres.

2048 5479 2212 5531 Lxxv,
2236 5461 2384 5517 num.
2412 5464 2463 5527 6,
2490 5473 2545 5517 et
2571 5466 2620 5516 in
2647 5462 2988 5531 Expositione
3012 5462 3137 5529 ﬁdei
3158 5461 3451 5531 cat/taliae,
3478 5474 3627 5512 num.

2050 5536 2156 5599 22;
2198 5530 2323 5588 item
2374 5534 2514 5603 apud
2554 5534 2688 5589 alios
2732 5530 2930 5603 passim
2984 5541 3197 5587 veteres
3250 5541 3355 5585 tam
3407 5530 3629 5587 Gracos

2056 5621 2221 5675 quam
2252 5603 2495 5657 Latinos.

2125 5675 2262 5746 (85⁸)
2288 5675 2634 5743 Apocrypho.

2123 5741 2453 5815 ('84)’Co'dexf
2474 5741 2786 5815 Sangerm.,
2825 5761 2844 5795 ι
2883 5742 3116 5815 Domini.
3145 5760 3165 5798 ι
3199 5744 3265 5799 Ει
3293 5741 3455 5813 paulo
3482 5747 3627 5810 post,

2058 5834 2078 5869 ι
2123 5818 2317 5886 quidve
2345 5814 2603 5885 designet
2634 5816 2693 5871 in
2731 5814 3089 5884 Seripturis.»
