4106 6246
526 205 630 262 599

1112 320 1391 377 llOMlLlA
1436 320 1521 376 XI.

525 430 600 483 De
638 444 696 482 eo
735 429 875 497 quod
910 430 1161 495 scriptum
1201 438 1273 482 est
1312 446 1329 482 :
1376 448 1394 481 ι
1439 428 1625 484 Sancti
1661 438 1850 493 estote,
1892 429 2021 500 quia
2055 434 2107 485 et

683 516 777 569 ego
812 509 1026 553 sanctus
1060 515 1175 553 sum
1211 500 1467 553 Dominus
1507 500 1645 554 Deus
1680 509 1866 555 vester.
1916 517 1936 551 ι

603 615 655 669 l.
692 612 878 681 Nuper
908 612 957 665 in
991 611 1212 666 auribus
1247 612 1502 667 Ecclesiae
1531 615 1789 669 recitatos
1815 624 1898 669 est
1925 630 2105 671 sermo

531 707 625 761 Dei
672 704 807 776 (84),
854 704 1042 759 dicens
1073 705 1119 736 “
1162 722 1175 758 :
1227 724 1246 757 ‹
1285 706 1469 761 Estote
1517 705 1698 761 sancti
1741 707 1868 775 quia
1905 716 1960 761 et
2005 720 2105 777 ego

530 804 756 849 sanctus
798 810 917 849 sum
971 795 1232 849 Dominus
1266 796 1408 852 Deus
1438 808 1638 852 vester.
1681 815 1699 849 ι
1733 797 1936 852 Nomen
2000 800 2105 856 hoc

531 904 551 938 ι
595 895 838 953 sanctus,
880 906 899 939 ι
955 888 1084 957 quid
1126 888 1229 942 sibi
1270 887 1422 955 velit,
1470 888 1669 957 quidve
1724 888 1997 957 signiﬁcet
2048 892 2105 946 in

528 978 833 1048 Scripturis
867 980 1091 1039 divinis.
1120 979 1430 1048 diligentius
1484 980 1868 1049 requirendum
1911 992 2015 1045 est.
2049 993 2107 1039 ut

529 1086 652 1125 cum
690 1072 797 1125 vim
828 1072 978 1126 verbi
1014 1072 1398 1140 didicerimus,
1429 1073 1592 1129 etiam
1621 1089 1755 1142 opus
1783 1073 1899 1142 ejus
1930 1077 2103 1144 possi-

530 1177 649 1218 mus
679 1163 924 1233 implere.
957 1162 1360 1232 Congregemus
1390 1179 1523 1234 ergo
1574 1164 1639 1218 de
1682 1164 1985 1236 Scripturis
2026 1168 2108 1222 di-

529 1252 696 1317 vinis,
728 1268 892 1321 super
925 1254 1122 1322 quibus
1146 1266 1394 1310 sanctum
1425 1255 1530 1311 dici
1560 1255 1890 1324 invenimus,
1916 1268 1971 1313 et
2005 1263 2103 1314 de-

526 1344 929 1411 prehendemus
966 1346 1079 1416 (85)
1133 1362 1235 1401 non
1275 1349 1447 1403 solum
1480 1349 1755 1414 homines,
1807 1352 1900 1405 sed
1941 1351 2105 1405 etiam

526 1446 676 1490 muta
711 1437 969 1491 animalia
1008 1449 1195 1493 sancta
1230 1440 1522 1508 appellata,
1559 1440 1870 1496 invenimus
1893 1451 1949 1496 et
1977 1457 2105 1498 vasa

528 1526 815 1579 ministerii
841 1537 1027 1581 sancta
1059 1528 1316 1591 vocitata,
1338 1537 1393 1581 et
1415 1529 1736 1584 vestimenta
1765 1539 1949 1586 sancta
1977 1531 2107 1598 dici,

527 1624 584 1667 et
615 1616 731 1671 loca
764 1617 1140 1685 nihilominus,
1171 1633 1292 1688 qua:
1326 1619 1378 1673 in
1414 1620 1640 1676 urbibus
1666 1621 1748 1676 vel
1776 1622 2106 1681 suburbibus

1714 197 1785 254 ΙΝ
1818 194 2196 254 LEVITICUM
2236 192 2521 249 llOMlLlA
2557 189 2645 245 XI.

2144 325 2185 379 Α
2218 325 2271 370 et
2312 315 2601 370 mundanis
2650 312 2884 383 negotiis
2940 311 3232 381 obligatis,
3288 327 3392 369 non
3427 328 3676 384 quaerens
3728 331 3789 370 ea

3686 192 3789 249 550

2213 423 2330 475 quae
2358 422 2521 476 super
2557 416 2783 470 terrain,
2811 407 2904 462 sed
2936 421 3055 475 qum
3088 406 3140 460 in
3167 406 3323 462 ccelis
3351 416 3475 461 sunt
3505 424 3518 471 ;
3549 407 3651 461 iste
3674 420 3787 460 me-

2216 499 2320 552 rito
2355 507 2577 553 sanctus
2613 498 2935 569 appellatur.
2979 500 3159 555 Donec
3192 499 3335 552 enim
3381 500 3674 567 permistus
3705 504 3789 553 est

2217 591 2428 652 turbis.
2466 600 2520 645 et
2574 592 2627 645 in
2682 590 3025 645 multitudine
3071 589 3447 644 ﬂuctuantium
3489 590 3786 655 volutatur,

2214 699 2318 739 nec
2354 693 2510 737 vacat
2542 682 2639 738 soli
2671 684 2811 747 Deo,
2863 698 3038 752 neque.
3075 692 3388 753 segregatus
3427 697 3456 735 a
3491 683 3649 750 vulgo
3680 688 3787 746 est,

2216 792 2323 832 non
2359 786 2535 847 potest
2570 791 2690 832 esse
2715 787 2955 831 sanctus.
2988 777 3120 831 Nam
3159 777 3224 830 de
3251 776 3331 829 eis
3362 775 3491 843 quid
3526 775 3789 837 dicemus,

2215 871 2306 940 qui
2338 886 2460 925 cum
2495 870 2777 940 gentilium
2822 870 2997 924 turbis
3031 871 3096 923 ad
3142 867 3451 938 spectacula
3495 875 3788 929 maturant,

2215 975 2270 1019 et
2299 971 2626 1032 conspectus
2658 978 2783 1018 suos
2814 971 2977 1032 atque
3016 960 3235 1016 auditus
3265 959 3552 1030 impudicis
3582 966 3637 1013 et
3667 974 3791 1012 ver-

2218 1058 2301 1112 bis
2325 1065 2380 1111 et
2400 1057 2610 1110 actibus
2637 1056 2883 1110 (cedant?
2914 1054 3027 1108 Non
3060 1062 3145 1108 est
3171 1062 3414 1107 nostrum
3440 1050 3794 1121 pronuntiare

2216 1150 2283 1203 de
2324 1149 2539 1203 talibus.
2593 1147 2697 1217 lpsi
2748 1147 2891 1202 enim
2940 1146 3180 1210 sentire,
3239 1154 3293 1200 et
3337 1144 3523 1197 videre
3568 1150 3794 1212 possunt

2215 1254 2377 1308 quam
2399 1238 2501 1293 sibi
2526 1237 2831 1308 delegerint
2856 1245 3085 1306 partem.
3112 1234 3191 1290 Tu
3218 1250 3348 1305 ergo
3364 1235 3454 1305 qui
3484 1236 3595 1289 haec
3616 1234 3793 1297 audis,

2216 1330 2306 1382 eui
2350 1329 2432 1383 lex
2469 1330 2645 1383 divina
2678 1331 2945 1384 recitatur
2968 1327 3101 1398 (86),
3124 1342 3283 1396 quem
3312 1325 3479 1395 ipsius
3508 1324 3670 1377 etiam
3700 1323 3792 1376 Dei

2216 1436 2395 1476 sermo
2429 1424 2685 1477 convenit
2720 1424 2907 1477 dicens
2955 1441 2966 1477 :
3020 1441 3036 1473 ι
3081 1422 3268 1477 Sancti
3316 1430 3521 1483 estote,
3564 1418 3690 1487 quia
3738 1425 3794 1471 et

2216 1529 2317 1584 ego
2347 1524 2569 1569 sanctus
2596 1530 2716 1568 sum
2741 1515 2999 1569 Dominus
3034 1515 3174 1568 Deus
3199 1524 3379 1569 vester
3404 1531 3418 1579 ;
3462 1531 3478 1564 ι
3512 1510 3791 1579 sapienter

2220 1605 2458 1675 intellige
2481 1620 2602 1675 qua:
2630 1606 2905 1671 dicuntur,
2928 1618 2984 1661 ut
3004 1609 3079 1661 sis
3109 1607 3300 1661 beatus
3326 1620 3447 1660 cum
3483 1600 3682 1656 feceris
3707 1615 3790 1654 ea.

530 1708 708 1775 posita
763 1720 931 1775 sunt,
986 1720 1042 1766 et
1091 1678 1473 1768 sacerdotibus
1504 1715 1759 1784 deputata
1799 1734 1811 1768 :
1845 1729 1910 1769 ex
1945 1716 2110 1771 mutis
2142 1678 2182 1737 Β
2215 1696 2327 1751 Ποο
2354 1707 2436 1751 εει
2466 1698 2607 1752 enim
2648 1698 2789 1766 (μιοά
2826 1699 3022 1753 diem"
3054 1700 3148 1754 libi
3186 1714 3200 1752 ε
3230 1699 3435 1768 SCPara
3469 1707 3519 1751 ιθ
3546 1697 3612 1750 ab
3643 1696 3793 1749 ⁰¹¹¹¹¹ί

529 1799 748 1866 quidem
781 1801 1104 1856 animalibus
1136 1805 1498 1873 primogenita
1525 1808 1708 1870 boum,
1742 1808 1824 1861 vcl
1854 1824 2107 1878 pecorum

532 1889 863 1945 sanetillcari
898 1908 994 1961 per
1024 1894 1195 1963 legem
1230 1894 1457 1949 Domino
1480 1895 1761 1966 jubentur,
1787 1907 1841 1952 et
1874 1899 2107 1953 dicitur:

531 1977 609 2034 Ne
633 1980 805 2036 facias
854 1984 904 2037 in
955 1986 1034 2039 eis
1064 2001 1197 2054 Opus
1228 1986 1391 2039 ullum
1425 1989 1547 2056 quia
1588 1988 1818 2044 Domino
1858 1992 2107 2046 sanctiﬁ-

527 2079 651 2123 cata
712 2081 860 2126 sunt.
918 2073 1094 2143 Super
1130 2077 1272 2130 vasis
1306 2092 1467 2145 vero,
1502 2093 1627 2132 cum
1663 2080 1716 2135 in
1754 2081 2109 2139 tabernaculo

530 2159 829 2215 testimonii
865 2178 994 2216 vasa
1029 2165 1339 2231 ministerii,
1373 2166 1681 2233 thuribula,
1739 2169 1821 2224 vel
1872 2170 2096 2240 phialae,

531 2252 614 2305 vel
655 2262 846 2308 caatera
902 2256 1210 2325 hujusmodi
1264 2272 1428 2322 vasa,
1486 2269 1677 2313 saneta
1742 2261 2100 2330 appellantur.

529 2343 703 2412 Super
736 2347 1096 2413 vestimentis,
1128 2349 1296 2404 etiam
1331 2350 1466 2405 stola
1508 2351 1787 2420 pontificis
1819 2355 2002 2409 Aaron
2056 2366 2111 2411 et

529 2438 714 2490 tunica
757 2439 896 2494 linea
929 2479 944 2504 ,
1009 2448 1066 2495 et
1120 2450 1319 2496 caetera
1370 2441 1684 2511 hujusmodi
1745 2448 2107 2512 vestimenta,

530 2538 716 2585 sancta
741 2530 1015 2586 dicuntur.
1051 2531 1107 2588 Si
1137 2547 1266 2604 ergo
1304 2535 1615 2590 intueamur
1646 2552 1754 2606 quo
1783 2553 1947 2594 sensu
1995 2542 2111 2595 hazc

528 2623 712 2676 omnia
746 2632 937 2678 sancta
973 2639 1161 2680 vocata
1218 2636 1383 2691 sunt,
1444 2631 1796 2687 advertemus
1833 2635 2109 2701 quomodo

525 2716 692 2768 etiam
727 2731 826 2771 nos
862 2717 991 2772 dare
1020 2733 1242 2788 operam
1271 2721 1561 2776 debeamus
1594 2761 1610 2783 ,
1654 2733 1711 2776 ut
1764 2725 1937 2779 sancti
1989 2741 2111 2783 esse

528 2808 821 2875 possimus.
872 2809 1044 2866 Natus
1090 2822 1173 2867 est
1209 2814 1338 2868 mihi
1373 2816 1767 2886 primogenitus
1821 2818 1922 2873 bos
1949 2860 1963 2883 ,
2000 2834 2106 2873 non

531 2898 663 2953 mihi
723 2899 852 2956 licet
922 2916 1191 2973 occupare
1259 2920 1381 2960 eum
1444 2907 1510 2960 ad
1563 2921 1699 2977 opus
1770 2922 2105 2966 commune:

2213 1807 2316 1843 non
2355 1790 2528 1844 solum
2565 1791 2820 1854 homine,
2858 1793 2951 1846 sed
2996 1800 3050 1846 ct
3099 1792 3265 1845 fratre
3313 1791 3553 1860 inquiele
3598 1790 3790 1840 ambu-

2212 1883 2389 1945 lante,
2444 1891 2495 1937 et
2542 1899 2646 1936 non
2698 1885 2996 1938 secundum
3056 1885 3382 1938 traditiones
3441 1880 3788 1951 aposttlicas.

2217 1994 2235 2027 ι
2278 1975 2619 2043 Separamini
2653 1975 2855 2028 etenim
2891 1975 2985 2044 qui
3030 1977 3263 2045 portatis
3289 2015 3305 2039 ,
3341 1974 3515 2041 inquit
3540 1971 3584 2003 ’³
3615 2013 3630 2037 ,
3663 1985 3791 2024 vasa

2216 2067 2450 2131 Domini,
2486 2076 2541 2121 et
2573 2066 2721 2120 exite
2748 2066 2812 2119 de
2840 2067 3017 2121 medio
3048 2082 3259 2129 eorum,
3294 2085 3311 2116 ι
3340 2066 3473 2118 dicit
3504 2063 3787 2118 Dominus.

2214 2162 2419 2233 Separa
2454 2170 2505 2217 te
2534 2180 2561 2217 a
2596 2158 2826 2216 terrenis
2860 2162 3067 2215 actibus
3090 2201 3106 2227 ,
3153 2176 3345 2229 separa
3389 2168 3439 2212 te
3471 2173 3500 2210 a
3532 2154 3793 2224 concupi-

2213 2259 2418 2310 Scentia
2456 2256 2639 2311 mundi
2677 2274 2691 2310 :
2735 2273 2752 2306 ι
2792 2256 2965 2311 Omne
2994 2254 3138 2307 enim
3190 2250 3334 2321 quod
3372 2251 3424 2304 in
3462 2249 3660 2303 mundo
3684 2256 3790 2314 est,

2212 2349 2509 2403 secundum
2545 2349 2847 2420 apostolum
2877 2347 2944 2413 ",
2987 2343 3429 2415 concupiscentia
3460 2342 3643 2397 carnis
3687 2348 3790 2404 est,

2211 2450 2266 2493 et
2291 2441 2737 2510 concupiscentia
2770 2440 3089 2503 oculorum,
3127 2451 3249 2508 qua:
3277 2450 3384 2490 non
3419 2443 3501 2489 est
3538 2449 3566 2489 a
3601 2434 3727 2487 Deo.
3766 2449 3784 2484 ι

2210 2530 2346 2585 Cum
2383 2547 2512 2599 ergo
2552 2531 2896 2600 separaveris
2943 2540 2996 2585 te
3023 2531 3090 2584 ab
3125 2529 3211 2584 his
3259 2525 3551 2592 omnibus,
3585 2524 3793 2579 devove

2214 2632 2266 2677 te
2291 2624 2399 2677 Deo
2431 2632 2683 2692 tanquam
2716 2621 3136 2693 primogenitum
3174 2618 3427 2684 vitulum,
3456 2633 3563 2672 non
3594 2630 3790 2684 opere-

2214 2722 2303 2767 tur
2332 2728 2428 2782 per
2460 2723 2511 2766 te
2536 2723 2842 2783 peccatum,
2883 2714 3185 2782 necjngum
3226 2709 3321 2764 tibi
3357 2708 3601 2777 imponat
3634 2705 3789 2760 mali-

2214 2806 2286 2859 tia
2314 2822 2327 2868 ;
2357 2806 2451 2860 sed
2485 2816 2603 2861 esto
2633 2816 2905 2870 semotus,
2937 2813 2992 2859 et
3038 2812 3358 2874 segregatus
3379 2843 3393 2869 ,
3433 2801 3619 2856 usibus
3665 2810 3788 2853 tan-

2210 2910 2323 2959 tum
2358 2899 2786 2955 sacerdotalibus
2808 2942 2822 2966 ,
2859 2909 3112 2966 tanqttam
3142 2895 3556 2967 primogenitum
3587 2891 3783 2947 animal

527 3000 611 3044 est
661 2992 806 3045 enim
880 2993 1108 3049 Domino
1163 3007 1521 3051 consecratus
1551 3038 1567 3064 ,
1622 3010 1678 3053 et
1734 3000 1856 3056 ideo
1909 3002 2177 3078 diciturc
2216 2994 2574 3063 ιιιθιιεῖρίιιιιε.
2616 2978 2850 3062 δθὲτεὸθ
2899 3001 2949 3044 l0
2981 2998 3033 3044 ει
3081 3004 3310 3044 secerno
3355 2986 3491 3057 (87),
3527 2996 3786 3078 tanquam

528 3093 775 3141 sanctus.
836 3083 1190 3155 lntelligimus
1241 3103 1371 3158 ergo
1421 3103 1487 3142 ex
1544 3091 1645 3145 hoc
1697 3103 1847 3146 muto
1896 3093 2105 3149 anima-

530 3170 588 3232 li,
627 3174 901 3242 quomodo
943 3174 1024 3230 lex
1077 3179 1218 3244 quod
1283 3189 1531 3233 sanctum
1596 3181 1709 3236 vult
1766 3196 1928 3248 esse,
1976 3184 2107 3239 nttlli

529 3263 617 3315 alii
676 3264 727 3318 id
787 3265 1063 3322 deservire
1114 3269 1306 3338 jubet,
1375 3271 1477 3326 nisi
1541 3272 1770 3329 Domino
1814 3277 1936 3331 soli.
2000 3279 2105 3332 Ite-

532 3368 651 3407 rum
710 3366 926 3424 pateras
972 3359 1055 3411 vel
1120 3361 1330 3429 phialas
1376 3378 1512 3432 quas
1551 3364 1682 3418 dicit
1728 3374 1966 3430 sanctas,
2003 3368 2108 3424 il'as

529 3457 655 3500 Sunt
678 3464 796 3516 qua:
816 3464 1088 3519 nunquam
1123 3452 1377 3520 iubentur
1401 3455 1552 3509 exire
1592 3456 1657 3510 de
1691 3458 1908 3527 templo,
1943 3459 2105 3532 247

530 3538 622 3592 sed
651 3554 769 3593 esse
800 3556 1013 3606 seraper
1042 3542 1094 3595 in
1128 3544 1350 3609 sanctis,
1378 3560 1476 3599 nec
1510 3546 1631 3599 ullis
1656 3549 1875 3616 penitus
1908 3552 2107 3606 huma-

530 3630 614 3684 nis
641 3631 831 3686 usibus
876 3635 1204 3687 ministrare.
1250 3635 1513 3691 Similiter
1549 3648 1604 3691 et
1633 3641 1953 3695 vestimenta
1983 3659 2107 3713 qua:

527 3734 713 3776 sancta
746 3726 1119 3792 nominantur,
1147 3740 1247 3778 non
1278 3725 1537 3792 jubentur
1562 3728 1704 3783 intra
1734 3732 1952 3787 domum
1986 3736 2105 3790 usui

525 3812 803 3867 deservire
833 3816 1122 3883 pontiﬁcis,
1154 3817 1247 3870 sed
1282 3817 1332 3868 in
1366 3818 1564 3886 lemplo
1593 3834 1734 3884 esse,
1759 3829 1813 3876 et
1842 3823 1964 3879 inde
1989 3839 2106 3879 om-

526 3902 945 3973 ninonnnquam
973 3906 1172 3970 eirerri,
1203 3906 1297 3960 sed
1327 3909 1393 3960 ad
1421 3910 1521 3962 hoc
1550 3916 1754 3964 tantum
1790 3925 2103 3971 consecrata

524 4010 646 4051 esse
676 4038 689 4060 ,
728 4006 785 4051 ut
816 3997 896 4051 eis
940 3997 1049 4051 Deo
1101 3999 1418 4054 ministrans
1470 4001 1710 4069 pontifex
1745 4002 2020 4072 induatur,
2050 4018 2105 4064 et

527 4089 635 4141 sint
668 4103 882 4155 semper
912 4088 964 4144 in
1001 4091 1219 4160 templo,
1258 4092 1324 4145 ad
1354 4098 1583 4147 caeteros
1621 4108 1749 4150 vero
1778 4111 1912 4152 usus
1948 4113 2101 4154 com-

528 4196 740 4247 munes,
770 4191 956 4236 utatur
985 4187 1361 4243 communibus
1390 4190 1739 4246 indumentis.
1766 4188 2029 4245 Similiter
2050 4200 2105 4246 et

525 4275 747 4344 pateris,
776 4290 839 4330 ac
889 4276 1087 4345 phialis
1131 4278 1215 4334 his
1252 4295 1372 4349 qua:
1400 4290 1604 4336 sanetae
1632 4281 1999 4352 appellantur,
2034 4284 2100 4338 ad

2214 3082 2409 3154 phialae
2435 3093 2671 3150 sanctae,
2716 3093 2770 3138 et
2798 3090 2983 3137 sancta
3017 3081 3286 3135 thuribula
3315 3120 3330 3144 ,
3378 3080 3548 3134 solius
3600 3076 3786 3146 templi

2211 3174 2398 3230 usibus
2429 3184 2483 3230 et
2511 3176 2603 3230 Dei
2633 3174 2938 3228 ministerio
2965 3188 3180 3228 vacans.
3228 3172 3431 3240 Separa
3479 3180 3529 3224 te
3552 3209 3565 3233 ,
3610 3178 3665 3224 et
3699 3183 3786 3225 se-

2212 3279 2368 3320 move
2401 3266 2469 3319 ab
2502 3266 2651 3320 omni
2688 3263 2985 3334 pollutione
3010 3261 3217 3332 peccati
3245 3302 3260 3324 ,
3308 3270 3363 3315 et
3397 3268 3513 3313 esto
3545 3266 3785 3314 semotus

2209 3368 2265 3413 et
2304 3366 2617 3427 segregatus
2654 3356 2795 3410 intra
2830 3354 3088 3424 templum
3124 3353 3256 3419 Dei,
3292 3364 3547 3424 tanquam
3593 3363 3783 3409 saneta

2210 3451 2523 3508 indumenta
2556 3449 2852 3519 pontilicis.
2881 3448 2935 3503 In
2967 3449 3164 3517 templo
3199 3464 3434 3518 namque
3464 3450 3553 3504 Dei
3587 3459 3671 3504 est
3699 3464 3785 3505 se-

2207 3552 2464 3614 gregatus
2494 3550 2548 3597 et
2578 3549 2861 3611 separatus
2895 3540 2983 3596 ille
3010 3542 3099 3612 qui
3137 3543 3190 3595 in
3224 3541 3341 3612 lege
3370 3542 3462 3596 Dei
3495 3542 3786 3595 meditatur

2209 3636 2294 3690 die
2321 3650 2385 3688 ac
2413 3644 2571 3689 nocte
2596 3674 2610 3698 ,
2639 3642 2691 3687 et
2721 3632 2816 3702 qui
2852 3632 2904 3686 in
2945 3634 3215 3688 mandatis
3258 3634 3375 3702 ejus
3408 3635 3557 3702 cupit
3597 3632 3780 3687 nimis.

2214 3744 2234 3778 ι
2268 3727 2458 3782 Sancti
2489 3742 2617 3796 ergo
2659 3735 2872 3790 estote,
2916 3725 3049 3780 dicit
3095 3727 3351 3781 Dominus
3376 3767 3390 3792 ,
3439 3727 3565 3794 quia
3601 3735 3655 3778 et
3682 3739 3785 3795 ego

2207 3828 2428 3875 sanctus
2469 3835 2609 3874 sum.
2661 3838 2679 3870 ι
2734 3818 2872 3885 Quid
2924 3827 3048 3886 est,
3096 3837 3115 3871 ι
3170 3820 3296 3888 quia
3341 3828 3397 3873 et
3430 3832 3529 3889 ego
3558 3827 3781 3873 sanctus

2208 3912 2370 3965 sum?
2401 3930 2418 3961 ι
2450 3911 2603 3964 Sicut
2632 3926 2753 3982 ego,
2788 3910 2978 3980 inquit,
3009 3922 3324 3982 segregatus
3355 3926 3494 3975 sum,
3521 3920 3595 3979 _et
3624 3909 3783 3979 longe

2207 4015 2492 4071 separatus
2523 4003 2590 4058 ab
2612 4002 2861 4059 onmihus
2903 4018 3022 4072 qua:
3052 4004 3366 4068 adorantur,
3394 4003 3476 4058 vel
3504 4001 3781 4067 coluntur,

2205 4095 2319 4149 sive
2348 4095 2401 4147 in
2436 4102 2575 4147 terra
2610 4094 2724 4149 sive
2754 4093 2807 4148 in
2835 4094 2971 4150 cmlo
2998 4111 3013 4148 :
3038 4095 3296 4163 sicutego
3321 4094 3527 4149 excedo
3557 4106 3775 4147 omnem

2206 4197 2537 4253 creaturam,
2564 4197 2728 4257 atque
2752 4187 2818 4241 ab
2846 4188 3117 4243 universis
3140 4204 3259 4258 quae
3288 4203 3316 4240 a
3348 4202 3431 4242 me
3460 4190 3602 4242 facta
3630 4195 3778 4249 sunt,

2206 4292 2503 4347 segregor;
2552 4279 2624 4332 ita
2674 4288 2729 4334 et
2754 4294 2850 4335 vos
2890 4281 3157 4350 segregati
3190 4289 3367 4334 estote
3405 4280 3472 4333 ab
3501 4278 3778 4343 omnibus,

526 4366 795 4421 humanos
828 4375 882 4421 et
914 4381 1229 4423 communes
1256 4386 1385 4426 usus
1419 4373 1497 4426 uti
1530 4387 1642 4427 non
1677 4374 1822 4439 licet,
1857 4377 1951 4431 sed
1983 4385 2098 4431 tan-
2134 4361 2177 4415 Ῑ)
2206 4371 2296 4441 qui
2326 4386 2430 4425 ῐιοη
2464 4379 2594 4425 sunt
2617 4372 2822 4436 sane“.
2862 4388 2961 4428 nec
2992 4372 3103 4427 Deo
3133 4373 3320 4428 ἀίοθιίο
3363 4372 3649 4441 segregari
3683 4388 3779 4426 ³η·

526 4465 637 4510 tum
666 4456 732 4511 ad
760 4458 938 4512 divina
981 4459 1310 4517 ministeria.
1347 4463 1497 4530 Quod
1537 4466 1583 4520 si
1619 4467 1927 4524 intellexisti
1959 4485 2097 4538 quo-

526 4547 684 4601 modo
713 4548 797 4603 vel
825 4550 1044 4615 animal,
1064 4552 1148 4604 vel
1178 4555 1411 4619 vas,'vel
1440 4560 1821 4614 vestimentum
1850 4572 2096 4617 sanctum

522 4639 853 4708 appellatur,
886 4655 1283 4713 consequenter
1323 4646 1569 4719 intellige
1599 4654 1743 4720 quod
1791 4653 1874 4707 bis
1908 4653 2098 4710 obser-

522 4732 835 4787 vationibus
867 4743 921 4788 et
949 4733 1157 4804 legibus
1197 4739 1361 4792 etiam
1409 4740 1571 4796 homo
1612 4754 1832 4800 sanctus
1858 4747 2097 4815 appelle-

519 4834 626 4879 tur.
668 4826 725 4881 Si
764 4827 885 4896 quis
918 4829 1061 4884 enim
1104 4831 1345 4901 seipsum
1397 4834 1680 4891 devoverit
1711 4838 1820 4892 Deo
1849 4858 1862 4892 :
1892 4840 1937 4893 si
1973 4840 2097 4909 quis

518 4919 678 4975 nullis
717 4935 774 4975 se
825 4924 1054 4993 negotiis
1112 4927 1471 4984 saecularibus
1522 4929 1896 4998 implicaverit,
1934 4941 1993 4986 ut
2033 4932 2090 4987 ei

517 5010 734 5082 placeat
764 5015 851 5068 cui
887 5030 944 5069 se
971 5018 1243 5085 probavit,
1274 5020 1318 5074 si
1351 5021 1472 5090 quis
1502 5032 1786 5092 separatus
1812 5033 1895 5079 est
1923 5032 1978 5077 et
2003 5037 2093 5079 se-

516 5114 772 5176 gregatus
804 5121 832 5161 a
867 5109 1088 5178 reliquis
1112 5111 1426 5187 hominibus
1448 5115 1741 5171 carnaliter
1764 5117 2091 5182 viventibus,

584 5297 630 5329 “
668 5296 840 5352 Levit.
880 5313 970 5363 xx,
1005 5297 1094 5353 ‘26.
1167 5300 1213 5330 ’⁸
1243 5299 1348 5355 lsa.
1383 5316 1475 5368 LII,
1506 5302 1589 5356 ll.

591 5480 707 5550 (85)
743 5479 871 5552 Mss.
897 5524 910 5545 ,
943 5499 960 5531 ι
992 5479 1487 5549 deprehendemus.
1517 5502 1535 5534 ι
1563 5481 1717 5540 Libb.
1745 5484 1899 5552 editi,
1937 5503 1955 5536 ‹
1990 5484 2085 5540 dc-

513 5551 917 5621 prebendimus.
946 5569 966 5603 ι

588 5621 700 5691 (86)
742 5620 924 5678 Codex
975 5623 1300 5693 Sangerm.,
1357 5641 1375 5675 ‹
1410 5623 1496 5679 cui
1542 5623 1624 5680 lex
1665 5624 1845 5681 divina
1890 5623 2089 5680 recita-

1664 5302 1939 5357 "lJoan.
1973 5302 2150 5368 ",16.

2212 4471 2317 4517 tem
2346 4462 2576 4518 dicimus
2607 4479 2709 4518 non
2755 4464 2890 4519 locis
2916 4466 3011 4519 sed
3047 4465 3275 4532 actibus,
3308 4480 3406 4519 nec
3446 4464 3780 4533 regionibus,

2205 4555 2301 4610 sed
2351 4556 2880 4612 conversationibus.
2928 4556 3171 4627 Denique
3216 4566 3271 4612 et
3332 4560 3446 4626 ipse
3495 4570 3674 4611 sermo
3724 4556 3775 4609 in

2204 4646 2390 4703 Graeca
2425 4649 2629 4719 lingua,
2663 4649 2807 4719 quod
2841 4649 3044 4705 dicitur
3079 4650 3265 4719 ἅγιος,
3292 4650 3445 4719 quasi
3479 4659 3633 4704 extra
3665 4656 3773 4701 ter-

2206 4754 2319 4793 ram
2352 4756 2475 4796 esse
2499 4741 2787 4811 sigiiilicat.
2822 4743 3139 4812 Quicunque
3164 4744 3307 4797 enim
3331 4758 3389 4796 se
3415 4756 3775 4795 consecrave—

2205 4835 2275 4887 rit
2305 4832 2415 4888 Deo
2435 4874 2450 4896 ,
2481 4837 2672 4889 merito
2701 4844 2854 4889 extra
2894 4845 3129 4899 terram,
3157 4842 3310 4886 extra
3341 4832 3599 4885 mundum
3628 4831 3777 4885 vide-

2205 4928 2394 4983 bitur:
2428 4936 2603 4998 potest
2649 4930 2793 4983 enim
2836 4939 2891 4984 et
2936 4929 3052 4997 ipse
3091 4928 3275 4981 dicere
3316 4924 3532 4992 :Super
3577 4932 3775 4978 terram

2202 5021 2546 5079 ambulantes
2570 5063 2583 5085 ,
2615 5020 3082 5075 conversationem
3119 5019 3168 5070 in
3221 5015 3375 5072 cadis
3420 5016 3682 5071 habemus
3707 5014 3774 5067 ⁸⁷.

2207 5116 2463 5171 Salomon
2520 5128 2735 5185 quoque
2797 5114 2848 5165 in
2908 5110 3215 5165 Proverbiis
3273 5109 3411 5164 dicit
3441 5108 3543 5161 ἐς
3604 5126 3624 5160 ι
3670 5106 3775 5161 La-

2230 5302 2272 5333 ²⁷
2311 5301 2504 5372 Philip.
2542 5298 2736 5362 Itt,20.
2815 5297 2861 5330 ³⁸
2895 5296 3053 5351 Prov.
3092 5312 3181 5362 xx,
3220 5294 3311 5348 25.

2204 5492 2313 5535 tur.
2351 5497 2368 5531 ι
2414 5478 2547 5531 Tres
2596 5477 2685 5530 alii
2742 5492 2870 5531 mss.
2899 5518 2913 5541 ,
2966 5493 2983 5526 ι
3018 5477 3104 5530 cui
3150 5478 3263 5528 ba‘c
3312 5472 3493 5527 divina
3540 5470 3772 5525 recitan-

2202 5562 2308 5606 tur.
2366 5567 2384 5600 ι
2432 5548 2587 5604 Libb.
2645 5548 2815 5611 editi,
2855 5564 2873 5597 α
2904 5547 3129 5601 cumlex
3185 5544 3363 5598 divina
3421 5541 3757 5597 recitatur.»

2270 5620 2379 5691 (87)
2411 5620 2517 5676 Mss
2550 5660 2563 5685 ,
2594 5639 2612 5670 ι
2647 5633 2932 5688 segregare
2958 5626 3009 5671 et
3040 5629 3343 5672 secernere.
3378 5632 3398 5668 ι
