4106 6246
369 285 466 341 531

1829 282 2148 342 ORIGENIS
3526 275 3630 332 553

367 418 542 472 quens
581 409 665 457 est
711 401 828 456 viro
877 400 1001 457 forti
1059 401 1168 456 cito
1215 401 1418 470 aliquid
1477 402 1541 458 de
1589 405 1701 460 suis
1751 407 1952 460 sancti-
1982 410 2028 465 Α
2058 412 2140 459 ret
2185 417 2342 474 paena
2383 417 2489 457 non
2524 401 2700 455 fuerat
2735 399 3053 470 ascriptum.
3093 398 3404 469 Nunc-ergo
3437 397 3630 452 eadem

371 495 553 548 lit-are.
592 511 611 545 ι
647 492 838 548 Postea
875 493 1017 548 enim
1055 507 1214 561 quam
1250 495 1458 548 voverit
1487 536 1502 561 ,
1555 497 1732 550 evenit
1769 497 1940 567 pumi-

369 597 503 639 tere.
541 584 604 639 Et
637 585 737 639 hoc
776 592 856 638 est
907 583 1094 651 utique
1143 585 1286 654 quod
1330 585 1463 638 dicit
1494 601 1507 639 ι
1540 585 1616 641 Ne
1652 588 1771 656 quis
1806 586 1944 642 forte

367 693 488 729 eum
539 677 748 730 fructus
790 690 854 729 ex
908 689 1032 727 area
1063 715 1079 741 ,
1112 683 1201 728 aut
1239 676 1421 728 vinum
1474 691 1537 731 ex
1583 679 1943 733 torcularibus

367 769 594 839 colligit,
616 777 668 822 et
699 766 924 820 dixerit:
947 764 1080 820 Volo
1111 776 1317 819 tantum
1349 766 1543 822 offerre
1568 769 1839 833 Ecclesiae,
1861 770 1941 824 vel

365 853 418 908 in
448 870 602 908 usum
637 869 933 924 pauperum
965 866 1058 908 aut
1100 855 1507 924 peregrinorum
1550 867 1758 912 lautum
1800 875 1936 929 prte-

362 943 534 997 bere:
563 945 607 997 si
661 953 846 1014 postea
878 959 942 998 ex
978 945 1063 998 his
1107 961 1226 1013 quae
1259 954 1415 999 vovet
1461 947 1663 1017 aliquid
1701 948 1765 1002 ad
1812 965 1942 1004 usus

363 1032 612 1103 proprios
644 1043 962 1102 praesumat,
987 1033 1096 1102 jam
1125 1049 1228 1086 non
1265 1035 1330 1088 de
1362 1035 1478 1088 suis
1515 1035 1781 1090 fructibus
1807 1054 1944 1107 prata

361 1124 613 1189 sumpsit,
652 1125 743 1177 sed
776 1133 964 1176 sancta
1005 1123 1095 1176 Dei
1151 1123 1394 1179 violavit.
1437 1128 1502 1182 Et
1554 1128 1673 1182 ideo
1715 1127 1942 1197 laqueus

361 1213 518 1267 fortis
547 1222 629 1268 est
673 1216 1013 1269 sanctificare
1048 1217 1269 1287 aliquid,
1311 1218 1412 1272 hoc
1445 1227 1529 1274 est
1581 1234 1773 1274 vovere
1809 1220 1937 1287 Deo,

358 1316 413 1358 et
444 1305 788 1372 postmodum
827 1307 1140 1374 poenitentia
1179 1309 1398 1363 ductum
1431 1310 1496 1362 ad
1525 1325 1654 1364 usus
1688 1311 1939 1380 proprios

359 1413 421 1451 ea
455 1413 577 1469 qua:
599 1408 1021 1452 consecraverat
1055 1415 1331 1455 revocare.
1365 1400 1469 1455 Sed
1500 1409 1556 1456 et
1593 1403 1638 1456 si
1671 1417 1768 1458 nos
1797 1401 1941 1472 ipsos

360 1500 745 1541 consecramus
778 1495 832 1541 et
881 1487 1164 1542 offerimus
1216 1490 1324 1543 Deo
1347 1531 1360 1554 ,
1398 1501 1488 1545 aut
1534 1496 1698 1545 etiam
1733 1493 1776 1545 si
1805 1493 1940 1547 alios

359 1593 637 1643 vovcmus,
657 1580 1004 1635 observemus
1035 1581 1179 1637 hunc
1213 1583 1488 1651 laquemn,
1519 1599 1583 1637 ne
1623 1583 1760 1637 forte
1794 1593 1938 1653 post—

360 1686 584 1738 eaquam
635 1687 731 1726 nos
764 1671 870 1723 Deo
923 1673 1251 1737 voverimus,
1291 1674 1482 1728 iterum
1518 1674 1770 1728 humanis
1819 1675 1935 1727 usi-

2054 505 2368 564 repetuntur
2393 535 2409 559 ,
2444 504 2500 550 et
2537 493 2958 561 uniuscujusque
2989 506 3145 560 pmua
3189 491 3396 561 peccati
3437 491 3628 545 decer-

2053 589 2238 640 nitur:
2271 595 2324 641 et
2354 587 2476 640 ideo
2519 587 2632 638 haec
2676 594 2821 638 recte
2861 583 3280 649 iustificationes
3334 591 3390 636 et
3419 579 3628 648 judicia

2051 678 2407 747 appellantur,
2443 678 2644 747 quibus
2670 678 2813 747 quod
2849 677 3054 745 justum
3085 683 3168 728 est
3205 673 3446 742 recipere
3483 671 3633 741 judi-

2051 779 2206 824 catnr
2251 769 2338 823 ille
2385 771 2476 837 qui
2514 779 2728 837 peccat.
2758 770 2864 822 Sed
2904 770 3116 822 intuere
3145 766 3392 820 Ordinem
3434 763 3631 818 divinae

2051 863 2349 930 sapientiae,
2392 879 2497 918 non
2543 865 2802 918 continuo
2829 876 3019 932 pmnas
3045 877 3168 916 cum
3202 861 3392 929 primis
3438 860 3630 914 statuit

2049 955 2357 1024 prmceptis.
2387 953 2509 1008 Vult
2537 955 2754 1010 enimut
2787 969 2892 1007 non
2927 963 3072 1007 metu
3103 967 3294 1022 pugnae,
3323 952 3418 1006 sed
3440 967 3629 1007 amore

2049 1046 2287 1115 pietatis,
2326 1047 2494 1114 patris
2525 1055 2788 1116 praecepta
2825 1043 3141 1108 custodias;
3175 1043 3268 1097 sed
3304 1042 3347 1096 si
3377 1051 3624 1096 eontem-

2049 1137 2242 1205 pseris,
2273 1151 2377 1188 non
2409 1145 2514 1189 tam
2532 1135 2732 1189 homini
2755 1134 2890 1201 jam,
2910 1151 3072 1205 quam
3095 1133 3455 1201 contemptori
3477 1148 3628 1185 man-

2049 1226 2208 1280 datur
2246 1241 2425 1296 paena.
2471 1225 2658 1280 Primo
2688 1241 2818 1292 ergo
2866 1226 3197 1296 benignitate
3223 1224 3540 1294 provocaris
3569 1231 3631 1279 ut

2048 1317 2191 1370 ﬁlius
2215 1317 2259 1348 ³⁵
2288 1335 2301 1370 :
2337 1335 2356 1367 ι
2400 1317 2510 1387 Ego
2536 1317 2679 1370 enim
2714 1315 2823 1370 dixi
2850 1330 2864 1368 :
2897 1315 2974 1369 Dii
3008 1315 3168 1380 estis,
3201 1325 3253 1367 et
3281 1313 3374 1367 lilii
3413 1311 3627 1368 Excelsi

2046 1420 2255 1460 omnes.
2296 1425 2314 1458 ι
2347 1407 2497 1473 Quod
2531 1407 2576 1461 si
2613 1406 2753 1460 filius
2778 1420 2898 1460 esse
2931 1406 3193 1459 obediens
3221 1419 3324 1458 non
3355 1405 3459 1468 vis,
3490 1419 3628 1458 eon-

2051 1505 2281 1564 teniptor
2320 1497 2572 1565 plecteris
2625 1506 2684 1551 ut
2732 1512 2951 1551 servus.
3000 1495 3130 1550 Post
3181 1496 3295 1550 haec
3350 1495 3485 1548 dicit
3520 1494 3626 1551 ⁸³ε

2053 1606 2072 1638 ι
2111 1586 2176 1641 Ει
2207 1589 2251 1642 si
2278 1589 2401 1656 quis
2432 1589 2714 1644 dormierit
2749 1604 2869 1642 cum
2920 1604 3060 1642 nuru
3105 1603 3199 1642 sua
3226 1630 3239 1654 ,
3297 1597 3471 1642 morte
3509 1602 3631 1642 mo-

2049 1679 2256 1732 riantur
2281 1681 2472 1743 ambo,
2505 1679 2837 1748 impietatem
2872 1676 3154 1741 fecerunt,
3193 1676 3267 1730 rei
3309 1686 3456 1731 sunt.
3495 1696 3512 1729 ι
3555 1677 3623 1732 Et

361 1764 462 1815 bus
497 1761 576 1816 vel
609 1765 820 1818 actibus
849 1765 1222 1834 sobjngemur.
1262 1763 1430 1818 Vovet
1470 1776 1649 1819 autem
1691 1781 1750 1820 se
1778 1781 1944 1819 unus-
1975 1762 2016 1818 Β
2047 1769 2142 1823 has
2184 1769 2325 1838 leges
2354 1769 2434 1822 vel
2466 1770 2578 1824 haec
2611 1777 2876 1837 praecepta
2930 1766 3136 1837 absque
3164 1767 3341 1837 pinnis
3374 1766 3620 1836 superius

360 1855 616 1922 quisque,
651 1855 797 1910 verbi
836 1856 1005 1924 gratia
1032 1894 1047 1920 ,
1086 1855 1231 1908 sicut
1265 1855 1505 1909 Nazaraei
1547 1855 1819 1911 faciebant
1847 1855 1942 1910 tri-

359 1942 484 2008 bus,
513 1953 606 1998 aut
636 1953 872 2013 quatuor
892 1983 907 2008 ,
941 1954 1034 1998 aut
1063 1955 1197 2011 quot
1230 1944 1523 2014 placuisset
1550 1947 1708 2000 annis
1743 1947 1939 2017 templo

359 2048 418 2088 se
447 2046 829 2090 consecrantes
859 2036 972 2100 Dei,
1006 2045 1063 2090 ut
1091 2036 1161 2090 ibi
1201 2051 1413 2104 semper
1446 2046 1704 2090 vacarent
1749 2039 1938 2092 obser-

359 2131 548 2177 vantes
587 2122 675 2176 illa
725 2138 844 2192 quze
888 2125 954 2178 de
987 2123 1258 2179 Nazaraais
1307 2125 1509 2194 scripta
1552 2134 1720 2180 sunt:
1759 2136 1816 2180 ut
1843 2142 1938 2180 co-

361 2229 502 2268 mam
525 2216 720 2285 capitis
753 2217 1050 2282 nutrirent,
1075 2232 1173 2272 nec
1205 2219 1521 2273 ascenderet
1556 2216 1757 2272 ferrum
1777 2234 1941 2286 super

356 2315 521 2374 caput
563 2320 751 2360 eorum
789 2315 901 2360 toto
938 2308 1046 2361 voti
1081 2309 1161 2362 sui
1211 2318 1451 2378 tempore
1483 2307 1615 2379 (88),
1664 2319 1723 2362 ut
1756 2309 1938 2362 vinum

359 2411 466 2449 non
500 2396 900 2465 contingerent,
931 2413 1108 2468 neque
1150 2397 1349 2466 aliquid
1381 2414 1448 2452 ex
1483 2399 1608 2461 vite,
1640 2406 1694 2453 et
1737 2409 1935 2452 cattera

357 2501 695 2559 quacunque
726 2491 1008 2560 complexa
1040 2491 1232 2546 fuisset
1265 2492 1370 2544 voti
1402 2490 1693 2560 professio.
1733 2489 1840 2545 Sed
1886 2498 1939 2544 et

359 2581 524 2634 alium
555 2583 679 2650 quis
711 2582 781 2635 ita
816 2593 973 2637 vovet
1004 2583 1141 2648 Deo,
1177 2582 1313 2636 sicut
1345 2582 1499 2635 Anna
1542 2581 1673 2636 fecit
1709 2583 1936 2636 Samue-

361 2672 466 2725 lem
497 2690 509 2726 :
541 2681 666 2727 ante
701 2673 844 2727 enim
877 2688 1038 2742 quam
1073 2683 1422 2738 nasceretur,
1461 2675 1660 2729 obtulit
1694 2690 1815 2729 eum
1858 2678 1940 2730 di-

358 2778 488 2817 cens
516 2764 609 2817 9’:
660 2782 679 2817 ι
718 2764 781 2819 Et
827 2765 967 2820 dabo
1011 2779 1132 2818 eum
1182 2765 1406 2820 Domino
1450 2765 1636 2819 datum
1685 2765 1938 2822 omnibus

361 2857 552 2912 diebus
581 2859 704 2914 vitae
735 2875 866 2915 sum.
909 2879 928 2913 ι
963 2859 1036 2913 Ex
1076 2860 1275 2929 quibus
1301 2860 1556 2914 omnibus
1597 2860 1804 2915 clarum
1833 2871 1934 2924 est,

361 2951 632 3016 quomodo
661 2953 1030 3022 unusquisque
1062 2961 1345 3016 nostrum,
1387 2951 1478 3020 qui
1517 2951 1628 3005 vult
1658 2967 1778 3007 esse
1809 2968 1932 3007 san-

361 3052 501 3105 ctus,
530 3044 844 3097 consecrari
876 3044 1069 3098 debeat
1100 3044 1229 3110 Deo,
1268 3053 1322 3097 et
1361 3035 1522 3097 nullis
1553 3054 1812 3114 praeterea
1841 3058 1936 3100 ne-

360 3134 520 3205 gotiis
556 3133 638 3189 vel
672 3135 884 3190 actibus
934 3135 1027 3205 qui
1067 3136 1133 3190 ad
1169 3135 1336 3190 Deum
1386 3136 1610 3190 minime
1658 3137 1931 3205 pertinent

361 3228 640 3297 occupari.

429 3319 484 3372 2.
527 3318 652 3372 Post
692 3318 804 3373 lucc
832 3320 1092 3389 scriptum
1125 3327 1206 3373 est
1250 3337 1264 3373 :
1304 3337 1321 3369 ι
1363 3318 1629 3385 Servate,
1662 3319 1840 3390 inquit
1868 3321 1936 3385 ³ο,

360 3420 627 3478 praecepta
661 3425 777 3464 mea
805 3420 859 3463 et
891 3409 1050 3465 facite
1086 3425 1146 3464 ea
1178 3449 1193 3474 ,
1237 3425 1337 3480 ego
1373 3411 1672 3476 Dominus;
1713 3430 1732 3462 ι
1767 3421 1823 3465 et
1874 3411 1939 3466 iis

361 3499 512 3554 addit
541 3517 554 3555 :
595 3520 612 3552 ‹
649 3502 842 3567 llmuo,
878 3503 1039 3557 homo
1087 3503 1130 3557 si
1165 3502 1505 3558 maledixerit
1538 3513 1745 3572 patrem
1774 3504 1939 3576 248

359 3603 452 3646 attt
483 3603 710 3648 matrem
737 3609 890 3648 suant
913 3633 928 3659 ,
963 3595 1230 3649 moriatur
1269 3612 1282 3660 ;
1323 3613 1342 3646 ι
1377 3604 1430 3648 et
1471 3606 1591 3664 post
1623 3595 1787 3649 multa
1817 3611 1938 3665 qua:

360 3685 638 3754 praecepit,
663 3686 858 3754 quibus
879 3687 1040 3740 etiam
1065 3699 1254 3754 pinnas
1279 3687 1744 3755 praevaricationis
1769 3691 1938 3742 ascri~

361 3777 487 3847 psit,
519 3776 669 3832 addit
697 3778 747 3831 in
781 3778 1025 3832 clausula
1050 3777 1091 3809 "
1123 3796 1135 3831 :
1173 3795 1192 3828 ι
1235 3777 1302 3832 Ει
1335 3786 1551 3834 servate
1584 3779 1764 3834 omnia
1802 3794 1939 3848 prte-

360 3877 520 3937 cepta
554 3885 695 3935 mea,
720 3881 774 3925 et
801 3871 1218 3940 iustificationes
1249 3885 1414 3940 meas,
1441 3883 1495 3926 et
1521 3873 1724 3943 judicia
1751 3890 1889 3930 mea.
1914 3893 1933 3927 ι

363 3959 516 4014 Unde
544 3971 595 4016 et
625 3977 964 4032 consequens
1004 3965 1136 4018 mihi
1170 3965 1384 4020 videtur
1415 3966 1692 4035 requirere
1724 3967 1854 4036 quid
1886 3967 1937 4020 in

361 4053 445 4106 his
463 4053 692 4124 singulis
720 4055 1010 4110 indicetur.
1048 4056 1310 4124 Equidem
1341 4058 1632 4111 secumlum
1668 4059 1813 4127 quod
1841 4059 1939 4114 ob-

361 4160 580 4200 servare
609 4147 780 4215 potui,
811 4157 1139 4216 praeceptum
1169 4159 1248 4203 est
1269 4189 1284 4215 ,
1317 4150 1431 4203 sive
1465 4152 1778 4206 mandatum
1809 4152 1937 4208 illud

359 4237 503 4305 quod
528 4278 544 4304 ,
575 4238 720 4292 verbi
755 4239 927 4308 gratia
953 4278 967 4303 ,
1004 4241 1056 4294 in
1095 4239 1364 4311 Deealogo
1397 4242 1595 4296 dicitur
1624 4243 1668 4274 ³¹
1707 4261 1719 4297 :
1771 4263 1790 4296 ι
1823 4244 1936 4299 Non

359 4330 597 4396 occides,
635 4347 739 4385 non
778 4331 1112 4387 adulterabis
1153 4349 1167 4397 ;
1215 4353 1232 4385 ι
1275 4334 1377 4389 hoc
1414 4335 1559 4389 enim
1596 4336 1768 4390 solum
1799 4353 1937 4406 pra:-

2050 1860 2274 1915 dederat
2314 1877 2328 1914 :
2383 1861 2593 1916 dixerat
2636 1860 2778 1914 enim
2817 1859 2904 1912 '5:
2957 1877 2975 1910 ι
3014 1857 3423 1927 Turpitudinem
3455 1873 3625 1914 nurus

2045 1959 2149 2005 tuae
2181 1968 2286 2007 non
2331 1952 2633 2016 revelabis,
2658 1951 2914 2021 quoniam
2959 1965 3097 2006 uxor
3129 1950 3222 2003 lilii
3257 1950 3330 2004 tui
3365 1959 3484 2016 est,
3518 1965 3624 2004 non

2043 2041 2309 2097 revelabis
2341 2043 2728 2112 turpitudinem
2760 2043 2898 2112 ejus,
2935 2064 2953 2097 ι
2986 2050 3040 2097 et
3071 2041 3253 2097 omnia
3287 2057 3406 2110 qua:
3433 2041 3624 2095 subse-

2043 2146 2302 2202 quuntur.
2333 2135 2396 2188 Et
2427 2135 2570 2190 hunc
2594 2137 2773 2190 locum
2805 2135 2967 2189 simili
2994 2135 3154 2188 modo
3176 2133 3246 2187 ibi
3272 2133 3477 2201 absque
3494 2146 3624 2200 sup-

2043 2223 2246 2293 pliciis,
2285 2225 2372 2280 hic
2403 2241 2532 2280 vero
2571 2241 2693 2280 cum
2724 2226 2955 2281 diversis
2989 2224 3373 2294 suppliciorum
3409 2225 3626 2292 generi-

2042 2316 2144 2369 bus
2173 2318 2446 2386 ascripsit.
2472 2317 2594 2384 Quo
2618 2319 2670 2372 in
2704 2317 2826 2372 loco
2859 2319 3119 2372 recordor
3152 2318 3421 2372 sermonis
3452 2317 3618 2382 illius,

2043 2426 2203 2480 quem
2238 2412 2736 2482 beatus-apostolus
2759 2410 2957 2463 Paulus
2986 2409 3050 2464 ad
3087 2409 3345 2464 Hebraeos
3372 2411 3623 2464 scribens

2043 2502 2122 2556 ait
2145 2503 2228 2557 37:
2269 2523 2287 2555 ι
2323 2503 2538 2557 lrritam
2572 2503 2695 2572 quis
2728 2500 2934 2556 faciens
2958 2501 3127 2571 legem
3154 2499 3484 2571 Moysi,sine
3509 2501 3618 2556 ulla

2044 2596 2392 2650 miseratione
2442 2594 2650 2649 duobus
2702 2602 2795 2646 aut
2845 2595 3020 2650 tribus
3070 2592 3303 2648 testibus
3330 2593 3616 2664 ;moritur:

2043 2697 2245 2754 quanto
2297 2685 2596 2754 majoribus
2642 2685 2925 2754 suppliciis
2969 2686 3163 2756 dignus
3196 2685 3490 2753 putabitur,
3522 2684 3617 2753 qui

2041 2774 2240 2830 Filium
2277 2776 2366 2829 Dei
2396 2774 2827 2838 conculcaverit,
2858 2782 2912 2829 et
2950 2775 3268 2844 sanguinem
3309 2773 3617 2829 testamenti

2042 2868 2304 2937 pollutum
2339 2868 2580 2933 duxerit,
2613 2868 2664 2922 in
2697 2883 2804 2937 quo
2833 2870 3204 2924 sanctificatus
3231 2878 3349 2934 est,
3376 2878 3429 2924 et
3453 2869 3620 2937 spiri-

2044 2957 2121 3011 tui
2163 2957 2351 3026 gratiae
2399 2956 2782 3012 contumeliam
2834 2956 3029 3013 fecerit
3068 2958 3141 3011 ?i
3192 2958 3296 3012 Sed
3345 2973 3505 3025 quam
3546 2959 3620 3011 ob

2042 3062 2262 3104 causam
2310 3047 2636 3102 mentionem
2684 3046 2903 3102 fecerim
2955 3048 3236 3118 scriptura:
3283 3047 3472 3114 hujus,
3521 3063 3618 3101 au-

2039 3139 2235 3195 sculta.
2266 3138 2572 3194 Secundum
2611 3139 2780 3210 legem
2815 3140 3030 3194 adulter
3070 3150 3124 3195 et
3156 3140 3401 3194 adultera
3439 3149 3616 3194 morte

2038 3231 2436 3296 moriebantur,
2467 3244 2566 3284 nec
2596 3238 2849 3300 poterant
2895 3229 3076 3285 dicere
3114 3230 3490 3300 paenitentiam
3523 3243 3619 3299 pe-

2041 3323 2246 3390 timus,
2285 3333 2340 3376 et
2370 3323 2582 3377 veniam
2636 3323 3014 3391 deprecamur.
3055 3321 3166 3376 Non
3200 3332 3319 3377 erat
3359 3321 3621 3391 lacrymis

2038 3415 2207 3479 locus,
2242 3431 2341 3472 nec
2372 3417 2740 3471 emendationi
2772 3416 2879 3470 ulla
2913 3419 3321 3472 concedebatur
3363 3417 3617 3481 facultas,

2037 3508 2134 3562 sed
2167 3509 2478 3562 omnimodo
2507 3509 2684 3578 puniri
2719 3523 2942 3566 necesse
2977 3518 3096 3565 erat
3117 3549 3132 3574 ,
3163 3511 3254 3579 qui
3298 3509 3620 3583 incurrisset

2039 3598 2092 3652 in
2124 3597 2324 3667 legem.
2359 3597 2474 3654 Hoc
2508 3610 2688 3653 autem
2716 3603 3038 3656 servabatur
3064 3609 3118 3656 et
3158 3603 3209 3655 in
3239 3601 3463 3670 singulis
3491 3599 3617 3668 qui-

2036 3690 2246 3760 busque
2283 3690 2606 3746 criminibus
2637 3692 2835 3760 quibus
2873 3701 2988 3746 erat
3032 3707 3190 3762 [)(Bna
3226 3692 3417 3746 mortis
3446 3691 3619 3746 ascri-

2038 3795 2148 3853 pta.
2178 3783 2332 3852 Apud
2369 3784 2709 3839 Christianos
2737 3799 2865 3840 vero
2899 3785 2943 3838 si
2972 3785 3296 3839 adulterium
3332 3784 3495 3839 fuerit
3519 3785 3617 3838 ad-

2039 3875 2286 3940 missum,
2319 3891 2427 3930 non
2457 3884 2540 3930 est
2567 3886 2894 3946 praeceptum
2925 3887 2982 3931 ut
3016 3877 3228 3932 adulter
3254 3878 3337 3932 vel
3375 3878 3616 3932 adultera

2040 3967 2310 4038 corporali
2346 3967 2568 4021 interitu
2602 3969 2938 4034 puniantur:
2973 3981 3072 4021 nec
3115 3976 3355 4037 potestas
3385 3968 3506 4021 data
3535 3976 3620 4022 est

2039 4061 2296 4131 episcopo
2331 4059 2589 4114 Ecclesiae
2618 4058 2921 4113 adulterum
2959 4060 3208 4128 prieseuti
3260 4072 3436 4114 morte
3469 4059 3619 4112 dam-

2043 4165 2194 4214 nare,
2233 4149 2372 4203 sicut
2401 4157 2527 4202 tunc
2569 4150 2870 4204 secundum
2919 4149 3087 4219 legem
3125 4149 3286 4203 fiebat
3320 4164 3348 4202 a
3396 4149 3620 4218 presby-

2043 4244 2175 4298 teris
2213 4242 2418 4312 populi.
2452 4240 2592 4308 Quid
2626 4241 2836 4312 igitur?
2881 4242 3122 4296 dicemus
3155 4243 3299 4311 quod
3337 4241 3418 4294 lex
3448 4241 3615 4311 Moysi

2041 4333 2276 4388 crudelis
2302 4332 2394 4398 sit,
2428 4347 2548 4401 qua.-
2574 4329 2731 4400 jubet
2768 4332 2946 4402 puniri
2979 4331 3302 4392 adulterum,
3339 4331 3422 4384 vel
3463 4324 3616 4384 adul—

362 4421 598 4489 cipitur,
637 4434 691 4477 et
732 4437 838 4477 non
891 4424 1185 4478 ascribitur
1235 4439 1392 4494 pmna
1445 4429 1742 4485 commissi.
1785 4429 1937 4484 Nunc
1969 4463 2016 4522 υ
2046 4437 2260 4491 teram;
2325 4433 2378 4477 et
2419 4424 2772 4494 Evangelium
2815 4424 3017 4478 Christi
3073 4439 3171 4492 per
3225 4421 3617 4490 indulgentiam

361 4524 539 4568 autem
577 4515 843 4568 iterantur
876 4516 1092 4584 quidem
1121 4519 1332 4581 eadem,
1363 4518 1562 4574 additis
1593 4519 1678 4574 his
1724 4522 1935 4588 pomis:

360 4608 563 4662 dicitur
588 4608 731 4662 enim
757 4608 799 4638 ³³
821 4626 834 4662 :
859 4627 876 4659 ι
916 4608 1106 4676 ΙΙοιιιο,
1137 4610 1296 4664 homo
1324 4613 1633 4683 quicunque
1663 4615 1935 4669 adultera-

359 4701 499 4754 verit
529 4715 753 4755 uxorem
783 4701 882 4755 viri
910 4742 923 4764 ,
954 4711 1008 4756 et
1042 4717 1265 4756 uxorem
1317 4704 1548 4771 proximi
1598 4706 1678 4759 sui
1705 4746 1719 4770 ,
1766 4717 1939 4762 morte

362 4793 629 4848 moriatur
660 4793 704 4849 is
732 4793 828 4864 qui
867 4794 1174 4861 adulterat,
1213 4805 1268 4848 et
1309 4810 1428 4865 quae
1469 4798 1832 4853 adulteratur.
1874 4801 1940 4853 Et

362 4888 407 4941 si
438 4887 560 4958 quis
587 4888 871 4943 dormierit
914 4904 1039 4944 cum
1075 4903 1243 4943 uxore
1275 4889 1445 4958 patris
1477 4890 1596 4955 sui,
1641 4892 1936 4960 turpitudi-

361 4997 488 5036 netu
521 4984 690 5050 patris
721 4983 802 5036 sui
833 4983 1068 5046 detexit,
1100 4992 1272 5037 morte
1307 4982 1605 5036 moriantur
1633 4985 1793 5038 ambo
1815 5026 1829 5050 ,
1861 4987 1936 5040 rei

361 5074 505 5126 enim
553 5082 699 5131 sunt.
741 5093 758 5126 ι
798 5073 871 5128 De
910 5075 992 5129 his
1026 5083 1207 5129 autem
1257 5073 1310 5127 in
1356 5073 1628 5141 prioribus
1671 5075 1782 5143 jam
1817 5079 1939 5132 data

364 5163 577 5219 fuerant
603 5175 896 5237 prrecepta,
923 5165 1022 5221 sed
1060 5181 1165 5220 non
1193 5165 1572 5221 observantem
1607 5181 1728 5236 quae
1756 5183 1942 5224 mane-

433 5333 520 5388 ”l
552 5334 685 5405 Reg.
715 5352 752 5395 ι,
791 5335 873 5405 υ.
923 5404 927 5405 ί
979 5333 1023 5365 ³ο
1057 5333 1228 5389 Levit.
1261 5351 1326 5389 xx
1349 5376 1362 5396 ,
1389 5333 1430 5405 78
1453 5375 1466 5396 ,
1499 5334 1550 5389 9.

366 5421 566 5468 Lxxxtt,
599 5403 656 5458 ϐξ
729 5407 773 5436 ³⁵
805 5404 978 5463 Levit.
1011 5421 1099 5468 xx,
1144 5405 1228 5462 ιθ.
1307 5406 1350 5436 ³⁸
1383 5404 1556 5459 Levit.
1589 5419 1742 5468 xvnt,
1782 5403 1862 5457 15.

438 5582 551 5650 (88)
596 5580 722 5636 Mss.
769 5578 1124 5635 Cadomensis
1153 5617 1167 5641 ,
1212 5575 1653 5650 Genieticeusis_,
1703 5589 1754 5633 et
1810 5579 1937 5631 Bac.

367 5645 588 5719 censis,
641 5670 658 5701 ι
719 5662 830 5706 toto
873 5651 995 5704 vitae
1046 5665 1156 5703 suae
1214 5656 1479 5716 tempore.
1540 5666 1558 5699 ι
1616 5645 1754 5703 Infra
1807 5650 1934 5703 libb.

1651 5332 1690 5364 ³⁸
1727 5331 1853 5387 ibid.
1889 5330 1977 5386 Ἡ.
2087 5330 2131 5360 ³¹
2173 5330 2340 5383 Exod.
2380 5345 2476 5389 xx,

1651 5419 1742 5465 ’lll,
1782 5403 1862 5457 15.
1937 5399 1982 5433 ⁸⁷
2016 5399 2180 5455 Hebr.
2213 5415 2263 5464 x,
2293 5399 2381 5465 ‘28,
2411 5399 2500 5453 29.

2045 4521 2263 4574 resolvit
2299 4518 2582 4573 auditores
2620 4518 2671 4572 in
2713 4517 2951 4572 deterius
2990 4517 3012 4570 ἵ
3053 4514 3166 4569 Non
3223 4516 3292 4568 ita
3339 4525 3439 4568 est.
3485 4512 3618 4566 Pro-

2041 4623 2226 4683 pterea
2267 4612 2411 4665 enim
2454 4623 2758 4665 sermonem
2800 4607 2948 4661 Pauli
2991 4606 3313 4676 protulimus
3363 4605 3415 4658 in
3465 4617 3620 4671 supe-

2043 4705 2279 4759 rioribus
2338 4704 2627 4759 dicentis:
2687 4718 2704 4751 ι
2752 4700 2964 4766 Quanto
3023 4697 3193 4768 magis
3255 4693 3622 4750 deterioribus

2041 4797 2324 4865 suppliciis
2377 4796 2570 4865 dignus
2617 4803 2699 4848 est
2753 4792 2842 4861 qui
2886 4790 3080 4845 Filium
3123 4789 3213 4843 Dei
3257 4786 3618 4842 conculcave-

2041 4885 2190 4942 rit?»
2235 4897 2338 4942 etc.
2379 4887 2517 4941 Audi
2557 4900 2688 4955 ergo
2727 4881 2996 4952 quomodo
3039 4895 3215 4951 neque
3258 4889 3385 4932 tunc
3423 4878 3617 4932 crude-

2043 4986 2108 5039 lis
2161 4985 2326 5039 fuerit
2382 4983 2506 5048 iex,
2549 4997 2727 5051 neque
2787 4995 2930 5035 nunc
2987 4979 3310 5034 dissolutum
3368 4977 3618 5028 videatur

2045 5076 2390 5144 Evangelium
2429 5082 2650 5144 propter
2680 5073 2849 5127 veniae
2887 5071 3214 5142 largitatem,
3248 5069 3341 5124 sed
3385 5067 3435 5119 in
3465 5075 3618 5118 ntro-

2045 5184 2152 5239 que
2185 5168 2278 5222 Dei
2310 5168 2623 5237 benignitas
2650 5165 2865 5221 diversa
2892 5161 3302 5232 dispensatione
3331 5167 3612 5214 teneatur:

2087 5329 2131 5360 δ’
2173 5328 2340 5383 Exod.
2380 5345 2476 5389 xx,
2518 5328 2601 5392 15,
2641 5328 2721 5382 Η.
2825 5329 2870 5360 δ’
2902 5328 3071 5384 Levit.
3102 5345 3190 5394 xx,
3230 5331 3309 5385 10.
3410 5331 3452 5363 ³⁸
3485 5331 3622 5389 Psal.

2045 5578 2216 5636 editi,
2254 5596 2268 5627 ι
2322 5589 2694 5644 quaecunque,
2747 5574 2915 5625 donec
2964 5572 3230 5640 completa
3279 5571 3467 5627 fuisset
3503 5572 3610 5626 voti

2048 5647 2351 5717 professio,
2403 5663 2420 5698 ι
2451 5647 2542 5700 sed
2590 5659 2720 5699 "155.
2772 5659 2958 5697 omnes
3011 5653 3066 5695 ut
3121 5644 3172 5698 in
3221 5653 3406 5700 nostro
3440 5653 3605 5698 textu.
