4106 6246
413 243 518 304 635

1877 247 2195 313 ORIGEMS

3552 268 3656 331 536

411 372 539 417 num
587 380 716 435 ergo
762 374 844 421 est
896 368 1211 434 observare,
1253 366 1539 440 nequando
1582 382 1675 426 aut
1710 372 1981 427 carnalem
2014 376 2057 432 Α
2087 388 2311 429 uxorem
2350 376 2613 447 virginem
2659 379 2724 434 de
2757 390 2954 450 genere
2993 392 3091 438 suo
3136 383 3384 455 accipiet.
3424 388 3652 445 Viduam

409 463 653 522 patrem,
696 467 787 510 aut
831 459 1108 514 caelestem
1138 452 1333 516 'minus
1368 464 1528 532 digna
1566 463 1979 519 honoriﬁcentia

408 552 737 601 tenet'emttr
770 549 1023 603 similiter
1064 560 1119 604 et
1164 564 1425 621 matrem;
1478 558 1775 611 observare
1817 559 1978 613 etiam

401 641 568 693 Omne
608 641 947 705 mandatum,
976 643 1118 711 quod
1154 643 1311 699 nobis
1366 648 1706 714 pudicitiam,
1751 651 1978 704 castita-

406 736 626 797 temque
654 733 1021 793 commendat,
1056 743 1114 786 ut
1149 750 1326 803 neque
1369 737 1421 790 in
1456 740 1706 806 praesenti
1747 741 1857 794 vita
1893 756 1979 796 se-

404 821 638 872 ettndum
682 820 848 888 legem
884 822 1103 878 obnoxii
1150 826 1322 881 simus
1354 829 1543 893 morti,
1578 844 1750 899 neque
1791 847 1978 887 secun-

402 908 526 961 dum
562 910 854 978 spiritalem
903 913 1071 982 legem
1118 914 1227 986 (91)
1281 917 1459 972 futura
1507 935 1605 975 nos
1653 935 1810 990 paena
1856 938 1974 977 ma.

403 1003 525 1051 ucat
562 999 699 1069 ignis
732 1004 951 1066 aeterni;
990 1018 1058 1057 ex
1093 1018 1200 1072 quo
1234 1004 1475 1075 effugere
1513 1017 1566 1062 et
1607 1009 1833 1064 evadere
1862 1025 1976 1064 om-

399 1088 557 1141 nibus
594 1090 750 1143 nobis
782 1092 1047 1145 concedat
1090 1093 1349 1149 Dominus
1399 1106 1585 1151 noster
1620 1093 1781 1152 Jesus
1812 1097 1970 1153 Chri-

395 1190 534 1243 stus,
570 1181 657 1234 cui
691 1193 776 1235 est
810 1183 981 1251 gloria
1011 1194 1066 1239 et
1098 1186 1385 1255 imperium
1428 1188 1481 1242 in
1516 1190 1710 1244 sarcula
1744 1192 1968 1247 saeculo-

396 1286 540 1324 rum.
571 1273 764 1326 Amen.

965 1364 1243 1421 llOMlLIA
1287 1367 1399 1425 XII.

873 1454 945 1508 0e
974 1473 1164 1526 magno
1198 1462 1491 1516 sacerdote.

475 1545 524 1598 l.
551 1544 740 1600 Omnis
764 1548 853 1615 qui
880 1548 1017 1602 inter
1044 1551 1290 1607 homines
1314 1556 1569 1611 sacerdos
1598 1565 1699 1623 est,
1720 1560 1784 1612 ad
1815 1559 1962 1614 illum

392 1632 729 1687 sacerdotem
783 1635 942 1705 (9‘2),
983 1637 1049 1691 de
1088 1653 1196 1707 quo
1239 1642 1376 1695 dixit
1423 1644 1564 1699 Deus
1586 1647 1631 1679 ⁸⁸
1670 1664 1685 1701 :
1728 1666 1745 1699 ι
1777 1646 1855 1701 Tn
1900 1664 1960 1703 es

393 1724 649 1778 sacerdos
681 1725 734 1778 in
782 1735 1043 1782 aeternum
1095 1732 1393 1787 secundum
1445 1738 1692 1793 ordinem
1744 1739 1965 1795 Melchi-
1996 1721 2037 1775 Β

393 1815 644 1879 acdeclm
680 1832 877 1886 parvus
908 1830 983 1873 est
1021 1832 1074 1874 et
1117 1824 1366 1891 exiguus.
1393 1826 1485 1881 llle
1515 1838 1599 1885 est
1632 1841 1814 1886 autem
1857 1849 1964 1887 mas

390 1916 531 1974 guns
561 1912 837 1977 sacerdos,
867 1913 958 1981 qui
996 1922 1168 1981 potest
1199 1928 1486 1986 penetrare
1534 1922 1722 1987 caelos,
1754 1932 1809 1977 et
1837 1926 1960 1980 uni-

393 2010 602 2055 versam
625 2006 938 2074 supergredi
964 2016 1288 2073 creaturam,
1318 2020 1370 2063 et
1399 2013 1691 2068 ascendere
1716 2015 1782 2068 ad
1814 2031 1958 2083 eum,

389 2093 481 2160 qui
538 2094 757 2149 «lucem
819 2097 1024 2152 habitat
1078 2100 1504 2158 inaccessibilem
1548 2105 1654 2171 ",t
1709 2106 1871 2163 Deum
1908 2118 1962 2163 et

390 2179 605 2239 Patrem
632 2189 1025 2244 universitatis.
1054 2190 1283 2260 Propter
1314 2196 1454 2264 quod
1483 2205 1538 2250 et
1562 2197 1675 2264 ille,
1700 2200 1792 2268 qni
1818 2202 1956 2270 apud

384 2270 598 2332 Judmos
634 2294 864 2350 magnus
917 2282 1195 2338 dicebatur
1238 2287 1514 2351 sacerdos,
1546 2289 1805 2344 iutroibat
1834 2292 1951 2361 qui-

385 2372 511 2425 dem
548 2371 600 2424 in
640 2383 851 2436 sancta,
894 2376 987 2429 sed
1036 2386 1194 2430 manu
1229 2376 1393 2443 facta,
1423 2381 1517 2434 sed
1552 2381 1819 2452 lapidibus
1862 2401 1957 2440 ex-

385 2471 590 2516 structa
619 2481 631 2517 :
669 2478 774 2517 non
806 2467 1137 2521 ascendebat
1171 2468 1223 2520 in
1259 2468 1482 2535 caelum,
1518 2488 1617 2525 nec
1652 2481 1830 2529 astare
1863 2490 1955 2545 po-

383 2558 528 2606 terat
569 2555 708 2620 apud
744 2555 962 2610 Patrem
999 2556 1285 2611 luminum.
1315 2560 1418 2614 Sed
1451 2564 1574 2630 quia
1610 2565 1799 2618 horum
1836 2582 1954 2620 um-

384 2637 538 2697 bram
570 2644 828 2713 implebat
859 2654 912 2700 et
950 2647 1244 2717 imaginem
1270 2689 1285 2714 ,
1336 2652 1541 2707 idcirco
1570 2656 1733 2709 etiam
1777 2658 1950 2727 magul

383 2736 683 2790 sacerdotis
738 2752 930 2792 nomen
967 2753 1061 2807 per
1095 2741 1342 2795 umbram
1390 2745 1610 2811 gerebat
1656 2757 1710 2800 et
1765 2746 1955 2817 imagi-

383 2842 527 2883 nem.
562 2827 714 2884 Unde
756 2840 810 2883 et
841 2828 1006 2885 Judaei
1057 2845 1155 2899 per
1189 2833 1291 2888 hoc
1320 2836 1461 2903 quod
1504 2839 1571 2891 ad
1620 2838 1778 2894 ﬁdem
1827 2854 1953 2907 pro-

379 2919 510 2973 ximi
556 2932 678 2974 esse
708 2922 1035 2989 debuissent,
1074 2927 1199 2994 quia
1240 2929 1378 2996 apud
1420 2929 1566 2998 ipsos
1605 2931 1949 2986 adumbratio

381 3014 625 3079 quaedam
665 3022 718 3067 et
769 3014 946 3085 imago
993 3017 1319 3085 praeluxerat
1360 3019 1474 3089 (95)
1526 3022 1790 3088 veritatis,
1823 3025 1947 3078 dum

381 3110 541 3178 typos
577 3107 861 3160 veritatem
892 3117 1105 3176 putant,
1147 3109 1434 3165 veritatem
1483 3112 1652 3181 ipsam
1695 3123 1947 3183 tanquam

379 3196 724 3251 mendacium
776 3209 1128 3268 respuerant.
1160 3199 1269 3255 Nos
1309 3211 1487 3257 autem
1520 3206 1610 3272 qui
1660 3207 1951 3274 recipimus

382 3298 637 3355 magnum
699 3291 1074 3355 sacerdotem,
1132 3292 1441 3363 intelligere
1497 3296 1759 3353 debemus
1808 3313 1949 3366 qum

379 3380 536 3431 modo
562 3393 687 3432 vere
723 3379 837 3447 ipSe
875 3381 946 3435 sit
981 3397 1208 3450 magnus
1244 3386 1515 3441 sacerdos.
1551 3386 1688 3441 Vere
1722 3404 1951 3458 magnus

376 3469 627 3525 sacerdos
670 3480 755 3525 est
800 3473 888 3541 qui
941 3483 1158 3544 peccata
1215 3475 1472 3543 dimittit,
1521 3494 1624 3532 non
1671 3496 1768 3550 per
1816 3496 1947 3535 san-

378 3562 590 3629 guinem
648 3572 922 3619 taurorum
971 3577 1025 3619 et
1078 3567 1385 3632 hircorum,
1437 3571 1529 3623 sed
1582 3586 1677 3641 per
1724 3573 1948 3642 sangui-

379 3668 499 3706 nem
546 3653 707 3724 250
748 3671 925 3712 suum.
979 3657 1113 3724 Quia
1166 3675 1295 3730 ergo
1342 3662 1692 3730 cognovimus
1737 3663 1828 3732 qui
1878 3663 1950 3716 sit

377 3760 604 3811 magnus
641 3750 919 3816 sacerdos,
964 3762 1018 3806 et
1068 3754 1397 3808 conﬁtemur
1444 3768 1508 3808 ea
1550 3769 1669 3822 qua:
1720 3756 1773 3809 in
1830 3756 1947 3827 lege

376 3836 579 3905 scripta
625 3851 772 3904 sunt,
807 3844 870 3896 de
911 3858 1109 3913 magno
1145 3845 1430 3900 sacerdote
1473 3846 1675 3915 scripta
1725 3862 1865 3913 esse,
1894 3849 1949 3903 id

374 3934 456 3979 est
514 3926 941 3999 deSalvatore,
991 3948 1155 4000 quem
1201 3948 1331 3988 vere
1386 3948 1637 4002 magnum
1691 3936 1948 3989 sacerdo-

376 4024 480 4067 tem
519 4031 639 4071 esse
683 4019 931 4086 superior
985 4030 1254 4075 tractatus
1322 4022 1559 4077 ostendit
1601 4039 1615 4075 ε
1668 4023 1949 4079 videamus

375 4121 519 4160 nunc
544 4123 665 4176 qua:
699 4111 827 4179 sint,
866 4128 986 4180 qua:
1034 4114 1102 4167 de
1142 4127 1207 4167 eo
1253 4111 1341 4168 lex
1395 4114 1712 4182 prophetico
1755 4116 1947 4184 spiritu

376 4198 587 4252 scribit.

444 4291 500 4344 2.
542 4309 561 4343 ι
593 4292 655 4346 Ει
689 4294 967 4359 sacerdos,
1015 4275 1189 4364 inquit
1215 4293 1285 4363 ³ο,
1319 4310 1543 4366 magnus
1581 4312 1648 4353 ex
1688 4293 1946 4354 fratribus

2082 477 2261 521 autem
2291 476 2345 520 et
2372 469 2622 536 ejectam,
2650 480 2704 525 et
2739 472 3015 541 pollutam,
3053 485 3106 529 et
3142 479 3505 543 meretricem,
3554 482 3654 537 has

2082 574 2187 613 non
2223 562 2481 630 accipiet;
2511 563 2606 617 sed
2640 565 2902 635 virginem
2949 581 3014 621 ex
3056 583 3253 638 genere
3288 585 3384 625 suo
3422 573 3651 641 accipiet

2082 667 2326 718 uxorem,
2356 664 2411 708 et
2455 672 2560 711 non
2615 658 2908 713 maculabit
2948 673 3132 713 semen
3165 676 3324 714 suum
3366 662 3417 717 in
3457 664 3653 732 populo

2078 758 2212 807 suo;
2246 759 2344 814 ego
2382 746 2639 802 Dominus
2662 751 2753 817 qui
2786 749 3068 805 sanctifico
3100 764 3279 806 eum.»
3313 752 3502 807 Fuerit
3529 756 3652 823 qui-

2077 832 2198 888 dem
2229 836 2391 914 etiam
2422 839 2562 905 apud
2608 838 2821 895 Iudaeos
2856 840 3034 912 imago
3065 842 3230 912 hujus
3260 844 3646 913 observantiae,

2077 936 2132 980 et
2180 928 2443 982 custodita
2476 929 2587 983 sint
2622 947 2740 1000 qua:
2771 932 2855 987 lex
2893 935 3083 989 statuit
3108 951 3137 989 a
3176 938 3521 1005 pontiﬁcibus
3553 939 3649 993 Ju-

2076 1020 2309 1072 daeorum
2337 1036 2350 1073 :
2379 1022 2471 1074 sed
2501 1032 2554 1073 et
2586 1021 2628 1075 si
2658 1022 2941 1091 diligenter
2967 1034 3161 1080 cuncta
3189 1036 3404 1081 serrata
3435 1027 3566 1091 sint,
3594 1038 3650 1085 et

2073 1107 2119 1161 si
2164 1109 2341 1161 omnia
2374 1123 2493 1177 quae
2537 1108 2623 1161 lex
2661 1111 2947 1179 praecepit,
2980 1111 3196 1180 impleta
3231 1113 3374 1179 sint,
3419 1128 3521 1168 nec
3563 1114 3643 1168 sic

2071 1202 2289 1271 quidem
2333 1203 2513 1257 omnis
2545 1204 2663 1258 haec
2696 1204 3007 1259 observatio
3042 1220 3297 1275 magnum
3335 1207 3513 1275 potuit
3559 1206 3641 1260 fa-

2070 1309 2196 1349 cere
2258 1296 2615 1350 sacerdotem.
2669 1296 2951 1362 Quomodo
3000 1297 3203 1351 etenim
3258 1310 3485 1366 magnus
3536 1297 3644 1352 dici

2067 1393 2248 1454 potest
2281 1387 2554 1453 sacerdos,
2604 1388 2696 1456 qui
2745 1402 2971 1456 peccare
3019 1388 3231 1457 potest?
3272 1387 3425 1452 Quod
3462 1398 3642 1444 autem

2067 1476 2168 1531 sub
2198 1485 2421 1544 peccato
2447 1476 2648 1531 fuerint
2678 1492 2868 1531 omnes
2890 1478 3055 1531 etiam
3088 1477 3266 1547 magni
3308 1478 3641 1543 sacerdotes,

2066 1576 2121 1621 et
2159 1581 2224 1621 ex
2257 1568 2360 1622 hoc
2390 1569 2506 1638 ipso
2537 1568 2694 1623 facile
2738 1569 3095 1633 advertimus,
3137 1568 3281 1637 quod
3314 1568 3403 1623 lex
3436 1570 3628 1637 praeci-

2067 1660 2174 1729 pit,
2212 1670 2270 1714 ut
2298 1661 2448 1730 prius
2480 1676 2576 1731 pro
2624 1662 2759 1727 suis,
2796 1671 2915 1732 post
2950 1663 3112 1716 etiam
3147 1676 3245 1731 pro
3289 1662 3471 1732 populi
3514 1678 3638 1732 pec-

2070 1751 2205 1806 catis
2241 1747 2433 1806 oﬂ‘erat
2464 1753 2697 1808 hostiam
2733 1753 3011 1808 sacerdos.
3053 1753 3334 1819 Quomodo
3367 1768 3495 1822 ergo
3524 1767 3634 1807 ma-

2068 1856 2208 1911 gnus
2228 1853 2313 1896 est
2335 1843 2434 1898 sub
2464 1852 2693 1912 peccato
2720 1843 2967 1913 positus?
2998 1842 3147 1898 Mens
3171 1852 3350 1898 autem
3379 1844 3636 1898 sacerdos

2068 1947 2295 2004 magnus
2318 1931 2475 1989 Jesus
2503 1934 2711 1989 idcirco
2744 1950 2972 2004 magnus
3004 1944 3108 2000 est,
3144 1952 3163 1986 ι
3190 1936 3315 2003 quia
3344 1941 3634 2003 peccatum

2067 2040 2175 2080 non
2221 2025 2377 2090 fecit,
2423 2042 2522 2081 nec
2567 2027 2822 2081 inventus
2860 2036 2944 2083 est
2978 2027 3135 2081 dolus
3175 2027 3227 2080 in
3278 2041 3373 2081 ore
3416 2025 3535 2093 ejus
3556 2025 3636 2090 “3

2066 2128 2119 2173 et
2148 2119 2273 2186 quia
2304 2118 2536 2172 venitad
2567 2131 2689 2170 eum
2720 2118 2977 2188 princeps
3010 2117 3166 2185 hujus
3198 2118 3407 2183 mundi,
3436 2128 3493 2171 et
3523 2132 3633 2171 non

2066 2209 2273 2262 invenit
2320 2208 2373 2262 in
2412 2224 2475 2263 eo
2508 2209 2801 2278 quidquam
2826 2210 2894 2263 ⁵⁸.
2924 2228 2943 2261 ι
2995 2209 3121 2264 ldeo
3160 2224 3288 2277 ergo
3328 2219 3383 2262 et
3412 2206 3636 2264 Gabriel

2063 2299 2421 2369 archangelus
2447 2299 2786 2353 nativitatem
2819 2300 2935 2369 ejus
2974 2300 3280 2364 annuntiat,
3308 2311 3362 2354 et
3391 2300 3519 2354 dicit
3543 2300 3629 2358 "t

2069 2409 2088 2441 ι
2118 2389 2215 2445 llic
2260 2390 2365 2444 erit
2400 2405 2651 2459 magnus,
2693 2399 2750 2445 et
2786 2390 2927 2445 ﬁlius
2962 2391 3226 2446 Altissimi
3270 2393 3572 2449 vocabitur.
3602 2408 3625 2446 ι

2060 2480 2349 2535 Peccatum
2375 2480 2649 2534 hominem
2677 2496 2899 2550 parvum
2928 2479 3056 2534 facit
3077 2490 3133 2534 et
3154 2482 3432 2551 exiguum,
3459 2483 3631 2538 virtus

2059 2575 2385 2629 eminentem
2430 2583 2650 2645 praestat
2676 2584 2731 2630 et
2762 2589 3041 2642 magnum.
3074 2574 3418 2651 Sicut'enim
3466 2577 3625 2647 aegri-

2062 2668 2189 2721 tudo
2230 2669 2478 2738 corporis
2520 2668 2667 2723 exile
2698 2677 2756 2723 et
2805 2668 3061 2737 exiguum
3109 2666 3238 2722 facit
3281 2682 3478 2736 corpus
3525 2668 3625 2722 ho-

2058 2759 2242 2823 minis,
2283 2760 2487 2813 sanitas
2519 2773 2649 2813 vero
2698 2758 2880 2813 laztum
2920 2759 3095 2813 reddit
3127 2769 3183 2815 et
3218 2759 3453 2814 Validum
3490 2778 3503 2814 :
3550 2759 3623 2812 ita

2057 2853 2295 2922 intellige
2320 2854 2447 2922 quia
2488 2862 2541 2908 et
2571 2854 2806 2907 animam
2840 2853 3104 2923 a‘gritudo
3149 2852 3367 2921 quidem
3410 2854 3616 2922 peccati

2056 2944 2317 2999 humilem
2360 2944 2496 2999 facit
2529 2952 2585 2999 et
2618 2958 2878 3012 parvam,
2920 2944 3125 2999 sanitas
3172 2957 3301 2997 vero
3350 2943 3625 2996 interioris

2057 3035 2290 3091 hominis
2315 3045 2366 3090 et
2412 3035 2631 3090 virtutis
2670 3048 2860 3105 Opera,
2892 3050 3138 3105 magnam
3171 3033 3375 3089 faciunt
3419 3049 3536 3087 eam
3568 3043 3623 3087 et

2054 3128 2409 3193 eminentem,
2443 3138 2497 3183 et
2527 3138 2784 3197 quantum
2820 3130 2872 3182 in
2905 3129 3194 3184 virtutibus
3224 3127 3442 3193 crescit,
3472 3134 3621 3179 tanto

2054 3220 2403 3289 prolixiorem
2453 3219 2630 3274 reddit
2662 3219 3083 3289 magnitudinem
3133 3219 3236 3273 sui.
3281 3218 3371 3272 Sic
3400 3232 3500 3287 ego
3537 3218 3620 3270 in-

2054 3310 2232 3379 telligo
2269 3310 2396 3363 illud
2448 3309 2589 3378 quod
2646 3309 2713 3363 de
2761 3309 2891 3365 .lesu
2946 3311 3206 3380 scriptum
3258 3318 3340 3364 est
3363 3308 3441 3375 “,
3489 3307 3618 3379 quia

2057 3422 2076 3454 ‹
2110 3402 2426 3472 proﬁciebat
2473 3402 2770 3471 sapientia,
2820 3412 2875 3457 et
2923 3412 3103 3469 aetate,
3148 3409 3201 3455 et
3252 3402 3421 3471 gratia
3476 3400 3615 3468 apud

2052 3497 2221 3551 Deum
2269 3504 2323 3551 et
2356 3495 2624 3549 homines.
2653 3513 2670 3545 ι
2726 3494 2855 3547 Nam
2908 3495 3032 3562 quis
3068 3502 3151 3547 est
3191 3493 3465 3546 hominum
3518 3491 3609 3559 qui

2052 3598 2158 3636 non
2192 3582 2439 3652 proﬁciat
2468 3592 2625 3637 aetate
2661 3582 2712 3636 in
2754 3582 3010 3650 pueritia,
3042 3592 3098 3634 ut
3137 3582 3237 3635 hoc
3274 3580 3420 3635 velut
3460 3593 3615 3647 egre—

2050 3672 2194 3741 gium
2222 3672 2475 3741 quiddam
2506 3674 2572 3727 de
2596 3670 2722 3726 Jesu
2751 3670 3116 3726 scriberetur?
3144 3671 3224 3724 Ad
3256 3678 3306 3724 te
3334 3670 3446 3723 hmc
3472 3667 3613 3729 dicu,

2050 3762 2140 3833 qui
2172 3760 2530 3831 corporaliter
2575 3763 2730 3816 audis
2761 3761 2902 3830 quod
2933 3759 3089 3815 Jesus
3124 3768 3280 3814 aetate
3311 3757 3612 3828 proﬁceret.

2050 3852 2291 3924 lntellige
2311 3867 2439 3922 ergo
2460 3854 2584 3918 quia
2608 3861 2768 3909 aetate
2786 3852 2977 3905 animae
2999 3851 3333 3920 proﬁciebat,
3352 3858 3406 3903 et
3425 3864 3612 3915 magna

2052 3944 2212 3998 ﬁebat
2240 3944 2419 3999 anima
2449 3942 2563 4010 ejus
2595 3951 2813 4012 propter
2859 3957 3052 4011 magna
3078 3951 3130 3995 et
3171 3939 3407 4009 ingentia
3453 3952 3615 4007 opera

2049 4051 2168 4104 qua:
2199 4033 2449 4089 faciebat.
2475 4034 2715 4103 Denique
2733 4034 2912 4088 sciens
2933 4042 2987 4087 et
3015 4032 3301 4101 Apostolus
3329 4032 3469 4085 hanc
3498 4039 3618 4084 teta-

2052 4138 2155 4182 tem
2186 4128 2251 4181 de
2288 4125 2529 4180 interiori
2575 4125 2794 4179 homine
2821 4124 3181 4187 sentiendatn,
3211 4125 3281 4177 ita
3314 4124 3502 4178 scribit
3524 4122 3569 4152 ⁸⁸
3598 4138 3610 4174 :

2053 4238 2071 4271 ι
2102 4220 2280 4273 Donec
2311 4232 2499 4272 omnes
2524 4232 2879 4271 occurramus
2910 4217 2959 4270 in
2999 4216 3171 4270 virum
3202 4216 3525 4286 perfectum,
3561 4215 3611 4269 in

2051 4326 2361 4367 mensuram
2414 4310 2592 4365 (etatis
2627 4309 2978 4380 plenitudinis
3022 4308 3290 4364 Christi.»
3340 4306 3475 4362 Nam
3529 4321 3617 4361 se-

374 4385 509 4448 suis,
537 4387 623 4439 cui
653 4386 888 4442 infusum
934 4397 1017 4443 est
1048 4403 1211 4457 super
1254 4400 1415 4458 caput
1445 4390 1560 4461 ejus
1588 4391 1769 4446 oleum
1797 4393 1944 4447 chri-
1975 4408 2020 4465 Ι)
2048 4399 2282 4453 euadunt
2310 4412 2507 4466 corpus
2557 4412 2806 4452 crescere
2830 4407 2881 4450 et
2929 4411 3185 4467 magnum
3218 4396 3363 4462 ﬁeri,
3399 4412 3501 4450 non
3534 4402 3615 4449 est

373 4480 586 4545 smatis,
623 4488 677 4531 et
726 4480 993 4549 perfectas
1042 4483 1205 4537 habet
1244 4500 1433 4538 manus
1473 4499 1621 4551 suas,
1659 4495 1715 4538 ut
1759 4485 1944 4539 induat

372 4579 559 4623 sancta
591 4572 912 4625 vestimenta
946 4574 1013 4627 de
1053 4573 1229 4641 capite
1268 4575 1493 4629 cidarim
1537 4590 1645 4629 non
1688 4577 1939 4645 deponet,

372 4662 690 4715 reatitneuta
736 4676 829 4716 sua
880 4678 983 4716 non
1031 4665 1356 4733 disrumpat,
1384 4674 1439 4720 et
1469 4667 1534 4719 ad
1570 4681 1785 4720 omnem
1818 4668 1939 4720 ani-

370 4770 513 4807 mam
580 4762 847 4808 mortuam
915 4772 1017 4808 non
1066 4756 1290 4810 intrabit
1333 4774 1345 4810 :
1398 4759 1449 4811 in
1492 4768 1645 4826 patre
1692 4774 1814 4823 suo,
1857 4759 1939 4814 vel

369 4854 545 4899 matre
588 4862 683 4901 sua
719 4862 823 4900 non
867 4831 1367 4903 ecutatninabitur:
1402 4860 1458 4905 et
1498 4851 1561 4904 de
1593 4851 1798 4906 sanctis
1832 4866 1936 4906 non

368 4940 573 5003 exibit,
616 4951 671 4993 et
708 4956 812 4993 non
849 4942 1228 5013 coinqttinabit
1265 4959 1458 4998 nomen
1504 4946 1641 5011 quod
1687 4954 1770 4998 est
1815 4960 1939 4998 san-

368 5031 664 5084 etiﬁeatum
713 5031 806 5087 Dei
857 5036 937 5087 sui
975 5050 1139 5104 super
1183 5051 1264 5099 se,
1307 5040 1432 5104 quia
1475 5046 1723 5089 sanctum
1758 5035 1935 5090 oleum

367 5124 679 5180 chrismatis
724 5127 815 5181 Dei
858 5129 939 5183 sui
987 5129 1038 5183 in
1089 5130 1201 5197 ipso
1232 5138 1350 5181 est:
1381 5144 1480 5198 ego
1512 5128 1791 5182 Dominus.
1840 5128 1939 5183 Hic

474 5283 519 5315 ⁵⁸
557 5283 699 5338 Psal.
738 5302 826 5350 cx,
878 5290 930 5340 4.
1030 5290 1073 5322 ‘9
1115 5288 1129 5342 I
1166 5288 1303 5342 Tim.
1338 5305 1424 5348 vr.
1467 5289 1548 5344 l6.

367 5344 418 5381 ⁸³
455 5350 588 5406 Luc.
639 5371 675 5418 ι,
715 5344 824 5411 52ί
882 5358 927 5389 ³⁸
954 5357 1085 5413 Luc.
1118 5375 1177 5421 ll,
1210 5360 1296 5413 52.
1374 5344 1424 5393 ⁸⁸⁷
1449 5361 1642 5429 Ephcs.
1680 5344 1752 5425 tv,
1784 5362 1868 5416 15.

439 5511 549 5590 (illi
591 5513 798 5584 Legem.
832 5518 1072 5590 Deest_in
1109 5519 1236 5573 libh.
1265 5520 1446 5580 editis,
1477 5522 1569 5574 sed
1599 5520 1874 5590 suppletur
1901 5536 1932 5575 e

372 5583 558 5655 Codice
594 5589 963 5655 tmmnscripm
992 5588 1467 5655 Sanget‘ntanensi.

437 5652 548 5723 (9i)
591 5654 745 5709 Libb.
774 5652 929 5710 antca
960 5652 1163 5716 Ctiill.—l
1196 5662 1451 5713 sacerdOs
1478 5669 1580 5725 est,
1607 5661 1650 5714 si
1679 5660 1928 5713 attendas

1637 5289 1682 5321 ⁵⁰
1723 5288 1896 5345 chit.
1935 5307 2061 5350 xxI.
2100 5292 2164 5345 10
2197 5300 2248 5344 et
2300 5306 2453 5360 seqq.

1957 5362 2005 5394 "
2043 5362 2173 5416 Luc.
2204 5377 2312 5415 xvu
2338 5402 2351 5426 ,
2394 5362 2447 5414 2.

2052 4491 2104 4546 in
2141 4490 2319 4545 nobis.
2360 4490 2570 4559 Corpus
2608 4489 2750 4544 enim
2789 4504 2854 4543 ex
2897 4489 3117 4558 genitali
3148 4488 3356 4557 origine
3396 4487 3616 4558 quanti-

2050 4583 2175 4637 tatis
2213 4581 2491 4635 materiam
2524 4580 2710 4646 sumit,
2736 4589 2793 4634 ut
2830 4580 2911 4635 vel
2946 4595 3197 4650 maguum
3238 4579 3322 4634 vel
3356 4581 3610 4649 exiguum

2047 4674 2163 4728 ﬁat.
2188 4672 2380 4727 Anima
2418 4687 2548 4727 vero
2579 4673 2629 4726 in
2666 4672 2819 4726 nobis
2849 4671 3013 4727 habet
3042 4686 3266 4733 causas,
3304 4681 3359 4725 et
3400 4669 3611 4725 arbitrii

2045 4764 2381 4827 libertatem,
2430 4772 2489 4816 ut
2536 4762 2620 4816 vel
2656 4778 2851 4833 magna
2899 4764 2981 4817 vel
3039 4778 3200 4834 parva
3245 4765 3339 4818 sit.
3387 4761 3443 4815 Si
3482 4777 3610 4833 ergo

2044 4855 2242 4924 pusilla
2271 4866 2323 4908 et
2360 4870 2524 4924 parva
2560 4855 2630 4908 sit
2664 4857 2865 4923 anima,
2913 4857 3076 4909 etiam
3122 4856 3475 4914 scandaliaari
3515 4871 3610 4924 po-

2054 4958 2180 5003 test.
2229 4948 2319 5005 Sic
2368 4950 2509 5003 enim
2553 4950 2812 5018 scriptum
2848 4958 2933 5002 est
2978 4950 3028 5001 in
3066 4948 3357 5019 Evangelio
3381 4950 3449 5014 ⁸⁸,
3483 4950 3606 5016 quia

2049 5059 2067 5091 ι
2104 5041 2322 5110 expedit
2368 5040 2691 5108 prtecipitari
2728 5041 2778 5092 in
2833 5039 3156 5104 profundum
3214 5042 3400 5107 maris,
3444 5056 3606 5109 quam

2044 5134 2418 5188 scandalizarc
2450 5149 2613 5187 unum
2656 5133 2723 5187 de
2776 5133 2990 5203 pusillis
3026 5133 3164 5189 istis.
3190 5152 3208 5185 δ
3252 5135 3351 5200 Qui
3383 5148 3608 5203 magnus

2575 5290 2619 5322 ⁸¹
2662 5292 2761 5345 lsa.
2809 5307 2920 5355 Lill,
2947 5292 3000 5347 9.
3092 5292 3137 5323 "
3176 5291 3332 5345 Joan.
3369 5308 3482 5356 xxv,
3513 5292 3600 5345 50.

2043 5522 2108 5572 ad
2142 5520 2310 5580 illum,
2339 5540 2356 5570 ›
2399 5521 2490 5573 sed
2533 5522 2584 5574 in
2621 5520 2873 5574 omnibus
2910 5536 3038 5575 mss.
3085 5524 3267 5588 deest,
3306 5539 3326 5576 ι
3358 5523 3403 5578 si
3432 5532 3603 5577 atten-

2042 5591 2155 5645 das.
2185 5609 2203 5640 ι
2240 5593 2381 5656 quod
2417 5592 2603 5644 abesse
2634 5602 2827 5659 potest.

2112 5661 2223 5730 (95)
2265 5661 2444 5717 Codex
2478 5661 2785 5732 Sangerm.,
2823 5680 2840 5713 ι
2873 5661 3204 5732 praeluserat.
3234 5683 3255 5718 ι
