4106 6246
389 225 493 292 53?

1598 214 1663 275 IN
1702 209 2075 274 LEVITICUM
2117 211 2402 272 llOllllLlA
2432 211 2525 269 Xll

3547 207 3650 266 538

385 360 473 406 cst
525 361 632 402 non
680 343 1106 406 scandalizatur,
1157 342 1252 395 sed
1303 339 1394 410 qui
1448 337 1680 409 pusillus
1730 348 1832 391 est.
1875 335 1974 402 Qui
2005 339 2052 394 Α
2081 343 2400 397 summatas,
2440 332 2695 402 inquit”,
2735 331 2899 386 habet
2935 343 3190 388 manus.»
3219 328 3470 393 Cuinam,
3499 342 3651 398 qua:-

390 455 622 511 tnagnus
642 447 744 504 est,
772 438 1132 506 quodcunque
1155 433 1368 498 viderit,
1387 431 1749 500 quodcunque
1777 442 1972 497 passus

391 532 583 597 fuerit,
614 544 718 583 non
754 529 993 583 declinat
1040 543 1070 580 a
1105 526 1229 580 fide.
1260 524 1360 591 Qui
1395 534 1574 577 autem
1627 520 1856 590 pusillos
1889 527 1974 572 est

392 622 580 675 animo
611 628 667 674 et
699 633 923 688 parvus,
950 617 1262 671 occasiones
1289 616 1484 684 qumrit
1513 612 1786 683 quomodo
1816 625 1974 665 scan-

397 712 686 772 dalizetur,
718 707 992 775 quomodo
1038 706 1092 760 in
1143 705 1248 761 ﬁde
1282 705 1533 760 videatur
1582 701 1804 756 offendi.
1839 699 1974 753 Pro-

393 813 578 870 pterea
611 799 844 868 denique
889 805 1106 868 oportet
1150 811 1249 852 nos
1291 795 1523 849 maxime
1553 793 1636 848 his
1667 789 1969 852 consulere,

391 894 481 962 qui
530 892 676 962 parvi
713 899 839 944 sunt
892 890 945 943 in
985 890 1089 943 fide
1132 908 1146 943 :
1192 903 1291 944 nec
1346 897 1548 942 tantam
1597 901 1786 940 curam
1824 885 1972 938 circa

392 995 617 1051 magnos
656 994 710 1034 et
745 979 943 1044 fortes,
989 988 1249 1048 quantam
1281 993 1408 1048 erga
1444 977 1702 1046 parvulos
1735 983 1788 1030 et
1838 973 1976 1029 insi-

391 1072 604 1139 pientes
646 1070 905 1124 debemus
966 1069 1301 1137 impendere.
1352 1065 1534 1123 Fortis
1587 1068 1732 1121 enim
1789 1066 1972 1120 omnia

394 1162 623 1228 tolerat,
655 1161 838 1215 omnia
872 1159 1090 1222 suffert.
1129 1172 1185 1215 et
1238 1175 1510 1229 nunquam
1543 1160 1706 1213 cadit.
1757 1155 1973 1211 Parvuli

392 1265 544 1317 vero,
575 1263 627 1306 et
664 1251 866 1306 infirmi
911 1252 962 1306 in
1009 1250 1116 1305 fide
1147 1250 1548 1305 observandum
1581 1259 1665 1305 est
1702 1264 1768 1303 ne
1814 1263 1975 1303 oeca-

391 1343 546 1397 sione
601 1343 771 1397 nostri
828 1341 1196 1407 oﬂ'endantur,
1243 1351 1296 1396 et
1348 1342 1603 1398 recedant
1653 1355 1681 1394 a
1731 1341 1862 1405 fide,
1907 1354 1970 1394 ac

392 1435 640 1490 decidant
666 1450 696 1488 a
726 1434 920 1490 salute.
951 1436 1058 1490 Aut
1089 1436 1315 1491 ostende
1364 1435 1496 1489 mihi
1534 1435 1601 1489 de
1643 1433 1964 1502 Scripturis,

395 1530 483 1584 ubi
519 1529 713 1600 aliquis
749 1539 1024 1598 peccator,
1055 1538 1148 1583 aut
1193 1529 1342 1598 parvi
1380 1529 1579 1594 meriti,
1626 1544 1854 1598 magnus
1883 1545 1976 1600 ap-

393 1620 626 1690 pellatos
673 1621 766 1675 sit.
813 1618 1120 1684 Nusquam,
1166 1628 1226 1672 ut
1269 1619 1488 1687 opinor,
1534 1619 1799 1677 invenies.
1834 1620 1973 1674 Audi

391 1688 521 1768 vero
555 1712 647 1784 qui
677 1720 821 1776 sunt,
857 1711 947 1781 qui
980 1710 1158 1779 magni
1196 1710 1561 1779 appellantur.
1592 1708 1668 1763 De
1711 1709 1859 1764 lsaac
1891 1709 1974 1763 di-
2004 1688 2047 1743 Β

393 1805 556 1869 citur,
598 1803 723 1874 quia
769 1803 1083 1872 proficiebat
1116 1802 1290 1867 valde,
1340 1817 1622 1871 usquequo
1669 1800 1843 1857 factos
1887 1811 1975 1857 est

396 1910 622 1964 magnus
659 1895 813 1949 valde
831 1895 898 1948 ⁸⁷.
922 1893 1131 1965 Moyses
1165 1910 1391 1964 magnus
1409 1894 1585 1948 dictus
1615 1905 1720 1959 est,
1746 1893 1975 1950 etJoan-

395 2002 492 2042 nes
535 1985 769 2056 Baptista
806 2002 1032 2057 magnos
1066 1986 1241 2040 dictos
1267 1997 1368 2048 est,
1403 2001 1548 2040 nunc
1592 1998 1771 2041 autem
1795 1985 1974 2044 .Jesus

396 2090 623 2149 magnus
657 2078 832 2133 dictus
861 2088 967 2143 est,
1006 2085 1059 2130 et
1091 2085 1213 2145 post
1249 2076 1390 2132 lumc
1431 2077 1544 2145 jam
1577 2077 1757 2133 nullus
1791 2080 1976 2150 appel-

391 2167 532 2224 latus
573 2180 655 2224 est
706 2185 956 2239 magnus.
1007 2168 1170 2224 Prius
1215 2170 1363 2223 enim
1418 2184 1582 2239 quam
1633 2171 1847 2226 adesset
1881 2171 1973 2240 qui

390 2273 518 2314 vere
555 2275 784 2331 magnus
836 2269 954 2324 est,
1008 2258 1072 2314 ad
1123 2260 1591 2329 comparationem
1643 2257 1973 2328 reliquorum

391 2351 668 2405 hominum
704 2350 881 2420 magni
923 2348 1176 2419 appellati
1216 2357 1341 2403 sunt
1376 2348 1573 2412 sancti,
1617 2364 1845 2418 quorum
1881 2366 1975 2404 su«

393 2439 576 2508 perius
627 2437 855 2494 fecimus
901 2438 1251 2495 mentionem.
1284 2437 1386 2493 Ubi
1421 2454 1548 2494 vero
1578 2440 1796 2494 advenit
1838 2441 1970 2511 ipse,

393 2531 482 2600 qui
526 2546 628 2585 non
655 2547 720 2586 ex
749 2531 1155 2601 comparatione
1194 2540 1538 2598 caeterorum,
1583 2531 1678 2585 sed
1725 2532 1806 2586 sui
1856 2548 1970 2585 tua-

393 2624 676 2693 gnitudine
718 2639 847 2678 vere
900 2641 1132 2696 magnus
1175 2634 1330 2690 erat,
1376 2626 1441 2679 de
1476 2639 1583 2693 quo
1615 2625 1780 2678 etiam
1831 2626 1971 2679 scri-

394 2725 541 2784 ptum
573 2716 740 2782 est",
762 2715 886 2784 quia
918 2733 938 2766 ι
967 2716 1261 2770 exsultavit
1288 2725 1344 2768 ut
1373 2715 1524 2784 gigas
1548 2715 1612 2767 ad
1647 2715 1970 2769 currendam

395 2805 568 2869 viam,
596 2823 615 2856 ι
655 2804 796 2859 ultra
842 2805 956 2875 jam
1012 2805 1189 2858 nullus
1241 2817 1468 2874 magnus
1514 2803 1812 2872 appellatos
1862 2814 1967 2860 est.

395 2896 493 2951 ilic
521 2907 602 2950 est
631 2913 764 2969 ergo
804 2897 871 2953 de
901 2913 1012 2967 quo
1055 2896 1358 2953 scribitur:
1397 2915 1415 2947 ι
1447 2895 1670 2966 Magnus
1714 2897 1972 2953 sacerdos

394 3003 461 3087 ex
493 2987 770 3087 fratribus
824 2990 959 3044 suis.
989 3009 1006 3042 ι
1061 2988 1269 3054 Quibus
1313 2985 1612 3042 fratribus?
1659 2989 1732 3044 De
1777 2989 2044 3087 quibusc

395 3079 529 3134 dixit
585 3095 704 3134 cum
757 3079 1150 3134 resurrexisset
1196 3093 1224 3131 a
1267 3079 1498 3133 mortuis
1520 3078 1566 3111 ³³
1603 3095 1617 3132 :
1662 3097 1681 3131 ι
1714 3079 1860 3134 Vade
1901 3081 1968 3134 ad

397 3173 594 3226 fratres
652 3189 833 3237 meos,
884 3182 939 3226 et
993 3174 1079 3227 tlic
1141 3172 1275 3225 eis:
1321 3172 1572 3226 Ascendo
1627 3173 1694 3226 ad
1752 3174 1969 3230 Patrem

394 3278 598 3329 meum,
639 3273 692 3316 et
724 3264 788 3316 ad
821 3265 1036 3318 Patrem
1074 3273 1334 3326 vestrum,
1379 3263 1447 3316 ad
1483 3262 1650 3318 Deum
1688 3281 1890 3329 meum,
1917 3275 1972 3319 et

399 3355 562 3407 Deum
609 3364 866 3408 vestrum.
890 3373 908 3406 ι
958 3355 1013 3407 Si
1055 3366 1234 3408 autem
1265 3355 1346 3408 vis
1385 3370 1451 3408 ex
1486 3355 1727 3422 antiquis
1762 3357 1972 3410 litteris

394 3445 604 3499 discere
647 3445 841 3500 fratres
871 3444 1018 3510 Jesu,
1053 3446 1168 3513 lege
1204 3446 1520 3500 vicesimum
1554 3447 1784 3515 primum
1826 3449 1973 3516 psal-

394 3551 563 3600 mum,
591 3536 678 3590 ubi
709 3551 775 3590 ex
815 3551 1043 3605 persona
1081 3535 1285 3590 Christi
1317 3536 1524 3590 dicitur
1548 3538 1594 3569 ”
1621 3551 1637 3589 :
1676 3557 1691 3588 ι
1723 3538 1972 3594 Narrabo

393 3643 587 3681 nomen
643 3637 795 3682 toont
846 3627 1108 3683 fratribus
1163 3629 1332 3693 meis,
1382 3627 1435 3681 in
1491 3629 1666 3682 medio
1715 3628 1972 3686 Ecclesia:

391 3717 622 3773 laudabo
668 3729 784 3774 te.»
824 3719 904 3774 Ex
955 3717 1218 3774 fratribus
1264 3733 1396 3784 ergo
1449 3721 1563 3774 suis
1617 3735 1843 3790 magnos
1887 3733 1971 3777 est

389 3807 569 3876 .Iesos,
597 3827 662 3865 ex
695 3811 778 3865 his
809 3811 900 3880 qui
940 3810 1092 3878 prius
1135 3813 1316 3880 magni
1352 3811 1570 3866 fuerant
1614 3813 1888 3883 appellati,
1917 3823 1972 3869 et

391 3903 530 3958 sicut
560 3913 831 3972 pastorum
865 3913 1050 3973 pastor
1078 3913 1198 3970 est,
1242 3913 1297 3958 et
1340 3905 1656 3974 pontificum
1701 3906 1970 3975 pontifex,

390 4005 446 4051 et
497 3997 890 4050 dominantium
939 3998 1233 4060 Dominus,
1278 4005 1332 4050 et
1383 4011 1569 4066 regum
1621 4014 1747 4061 rex;
1802 3999 1873 4052 ita
1912 4011 1970 4056 et

309 4159 314 4163 .
391 4104 708 4158 magnorum
741 4103 972 4159 magnus
998 4099 1112 4154 est;
1147 4097 1204 4144 et
1239 4088 1361 4143 ideo
1390 4088 1561 4154 addit,
1597 4107 1617 4141 ι
1649 4103 1877 4159 magnus
1903 4107 1971 4146 ex

391 4180 652 4236 fratribus
682 4181 816 4236 suis.
837 4199 856 4232 ι
1335 4210 1352 4248 ο,
1503 4198 1508 4204 ·

465 4273 624 4343 251
673 4274 727 4329 5.
766 4273 895 4328 Post
923 4273 1036 4328 haec
1068 4286 1218 4338 vero,
1251 4291 1269 4324 ι
1293 4273 1398 4335 cui,
1437 4272 1612 4341 inquit
1633 4275 1700 4338 ",
1730 4274 1968 4331 infusum

2074 441 2154 490 so,
2186 426 2468 479 hominum
2503 427 2604 480 hoc
2637 422 2896 478 convenit
2936 420 3080 474 dici?
3115 422 3169 474 In
3205 436 3310 490 quo
3340 421 3650 474 mortalium

2079 517 2354 586 perfectas
2379 517 2626 571 invenire
2658 525 2949 584 possumus
2981 513 3204 567 manus?
3225 513 3446 566 Etiamsi
3469 513 3650 567 Aaron

2075 612 2178 666 iste
2230 611 2301 664 sit
2349 610 2504 679 cujus
2540 608 2741 663 mentio
2776 606 2892 659 ficri
2942 606 3176 670 videtnr,
3204 605 3476 673 quomodo
3518 619 3653 659 con-

2078 712 2378 757 snntmatas
2417 701 2697 770 potabitur
2743 698 2998 753 habuisse
3030 710 3241 761 manus,
3273 697 3468 766 quibus
3513 697 3652 751 vitu-

2075 794 2184 848 lum
2231 793 2542 856 fabricavit,
2597 791 2795 862 quibus
2851 790 3054 846 idolum
3107 789 3371 858 sculpsit?
3428 789 3651 842 Etiamsi

2077 888 2254 956 ipsum
2305 885 2526 956 Moysen
2582 871 2872 954 proferas,
2919 884 3189 952 quomodo
3243 890 3652 936 consummatas

2079 978 2340 1034 habuisse
2371 978 2823 1040 videtur'manus,
2853 976 2942 1045 qui
2972 990 3075 1028 non
3101 972 3423 1044 glorificavit
3464 972 3650 1025 Domi-

2078 1085 2208 1123 nttm
2251 1069 2316 1122 ad
2361 1083 2554 1137 aquam
2597 1065 3087 1122 contradictionis?
3129 1063 3233 1118 Pro
3291 1080 3398 1134 quo
3451 1063 3654 1118 delicto

2079 1159 2246 1213 etiam
2273 1158 2381 1211 vita
2406 1156 2628 1224 jubetur
2642 1155 2926 1211 excedere.
2957 1153 3110 1220 Quod
3128 1153 3172 1206 si
3197 1161 3251 1206 et
3269 1152 3430 1204 alium
3463 1166 3653 1218 quem-

2078 1265 2240 1319 quam
2276 1258 2590 1304 sanctorum
2627 1262 2930 1302 memorare
2951 1247 3105 1309 velis,
3137 1243 3376 1299 occurrit
3406 1243 3499 1296 tibi
3533 1257 3652 1296 ser-

2080 1356 2168 1395 mo
2222 1340 2538 1408 Scripturaa,
2587 1339 2679 1408 qui
2743 1338 2967 1404 dicit“,
3002 1339 3129 1407 quia
3177 1356 3194 1388 ‹
3223 1353 3326 1391 non
3363 1345 3446 1390 est
3491 1337 3654 1389 homo

2078 1447 2243 1501 super
2275 1441 2474 1484 terram
2521 1431 2613 1499 qui
2660 1429 2826 1484 faciat
2882 1431 3106 1495 bonum,
3134 1438 3186 1483 et
3222 1444 3326 1482 non
3388 1436 3590 1498 peccet.
3629 1444 3648 1478 ι

2079 1523 2270 1579 Merito
2314 1539 2444 1593 ergo
2497 1522 2645 1576 solos
2698 1520 2860 1576 .lesus
2894 1530 3302 1576 consummatas
3334 1520 3496 1574 habet
3536 1534 3654 1573 ma-

2082 1632 2208 1681 nus,
2253 1617 2344 1686 qui
2377 1615 2527 1670 solus
2565 1622 2845 1683 peccatum
2902 1628 3006 1666 non
3058 1611 3212 1677 fecit,
3267 1612 3370 1666 hoc
3421 1623 3524 1678 est,
3561 1611 3654 1679 qui

2076 1707 2313 1776 perfecta
2349 1716 2404 1762 et
2461 1708 2668 1776 integra
2701 1720 2867 1774 opera
2903 1719 3157 1758 manuum
3193 1705 3380 1758 habet.
3408 1703 3474 1757 Et
3527 1703 3651 1758 ideo

2077 1798 2144 1852 de
2184 1799 2301 1866 ipso
2349 1808 2497 1853 recte
2540 1798 2783 1852 dicitur:
2825 1813 2843 1846 ι
2875 1794 2976 1861 Qui
3037 1804 3443 1850 consummatae
3491 1793 3654 1848 habet

2079 1904 2301 1956 manus,
2323 1897 2384 1942 ut
2415 1889 2671 1942 induatur
2701 1898 2908 1943 sancta.
2945 1907 2964 1939 ι
2991 1886 3088 1942 llic
3113 1888 3262 1941 enim
3281 1895 3381 1950 est,
3415 1885 3503 1954 qui
3528 1898 3655 1938 vere

2078 1982 2300 2036 indutus
2332 1991 2416 2036 est
2442 1991 2651 2044 sancta,
2689 1997 2796 2034 non
2835 1981 2920 2033 illa
2955 1995 3074 2048 qua:
3110 1981 3163 2034 in
3204 1990 3328 2050 typo
3357 1988 3532 2042 erant,
3559 1979 3654 2032 sed

2077 2075 2191 2142 ipsa
2228 2089 2345 2143 quae
2397 2088 2524 2127 vere
2563 2080 2751 2127 sancta
2805 2080 2947 2126 sunt.
2977 2070 3128 2136 Quod
3174 2071 3217 2124 si
3264 2071 3344 2124 vis
3372 2070 3560 2123 audire
3590 2070 3658 2124 de

2077 2167 2470 2220 excelsioribus
2515 2165 2850 2218 indumentis
2901 2164 3041 2231 ejus,
3085 2164 3274 2230 accipe
3321 2162 3488 2216 verba
3521 2176 3650 2230 pro-
3688 2198 3694 2204 -

2076 2258 2288 2326 phetica
2321 2275 2336 2311 :
2375 2275 2393 2308 ι
2420 2256 2701 2320 Amictus,
2753 2254 3004 2324 inquit“,
3040 2254 3245 2309 lumine
3291 2254 3433 2309 sicut
3491 2254 3652 2308 vesti—

2076 2359 2290 2411 mento.
2333 2350 2562 2419 abyssus
2609 2350 2754 2403 sicut
2813 2348 3046 2402 amictus
3099 2345 3212 2417 (95)
3265 2347 3650 2400 vestimentum

2075 2441 2214 2511 ejus.
2240 2459 2258 2492 ι
2299 2440 2398 2495 Hic
2437 2451 2518 2495 est
2573 2440 2677 2494 mei
2716 2438 2899 2509 magni
2950 2437 3221 2508 pontificis
3268 2439 3511 2505 habitus,
3545 2455 3653 2506 quo

2077 2533 2350 2589 indicatur
2379 2531 2644 2602 profunda
2674 2529 2926 2594 scientia,
2951 2539 3005 2584 et
3032 2528 3309 2600 sapientiai
3340 2528 3459 2584 luce
3490 2529 3655 2583 vesti-

2077 2637 2186 2692 tus,
2236 2641 2359 2695 qua:
2399 2638 2528 2679 vere
2560 2634 2750 2679 sancta
2795 2632 2922 2678 sunt
2967 2622 3305 2676 indumenta.
3341 2639 3360 2671 ι
3393 2621 3534 2686 Non,
3568 2621 3654 2675 iu-

2073 2717 2281 2788 quit“,
2337 2716 2548 2772 auferet
2600 2716 2668 2770 de
2737 2715 2915 2784 capite
2968 2728 3066 2769 suo
3119 2712 3414 2767 cidarim.»
3448 2711 3566 2766 .lam
3599 2720 3656 2767 et

2075 2812 2227 2881 prius
2256 2811 2494 2865 diximus
2522 2807 2752 2863 cidarim
2781 2821 2950 2876 genus
2979 2819 3100 2860 esse
3126 2805 3474 2874 operimenti,
3506 2805 3653 2874 quod

2075 2902 2238 2970 capiti
2266 2900 2670 2971 superpositum
2710 2897 2951 2966 pontifici
2996 2905 3224 2966 praestat
3250 2909 3526 2951 ornatum.
3557 2896 3659 2952 Hie

2077 3008 2205 3062 ergo
2242 3008 2471 3062 magnus
2501 2991 2739 3060 pontifex
2760 3005 2912 3044 meus
2951 3005 3227 3058 nunquam
3264 2988 3485 3057 deponit
3513 2989 3656 3044 sacri

2077 3085 2270 3153 capitis
2297 3093 2570 3137 ornatum.
2607 3082 2760 3148 Quod
2803 3083 2874 3135 sit
2919 3089 3100 3134 autem
3139 3088 3301 3149 caput
3325 3079 3550 3146 Christi,
3587 3080 3656 3135 ab

2072 3175 2336 3243 Apostolo
2366 3176 2515 3227 disce
2549 3175 2639 3242 qui
2680 3174 2818 3229 dicit
2843 3173 2888 3211 ⁸⁷
2919 3191 2932 3226 :
2966 3192 2983 3223 ι
3018 3171 3194 3240 Caput
3243 3183 3421 3226 autem
3453 3171 3654 3226 Christi

2076 3267 2278 3321 Deus.)
2319 3264 2512 3318 Merito
2538 3266 2708 3333 igitur
2760 3267 2924 3319 istum
2969 3266 3165 3332 capitis
3223 3264 3330 3327 sui,
3363 3263 3453 3330 qui
3514 3264 3654 3318 Deus

2072 3369 2182 3421 est,
2218 3373 2496 3426 nunquam
2534 3358 2750 3424 deponit
2804 3366 3083 3420 ornatum,
3137 3356 3262 3422 quia
3307 3370 3527 3423 semper
3571 3365 3656 3409 est

2073 3451 2234 3506 Pater
2266 3451 2318 3503 in
2360 3449 2515 3515 Filio,
2559 3452 2703 3502 sient
2749 3448 2917 3501 Filius
2959 3463 3175 3516 semper
3229 3448 3280 3500 in
3331 3447 3508 3501 Patre.
3545 3467 3562 3496 ι
3591 3446 3656 3498 Ει

2075 3543 2404 3598 vestimenta
2461 3557 2557 3595 sua
2622 3556 2730 3594 non
2773 3539 3203 3608 disrumpet‘m
3242 3539 3380 3594 Vere
3430 3540 3517 3592 hic
3571 3549 3654 3593 est

2073 3635 2167 3704 qui
2211 3636 2532 3689 vestimenta
2583 3649 2679 3687 sua
2713 3648 2818 3687 non
2852 3632 3164 3701 disrumpit,
3188 3632 3281 3686 sed
3329 3648 3546 3702 semper
3589 3651 3651 3687 ea

2074 3727 2296 3788 munda.
2326 3740 2542 3796 semper
2581 3726 2812 3794 integra,
2842 3737 3058 3792 semper
3079 3733 3228 3777 casta
3257 3725 3511 3778 servavit.
3540 3742 3558 3774 ι
3593 3726 3656 3778 Ει

2073 3821 2140 3874 ad
2179 3833 2394 3875 omnem
2448 3818 2687 3872 animam
2757 3815 3068 3870 defunctam
3127 3830 3232 3869 non
3290 3817 3650 3870 ittlrabit”.r

2075 3911 2206 3979 Qua:
2235 3922 2319 3966 est
2339 3912 2524 3965 anima
2559 3909 2851 3966 defuncta?
2880 3909 3054 3973 Quam
3086 3915 3356 3962 mortuam
3390 3910 3655 3978 prepheta

2081 4003 2321 4062 dicit“:
2355 4021 2373 4054 ι
2397 4003 2590 4056 Anima
2621 4018 2744 4072 qum
2783 4011 2992 4071 peccat,
3018 4003 3135 4070 ipsa
3174 4002 3464 4057 morietur.
3500 4019 3518 4050 ι
3550 3987 3670 4054 Su-~

2074 4112 2170 4168 per
2191 4097 2329 4152 hanc
2361 4111 2490 4166 ergo
2519 4097 2756 4150 animam
2804 4105 3076 4149 mortuam
3108 4096 3360 4150 Christus
3410 4109 3518 4147 non
3562 4107 3657 4147 su~

2071 4191 2340 4263 pervenit,
2364 4190 2492 4260 quia
2532 4188 2803 4258 sapientia
2831 4197 2938 4252 est,
2965 4197 3019 4242 et
3046 4187 3309 4257 sapientia
3344 4202 3450 4242 non
3485 4186 3656 4240 intrat

2075 4283 2128 4336 in
2160 4281 2399 4335 animam
2433 4278 2774 4333 malevolam.
2802 4278 2920 4347 ipsa
2961 4286 3044 4332 est
3073 4277 3220 4330 enim
3264 4287 3498 4342 mortua,
3527 4278 3656 4346 quia

390 4376 474 4421 est
503 4367 681 4422 oleum
712 4367 1022 4419 chrismatis
1045 4381 1210 4433 super
1232 4377 1393 4434 caput
1419 4366 1553 4433 ejus.
1583 4384 1603 4418 ι
1625 4366 1767 4420 Istud
1791 4366 1967 4421 oleum
2003 4369 2047 4424 D
2076 4374 2162 4429 cui
2211 4373 2351 4426 ineSt
2386 4371 2613 4436 malitia,
2675 4371 2820 4426 inest
2865 4379 2920 4425 et
2987 4377 3288 4438 peccatum.
3319 4387 3337 4420 ι
3365 4369 3654 4424 Peccatqu

390 4461 496 4514 noli
527 4460 807 4529 requirere
841 4459 891 4512 in
931 4459 1115 4520 terris,
1144 4459 1287 4527 quod
1324 4473 1488 4527 super
1528 4469 1690 4528 caput
1728 4459 1972 4514 infundi-

393 4561 480 4606 tur
506 4551 683 4621 magni
711 4551 1033 4618 sacerdotis,
1075 4561 1135 4602 ut
1165 4549 1259 4603 fiat
1298 4549 1536 4604 Christus
1566 4568 1580 4605 :
1608 4554 1703 4606 sed
1739 4553 1781 4605 si
1820 4552 1971 4607 vide-

391 4652 500 4708 tur,
533 4643 682 4697 disce
715 4659 742 4696 a
774 4643 1033 4710 propheta
1073 4642 1242 4697 David
1269 4644 1414 4697 istud
1447 4644 1628 4698 oleum
1656 4646 1816 4714 quale
1851 4646 1955 4699 sit!

395 4755 414 4788 ι
438 4735 703 4797 Dilexisti,
738 4734 1000 4802 inquit“,
1034 4733 1325 4802 justitiam,
1368 4745 1422 4788 et
1480 4736 1646 4790 odisti
1708 4737 1970 4806 iniquita-

391 4837 522 4893 tem,
555 4836 839 4898 propterca
870 4828 1028 4881 unxit
1065 4837 1113 4880 te
1149 4828 1312 4894 Deus,
1350 4829 1490 4884 Dens
1523 4839 1645 4883 tuus
1680 4830 1798 4883 oleo
1831 4831 1959 4884 laeti-

401 4923 488 4975 tiae
535 4935 646 4990 pra:
698 4919 1058 4989 participibus
1093 4920 1205 4990 (94)
1249 4921 1420 4974 tuis.)
1486 4921 1634 4976 Istud
1691 4932 1777 4976 est
1836 4938 1970 4992 ergo

389 5012 571 5066 oleum
604 5012 826 5075 lzetitize,
854 5014 995 5080 quod
1031 5014 1194 5081 capiti
1227 5011 1344 5080 ejus
1387 5011 1625 5067 infusum
1677 5012 1802 5067 fecit
1845 5031 1968 5070 eunt

399 5101 686 5156 Christum.
704 5103 808 5156 Sed
829 5103 976 5156 addit
998 5103 1177 5156 adhuc
1201 5105 1265 5156 ad
1293 5104 1476 5158 laudes
1498 5104 1612 5171 ejus
1639 5122 1652 5158 :
1679 5105 1808 5172 «Qui
1843 5123 1974 5160 cou-

483 5221 524 5252 ⁵⁷
567 5219 704 5292 Gen.
735 5237 863 5276 xxv.
939 5222 984 5253 ⁸⁸
1026 5221 1165 5277 Psal.
1194 5239 1305 5285 XII,
1333 5224 1386 5278 6.
1463 5227 1506 5257 5°
1546 5225 1701 5278 Joan.
1735 5242 1830 5292 XX,
1859 5231 1942 5284 Π.

392 5292 436 5322 ⁸³
464 5290 636 5344 Levit.
671 5292 898 5354 xxt,10.
974 5292 1019 5322 ⁸⁸
1048 5294 1222 5346 Erclc.
1255 5309 1348 5351 vn.
1377 5295 1466 5348 ‘21.

391 5361 484 5413 vit.
538 5377 651 5425 xxt,
681 5361 767 5414 10.
842 5361 887 5391 ⁸⁸
921 5361 1046 5416 ibid.
1084 5363 1163 5416 Il.
1266 5364 1310 5395 ⁷⁰
1344 5365 1541 5420 Ezech.
1573 5382 1726 5432 xvut,
1759 5367 1812 5422 4.

390 5503 574 5627 bus)?
607 5503 758 5569 Mss.,
783 5524 801 5556 ι
829 5503 1207 5575 participibus.
1235 5523 1253 5556 ι
1281 5503 1436 5560 Libb.
1467 5508 1621 5574 editi,
1655 5526 1673 5558 ι
1698 5512 1966 5566 consorti-

471 5645 583 5714 (95)
621 5645 774 5712 Mss,
809 5665 825 5697 t
854 5646 994 5701 sicut
1047 5645 1297 5700 amictus.
1333 5664 1350 5697 ι
1385 5645 1539 5700 Libb.
1586 5649 1736 5712 editi,
1776 5669 1790 5700 ι
1823 5651 1964 5705 sicut

2024 5235 2067 5264 ⁶⁰
2088 5233 2228 5286 Psal.
2257 5250 2373 5294 χχι,
2402 5232 2489 5284 ἳδ.

1581 5297 1627 5327 ⁸⁵
1657 5296 1795 5350 l‘sal-
1849 5316 1952 5358 ειν.
1991 5305 2026 5354 2
2049 5315 2099 5356 et
2125 5305 2178 5358 6.

2073 4475 2255 4518 autem
2302 4479 2422 4517 cum
2468 4473 2933 4526 consummatum,
2975 4460 3232 4529 inquit",
3274 4459 3460 4522 fuerit,
3499 4476 3658 4527 gene-

2075 4567 2159 4612 rat
2183 4566 2432 4611 tnortent.
2462 4573 2481 4606 ι
2531 4554 2592 4607 Ει
2624 4562 2848 4623 propter
2903 4554 3005 4606 hoc
3053 4550 3217 4606 Jesos
3250 4567 3357 4605 non
3393 4551 3556 4606 intrat
3584 4555 3652 4606 ad

2075 4653 2310 4707 animam
2362 4659 2653 4702 mortuam.
2691 4645 2746 4701 Si
2776 4655 2954 4700 autem
2987 4646 3133 4699 vivat
3180 4645 3378 4704 anima,
3415 4645 3515 4698 hoc
3568 4653 3653 4697 est

2072 4747 2116 4800 si
2154 4760 2258 4798 non
2301 4743 2465 4797 habet
2495 4742 2548 4794 in
2591 4755 2650 4795 se
2695 4739 2924 4793 mortale
2957 4747 3266 4807 peccatum,
3316 4747 3443 4788 tunc
3496 4735 3656 4789 Chri-

2073 4845 2210 4899 stus,
2239 4835 2331 4903 qui
2362 4844 2448 4888 est
2480 4835 2608 4898 vita,
2643 4833 2873 4887 venitad
2909 4831 3146 4883 animam
3190 4831 3487 4881 viventem.
3515 4826 3652 4892 Quia

2081 4928 2222 4982 sicut
2259 4927 2344 4980 lux
2379 4942 2482 4980 non
2517 4931 2694 4992 potest
2743 4939 2863 4979 esse
2914 4940 3036 4978 cum
3095 4922 3356 4986 tenebris,
3394 4934 3491 4973 nec
3527 4934 3651 4972 cum

2078 5020 2366 5089 iniquitate
2419 5019 2652 5088 justitia,
2713 5017 2786 5070 ita
2845 5031 2943 5070 nec
2997 5017 3108 5068 vita
3151 5021 3328 5082 potest
3378 5027 3500 5068 esse
3531 5026 3652 5066 cum

2081 5120 2276 5166 morte.
2323 5111 2385 5164 Et
2427 5109 2547 5164 ideo
2595 5109 2639 5162 si
2679 5107 2802 5174 quis
2841 5106 2942 5160 sibi
2985 5105 3241 5160 conscios
3267 5113 3350 5159 est
3377 5103 3520 5173 quod
3556 5102 3652 5156 ha-

2570 5231 2612 5262 “
2634 5230 2807 5285 Levit.
2843 5246 2954 5287 χχι.
2994 5230 3078 5283 10.

2292 5305 2337 5336 ⁵⁸
2367 5301 2540 5357 Levit.
2575 5318 2690 5366 xxi,
2721 5302 2806 5355 t0.
2916 5301 2960 5333 ⁸⁷
2986 5301 3004 5354 l
3033 5301 3158 5356 Cor.
3187 5315 3261 5363 χι,
3294 5299 3350 5352 5.

3183 5227 3387 5282 “Psal.
3423 5243 3563 5290 XLIV,
3596 5229 3651 5284 8.

3187 5315 3261 5353 χι.
3294 5299 3350 5352 5.
3465 5299 3513 5330 ⁸⁸
3548 5299 3650 5353 Le-

3589 5315 3650 5355 c-

1914 5372 1957 5402 ⁷¹
1990 5371 2102 5426 Jac.
2153 5390 2189 5437 I,
2230 5374 2310 5431 i5.

2075 5516 2291 5586 pallium
2327 5517 2607 5574 amictum.
2638 5536 2655 5568 ι
2687 5515 2853 5571 Paulo
2889 5525 3007 5585 post
3055 5530 3209 5577 mss.,
3246 5533 3265 5564 ι
3294 5531 3400 5586 quo
3447 5515 3646 5570 iudica-

2075 5599 2178 5640 tur.
2205 5605 2222 5638 ι
2261 5585 2414 5642 Libb.
2445 5589 2601 5653 editi,
2633 5605 2650 5637 ι
2678 5589 2948 5656 quomodo
2975 5587 3264 5644 iudicatur.
3295 5605 3312 5639 ι
