  <div class='ocr_page' id='page_1' title='image "/cluster/home/n/w/nwhite01/storage/ocr_20150623/12/hvd.32044052796216/275.png"; bbox 0 0 4106 6246; ppageno 0'>
   <div class='ocr_carea' id='block_1_1' title="bbox 470 274 573 329">
    <p class='ocr_par' dir='ltr' id='par_1_1' title="bbox 470 274 573 329">
     <span class='ocr_line' id='line_1_1' title="bbox 470 274 573 329; baseline 0.019 -2"><span class='ocrx_word' id='word_1_1' title='bbox 470 274 573 329; x_wconf 75' lang='grc'>559</span> 
     </span>
    </p>
   </div>
   <div class='ocr_carea' id='block_1_2' title="bbox 1927 261 2240 319">
    <p class='ocr_par' dir='ltr' id='par_1_2' title="bbox 1927 261 2240 319">
     <span class='ocr_line' id='line_1_2' title="bbox 1927 261 2240 319; baseline -0.006 0"><span class='ocrx_word' id='word_1_2' title='bbox 1927 261 2240 319; x_wconf 68' lang='lat' dir='ltr'><strong>OlthENiS</strong></span> 
     </span>
    </p>
   </div>
   <div class='ocr_carea' id='block_1_3' title="bbox 3611 253 3714 309">
    <p class='ocr_par' dir='ltr' id='par_1_3' title="bbox 3611 253 3714 309">
     <span class='ocr_line' id='line_1_3' title="bbox 3611 253 3714 309; baseline 0 0"><span class='ocrx_word' id='word_1_3' title='bbox 3611 253 3714 309; x_wconf 72' lang='grc' dir='ltr'><strong>διο</strong></span> 
     </span>
    </p>
   </div>
   <div class='ocr_carea' id='block_1_4' title="bbox 463 360 3709 463">
    <p class='ocr_par' dir='ltr' id='par_1_4' title="bbox 463 360 3709 463">
     <span class='ocr_line' id='line_1_4' title="bbox 463 360 3709 463; baseline -0.008 -10"><span class='ocrx_word' id='word_1_4' title='bbox 463 396 589 453; x_wconf 85' lang='lat' dir='ltr'><strong>beat</strong></span> <span class='ocrx_word' id='word_1_5' title='bbox 614 396 757 450; x_wconf 86' lang='lat' dir='ltr'><strong>intra</strong></span> <span class='ocrx_word' id='word_1_6' title='bbox 799 409 858 449; x_wconf 92' lang='lat' dir='ltr'><strong>se</strong></span> <span class='ocrx_word' id='word_1_7' title='bbox 894 391 1123 449; x_wconf 90' lang='lat' dir='ltr'><strong>mortale</strong></span> <span class='ocrx_word' id='word_1_8' title='bbox 1156 388 1269 463; x_wconf 86' lang='lat'><strong>(96)</strong></span> <span class='ocrx_word' id='word_1_9' title='bbox 1311 396 1614 458; x_wconf 87' lang='lat' dir='ltr'><strong>peccatum.</strong></span> <span class='ocrx_word' id='word_1_10' title='bbox 1639 404 1812 457; x_wconf 89' lang='lat' dir='ltr'><strong>neque</strong></span> <span class='ocrx_word' id='word_1_11' title='bbox 1840 388 1889 442; x_wconf 82' lang='lat' dir='ltr'><strong>id</strong></span> <span class='ocrx_word' id='word_1_12' title='bbox 1920 404 1947 440; x_wconf 89' lang='lat' dir='ltr'><strong>a</strong></span> <span class='ocrx_word' id='word_1_13' title='bbox 1976 403 2034 442; x_wconf 87' lang='lat' dir='ltr'><strong>se</strong></span> <span class='ocrx_word' id='word_1_14' title='bbox 2063 395 2107 449; x_wconf 74' lang='grc' dir='ltr'>Α</span> <span class='ocrx_word' id='word_1_15' title='bbox 2138 386 2275 449; x_wconf 89' lang='lat' dir='ltr'><strong>lunt,</strong></span> <span class='ocrx_word' id='word_1_16' title='bbox 2315 384 2357 438; x_wconf 94' lang='lat' dir='ltr'><strong>si</strong></span> <span class='ocrx_word' id='word_1_17' title='bbox 2394 386 2507 439; x_wconf 67' lang='lat' dir='ltr'><strong>hate</strong></span> <span class='ocrx_word' id='word_1_18' title='bbox 2532 383 2600 438; x_wconf 91' lang='lat' dir='ltr'><strong>ad</strong></span> <span class='ocrx_word' id='word_1_19' title='bbox 2642 380 2950 451; x_wconf 84' lang='lat' dir='ltr'><strong>pontiilcem</strong></span> <span class='ocrx_word' id='word_1_20' title='bbox 2996 385 3241 432; x_wconf 91' lang='lat' dir='ltr'><strong>nostrum</strong></span> <span class='ocrx_word' id='word_1_21' title='bbox 3280 384 3333 430; x_wconf 91' lang='lat' dir='ltr'><strong>et</strong></span> <span class='ocrx_word' id='word_1_22' title='bbox 3367 360 3709 431; x_wconf 76' lang='lat' dir='ltr'><strong>Salvatoretn</strong></span> 
     </span>
    </p>
   </div>
   <div class='ocr_carea' id='block_1_5' title="bbox 466 479 2037 557">
    <p class='ocr_par' dir='ltr' id='par_1_5' title="bbox 466 479 2037 557">
     <span class='ocr_line' id='line_1_5' title="bbox 466 479 2037 557; baseline -0.007 -18"><span class='ocrx_word' id='word_1_23' title='bbox 466 504 563 557; x_wconf 86' lang='lat' dir='ltr'><strong>per</strong></span> <span class='ocrx_word' id='word_1_24' title='bbox 596 486 971 555; x_wconf 66' lang='lat' dir='ltr'><strong>paenitentiam</strong></span> <span class='ocrx_word' id='word_1_25' title='bbox 1005 482 1333 552; x_wconf 76' lang='lat' dir='ltr'><strong>plenissima:</strong></span> <span class='ocrx_word' id='word_1_26' title='bbox 1379 479 1769 534; x_wconf 79' lang='lat' dir='ltr'><strong>satisfactionis</strong></span> <span class='ocrx_word' id='word_1_27' title='bbox 1822 480 2037 545; x_wconf 88' lang='lat' dir='ltr'><strong>abjecit,</strong></span> 
     </span>
    </p>
   </div>
   <div class='ocr_carea' id='block_1_6' title="bbox 466 567 2037 643">
    <p class='ocr_par' dir='ltr' id='par_1_6' title="bbox 466 567 2037 643">
     <span class='ocr_line' id='line_1_6' title="bbox 466 567 2037 643; baseline -0.005 -14"><span class='ocrx_word' id='word_1_28' title='bbox 466 590 572 629; x_wconf 91' lang='lat' dir='ltr'><strong>non</strong></span> <span class='ocrx_word' id='word_1_29' title='bbox 606 584 785 643; x_wconf 88' lang='lat' dir='ltr'><strong>speret</strong></span> <span class='ocrx_word' id='word_1_30' title='bbox 835 574 977 642; x_wconf 87' lang='lat' dir='ltr'><strong>quod</strong></span> <span class='ocrx_word' id='word_1_31' title='bbox 1015 572 1180 624; x_wconf 90' lang='lat' dir='ltr'><strong>intret</strong></span> <span class='ocrx_word' id='word_1_32' title='bbox 1218 567 1471 625; x_wconf 83' lang='lat' dir='ltr'><strong>Christus</strong></span> <span class='ocrx_word' id='word_1_33' title='bbox 1502 570 1570 623; x_wconf 92' lang='lat' dir='ltr'><strong>ad</strong></span> <span class='ocrx_word' id='word_1_34' title='bbox 1609 569 1846 622; x_wconf 89' lang='lat' dir='ltr'><strong>animam</strong></span> <span class='ocrx_word' id='word_1_35' title='bbox 1898 570 2037 637; x_wconf 89' lang='lat' dir='ltr'><strong>ejus,</strong></span> 
     </span>
    </p>
   </div>
   <div class='ocr_carea' id='block_1_7' title="bbox 462 661 2039 734">
    <p class='ocr_par' dir='ltr' id='par_1_7' title="bbox 462 661 2039 734">
     <span class='ocr_line' id='line_1_7' title="bbox 462 661 2039 734; baseline -0.001 -18"><span class='ocrx_word' id='word_1_36' title='bbox 462 665 557 734; x_wconf 86' lang='lat' dir='ltr'><strong>qui</strong></span> <span class='ocrx_word' id='word_1_37' title='bbox 597 664 663 716; x_wconf 91' lang='lat' dir='ltr'><strong>ad</strong></span> <span class='ocrx_word' id='word_1_38' title='bbox 692 679 905 717; x_wconf 92' lang='lat' dir='ltr'><strong>omnem</strong></span> <span class='ocrx_word' id='word_1_39' title='bbox 936 663 1171 714; x_wconf 83' lang='lat' dir='ltr'><strong>animant</strong></span> <span class='ocrx_word' id='word_1_40' title='bbox 1202 662 1511 714; x_wconf 80' lang='lat' dir='ltr'><strong>defunctam</strong></span> <span class='ocrx_word' id='word_1_41' title='bbox 1553 678 1659 715; x_wconf 92' lang='lat' dir='ltr'><strong>non</strong></span> <span class='ocrx_word' id='word_1_42' title='bbox 1693 661 1881 725; x_wconf 86' lang='lat' dir='ltr'><strong>intrat,</strong></span> <span class='ocrx_word' id='word_1_43' title='bbox 1914 661 2039 729; x_wconf 85' lang='lat' dir='ltr'><strong>quia</strong></span> 
     </span>
    </p>
   </div>
   <div class='ocr_carea' id='block_1_8' title="bbox 466 753 1129 823">
    <p class='ocr_par' dir='ltr' id='par_1_8' title="bbox 466 753 1129 823">
     <span class='ocr_line' id='line_1_8' title="bbox 466 753 1129 823; baseline -0.008 -13"><span class='ocrx_word' id='word_1_44' title='bbox 466 770 694 823; x_wconf 85' lang='lat' dir='ltr'><strong>magnus</strong></span> <span class='ocrx_word' id='word_1_45' title='bbox 732 753 993 807; x_wconf 77' lang='lat' dir='ltr'><strong>sacerdos</strong></span> <span class='ocrx_word' id='word_1_46' title='bbox 1025 761 1129 806; x_wconf 73' lang='lat' dir='ltr'><strong>est.</strong></span> 
     </span>
    </p>
   </div>
   <div class='ocr_carea' id='block_1_9' title="bbox 535 844 2041 911">
    <p class='ocr_par' dir='ltr' id='par_1_9' title="bbox 535 844 2041 911">
     <span class='ocr_line' id='line_1_9' title="bbox 535 844 2041 911; baseline -0.003 -12"><span class='ocrx_word' id='word_1_47' title='bbox 535 847 586 899; x_wconf 71' lang='grc' dir='ltr'><strong>ι.</strong></span> <span class='ocrx_word' id='word_1_48' title='bbox 638 864 654 896; x_wconf 77' lang='grc' dir='ltr'>ι</span> <span class='ocrx_word' id='word_1_49' title='bbox 680 845 734 898; x_wconf 90' lang='lat' dir='ltr'><strong>ltt</strong></span> <span class='ocrx_word' id='word_1_50' title='bbox 768 852 921 911; x_wconf 82' lang='lat' dir='ltr'><strong>patre</strong></span> <span class='ocrx_word' id='word_1_51' title='bbox 947 860 1047 898; x_wconf 90' lang='lat' dir='ltr'><strong>suo</strong></span> <span class='ocrx_word' id='word_1_52' title='bbox 1092 852 1146 896; x_wconf 91' lang='lat' dir='ltr'><strong>et</strong></span> <span class='ocrx_word' id='word_1_53' title='bbox 1202 853 1377 897; x_wconf 88' lang='lat' dir='ltr'><strong>matre</strong></span> <span class='ocrx_word' id='word_1_54' title='bbox 1426 858 1520 897; x_wconf 89' lang='lat' dir='ltr'><strong>sua</strong></span> <span class='ocrx_word' id='word_1_55' title='bbox 1561 857 1664 895; x_wconf 90' lang='lat' dir='ltr'><strong>non</strong></span> <span class='ocrx_word' id='word_1_56' title='bbox 1700 844 2041 898; x_wconf 88' lang='lat' dir='ltr'><strong>contamina—</strong></span> 
     </span>
    </p>
   </div>
   <div class='ocr_carea' id='block_1_10' title="bbox 460 931 2039 1002">
    <p class='ocr_par' dir='ltr' id='par_1_10' title="bbox 460 931 2039 1002">
     <span class='ocr_line' id='line_1_10' title="bbox 460 931 2039 1002; baseline -0.004 -10"><span class='ocrx_word' id='word_1_57' title='bbox 460 937 691 992; x_wconf 83' lang='lat' dir='ltr'><strong>bitur&quot;.</strong></span> <span class='ocrx_word' id='word_1_58' title='bbox 723 954 742 988; x_wconf 68' lang='grc' dir='ltr'><strong>ι</strong></span> <span class='ocrx_word' id='word_1_59' title='bbox 778 935 875 989; x_wconf 84' lang='lat' dir='ltr'><strong>Hic</strong></span> <span class='ocrx_word' id='word_1_60' title='bbox 909 935 1207 1002; x_wconf 71' lang='lat' dir='ltr'><strong>Scriptura:</strong></span> <span class='ocrx_word' id='word_1_61' title='bbox 1263 935 1414 988; x_wconf 90' lang='lat' dir='ltr'><strong>locus</strong></span> <span class='ocrx_word' id='word_1_62' title='bbox 1471 931 1817 988; x_wconf 82' lang='lat' dir='ltr'><strong>dillicillimus</strong></span> <span class='ocrx_word' id='word_1_63' title='bbox 1850 943 1930 987; x_wconf 85' lang='lat' dir='ltr'><strong>est</strong></span> <span class='ocrx_word' id='word_1_64' title='bbox 1976 933 2039 986; x_wconf 90' lang='lat' dir='ltr'><strong>ad</strong></span> 
     </span>
    </p>
   </div>
   <div class='ocr_carea' id='block_1_11' title="bbox 457 1023 2039 1099">
    <p class='ocr_par' dir='ltr' id='par_1_11' title="bbox 457 1023 2039 1099">
     <span class='ocr_line' id='line_1_11' title="bbox 457 1023 2039 1099; baseline -0.005 -16"><span class='ocrx_word' id='word_1_65' title='bbox 457 1028 884 1099; x_wconf 71' lang='lat' dir='ltr'><strong>CXPIaIIalldUIII,</strong></span> <span class='ocrx_word' id='word_1_66' title='bbox 918 1027 1008 1079; x_wconf 91' lang='lat' dir='ltr'><strong>sed</strong></span> <span class='ocrx_word' id='word_1_67' title='bbox 1054 1026 1096 1079; x_wconf 90' lang='lat' dir='ltr'><strong>si</strong></span> <span class='ocrx_word' id='word_1_68' title='bbox 1124 1026 1469 1077; x_wconf 79' lang='lat' dir='ltr'><strong>orationibus</strong></span> <span class='ocrx_word' id='word_1_69' title='bbox 1499 1027 1699 1078; x_wconf 84' lang='lat' dir='ltr'><strong>vestris</strong></span> <span class='ocrx_word' id='word_1_70' title='bbox 1735 1026 1901 1078; x_wconf 90' lang='lat' dir='ltr'><strong>Deunt</strong></span> <span class='ocrx_word' id='word_1_71' title='bbox 1935 1023 2039 1076; x_wconf 88' lang='lat' dir='ltr'><strong>Pa-</strong></span> 
     </span>
    </p>
   </div>
   <div class='ocr_carea' id='block_1_12' title="bbox 463 1116 2039 1185">
    <p class='ocr_par' dir='ltr' id='par_1_12' title="bbox 463 1116 2039 1185">
     <span class='ocr_line' id='line_1_12' title="bbox 463 1116 2039 1185; baseline -0.002 -13"><span class='ocrx_word' id='word_1_72' title='bbox 463 1129 602 1173; x_wconf 86' lang='lat' dir='ltr'><strong>trem</strong></span> <span class='ocrx_word' id='word_1_73' title='bbox 638 1117 800 1171; x_wconf 84' lang='lat' dir='ltr'><strong>Verbi</strong></span> <span class='ocrx_word' id='word_1_74' title='bbox 851 1118 1243 1185; x_wconf 86' lang='lat' dir='ltr'><strong>deprecemini,</strong></span> <span class='ocrx_word' id='word_1_75' title='bbox 1273 1128 1330 1169; x_wconf 89' lang='lat' dir='ltr'><strong>ttt</strong></span> <span class='ocrx_word' id='word_1_76' title='bbox 1365 1133 1460 1171; x_wconf 88' lang='lat' dir='ltr'><strong>nos</strong></span> <span class='ocrx_word' id='word_1_77' title='bbox 1494 1118 1802 1171; x_wconf 89' lang='lat' dir='ltr'><strong>illuminare</strong></span> <span class='ocrx_word' id='word_1_78' title='bbox 1849 1116 2039 1184; x_wconf 82' lang='lat' dir='ltr'><strong>digne-</strong></span> 
     </span>
    </p>
   </div>
   <div class='ocr_carea' id='block_1_13' title="bbox 466 1207 2040 1307">
    <p class='ocr_par' dir='ltr' id='par_1_13' title="bbox 466 1207 2040 1307">
     <span class='ocr_line' id='line_1_13' title="bbox 466 1207 2040 1307; baseline -0.002 -46"><span class='ocrx_word' id='word_1_79' title='bbox 466 1221 574 1271; x_wconf 89' lang='lat' dir='ltr'><strong>tur,</strong></span> <span class='ocrx_word' id='word_1_80' title='bbox 612 1208 729 1275; x_wconf 85' lang='lat' dir='ltr'><strong>ipso</strong></span> <span class='ocrx_word' id='word_1_81' title='bbox 769 1207 1003 1261; x_wconf 88' lang='lat' dir='ltr'><strong>donante</strong></span> <span class='ocrx_word' id='word_1_82' title='bbox 1033 1208 1233 1277; x_wconf 91' lang='lat' dir='ltr'><strong>poterit</strong></span> <span class='ocrx_word' id='word_1_83' title='bbox 1277 1209 1582 1275; x_wconf 80' lang='lat' dir='ltr'><strong>explanari.</strong></span> <span class='ocrx_word' id='word_1_84' title='bbox 1626 1207 1815 1262; x_wconf 91' lang='lat' dir='ltr'><strong>Omnis</strong></span> <span class='ocrx_word' id='word_1_85' title='bbox 1832 1207 1935 1307; x_wconf 68' lang='grc' dir='ltr'><strong>,Ἦί</strong></span> <span class='ocrx_word' id='word_1_86' title='bbox 1960 1208 2040 1259; x_wconf 86' lang='lat' dir='ltr'><strong>itt-</strong></span> 
     </span>
    </p>
   </div>
   <div class='ocr_carea' id='block_1_14' title="bbox 462 1296 2041 1375">
    <p class='ocr_par' dir='ltr' id='par_1_14' title="bbox 462 1296 2041 1375">
     <span class='ocr_line' id='line_1_14' title="bbox 462 1296 2041 1375; baseline -0.001 -26"><span class='ocrx_word' id='word_1_87' title='bbox 462 1299 706 1367; x_wconf 74' lang='lat' dir='ltr'><strong>greditur</strong></span> <span class='ocrx_word' id='word_1_88' title='bbox 768 1299 912 1351; x_wconf 90' lang='lat' dir='ltr'><strong>hunc</strong></span> <span class='ocrx_word' id='word_1_89' title='bbox 947 1300 1227 1361; x_wconf 88' lang='lat' dir='ltr'><strong>mundum,</strong></span> <span class='ocrx_word' id='word_1_90' title='bbox 1262 1299 1313 1351; x_wconf 90' lang='lat' dir='ltr'><strong>in</strong></span> <span class='ocrx_word' id='word_1_91' title='bbox 1365 1300 1594 1367; x_wconf 88' lang='lat' dir='ltr'><strong>quadam</strong></span> <span class='ocrx_word' id='word_1_92' title='bbox 1632 1296 2041 1375; x_wconf 64' lang='lat' dir='ltr'><strong>contamﬁt‘atio-</strong></span> 
     </span>
    </p>
   </div>
   <div class='ocr_carea' id='block_1_15' title="bbox 464 1388 2035 1460">
    <p class='ocr_par' dir='ltr' id='par_1_15' title="bbox 464 1388 2035 1460">
     <span class='ocr_line' id='line_1_15' title="bbox 464 1388 2035 1460; baseline -0.003 -16"><span class='ocrx_word' id='word_1_93' title='bbox 464 1407 530 1444; x_wconf 91' lang='lat' dir='ltr'><strong>ne</strong></span> <span class='ocrx_word' id='word_1_94' title='bbox 559 1390 695 1445; x_wconf 86' lang='lat' dir='ltr'><strong>elIici</strong></span> <span class='ocrx_word' id='word_1_95' title='bbox 727 1392 950 1445; x_wconf 91' lang='lat' dir='ltr'><strong>dicitur.</strong></span> <span class='ocrx_word' id='word_1_96' title='bbox 976 1391 1205 1458; x_wconf 83' lang='lat' dir='ltr'><strong>Propter</strong></span> <span class='ocrx_word' id='word_1_97' title='bbox 1223 1391 1364 1460; x_wconf 91' lang='lat' dir='ltr'><strong>quod</strong></span> <span class='ocrx_word' id='word_1_98' title='bbox 1398 1399 1454 1444; x_wconf 94' lang='lat' dir='ltr'><strong>et</strong></span> <span class='ocrx_word' id='word_1_99' title='bbox 1482 1389 1765 1458; x_wconf 85' lang='lat' dir='ltr'><strong>Scriptura</strong></span> <span class='ocrx_word' id='word_1_100' title='bbox 1796 1389 1929 1443; x_wconf 89' lang='lat' dir='ltr'><strong>dicit</strong></span> <span class='ocrx_word' id='word_1_101' title='bbox 1951 1388 1997 1418; x_wconf 86' lang='grc'>⁷³</span> <span class='ocrx_word' id='word_1_102' title='bbox 2022 1404 2035 1439; x_wconf 91' lang='lat'><strong>:</strong></span> 
     </span>
    </p>
   </div>
   <div class='ocr_carea' id='block_1_16' title="bbox 468 1478 2040 1544">
    <p class='ocr_par' dir='ltr' id='par_1_16' title="bbox 468 1478 2040 1544">
     <span class='ocr_line' id='line_1_16' title="bbox 468 1478 2040 1544; baseline -0.001 -12"><span class='ocrx_word' id='word_1_103' title='bbox 468 1499 487 1532; x_wconf 81' lang='grc'><em>‹</em></span> <span class='ocrx_word' id='word_1_104' title='bbox 511 1480 676 1535; x_wconf 83' lang='lat' dir='ltr'><strong>Nemo</strong></span> <span class='ocrx_word' id='word_1_105' title='bbox 714 1482 941 1535; x_wconf 90' lang='lat' dir='ltr'><strong>tnundus</strong></span> <span class='ocrx_word' id='word_1_106' title='bbox 975 1497 1003 1534; x_wconf 88' lang='lat' dir='ltr'><strong>a</strong></span> <span class='ocrx_word' id='word_1_107' title='bbox 1040 1481 1220 1544; x_wconf 86' lang='lat' dir='ltr'><strong>sorde,</strong></span> <span class='ocrx_word' id='word_1_108' title='bbox 1258 1496 1357 1535; x_wconf 91' lang='lat' dir='ltr'><strong>nec</strong></span> <span class='ocrx_word' id='word_1_109' title='bbox 1414 1484 1456 1535; x_wconf 91' lang='lat' dir='ltr'><strong>si</strong></span> <span class='ocrx_word' id='word_1_110' title='bbox 1513 1482 1671 1535; x_wconf 91' lang='lat' dir='ltr'><strong>unius</strong></span> <span class='ocrx_word' id='word_1_111' title='bbox 1717 1481 1821 1534; x_wconf 90' lang='lat' dir='ltr'><strong>diei</strong></span> <span class='ocrx_word' id='word_1_112' title='bbox 1874 1478 2040 1533; x_wconf 80' lang='lat' dir='ltr'><strong>fuerit</strong></span> 
     </span>
    </p>
   </div>
   <div class='ocr_carea' id='block_1_17' title="bbox 462 1570 2040 1641">
    <p class='ocr_par' dir='ltr' id='par_1_17' title="bbox 462 1570 2040 1641">
     <span class='ocr_line' id='line_1_17' title="bbox 462 1570 2040 1641; baseline 0.001 -19"><span class='ocrx_word' id='word_1_113' title='bbox 462 1572 573 1624; x_wconf 88' lang='lat' dir='ltr'><strong>vita</strong></span> <span class='ocrx_word' id='word_1_114' title='bbox 601 1570 737 1638; x_wconf 86' lang='lat' dir='ltr'><strong>ejus.</strong></span> <span class='ocrx_word' id='word_1_115' title='bbox 772 1590 790 1624; x_wconf 77' lang='grc' dir='ltr'><strong><em>ι</em></strong></span> <span class='ocrx_word' id='word_1_116' title='bbox 821 1570 933 1625; x_wconf 78' lang='lat' dir='ltr'><strong>Hoc</strong></span> <span class='ocrx_word' id='word_1_117' title='bbox 965 1571 1083 1641; x_wconf 90' lang='lat' dir='ltr'><strong>ipso</strong></span> <span class='ocrx_word' id='word_1_118' title='bbox 1117 1586 1247 1641; x_wconf 81' lang='lat' dir='ltr'><strong>ergo</strong></span> <span class='ocrx_word' id='word_1_119' title='bbox 1286 1572 1427 1640; x_wconf 89' lang='lat' dir='ltr'><strong>quod</strong></span> <span class='ocrx_word' id='word_1_120' title='bbox 1462 1570 1513 1623; x_wconf 89' lang='lat' dir='ltr'><strong>in</strong></span> <span class='ocrx_word' id='word_1_121' title='bbox 1544 1571 1703 1624; x_wconf 83' lang='lat' dir='ltr'><strong>vulva</strong></span> <span class='ocrx_word' id='word_1_122' title='bbox 1732 1572 1923 1624; x_wconf 83' lang='lat' dir='ltr'><strong>matris</strong></span> <span class='ocrx_word' id='word_1_123' title='bbox 1955 1579 2040 1624; x_wconf 87' lang='lat' dir='ltr'><strong>est</strong></span> 
     </span>
    </p>
   </div>
   <div class='ocr_carea' id='block_1_18' title="bbox 462 1662 2039 1735">
    <p class='ocr_par' dir='ltr' id='par_1_18' title="bbox 462 1662 2039 1735">
     <span class='ocr_line' id='line_1_18' title="bbox 462 1662 2039 1735; baseline -0.002 -19"><span class='ocrx_word' id='word_1_124' title='bbox 462 1666 693 1735; x_wconf 89' lang='lat' dir='ltr'><strong>positus,</strong></span> <span class='ocrx_word' id='word_1_125' title='bbox 720 1672 774 1717; x_wconf 91' lang='lat' dir='ltr'><strong>et</strong></span> <span class='ocrx_word' id='word_1_126' title='bbox 808 1665 949 1731; x_wconf 91' lang='lat' dir='ltr'><strong>quod</strong></span> <span class='ocrx_word' id='word_1_127' title='bbox 993 1663 1276 1717; x_wconf 88' lang='lat' dir='ltr'><strong>materiam</strong></span> <span class='ocrx_word' id='word_1_128' title='bbox 1311 1663 1559 1731; x_wconf 91' lang='lat' dir='ltr'><strong>corporis</strong></span> <span class='ocrx_word' id='word_1_129' title='bbox 1602 1664 1668 1715; x_wconf 90' lang='lat' dir='ltr'><strong>ab</strong></span> <span class='ocrx_word' id='word_1_130' title='bbox 1705 1662 1914 1730; x_wconf 80' lang='lat' dir='ltr'><strong>origine</strong></span> <span class='ocrx_word' id='word_1_131' title='bbox 1943 1678 2039 1729; x_wconf 90' lang='lat' dir='ltr'><strong>pa-</strong></span> 
     </span>
    </p>
   </div>
   <div class='ocr_carea' id='block_1_19' title="bbox 2147 468 3714 542">
    <p class='ocr_par' dir='ltr' id='par_1_19' title="bbox 2147 468 3714 542">
     <span class='ocr_line' id='line_1_19' title="bbox 2147 468 3714 542; baseline -0.006 -11"><span class='ocrx_word' id='word_1_132' title='bbox 2147 494 2252 531; x_wconf 91' lang='lat' dir='ltr'><strong>non</strong></span> <span class='ocrx_word' id='word_1_133' title='bbox 2295 474 2623 538; x_wconf 79' lang='lat' dir='ltr'><strong>referantur,</strong></span> <span class='ocrx_word' id='word_1_134' title='bbox 2655 473 2930 542; x_wconf 86' lang='lat' dir='ltr'><strong>quomodo</strong></span> <span class='ocrx_word' id='word_1_135' title='bbox 2968 470 3264 525; x_wconf 86' lang='lat' dir='ltr'><strong>secundum</strong></span> <span class='ocrx_word' id='word_1_136' title='bbox 3300 468 3533 523; x_wconf 78' lang='lat' dir='ltr'><strong>litteram</strong></span> <span class='ocrx_word' id='word_1_137' title='bbox 3583 483 3714 536; x_wconf 87' lang='lat' dir='ltr'><strong>pro-</strong></span> 
     </span>
    </p>
   </div>
   <div class='ocr_carea' id='block_1_20' title="bbox 2146 566 3715 634">
    <p class='ocr_par' dir='ltr' id='par_1_20' title="bbox 2146 566 3715 634">
     <span class='ocr_line' id='line_1_20' title="bbox 2146 566 3715 634; baseline -0.004 -12"><span class='ocrx_word' id='word_1_138' title='bbox 2146 570 2387 633; x_wconf 88' lang='lat' dir='ltr'><strong>babitur,</strong></span> <span class='ocrx_word' id='word_1_139' title='bbox 2408 566 2550 634; x_wconf 89' lang='lat' dir='ltr'><strong>quod</strong></span> <span class='ocrx_word' id='word_1_140' title='bbox 2582 568 2646 619; x_wconf 91' lang='lat' dir='ltr'><strong>de</strong></span> <span class='ocrx_word' id='word_1_141' title='bbox 2672 566 2876 619; x_wconf 77' lang='lat' dir='ltr'><strong>sanctis</strong></span> <span class='ocrx_word' id='word_1_142' title='bbox 2908 578 3012 617; x_wconf 93' lang='lat' dir='ltr'><strong>non</strong></span> <span class='ocrx_word' id='word_1_143' title='bbox 3063 572 3223 617; x_wconf 84' lang='lat' dir='ltr'><strong>exeat</strong></span> <span class='ocrx_word' id='word_1_144' title='bbox 3258 576 3486 630; x_wconf 84' lang='lat' dir='ltr'><strong>magnus</strong></span> <span class='ocrx_word' id='word_1_145' title='bbox 3536 575 3715 616; x_wconf 81' lang='lat' dir='ltr'><strong>sacer-</strong></span> 
     </span>
    </p>
   </div>
   <div class='ocr_carea' id='block_1_21' title="bbox 2147 653 3710 728">
    <p class='ocr_par' dir='ltr' id='par_1_21' title="bbox 2147 653 3710 728">
     <span class='ocr_line' id='line_1_21' title="bbox 2147 653 3710 728; baseline -0.006 -12"><span class='ocrx_word' id='word_1_146' title='bbox 2147 664 2265 723; x_wconf 88' lang='lat' dir='ltr'><strong>dos,</strong></span> <span class='ocrx_word' id='word_1_147' title='bbox 2301 662 2393 728; x_wconf 86' lang='lat' dir='ltr'><strong>qui</strong></span> <span class='ocrx_word' id='word_1_148' title='bbox 2422 660 2607 727; x_wconf 88' lang='lat' dir='ltr'><strong>utique</strong></span> <span class='ocrx_word' id='word_1_149' title='bbox 2635 669 2687 711; x_wconf 88' lang='lat' dir='ltr'><strong>et</strong></span> <span class='ocrx_word' id='word_1_150' title='bbox 2712 671 2933 710; x_wconf 81' lang='lat' dir='ltr'><strong>uxorem</strong></span> <span class='ocrx_word' id='word_1_151' title='bbox 2958 654 3283 722; x_wconf 85' lang='lat' dir='ltr'><strong>accipiebat,</strong></span> <span class='ocrx_word' id='word_1_152' title='bbox 3310 654 3450 708; x_wconf 88' lang='lat' dir='ltr'><strong>sicut</strong></span> <span class='ocrx_word' id='word_1_153' title='bbox 3477 653 3710 707; x_wconf 82' lang='lat' dir='ltr'><strong>inferius</strong></span> 
     </span>
    </p>
   </div>
   <div class='ocr_carea' id='block_1_22' title="bbox 2145 742 3712 815">
    <p class='ocr_par' dir='ltr' id='par_1_22' title="bbox 2145 742 3712 815">
     <span class='ocr_line' id='line_1_22' title="bbox 2145 742 3712 815; baseline -0.003 -13"><span class='ocrx_word' id='word_1_154' title='bbox 2145 748 2364 810; x_wconf 87' lang='lat' dir='ltr'><strong>dicitur,</strong></span> <span class='ocrx_word' id='word_1_155' title='bbox 2398 747 2667 815; x_wconf 85' lang='lat' dir='ltr'><strong>virginem</strong></span> <span class='ocrx_word' id='word_1_156' title='bbox 2695 746 2760 797; x_wconf 89' lang='lat' dir='ltr'><strong>de</strong></span> <span class='ocrx_word' id='word_1_157' title='bbox 2791 758 2988 813; x_wconf 82' lang='lat' dir='ltr'><strong>genere</strong></span> <span class='ocrx_word' id='word_1_158' title='bbox 3021 744 3154 796; x_wconf 87' lang='lat' dir='ltr'><strong>suo?</strong></span> <span class='ocrx_word' id='word_1_159' title='bbox 3187 742 3241 795; x_wconf 90' lang='lat' dir='ltr'><strong>Si</strong></span> <span class='ocrx_word' id='word_1_160' title='bbox 3278 744 3343 797; x_wconf 89' lang='lat' dir='ltr'><strong>de</strong></span> <span class='ocrx_word' id='word_1_161' title='bbox 3374 744 3579 797; x_wconf 75' lang='lat' dir='ltr'><strong>sanctis</strong></span> <span class='ocrx_word' id='word_1_162' title='bbox 3606 759 3712 797; x_wconf 89' lang='lat' dir='ltr'><strong>non</strong></span> 
     </span>
    </p>
   </div>
   <div class='ocr_carea' id='block_1_23' title="bbox 2144 833 3716 905">
    <p class='ocr_par' dir='ltr' id='par_1_23' title="bbox 2144 833 3716 905">
     <span class='ocr_line' id='line_1_23' title="bbox 2144 833 3716 905; baseline -0.001 -14"><span class='ocrx_word' id='word_1_163' title='bbox 2144 839 2276 900; x_wconf 90' lang='lat' dir='ltr'><strong>exit,</strong></span> <span class='ocrx_word' id='word_1_164' title='bbox 2310 838 2352 890; x_wconf 94' lang='lat' dir='ltr'><strong>si</strong></span> <span class='ocrx_word' id='word_1_165' title='bbox 2388 852 2653 905; x_wconf 83' lang='lat' dir='ltr'><strong>nusquam</strong></span> <span class='ocrx_word' id='word_1_166' title='bbox 2696 835 2965 903; x_wconf 90' lang='lat' dir='ltr'><strong>procedit,</strong></span> <span class='ocrx_word' id='word_1_167' title='bbox 2999 834 3272 905; x_wconf 88' lang='lat' dir='ltr'><strong>quomodo</strong></span> <span class='ocrx_word' id='word_1_168' title='bbox 3328 844 3421 887; x_wconf 93' lang='lat' dir='ltr'><strong>aut</strong></span> <span class='ocrx_word' id='word_1_169' title='bbox 3474 833 3539 887; x_wconf 91' lang='lat' dir='ltr'><strong>ad</strong></span> <span class='ocrx_word' id='word_1_170' title='bbox 3577 850 3716 901; x_wconf 88' lang='lat' dir='ltr'><strong>quos</strong></span> 
     </span>
    </p>
   </div>
   <div class='ocr_carea' id='block_1_24' title="bbox 2146 926 3711 999">
    <p class='ocr_par' dir='ltr' id='par_1_24' title="bbox 2146 926 3711 999">
     <span class='ocr_line' id='line_1_24' title="bbox 2146 926 3711 999; baseline -0.003 -14"><span class='ocrx_word' id='word_1_171' title='bbox 2146 946 2276 985; x_wconf 91' lang='lat' dir='ltr'><strong>usus</strong></span> <span class='ocrx_word' id='word_1_172' title='bbox 2308 931 2551 999; x_wconf 89' lang='lat' dir='ltr'><strong>accipere</strong></span> <span class='ocrx_word' id='word_1_173' title='bbox 2573 929 2798 997; x_wconf 90' lang='lat' dir='ltr'><strong>jubctttr</strong></span> <span class='ocrx_word' id='word_1_174' title='bbox 2827 928 3093 982; x_wconf 79' lang='lat' dir='ltr'><strong>uxorem?</strong></span> <span class='ocrx_word' id='word_1_175' title='bbox 3122 927 3309 995; x_wconf 81' lang='lat' dir='ltr'><strong>Neque</strong></span> <span class='ocrx_word' id='word_1_176' title='bbox 3335 926 3476 981; x_wconf 89' lang='lat' dir='ltr'><strong>enim</strong></span> <span class='ocrx_word' id='word_1_177' title='bbox 3512 937 3711 995; x_wconf 88' lang='lat' dir='ltr'><strong>putan-</strong></span> 
     </span>
    </p>
   </div>
   <div class='ocr_carea' id='block_1_25' title="bbox 2143 1014 3712 1085">
    <p class='ocr_par' dir='ltr' id='par_1_25' title="bbox 2143 1014 3712 1085">
     <span class='ocr_line' id='line_1_25' title="bbox 2143 1014 3712 1085; baseline -0.004 -12"><span class='ocrx_word' id='word_1_178' title='bbox 2143 1021 2273 1075; x_wconf 91' lang='lat' dir='ltr'><strong>dum</strong></span> <span class='ocrx_word' id='word_1_179' title='bbox 2306 1028 2390 1072; x_wconf 91' lang='lat' dir='ltr'><strong>est</strong></span> <span class='ocrx_word' id='word_1_180' title='bbox 2437 1019 2580 1085; x_wconf 90' lang='lat' dir='ltr'><strong>quod</strong></span> <span class='ocrx_word' id='word_1_181' title='bbox 2614 1031 2735 1070; x_wconf 79' lang='lat' dir='ltr'><strong>cum</strong></span> <span class='ocrx_word' id='word_1_182' title='bbox 2764 1028 2935 1067; x_wconf 81' lang='lat' dir='ltr'><strong>uxore</strong></span> <span class='ocrx_word' id='word_1_183' title='bbox 2968 1014 3108 1066; x_wconf 89' lang='lat' dir='ltr'><strong>intra</strong></span> <span class='ocrx_word' id='word_1_184' title='bbox 3146 1022 3335 1067; x_wconf 85' lang='lat' dir='ltr'><strong>sancta</strong></span> <span class='ocrx_word' id='word_1_185' title='bbox 3371 1028 3593 1066; x_wconf 88' lang='lat' dir='ltr'><strong>manere</strong></span> <span class='ocrx_word' id='word_1_186' title='bbox 3619 1029 3712 1082; x_wconf 88' lang='lat' dir='ltr'><strong>po-</strong></span> 
     </span>
    </p>
   </div>
   <div class='ocr_carea' id='block_1_26' title="bbox 2146 1102 3715 1175">
    <p class='ocr_par' dir='ltr' id='par_1_26' title="bbox 2146 1102 3715 1175">
     <span class='ocr_line' id='line_1_26' title="bbox 2146 1102 3715 1175; baseline -0.003 -14"><span class='ocrx_word' id='word_1_187' title='bbox 2146 1109 2330 1162; x_wconf 92' lang='lat' dir='ltr'><strong>tuerit.</strong></span> <span class='ocrx_word' id='word_1_188' title='bbox 2365 1106 2468 1161; x_wconf 91' lang='lat' dir='ltr'><strong>Sed</strong></span> <span class='ocrx_word' id='word_1_189' title='bbox 2497 1106 2613 1160; x_wconf 69' lang='lat' dir='ltr'><strong>hate</strong></span> <span class='ocrx_word' id='word_1_190' title='bbox 2640 1112 2832 1175; x_wconf 89' lang='lat' dir='ltr'><strong>putent</strong></span> <span class='ocrx_word' id='word_1_191' title='bbox 2878 1102 2978 1169; x_wconf 79' lang='lat' dir='ltr'><strong>illi,</strong></span> <span class='ocrx_word' id='word_1_192' title='bbox 3006 1103 3198 1172; x_wconf 90' lang='lat' dir='ltr'><strong>quibus</strong></span> <span class='ocrx_word' id='word_1_193' title='bbox 3224 1104 3438 1172; x_wconf 90' lang='lat' dir='ltr'><strong>placent</strong></span> <span class='ocrx_word' id='word_1_194' title='bbox 3470 1102 3715 1158; x_wconf 65' lang='lat' dir='ltr'><strong>Judaicaa</strong></span> 
     </span>
    </p>
   </div>
   <div class='ocr_carea' id='block_1_27' title="bbox 2145 1194 3714 1261">
    <p class='ocr_par' dir='ltr' id='par_1_27' title="bbox 2145 1194 3714 1261">
     <span class='ocr_line' id='line_1_27' title="bbox 2145 1194 3714 1261; baseline -0.001 -12"><span class='ocrx_word' id='word_1_195' title='bbox 2145 1198 2360 1251; x_wconf 79' lang='lat' dir='ltr'><strong>fabulae.</strong></span> <span class='ocrx_word' id='word_1_196' title='bbox 2393 1195 2499 1250; x_wconf 85' lang='lat' dir='ltr'><strong>Nos</strong></span> <span class='ocrx_word' id='word_1_197' title='bbox 2529 1206 2712 1249; x_wconf 87' lang='lat' dir='ltr'><strong>autem</strong></span> <span class='ocrx_word' id='word_1_198' title='bbox 2768 1194 3033 1247; x_wconf 84' lang='lat' dir='ltr'><strong>habemus</strong></span> <span class='ocrx_word' id='word_1_199' title='bbox 3084 1194 3424 1247; x_wconf 88' lang='lat' dir='ltr'><strong>sacerdotem</strong></span> <span class='ocrx_word' id='word_1_200' title='bbox 3463 1209 3714 1261; x_wconf 86' lang='lat' dir='ltr'><strong>magnum</strong></span> 
     </span>
    </p>
   </div>
   <div class='ocr_carea' id='block_1_28' title="bbox 2141 1282 3713 1349">
    <p class='ocr_par' dir='ltr' id='par_1_28' title="bbox 2141 1282 3713 1349">
     <span class='ocr_line' id='line_1_28' title="bbox 2141 1282 3713 1349; baseline 0 -10"><span class='ocrx_word' id='word_1_201' title='bbox 2141 1287 2435 1340; x_wconf 88' lang='lat' dir='ltr'><strong>secundum</strong></span> <span class='ocrx_word' id='word_1_202' title='bbox 2488 1286 2735 1339; x_wconf 91' lang='lat' dir='ltr'><strong>ordinem</strong></span> <span class='ocrx_word' id='word_1_203' title='bbox 2769 1282 3167 1337; x_wconf 82' lang='lat' dir='ltr'><strong>Melchisedech</strong></span> <span class='ocrx_word' id='word_1_204' title='bbox 3198 1283 3477 1339; x_wconf 86' lang='lat' dir='ltr'><strong>Christum</strong></span> <span class='ocrx_word' id='word_1_205' title='bbox 3504 1283 3713 1349; x_wconf 82' lang='lat' dir='ltr'><strong>Jesum,</strong></span> 
     </span>
    </p>
   </div>
   <div class='ocr_carea' id='block_1_29' title="bbox 2143 1378 3713 1448">
    <p class='ocr_par' dir='ltr' id='par_1_29' title="bbox 2143 1378 3713 1448">
     <span class='ocr_line' id='line_1_29' title="bbox 2143 1378 3713 1448; baseline -0.001 -15"><span class='ocrx_word' id='word_1_206' title='bbox 2143 1394 2418 1448; x_wconf 89' lang='lat' dir='ltr'><strong>nunquam</strong></span> <span class='ocrx_word' id='word_1_207' title='bbox 2474 1379 2538 1431; x_wconf 90' lang='lat' dir='ltr'><strong>de</strong></span> <span class='ocrx_word' id='word_1_208' title='bbox 2588 1378 2800 1432; x_wconf 87' lang='lat' dir='ltr'><strong>sanctis</strong></span> <span class='ocrx_word' id='word_1_209' title='bbox 2852 1386 3186 1440; x_wconf 83' lang='lat' dir='ltr'><strong>exeuntem;</strong></span> <span class='ocrx_word' id='word_1_210' title='bbox 3232 1391 3449 1446; x_wconf 90' lang='lat' dir='ltr'><strong>semper</strong></span> <span class='ocrx_word' id='word_1_211' title='bbox 3480 1379 3625 1432; x_wconf 89' lang='lat' dir='ltr'><strong>enim</strong></span> <span class='ocrx_word' id='word_1_212' title='bbox 3662 1380 3713 1432; x_wconf 91' lang='lat' dir='ltr'><strong>in</strong></span> 
     </span>
    </p>
   </div>
   <div class='ocr_carea' id='block_1_30' title="bbox 2142 1468 3715 1538">
    <p class='ocr_par' dir='ltr' id='par_1_30' title="bbox 2142 1468 3715 1538">
     <span class='ocr_line' id='line_1_30' title="bbox 2142 1468 3715 1538; baseline -0.001 -13"><span class='ocrx_word' id='word_1_213' title='bbox 2142 1469 2352 1525; x_wconf 89' lang='lat' dir='ltr'><strong>sanctis</strong></span> <span class='ocrx_word' id='word_1_214' title='bbox 2383 1478 2486 1534; x_wconf 88' lang='lat' dir='ltr'><strong>est,</strong></span> <span class='ocrx_word' id='word_1_215' title='bbox 2517 1477 2572 1524; x_wconf 89' lang='lat' dir='ltr'><strong>et</strong></span> <span class='ocrx_word' id='word_1_216' title='bbox 2604 1480 2789 1523; x_wconf 89' lang='lat' dir='ltr'><strong>manet</strong></span> <span class='ocrx_word' id='word_1_217' title='bbox 2814 1484 3028 1538; x_wconf 89' lang='lat' dir='ltr'><strong>semper</strong></span> <span class='ocrx_word' id='word_1_218' title='bbox 3051 1478 3270 1521; x_wconf 91' lang='lat' dir='ltr'><strong>sanctus</strong></span> <span class='ocrx_word' id='word_1_219' title='bbox 3303 1468 3354 1521; x_wconf 89' lang='lat' dir='ltr'><strong>in</strong></span> <span class='ocrx_word' id='word_1_220' title='bbox 3382 1468 3562 1523; x_wconf 87' lang='lat' dir='ltr'><strong>verbis</strong></span> <span class='ocrx_word' id='word_1_221' title='bbox 3579 1470 3715 1535; x_wconf 89' lang='lat' dir='ltr'><strong>suis,</strong></span> 
     </span>
    </p>
   </div>
   <div class='ocr_carea' id='block_1_31' title="bbox 2142 1558 3712 1626">
    <p class='ocr_par' dir='ltr' id='par_1_31' title="bbox 2142 1558 3712 1626">
     <span class='ocr_line' id='line_1_31' title="bbox 2142 1558 3712 1626; baseline 0.001 -13"><span class='ocrx_word' id='word_1_222' title='bbox 2142 1569 2362 1613; x_wconf 90' lang='lat' dir='ltr'><strong>sanctus</strong></span> <span class='ocrx_word' id='word_1_223' title='bbox 2393 1559 2445 1612; x_wconf 90' lang='lat' dir='ltr'><strong>itt</strong></span> <span class='ocrx_word' id='word_1_224' title='bbox 2482 1559 2695 1613; x_wconf 85' lang='lat' dir='ltr'><strong>actibus</strong></span> <span class='ocrx_word' id='word_1_225' title='bbox 2726 1561 2864 1626; x_wconf 57' lang='lat' dir='ltr'><strong>suis,</strong></span> <span class='ocrx_word' id='word_1_226' title='bbox 2897 1569 3117 1614; x_wconf 89' lang='lat' dir='ltr'><strong>sanctus</strong></span> <span class='ocrx_word' id='word_1_227' title='bbox 3146 1558 3198 1611; x_wconf 92' lang='lat' dir='ltr'><strong>in</strong></span> <span class='ocrx_word' id='word_1_228' title='bbox 3232 1558 3487 1614; x_wconf 89' lang='lat' dir='ltr'><strong>omnibus</strong></span> <span class='ocrx_word' id='word_1_229' title='bbox 3522 1561 3712 1614; x_wconf 91' lang='lat' dir='ltr'><strong>volun-</strong></span> 
     </span>
    </p>
   </div>
   <div class='ocr_carea' id='block_1_32' title="bbox 2144 1649 3715 1719">
    <p class='ocr_par' dir='ltr' id='par_1_32' title="bbox 2144 1649 3715 1719">
     <span class='ocr_line' id='line_1_32' title="bbox 2144 1649 3715 1719; baseline 0.003 -18"><span class='ocrx_word' id='word_1_230' title='bbox 2144 1649 2345 1703; x_wconf 84' lang='lat' dir='ltr'><strong>tatibus</strong></span> <span class='ocrx_word' id='word_1_231' title='bbox 2392 1650 2525 1715; x_wconf 88' lang='lat' dir='ltr'><strong>suis,</strong></span> <span class='ocrx_word' id='word_1_232' title='bbox 2554 1661 2608 1704; x_wconf 91' lang='lat' dir='ltr'><strong>et</strong></span> <span class='ocrx_word' id='word_1_233' title='bbox 2638 1650 2787 1705; x_wconf 84' lang='lat' dir='ltr'><strong>solus</strong></span> <span class='ocrx_word' id='word_1_234' title='bbox 2821 1660 2904 1705; x_wconf 91' lang='lat' dir='ltr'><strong>est</strong></span> <span class='ocrx_word' id='word_1_235' title='bbox 2952 1651 3043 1719; x_wconf 89' lang='lat' dir='ltr'><strong>qui</strong></span> <span class='ocrx_word' id='word_1_236' title='bbox 3097 1666 3370 1719; x_wconf 88' lang='lat' dir='ltr'><strong>nunquam</strong></span> <span class='ocrx_word' id='word_1_237' title='bbox 3407 1650 3715 1706; x_wconf 79' lang='lat' dir='ltr'><strong>inveniatur</strong></span> 
     </span>
    </p>
   </div>
   <div class='ocr_carea' id='block_1_33' title="bbox 464 1728 2036 1823">
    <p class='ocr_par' dir='ltr' id='par_1_33' title="bbox 464 1754 2036 1823">
     <span class='ocr_line' id='line_1_33' title="bbox 464 1754 2036 1823; baseline -0.002 -13"><span class='ocrx_word' id='word_1_238' title='bbox 464 1757 605 1810; x_wconf 92' lang='lat' dir='ltr'><strong>terni</strong></span> <span class='ocrx_word' id='word_1_239' title='bbox 648 1756 871 1810; x_wconf 90' lang='lat' dir='ltr'><strong>seminis</strong></span> <span class='ocrx_word' id='word_1_240' title='bbox 904 1755 1090 1821; x_wconf 89' lang='lat' dir='ltr'><strong>sumit,</strong></span> <span class='ocrx_word' id='word_1_241' title='bbox 1127 1755 1177 1807; x_wconf 95' lang='lat' dir='ltr'><strong>in</strong></span> <span class='ocrx_word' id='word_1_242' title='bbox 1209 1764 1361 1823; x_wconf 85' lang='lat' dir='ltr'><strong>patre</strong></span> <span class='ocrx_word' id='word_1_243' title='bbox 1384 1755 1515 1808; x_wconf 90' lang='lat' dir='ltr'><strong>etin</strong></span> <span class='ocrx_word' id='word_1_244' title='bbox 1562 1765 1737 1809; x_wconf 88' lang='lat' dir='ltr'><strong>matre</strong></span> <span class='ocrx_word' id='word_1_245' title='bbox 1760 1754 2036 1815; x_wconf 75' lang='lat' dir='ltr'><strong>.col&#39;ltanti-</strong></span> 
     </span>
    </p>
   </div>
   <div class='ocr_carea' id='block_1_34' title="bbox 2142 1728 3709 1823">
    <p class='ocr_par' dir='ltr' id='par_1_34' title="bbox 2142 1739 3709 1811">
     <span class='ocr_line' id='line_1_34' title="bbox 2142 1739 3709 1811; baseline 0.001 -16"><span class='ocrx_word' id='word_1_246' title='bbox 2142 1753 2296 1795; x_wconf 89' lang='lat' dir='ltr'><strong>extra</strong></span> <span class='ocrx_word' id='word_1_247' title='bbox 2327 1749 2540 1794; x_wconf 91' lang='lat' dir='ltr'><strong>sancta.</strong></span> <span class='ocrx_word' id='word_1_248' title='bbox 2578 1740 2679 1806; x_wconf 89' lang='lat' dir='ltr'><strong>Qui</strong></span> <span class='ocrx_word' id='word_1_249' title='bbox 2736 1741 2879 1795; x_wconf 90' lang='lat' dir='ltr'><strong>enim</strong></span> <span class='ocrx_word' id='word_1_250' title='bbox 2908 1750 3114 1811; x_wconf 88' lang='lat' dir='ltr'><strong>peccat,</strong></span> <span class='ocrx_word' id='word_1_251' title='bbox 3149 1740 3262 1795; x_wconf 82' lang='lat' dir='ltr'><strong>exit</strong></span> <span class='ocrx_word' id='word_1_252' title='bbox 3287 1739 3356 1795; x_wconf 89' lang='lat' dir='ltr'><strong>de</strong></span> <span class='ocrx_word' id='word_1_253' title='bbox 3389 1743 3618 1808; x_wconf 90' lang='lat' dir='ltr'><strong>sanctis;</strong></span> <span class='ocrx_word' id='word_1_254' title='bbox 3653 1752 3709 1796; x_wconf 87' lang='lat' dir='ltr'><strong>et</strong></span> 
     </span>
    </p>
   </div>
   <div class='ocr_carea' id='block_1_35' title="bbox 467 1838 2037 1915">
    <p class='ocr_par' dir='ltr' id='par_1_35' title="bbox 467 1838 2037 1915">
     <span class='ocr_line' id='line_1_35' title="bbox 467 1838 2037 1915; baseline -0.002 -14"><span class='ocrx_word' id='word_1_255' title='bbox 467 1846 749 1901; x_wconf 89' lang='lat' dir='ltr'><strong>natusdiei</strong></span> <span class='ocrx_word' id='word_1_256' title='bbox 781 1838 976 1915; x_wconf 87' lang='lat' dir='ltr'><strong>potest.</strong></span> <span class='ocrx_word' id='word_1_257' title='bbox 1003 1847 1107 1899; x_wconf 86' lang='lat' dir='ltr'><strong>Aut</strong></span> <span class='ocrx_word' id='word_1_258' title='bbox 1137 1846 1339 1909; x_wconf 89' lang='lat' dir='ltr'><strong>nescis,</strong></span> <span class='ocrx_word' id='word_1_259' title='bbox 1376 1846 1500 1914; x_wconf 88' lang='lat' dir='ltr'><strong>quia</strong></span> <span class='ocrx_word' id='word_1_260' title='bbox 1536 1861 1657 1898; x_wconf 92' lang='lat' dir='ltr'><strong>cunt</strong></span> <span class='ocrx_word' id='word_1_261' title='bbox 1681 1845 2037 1914; x_wconf 80' lang='lat' dir='ltr'><strong>quadraginta</strong></span> 
     </span>
    </p>
   </div>
   <div class='ocr_carea' id='block_1_36' title="bbox 465 1934 2039 2004">
    <p class='ocr_par' dir='ltr' id='par_1_36' title="bbox 465 1934 2039 2004">
     <span class='ocr_line' id='line_1_36' title="bbox 465 1934 2039 2004; baseline -0.003 -14"><span class='ocrx_word' id='word_1_262' title='bbox 465 1940 675 1990; x_wconf 88' lang='lat' dir='ltr'><strong>dierutn</strong></span> <span class='ocrx_word' id='word_1_263' title='bbox 720 1936 900 1991; x_wconf 78' lang='lat' dir='ltr'><strong>factus</strong></span> <span class='ocrx_word' id='word_1_264' title='bbox 937 1936 1101 1989; x_wconf 80' lang='lat' dir='ltr'><strong>fuerit</strong></span> <span class='ocrx_word' id='word_1_265' title='bbox 1158 1950 1290 2004; x_wconf 86' lang='lat' dir='ltr'><strong>puer</strong></span> <span class='ocrx_word' id='word_1_266' title='bbox 1346 1936 1640 1999; x_wconf 88' lang='lat' dir='ltr'><strong>masculus,</strong></span> <span class='ocrx_word' id='word_1_267' title='bbox 1697 1934 1922 1988; x_wconf 75' lang='lat' dir='ltr'><strong>oﬂ‘ertur</strong></span> <span class='ocrx_word' id='word_1_268' title='bbox 1972 1935 2039 1986; x_wconf 90' lang='lat' dir='ltr'><strong>ad</strong></span> 
     </span>
    </p>
   </div>
   <div class='ocr_carea' id='block_1_37' title="bbox 463 2024 2036 2097">
    <p class='ocr_par' dir='ltr' id='par_1_37' title="bbox 463 2024 2036 2097">
     <span class='ocr_line' id='line_1_37' title="bbox 463 2024 2036 2097; baseline -0.002 -13"><span class='ocrx_word' id='word_1_269' title='bbox 463 2033 657 2094; x_wconf 89' lang='lat' dir='ltr'><strong>altare,</strong></span> <span class='ocrx_word' id='word_1_270' title='bbox 694 2042 751 2083; x_wconf 91' lang='lat' dir='ltr'><strong>ut</strong></span> <span class='ocrx_word' id='word_1_271' title='bbox 786 2030 857 2083; x_wconf 92' lang='lat' dir='ltr'><strong>ibi</strong></span> <span class='ocrx_word' id='word_1_272' title='bbox 886 2028 1226 2097; x_wconf 81' lang='lat' dir='ltr'><strong>puriﬁcctur,</strong></span> <span class='ocrx_word' id='word_1_273' title='bbox 1255 2038 1509 2097; x_wconf 84' lang='lat' dir='ltr'><strong>tanquam</strong></span> <span class='ocrx_word' id='word_1_274' title='bbox 1538 2030 1628 2096; x_wconf 90' lang='lat' dir='ltr'><strong>qui</strong></span> <span class='ocrx_word' id='word_1_275' title='bbox 1656 2024 2036 2097; x_wconf 45' lang='lat' dir='ltr'><strong>pollutus“&quot;l&#39;ue-</strong></span> 
     </span>
    </p>
   </div>
   <div class='ocr_carea' id='block_1_38' title="bbox 464 2118 2035 2191">
    <p class='ocr_par' dir='ltr' id='par_1_38' title="bbox 464 2118 2035 2191">
     <span class='ocr_line' id='line_1_38' title="bbox 464 2118 2035 2191; baseline -0.002 -17"><span class='ocrx_word' id='word_1_276' title='bbox 464 2124 535 2175; x_wconf 89' lang='lat' dir='ltr'><strong>rit</strong></span> <span class='ocrx_word' id='word_1_277' title='bbox 568 2123 619 2174; x_wconf 89' lang='lat' dir='ltr'><strong>itt</strong></span> <span class='ocrx_word' id='word_1_278' title='bbox 654 2122 767 2191; x_wconf 90' lang='lat' dir='ltr'><strong>ipsa</strong></span> <span class='ocrx_word' id='word_1_279' title='bbox 798 2120 1179 2188; x_wconf 89' lang='lat' dir='ltr'><strong>conceptione,</strong></span> <span class='ocrx_word' id='word_1_280' title='bbox 1248 2120 1333 2173; x_wconf 87' lang='lat' dir='ltr'><strong>vel</strong></span> <span class='ocrx_word' id='word_1_281' title='bbox 1377 2120 1591 2189; x_wconf 90' lang='lat' dir='ltr'><strong>paterni</strong></span> <span class='ocrx_word' id='word_1_282' title='bbox 1646 2118 1901 2182; x_wconf 89' lang='lat' dir='ltr'><strong>seminis,</strong></span> <span class='ocrx_word' id='word_1_283' title='bbox 1953 2119 2035 2171; x_wconf 91' lang='lat' dir='ltr'><strong>vel</strong></span> 
     </span>
    </p>
   </div>
   <div class='ocr_carea' id='block_1_39' title="bbox 442 2211 2039 2280">
    <p class='ocr_par' dir='ltr' id='par_1_39' title="bbox 442 2211 2039 2280">
     <span class='ocr_line' id='line_1_39' title="bbox 442 2211 2039 2280; baseline -0.001 -18"><span class='ocrx_word' id='word_1_284' title='bbox 442 2212 600 2266; x_wconf 79' lang='lat' dir='ltr'><strong>‘Illel&#39;i</strong></span> <span class='ocrx_word' id='word_1_285' title='bbox 636 2211 900 2266; x_wconf 80' lang='lat' dir='ltr'><strong>materni?</strong></span> <span class='ocrx_word' id='word_1_286' title='bbox 930 2211 1119 2267; x_wconf 84' lang='lat' dir='ltr'><strong>Omnis</strong></span> <span class='ocrx_word' id='word_1_287' title='bbox 1147 2226 1277 2278; x_wconf 85' lang='lat' dir='ltr'><strong>ergo</strong></span> <span class='ocrx_word' id='word_1_288' title='bbox 1301 2212 1461 2266; x_wconf 90' lang='lat' dir='ltr'><strong>homo</strong></span> <span class='ocrx_word' id='word_1_289' title='bbox 1487 2212 1537 2265; x_wconf 90' lang='lat' dir='ltr'><strong>itt</strong></span> <span class='ocrx_word' id='word_1_290' title='bbox 1568 2221 1723 2280; x_wconf 90' lang='lat' dir='ltr'><strong>patre</strong></span> <span class='ocrx_word' id='word_1_291' title='bbox 1745 2219 1799 2265; x_wconf 89' lang='lat' dir='ltr'><strong>et</strong></span> <span class='ocrx_word' id='word_1_292' title='bbox 1830 2211 1879 2263; x_wconf 96' lang='lat' dir='ltr'><strong>in</strong></span> <span class='ocrx_word' id='word_1_293' title='bbox 1925 2226 2039 2262; x_wconf 81' lang='lat' dir='ltr'><strong>nta-</strong></span> 
     </span>
    </p>
   </div>
   <div class='ocr_carea' id='block_1_40' title="bbox 465 2302 2036 2372">
    <p class='ocr_par' dir='ltr' id='par_1_40' title="bbox 465 2302 2036 2372">
     <span class='ocr_line' id='line_1_40' title="bbox 465 2302 2036 2372; baseline -0.002 -15"><span class='ocrx_word' id='word_1_294' title='bbox 465 2313 545 2357; x_wconf 87' lang='lat' dir='ltr'><strong>tre</strong></span> <span class='ocrx_word' id='word_1_295' title='bbox 580 2304 816 2372; x_wconf 85' lang='lat' dir='ltr'><strong>pollutus</strong></span> <span class='ocrx_word' id='word_1_296' title='bbox 853 2314 955 2371; x_wconf 91' lang='lat' dir='ltr'><strong>est,</strong></span> <span class='ocrx_word' id='word_1_297' title='bbox 990 2305 1139 2359; x_wconf 88' lang='lat' dir='ltr'><strong>solus</strong></span> <span class='ocrx_word' id='word_1_298' title='bbox 1165 2320 1293 2358; x_wconf 90' lang='lat' dir='ltr'><strong>vero</strong></span> <span class='ocrx_word' id='word_1_299' title='bbox 1320 2304 1475 2360; x_wconf 83' lang='lat' dir='ltr'><strong>Jesns</strong></span> <span class='ocrx_word' id='word_1_300' title='bbox 1512 2304 1768 2358; x_wconf 90' lang='lat' dir='ltr'><strong>Dominus</strong></span> <span class='ocrx_word' id='word_1_301' title='bbox 1806 2318 1956 2355; x_wconf 87' lang='lat' dir='ltr'><strong>meus</strong></span> <span class='ocrx_word' id='word_1_302' title='bbox 1986 2302 2036 2354; x_wconf 91' lang='lat' dir='ltr'><strong>in</strong></span> 
     </span>
    </p>
   </div>
   <div class='ocr_carea' id='block_1_41' title="bbox 464 2395 2037 2465">
    <p class='ocr_par' dir='ltr' id='par_1_41' title="bbox 464 2395 2037 2465">
     <span class='ocr_line' id='line_1_41' title="bbox 464 2395 2037 2465; baseline -0.003 -13"><span class='ocrx_word' id='word_1_303' title='bbox 464 2399 604 2452; x_wconf 89' lang='lat' dir='ltr'><strong>hanc</strong></span> <span class='ocrx_word' id='word_1_304' title='bbox 656 2396 1060 2465; x_wconf 77' lang='lat' dir='ltr'><strong>generationem</strong></span> <span class='ocrx_word' id='word_1_305' title='bbox 1095 2395 1203 2465; x_wconf 85' lang='lat'><strong>(97)</strong></span> <span class='ocrx_word' id='word_1_306' title='bbox 1234 2399 1464 2449; x_wconf 88' lang='lat' dir='ltr'><strong>mundus</strong></span> <span class='ocrx_word' id='word_1_307' title='bbox 1517 2397 1793 2464; x_wconf 89' lang='lat' dir='ltr'><strong>ingressus</strong></span> <span class='ocrx_word' id='word_1_308' title='bbox 1846 2404 1948 2459; x_wconf 83' lang='lat' dir='ltr'><strong>est,</strong></span> <span class='ocrx_word' id='word_1_309' title='bbox 1986 2396 2037 2448; x_wconf 91' lang='lat' dir='ltr'><strong>itt</strong></span> 
     </span>
    </p>
   </div>
   <div class='ocr_carea' id='block_1_42' title="bbox 466 2483 2039 2555">
    <p class='ocr_par' dir='ltr' id='par_1_42' title="bbox 466 2483 2039 2555">
     <span class='ocr_line' id='line_1_42' title="bbox 466 2483 2039 2555; baseline 0.001 -16"><span class='ocrx_word' id='word_1_310' title='bbox 466 2495 642 2539; x_wconf 86' lang='lat' dir='ltr'><strong>matre</strong></span> <span class='ocrx_word' id='word_1_311' title='bbox 672 2500 777 2539; x_wconf 92' lang='lat' dir='ltr'><strong>non</strong></span> <span class='ocrx_word' id='word_1_312' title='bbox 815 2495 899 2539; x_wconf 91' lang='lat' dir='ltr'><strong>est</strong></span> <span class='ocrx_word' id='word_1_313' title='bbox 943 2485 1199 2554; x_wconf 83' lang='lat' dir='ltr'><strong>pollutus.</strong></span> <span class='ocrx_word' id='word_1_314' title='bbox 1235 2483 1517 2553; x_wconf 85' lang='lat' dir='ltr'><strong>Ingressus</strong></span> <span class='ocrx_word' id='word_1_315' title='bbox 1550 2495 1634 2540; x_wconf 88' lang='lat' dir='ltr'><strong>est</strong></span> <span class='ocrx_word' id='word_1_316' title='bbox 1660 2485 1805 2539; x_wconf 90' lang='lat' dir='ltr'><strong>enim</strong></span> <span class='ocrx_word' id='word_1_317' title='bbox 1840 2500 2039 2555; x_wconf 87' lang='lat' dir='ltr'><strong>corpus</strong></span> 
     </span>
    </p>
   </div>
   <div class='ocr_carea' id='block_1_43' title="bbox 464 2577 2040 2648">
    <p class='ocr_par' dir='ltr' id='par_1_43' title="bbox 464 2577 2040 2648">
     <span class='ocr_line' id='line_1_43' title="bbox 464 2577 2040 2648; baseline 0.001 -17"><span class='ocrx_word' id='word_1_318' title='bbox 464 2578 977 2631; x_wconf 87' lang='lat' dir='ltr'><strong>incontaminatum.</strong></span> <span class='ocrx_word' id='word_1_319' title='bbox 1014 2577 1131 2645; x_wconf 91' lang='lat' dir='ltr'><strong>Ipse</strong></span> <span class='ocrx_word' id='word_1_320' title='bbox 1166 2579 1308 2632; x_wconf 90' lang='lat' dir='ltr'><strong>enim</strong></span> <span class='ocrx_word' id='word_1_321' title='bbox 1347 2587 1486 2644; x_wconf 92' lang='lat' dir='ltr'><strong>erat,</strong></span> <span class='ocrx_word' id='word_1_322' title='bbox 1519 2579 1609 2647; x_wconf 87' lang='lat' dir='ltr'><strong>qui</strong></span> <span class='ocrx_word' id='word_1_323' title='bbox 1635 2590 1689 2632; x_wconf 89' lang='lat' dir='ltr'><strong>et</strong></span> <span class='ocrx_word' id='word_1_324' title='bbox 1716 2578 1915 2632; x_wconf 89' lang='lat' dir='ltr'><strong>dudutn</strong></span> <span class='ocrx_word' id='word_1_325' title='bbox 1946 2595 2040 2648; x_wconf 91' lang='lat' dir='ltr'><strong>per</strong></span> 
     </span>
    </p>
   </div>
   <div class='ocr_carea' id='block_1_44' title="bbox 464 2668 2038 2740">
    <p class='ocr_par' dir='ltr' id='par_1_44' title="bbox 464 2668 2038 2740">
     <span class='ocr_line' id='line_1_44' title="bbox 464 2668 2038 2740; baseline 0.003 -18"><span class='ocrx_word' id='word_1_326' title='bbox 464 2669 813 2722; x_wconf 87' lang='lat' dir='ltr'><strong>Salontonem</strong></span> <span class='ocrx_word' id='word_1_327' title='bbox 852 2668 1132 2723; x_wconf 72' lang='lat' dir='ltr'><strong>dixerat&quot;</strong></span> <span class='ocrx_word' id='word_1_328' title='bbox 1164 2687 1177 2721; x_wconf 90' lang='lat'><strong>:</strong></span> <span class='ocrx_word' id='word_1_329' title='bbox 1215 2688 1232 2721; x_wconf 72' lang='grc' dir='ltr'>ι</span> <span class='ocrx_word' id='word_1_330' title='bbox 1264 2669 1433 2740; x_wconf 81' lang='lat' dir='ltr'><strong>Magis</strong></span> <span class='ocrx_word' id='word_1_331' title='bbox 1480 2680 1662 2724; x_wconf 90' lang='lat' dir='ltr'><strong>autem</strong></span> <span class='ocrx_word' id='word_1_332' title='bbox 1696 2686 1818 2724; x_wconf 92' lang='lat' dir='ltr'><strong>cum</strong></span> <span class='ocrx_word' id='word_1_333' title='bbox 1862 2685 2038 2727; x_wconf 90' lang='lat' dir='ltr'><strong>essem</strong></span> 
     </span>
    </p>
   </div>
   <div class='ocr_carea' id='block_1_45' title="bbox 463 2760 2038 2829">
    <p class='ocr_par' dir='ltr' id='par_1_45' title="bbox 463 2760 2038 2829">
     <span class='ocr_line' id='line_1_45' title="bbox 463 2760 2038 2829; baseline 0.004 -17"><span class='ocrx_word' id='word_1_334' title='bbox 463 2762 655 2822; x_wconf 89' lang='lat' dir='ltr'><strong>bonus,</strong></span> <span class='ocrx_word' id='word_1_335' title='bbox 699 2760 821 2812; x_wconf 93' lang='lat' dir='ltr'><strong>veni</strong></span> <span class='ocrx_word' id='word_1_336' title='bbox 872 2762 940 2812; x_wconf 86' lang='lat' dir='ltr'><strong>ad</strong></span> <span class='ocrx_word' id='word_1_337' title='bbox 992 2773 1193 2829; x_wconf 89' lang='lat' dir='ltr'><strong>corpus</strong></span> <span class='ocrx_word' id='word_1_338' title='bbox 1236 2760 1767 2828; x_wconf 62' lang='lat' dir='ltr'><strong>incoinqninatunt.»</strong></span> <span class='ocrx_word' id='word_1_339' title='bbox 1803 2760 1917 2816; x_wconf 82' lang='lat' dir='ltr'><strong>Non</strong></span> <span class='ocrx_word' id='word_1_340' title='bbox 1955 2773 2038 2818; x_wconf 88' lang='lat' dir='ltr'><strong>est</strong></span> 
     </span>
    </p>
   </div>
   <div class='ocr_carea' id='block_1_46' title="bbox 462 2850 2042 2924">
    <p class='ocr_par' dir='ltr' id='par_1_46' title="bbox 462 2850 2042 2924">
     <span class='ocr_line' id='line_1_46' title="bbox 462 2850 2042 2924; baseline 0.004 -21"><span class='ocrx_word' id='word_1_341' title='bbox 462 2865 593 2918; x_wconf 84' lang='lat' dir='ltr'><strong>ergo</strong></span> <span class='ocrx_word' id='word_1_342' title='bbox 635 2850 1040 2904; x_wconf 90' lang='lat' dir='ltr'><strong>contaminatus</strong></span> <span class='ocrx_word' id='word_1_343' title='bbox 1086 2852 1137 2903; x_wconf 88' lang='lat' dir='ltr'><strong>itt</strong></span> <span class='ocrx_word' id='word_1_344' title='bbox 1176 2861 1369 2913; x_wconf 89' lang='lat' dir='ltr'><strong>matre,</strong></span> <span class='ocrx_word' id='word_1_345' title='bbox 1403 2852 1497 2906; x_wconf 89' lang='lat' dir='ltr'><strong>sed</strong></span> <span class='ocrx_word' id='word_1_346' title='bbox 1543 2868 1609 2906; x_wconf 86' lang='lat' dir='ltr'><strong>ne.</strong></span> <span class='ocrx_word' id='word_1_347' title='bbox 1642 2854 1693 2907; x_wconf 89' lang='lat' dir='ltr'><strong>itt</strong></span> <span class='ocrx_word' id='word_1_348' title='bbox 1729 2864 1883 2923; x_wconf 90' lang='lat' dir='ltr'><strong>patre</strong></span> <span class='ocrx_word' id='word_1_349' title='bbox 1922 2857 2042 2924; x_wconf 91' lang='lat' dir='ltr'><strong>qui-</strong></span> 
     </span>
    </p>
   </div>
   <div class='ocr_carea' id='block_1_47' title="bbox 467 2940 2043 3017">
    <p class='ocr_par' dir='ltr' id='par_1_47' title="bbox 467 2940 2043 3017">
     <span class='ocr_line' id='line_1_47' title="bbox 467 2940 2043 3017; baseline 0.005 -22"><span class='ocrx_word' id='word_1_350' title='bbox 467 2940 608 2995; x_wconf 87' lang='lat' dir='ltr'><strong>dem.</strong></span> <span class='ocrx_word' id='word_1_351' title='bbox 643 2941 783 2996; x_wconf 80' lang='lat' dir='ltr'><strong>Nihil</strong></span> <span class='ocrx_word' id='word_1_352' title='bbox 856 2944 998 2997; x_wconf 90' lang='lat' dir='ltr'><strong>enim</strong></span> <span class='ocrx_word' id='word_1_353' title='bbox 1029 2942 1225 3012; x_wconf 77' lang='lat' dir='ltr'><strong>Joseph</strong></span> <span class='ocrx_word' id='word_1_354' title='bbox 1265 2944 1315 2996; x_wconf 90' lang='lat' dir='ltr'><strong>in</strong></span> <span class='ocrx_word' id='word_1_355' title='bbox 1364 2945 1714 3013; x_wconf 81' lang='lat' dir='ltr'><strong>generatione</strong></span> <span class='ocrx_word' id='word_1_356' title='bbox 1758 2950 1874 3014; x_wconf 88' lang='lat' dir='ltr'><strong>ejus</strong></span> <span class='ocrx_word' id='word_1_357' title='bbox 1904 2964 2043 3017; x_wconf 74' lang='lat' dir='ltr'><strong>pra:-</strong></span> 
     </span>
    </p>
   </div>
   <div class='ocr_carea' id='block_1_48' title="bbox 466 3036 2041 3110">
    <p class='ocr_par' dir='ltr' id='par_1_48' title="bbox 466 3036 2041 3110">
     <span class='ocr_line' id='line_1_48' title="bbox 466 3036 2041 3110; baseline 0.003 -20"><span class='ocrx_word' id='word_1_358' title='bbox 466 3046 551 3090; x_wconf 88' lang='lat' dir='ltr'><strong>ter</strong></span> <span class='ocrx_word' id='word_1_359' title='bbox 595 3036 972 3090; x_wconf 85' lang='lat' dir='ltr'><strong>ministerium</strong></span> <span class='ocrx_word' id='word_1_360' title='bbox 1010 3037 1262 3105; x_wconf 84' lang='lat' dir='ltr'><strong>praestitit</strong></span> <span class='ocrx_word' id='word_1_361' title='bbox 1292 3045 1345 3090; x_wconf 88' lang='lat' dir='ltr'><strong>et</strong></span> <span class='ocrx_word' id='word_1_362' title='bbox 1376 3037 1647 3093; x_wconf 83' lang='lat' dir='ltr'><strong>aﬂ&#39;ectum.</strong></span> <span class='ocrx_word' id='word_1_363' title='bbox 1682 3038 1834 3093; x_wconf 90' lang='lat' dir='ltr'><strong>Unde</strong></span> <span class='ocrx_word' id='word_1_364' title='bbox 1863 3050 1919 3094; x_wconf 91' lang='lat' dir='ltr'><strong>et</strong></span> <span class='ocrx_word' id='word_1_365' title='bbox 1946 3057 2041 3110; x_wconf 90' lang='lat' dir='ltr'><strong>pro</strong></span> 
     </span>
    </p>
   </div>
   <div class='ocr_carea' id='block_1_49' title="bbox 465 3129 2040 3201">
    <p class='ocr_par' dir='ltr' id='par_1_49' title="bbox 465 3129 2040 3201">
     <span class='ocr_line' id='line_1_49' title="bbox 465 3129 2040 3201; baseline 0.001 -19"><span class='ocrx_word' id='word_1_366' title='bbox 465 3130 606 3184; x_wconf 83' lang='lat' dir='ltr'><strong>tldeli</strong></span> <span class='ocrx_word' id='word_1_367' title='bbox 635 3129 960 3192; x_wconf 91' lang='lat' dir='ltr'><strong>ministerio,</strong></span> <span class='ocrx_word' id='word_1_368' title='bbox 983 3130 1154 3199; x_wconf 85' lang='lat' dir='ltr'><strong>patris</strong></span> <span class='ocrx_word' id='word_1_369' title='bbox 1176 3130 1222 3183; x_wconf 92' lang='lat' dir='ltr'><strong>ei</strong></span> <span class='ocrx_word' id='word_1_370' title='bbox 1255 3130 1583 3184; x_wconf 90' lang='lat' dir='ltr'><strong>vocabulum</strong></span> <span class='ocrx_word' id='word_1_371' title='bbox 1612 3129 1892 3201; x_wconf 89' lang='lat' dir='ltr'><strong>Scriptura</strong></span> <span class='ocrx_word' id='word_1_372' title='bbox 1917 3148 2040 3185; x_wconf 86' lang='lat' dir='ltr'><strong>eou-</strong></span> 
     </span>
    </p>
   </div>
   <div class='ocr_carea' id='block_1_50' title="bbox 462 3222 2033 3293">
    <p class='ocr_par' dir='ltr' id='par_1_50' title="bbox 462 3222 2033 3293">
     <span class='ocr_line' id='line_1_50' title="bbox 462 3222 2033 3293; baseline 0.001 -17"><span class='ocrx_word' id='word_1_373' title='bbox 462 3223 653 3277; x_wconf 91' lang='lat' dir='ltr'><strong>cessit.</strong></span> <span class='ocrx_word' id='word_1_374' title='bbox 700 3223 792 3278; x_wconf 86' lang='lat' dir='ltr'><strong>Sic</strong></span> <span class='ocrx_word' id='word_1_375' title='bbox 820 3223 963 3278; x_wconf 90' lang='lat' dir='ltr'><strong>enim</strong></span> <span class='ocrx_word' id='word_1_376' title='bbox 999 3222 1169 3275; x_wconf 77' lang='lat' dir='ltr'><strong>Maria</strong></span> <span class='ocrx_word' id='word_1_377' title='bbox 1209 3223 1321 3291; x_wconf 88' lang='lat' dir='ltr'><strong>ipsa</strong></span> <span class='ocrx_word' id='word_1_378' title='bbox 1356 3224 1489 3276; x_wconf 87' lang='lat' dir='ltr'><strong>dicit</strong></span> <span class='ocrx_word' id='word_1_379' title='bbox 1530 3223 1582 3275; x_wconf 89' lang='lat' dir='ltr'><strong>in</strong></span> <span class='ocrx_word' id='word_1_380' title='bbox 1632 3222 1923 3293; x_wconf 83' lang='lat' dir='ltr'><strong>Evangelio</strong></span> <span class='ocrx_word' id='word_1_381' title='bbox 1949 3226 2033 3277; x_wconf 60' lang='lat'><strong>75:</strong></span> 
     </span>
    </p>
   </div>
   <div class='ocr_carea' id='block_1_51' title="bbox 467 3315 2034 3385">
    <p class='ocr_par' dir='ltr' id='par_1_51' title="bbox 467 3315 2034 3385">
     <span class='ocr_line' id='line_1_51' title="bbox 467 3315 2034 3385; baseline 0.001 -17"><span class='ocrx_word' id='word_1_382' title='bbox 467 3334 487 3368; x_wconf 71' lang='grc' dir='ltr'><em>ι</em></span> <span class='ocrx_word' id='word_1_383' title='bbox 539 3316 677 3371; x_wconf 78' lang='lat' dir='ltr'><strong>Ecce</strong></span> <span class='ocrx_word' id='word_1_384' title='bbox 702 3331 805 3385; x_wconf 85' lang='lat' dir='ltr'><strong>ego</strong></span> <span class='ocrx_word' id='word_1_385' title='bbox 839 3324 891 3369; x_wconf 84' lang='lat' dir='ltr'><strong>et</strong></span> <span class='ocrx_word' id='word_1_386' title='bbox 911 3326 1059 3384; x_wconf 87' lang='lat' dir='ltr'><strong>pater</strong></span> <span class='ocrx_word' id='word_1_387' title='bbox 1091 3324 1209 3369; x_wconf 92' lang='lat' dir='ltr'><strong>tuus</strong></span> <span class='ocrx_word' id='word_1_388' title='bbox 1238 3316 1480 3369; x_wconf 89' lang='lat' dir='ltr'><strong>dolentes</strong></span> <span class='ocrx_word' id='word_1_389' title='bbox 1499 3315 1874 3384; x_wconf 64' lang='lat' dir='ltr'><strong>quaerebamus</strong></span> <span class='ocrx_word' id='word_1_390' title='bbox 1907 3326 1978 3371; x_wconf 91' lang='lat' dir='ltr'><strong>te.</strong></span> <span class='ocrx_word' id='word_1_391' title='bbox 2015 3334 2034 3369; x_wconf 69' lang='grc' dir='ltr'><strong><em>ι</em></strong></span> 
     </span>
    </p>
   </div>
   <div class='ocr_carea' id='block_1_52' title="bbox 465 3407 2039 3479">
    <p class='ocr_par' dir='ltr' id='par_1_52' title="bbox 465 3407 2039 3479">
     <span class='ocr_line' id='line_1_52' title="bbox 465 3407 2039 3479; baseline 0 -16"><span class='ocrx_word' id='word_1_392' title='bbox 465 3408 557 3463; x_wconf 82' lang='lat' dir='ltr'><strong>Sic</strong></span> <span class='ocrx_word' id='word_1_393' title='bbox 618 3424 746 3479; x_wconf 81' lang='lat' dir='ltr'><strong>ergo</strong></span> <span class='ocrx_word' id='word_1_394' title='bbox 773 3408 921 3462; x_wconf 91' lang='lat' dir='ltr'><strong>solus</strong></span> <span class='ocrx_word' id='word_1_395' title='bbox 952 3417 1034 3462; x_wconf 90' lang='lat' dir='ltr'><strong>est</strong></span> <span class='ocrx_word' id='word_1_396' title='bbox 1069 3407 1154 3461; x_wconf 91' lang='lat' dir='ltr'><strong>hic</strong></span> <span class='ocrx_word' id='word_1_397' title='bbox 1185 3409 1441 3462; x_wconf 88' lang='lat' dir='ltr'><strong>sacerdos</strong></span> <span class='ocrx_word' id='word_1_398' title='bbox 1471 3423 1714 3478; x_wconf 88' lang='lat' dir='ltr'><strong>magnus,</strong></span> <span class='ocrx_word' id='word_1_399' title='bbox 1747 3408 1836 3476; x_wconf 89' lang='lat' dir='ltr'><strong>qui</strong></span> <span class='ocrx_word' id='word_1_400' title='bbox 1863 3423 2039 3478; x_wconf 88' lang='lat' dir='ltr'><strong>neque</strong></span> 
     </span>
    </p>
   </div>
   <div class='ocr_carea' id='block_1_53' title="bbox 465 3497 2039 3567">
    <p class='ocr_par' dir='ltr' id='par_1_53' title="bbox 465 3497 2039 3567">
     <span class='ocr_line' id='line_1_53' title="bbox 465 3497 2039 3567; baseline 0.001 -16"><span class='ocrx_word' id='word_1_401' title='bbox 465 3499 517 3551; x_wconf 86' lang='lat' dir='ltr'><strong>iu</strong></span> <span class='ocrx_word' id='word_1_402' title='bbox 562 3506 716 3566; x_wconf 85' lang='lat' dir='ltr'><strong>patre</strong></span> <span class='ocrx_word' id='word_1_403' title='bbox 766 3497 1005 3566; x_wconf 89' lang='lat' dir='ltr'><strong>pollutus</strong></span> <span class='ocrx_word' id='word_1_404' title='bbox 1048 3498 1142 3560; x_wconf 81' lang='lat' dir='ltr'><strong>sit,</strong></span> <span class='ocrx_word' id='word_1_405' title='bbox 1176 3511 1351 3567; x_wconf 90' lang='lat' dir='ltr'><strong>neque</strong></span> <span class='ocrx_word' id='word_1_406' title='bbox 1407 3498 1459 3550; x_wconf 90' lang='lat' dir='ltr'><strong>itt</strong></span> <span class='ocrx_word' id='word_1_407' title='bbox 1518 3509 1711 3551; x_wconf 86' lang='lat' dir='ltr'><strong>matre.</strong></span> <span class='ocrx_word' id='word_1_408' title='bbox 1748 3499 2039 3553; x_wconf 83' lang='lat' dir='ltr'><strong>Videamus</strong></span> 
     </span>
    </p>
   </div>
   <div class='ocr_carea' id='block_1_54' title="bbox 462 3588 2037 3660">
    <p class='ocr_par' dir='ltr' id='par_1_54' title="bbox 462 3588 2037 3660">
     <span class='ocr_line' id='line_1_54' title="bbox 462 3588 2037 3660; baseline 0.002 -18"><span class='ocrx_word' id='word_1_409' title='bbox 462 3598 645 3643; x_wconf 85' lang='lat' dir='ltr'><strong>autem</strong></span> <span class='ocrx_word' id='word_1_410' title='bbox 678 3589 722 3642; x_wconf 93' lang='lat' dir='ltr'><strong>si</strong></span> <span class='ocrx_word' id='word_1_411' title='bbox 753 3589 934 3644; x_wconf 88' lang='lat' dir='ltr'><strong>adhuc</strong></span> <span class='ocrx_word' id='word_1_412' title='bbox 966 3604 1251 3660; x_wconf 89' lang='lat' dir='ltr'><strong>possumus</strong></span> <span class='ocrx_word' id='word_1_413' title='bbox 1284 3588 1487 3657; x_wconf 89' lang='lat' dir='ltr'><strong>aliquid</strong></span> <span class='ocrx_word' id='word_1_414' title='bbox 1523 3589 1825 3655; x_wconf 85' lang='lat' dir='ltr'><strong>sublimius,</strong></span> <span class='ocrx_word' id='word_1_415' title='bbox 1859 3600 1913 3644; x_wconf 90' lang='lat' dir='ltr'><strong>et</strong></span> <span class='ocrx_word' id='word_1_416' title='bbox 1941 3605 2037 3659; x_wconf 92' lang='lat' dir='ltr'><strong>pro</strong></span> 
     </span>
    </p>
   </div>
   <div class='ocr_carea' id='block_1_55' title="bbox 467 3684 2035 3756">
    <p class='ocr_par' dir='ltr' id='par_1_55' title="bbox 467 3684 2035 3756">
     <span class='ocr_line' id='line_1_55' title="bbox 467 3684 2035 3756; baseline 0.001 -18"><span class='ocrx_word' id='word_1_417' title='bbox 467 3686 733 3756; x_wconf 84' lang='lat' dir='ltr'><strong>dignitate</strong></span> <span class='ocrx_word' id='word_1_418' title='bbox 780 3686 913 3739; x_wconf 92' lang='lat' dir='ltr'><strong>tanti</strong></span> <span class='ocrx_word' id='word_1_419' title='bbox 963 3684 1235 3755; x_wconf 84' lang='lat' dir='ltr'><strong>pontiﬁcis</strong></span> <span class='ocrx_word' id='word_1_420' title='bbox 1286 3684 1551 3739; x_wconf 90' lang='lat' dir='ltr'><strong>invenire.</strong></span> <span class='ocrx_word' id='word_1_421' title='bbox 1600 3685 1761 3739; x_wconf 88' lang='lat' dir='ltr'><strong>Pater</strong></span> <span class='ocrx_word' id='word_1_422' title='bbox 1789 3686 2035 3740; x_wconf 89' lang='lat' dir='ltr'><strong>omnium</strong></span> 
     </span>
    </p>
   </div>
   <div class='ocr_carea' id='block_1_56' title="bbox 462 3778 2037 3849">
    <p class='ocr_par' dir='ltr' id='par_1_56' title="bbox 462 3778 2037 3849">
     <span class='ocr_line' id='line_1_56' title="bbox 462 3778 2037 3849; baseline 0.001 -18"><span class='ocrx_word' id='word_1_423' title='bbox 462 3792 630 3832; x_wconf 91' lang='lat' dir='ltr'><strong>verus</strong></span> <span class='ocrx_word' id='word_1_424' title='bbox 648 3778 844 3832; x_wconf 87' lang='lat' dir='ltr'><strong>dicitur</strong></span> <span class='ocrx_word' id='word_1_425' title='bbox 867 3779 1027 3835; x_wconf 91' lang='lat' dir='ltr'><strong>Deus.</strong></span> <span class='ocrx_word' id='word_1_426' title='bbox 1059 3778 1286 3833; x_wconf 84' lang='lat' dir='ltr'><strong>Matrem</strong></span> <span class='ocrx_word' id='word_1_427' title='bbox 1324 3785 1529 3846; x_wconf 87' lang='lat' dir='ltr'><strong>autem,</strong></span> <span class='ocrx_word' id='word_1_428' title='bbox 1562 3779 1851 3849; x_wconf 81' lang='lat' dir='ltr'><strong>Apostolus</strong></span> <span class='ocrx_word' id='word_1_429' title='bbox 1880 3778 2037 3836; x_wconf 84' lang='lat' dir='ltr'><strong>Jeru-</strong></span> 
     </span>
    </p>
   </div>
   <div class='ocr_carea' id='block_1_57' title="bbox 462 3870 2037 3944">
    <p class='ocr_par' dir='ltr' id='par_1_57' title="bbox 462 3870 2037 3944">
     <span class='ocr_line' id='line_1_57' title="bbox 462 3870 2037 3944; baseline 0.002 -19"><span class='ocrx_word' id='word_1_430' title='bbox 462 3870 631 3925; x_wconf 89' lang='lat' dir='ltr'><strong>salem</strong></span> <span class='ocrx_word' id='word_1_431' title='bbox 661 3870 795 3927; x_wconf 90' lang='lat' dir='ltr'><strong>dicit</strong></span> <span class='ocrx_word' id='word_1_432' title='bbox 822 3887 940 3927; x_wconf 91' lang='lat' dir='ltr'><strong>esse</strong></span> <span class='ocrx_word' id='word_1_433' title='bbox 972 3873 1251 3927; x_wconf 81' lang='lat' dir='ltr'><strong>caelestem</strong></span> <span class='ocrx_word' id='word_1_434' title='bbox 1275 3874 1343 3925; x_wconf 78' lang='grc'><strong>⁷⁸.</strong></span> <span class='ocrx_word' id='word_1_435' title='bbox 1375 3872 1577 3928; x_wconf 90' lang='lat' dir='ltr'><strong>Omnes</strong></span> <span class='ocrx_word' id='word_1_436' title='bbox 1609 3889 1739 3944; x_wconf 83' lang='lat' dir='ltr'><strong>ergo</strong></span> <span class='ocrx_word' id='word_1_437' title='bbox 1785 3876 1874 3943; x_wconf 88' lang='lat' dir='ltr'><strong>qui</strong></span> <span class='ocrx_word' id='word_1_438' title='bbox 1911 3888 2037 3942; x_wconf 87' lang='lat' dir='ltr'><strong>pec-</strong></span> 
     </span>
    </p>
   </div>
   <div class='ocr_carea' id='block_1_58' title="bbox 462 3966 2032 4036">
    <p class='ocr_par' dir='ltr' id='par_1_58' title="bbox 462 3966 2032 4036">
     <span class='ocr_line' id='line_1_58' title="bbox 462 3966 2032 4036; baseline 0.002 -17"><span class='ocrx_word' id='word_1_439' title='bbox 462 3974 613 4028; x_wconf 89' lang='lat' dir='ltr'><strong>cant,</strong></span> <span class='ocrx_word' id='word_1_440' title='bbox 642 3966 1082 4019; x_wconf 88' lang='lat' dir='ltr'><strong>contaminantur</strong></span> <span class='ocrx_word' id='word_1_441' title='bbox 1128 3966 1180 4019; x_wconf 88' lang='lat' dir='ltr'><strong>itt</strong></span> <span class='ocrx_word' id='word_1_442' title='bbox 1232 3977 1387 4035; x_wconf 87' lang='lat' dir='ltr'><strong>patre</strong></span> <span class='ocrx_word' id='word_1_443' title='bbox 1436 3984 1464 4022; x_wconf 91' lang='lat' dir='ltr'><strong>a</strong></span> <span class='ocrx_word' id='word_1_444' title='bbox 1504 3982 1612 4036; x_wconf 94' lang='lat' dir='ltr'><strong>quo</strong></span> <span class='ocrx_word' id='word_1_445' title='bbox 1659 3967 1828 4020; x_wconf 90' lang='lat' dir='ltr'><strong>creati</strong></span> <span class='ocrx_word' id='word_1_446' title='bbox 1887 3976 2032 4022; x_wconf 91' lang='lat' dir='ltr'><strong>sunt.</strong></span> 
     </span>
    </p>
   </div>
   <div class='ocr_carea' id='block_1_59' title="bbox 464 4056 2035 4127">
    <p class='ocr_par' dir='ltr' id='par_1_59' title="bbox 464 4056 2035 4127">
     <span class='ocr_line' id='line_1_59' title="bbox 464 4056 2035 4127; baseline -0.001 -17"><span class='ocrx_word' id='word_1_447' title='bbox 464 4056 594 4111; x_wconf 84' lang='lat' dir='ltr'><strong>Sive</strong></span> <span class='ocrx_word' id='word_1_448' title='bbox 639 4057 784 4110; x_wconf 90' lang='lat' dir='ltr'><strong>enim</strong></span> <span class='ocrx_word' id='word_1_449' title='bbox 836 4057 1042 4125; x_wconf 89' lang='lat' dir='ltr'><strong>egimus</strong></span> <span class='ocrx_word' id='word_1_450' title='bbox 1088 4056 1291 4127; x_wconf 89' lang='lat' dir='ltr'><strong>aliquid</strong></span> <span class='ocrx_word' id='word_1_451' title='bbox 1341 4060 1589 4126; x_wconf 90' lang='lat' dir='ltr'><strong>impium,</strong></span> <span class='ocrx_word' id='word_1_452' title='bbox 1617 4059 1731 4111; x_wconf 89' lang='lat' dir='ltr'><strong>sive</strong></span> <span class='ocrx_word' id='word_1_453' title='bbox 1755 4058 1916 4111; x_wconf 90' lang='lat' dir='ltr'><strong>locuti</strong></span> <span class='ocrx_word' id='word_1_454' title='bbox 1948 4072 2035 4109; x_wconf 85' lang='lat' dir='ltr'><strong>su-</strong></span> 
     </span>
    </p>
   </div>
   <div class='ocr_carea' id='block_1_60' title="bbox 464 4146 2036 4215">
    <p class='ocr_par' dir='ltr' id='par_1_60' title="bbox 464 4146 2036 4215">
     <span class='ocr_line' id='line_1_60' title="bbox 464 4146 2036 4215; baseline -0.001 -16"><span class='ocrx_word' id='word_1_455' title='bbox 464 4163 605 4209; x_wconf 90' lang='lat' dir='ltr'><strong>tnus,</strong></span> <span class='ocrx_word' id='word_1_456' title='bbox 643 4148 761 4201; x_wconf 87' lang='lat' dir='ltr'><strong>sive</strong></span> <span class='ocrx_word' id='word_1_457' title='bbox 782 4147 1144 4215; x_wconf 80' lang='lat' dir='ltr'><strong>cogitavimus</strong></span> <span class='ocrx_word' id='word_1_458' title='bbox 1183 4158 1372 4201; x_wconf 89' lang='lat' dir='ltr'><strong>contra</strong></span> <span class='ocrx_word' id='word_1_459' title='bbox 1408 4146 1598 4209; x_wconf 88' lang='lat' dir='ltr'><strong>Deum,</strong></span> <span class='ocrx_word' id='word_1_460' title='bbox 1628 4161 1752 4200; x_wconf 90' lang='lat' dir='ltr'><strong>cum</strong></span> <span class='ocrx_word' id='word_1_461' title='bbox 1784 4161 1886 4198; x_wconf 91' lang='lat' dir='ltr'><strong>non</strong></span> <span class='ocrx_word' id='word_1_462' title='bbox 1922 4159 2036 4198; x_wconf 89' lang='lat' dir='ltr'><strong>cre-</strong></span> 
     </span>
    </p>
   </div>
   <div class='ocr_carea' id='block_1_61' title="bbox 463 4234 2035 4305">
    <p class='ocr_par' dir='ltr' id='par_1_61' title="bbox 463 4234 2035 4305">
     <span class='ocr_line' id='line_1_61' title="bbox 463 4234 2035 4305; baseline 0 -15"><span class='ocrx_word' id='word_1_463' title='bbox 463 4237 700 4291; x_wconf 87' lang='lat' dir='ltr'><strong>didimus</strong></span> <span class='ocrx_word' id='word_1_464' title='bbox 743 4236 851 4290; x_wconf 91' lang='lat' dir='ltr'><strong>Deo</strong></span> <span class='ocrx_word' id='word_1_465' title='bbox 904 4236 1260 4290; x_wconf 86' lang='lat' dir='ltr'><strong>contaminati</strong></span> <span class='ocrx_word' id='word_1_466' title='bbox 1299 4250 1488 4289; x_wconf 89' lang='lat' dir='ltr'><strong>sumus</strong></span> <span class='ocrx_word' id='word_1_467' title='bbox 1542 4235 1594 4288; x_wconf 93' lang='lat' dir='ltr'><strong>in</strong></span> <span class='ocrx_word' id='word_1_468' title='bbox 1646 4243 1823 4304; x_wconf 87' lang='lat' dir='ltr'><strong>patre.</strong></span> <span class='ocrx_word' id='word_1_469' title='bbox 1856 4234 2035 4305; x_wconf 85' lang='lat' dir='ltr'><strong>Atque</strong></span> 
     </span>
    </p>
   </div>
   <div class='ocr_carea' id='block_1_62' title="bbox 462 4328 2031 4398">
    <p class='ocr_par' dir='ltr' id='par_1_62' title="bbox 462 4328 2031 4398">
     <span class='ocr_line' id='line_1_62' title="bbox 462 4328 2031 4398; baseline 0 -15"><span class='ocrx_word' id='word_1_470' title='bbox 462 4331 669 4383; x_wconf 88' lang='lat' dir='ltr'><strong>utinam</strong></span> <span class='ocrx_word' id='word_1_471' title='bbox 704 4342 829 4383; x_wconf 92' lang='lat' dir='ltr'><strong>tunc</strong></span> <span class='ocrx_word' id='word_1_472' title='bbox 875 4330 1047 4385; x_wconf 92' lang='lat' dir='ltr'><strong>solum</strong></span> <span class='ocrx_word' id='word_1_473' title='bbox 1092 4344 1186 4398; x_wconf 89' lang='lat' dir='ltr'><strong>per</strong></span> <span class='ocrx_word' id='word_1_474' title='bbox 1224 4329 1650 4383; x_wconf 90' lang='lat' dir='ltr'><strong>incredulitatem</strong></span> <span class='ocrx_word' id='word_1_475' title='bbox 1690 4328 1893 4381; x_wconf 81' lang='lat' dir='ltr'><strong>factum</strong></span> <span class='ocrx_word' id='word_1_476' title='bbox 1941 4330 2031 4395; x_wconf 90' lang='lat' dir='ltr'><strong>sit,</strong></span> 
     </span>
    </p>
   </div>
   <div class='ocr_carea' id='block_1_63' title="bbox 2068 3075 2111 3133">
    <p class='ocr_par' dir='ltr' id='par_1_63' title="bbox 2068 3075 2111 3133">
     <span class='ocr_line' id='line_1_63' title="bbox 2068 3075 2111 3133; baseline 0 0"><span class='ocrx_word' id='word_1_477' title='bbox 2068 3075 2111 3133; x_wconf 89' lang='lat' dir='ltr'><strong>C</strong></span> 
     </span>
    </p>
   </div>
   <div class='ocr_carea' id='block_1_64' title="bbox 2143 1832 3706 1903">
    <p class='ocr_par' dir='ltr' id='par_1_64' title="bbox 2143 1832 3706 1903">
     <span class='ocr_line' id='line_1_64' title="bbox 2143 1832 3706 1903; baseline 0.001 -18"><span class='ocrx_word' id='word_1_478' title='bbox 2143 1834 2574 1903; x_wconf 85' lang='lat' dir='ltr'><strong>quotiescunque</strong></span> <span class='ocrx_word' id='word_1_479' title='bbox 2622 1834 2744 1901; x_wconf 91' lang='lat' dir='ltr'><strong>quis</strong></span> <span class='ocrx_word' id='word_1_480' title='bbox 2797 1843 3009 1902; x_wconf 89' lang='lat' dir='ltr'><strong>peccat,</strong></span> <span class='ocrx_word' id='word_1_481' title='bbox 3060 1833 3222 1887; x_wconf 92' lang='lat' dir='ltr'><strong>toties</strong></span> <span class='ocrx_word' id='word_1_482' title='bbox 3272 1832 3502 1889; x_wconf 73' lang='lat' dir='ltr'><strong>eﬁicitur</strong></span> <span class='ocrx_word' id='word_1_483' title='bbox 3556 1844 3706 1887; x_wconf 88' lang='lat' dir='ltr'><strong>extra</strong></span> 
     </span>
    </p>
   </div>
   <div class='ocr_carea' id='block_1_65' title="bbox 2142 1922 3715 1993">
    <p class='ocr_par' dir='ltr' id='par_1_65' title="bbox 2142 1922 3715 1993">
     <span class='ocr_line' id='line_1_65' title="bbox 2142 1922 3715 1993; baseline -0.001 -14"><span class='ocrx_word' id='word_1_484' title='bbox 2142 1934 2349 1979; x_wconf 82' lang='lat' dir='ltr'><strong>Sancta.</strong></span> <span class='ocrx_word' id='word_1_485' title='bbox 2371 1922 2623 1978; x_wconf 87' lang='lat' dir='ltr'><strong>Christus</strong></span> <span class='ocrx_word' id='word_1_486' title='bbox 2652 1934 2832 1979; x_wconf 90' lang='lat' dir='ltr'><strong>autem</strong></span> <span class='ocrx_word' id='word_1_487' title='bbox 2870 1925 2960 1992; x_wconf 91' lang='lat' dir='ltr'><strong>qui</strong></span> <span class='ocrx_word' id='word_1_488' title='bbox 2988 1940 3259 1993; x_wconf 90' lang='lat' dir='ltr'><strong>nunquam</strong></span> <span class='ocrx_word' id='word_1_489' title='bbox 3288 1927 3549 1992; x_wconf 85' lang='lat' dir='ltr'><strong>peccavit,</strong></span> <span class='ocrx_word' id='word_1_490' title='bbox 3580 1940 3715 1977; x_wconf 85' lang='lat' dir='ltr'><strong>nun-</strong></span> 
     </span>
    </p>
   </div>
   <div class='ocr_carea' id='block_1_66' title="bbox 2141 2018 3718 2087">
    <p class='ocr_par' dir='ltr' id='par_1_66' title="bbox 2141 2018 3718 2087">
     <span class='ocr_line' id='line_1_66' title="bbox 2141 2018 3718 2087; baseline 0 -16"><span class='ocrx_word' id='word_1_491' title='bbox 2141 2035 2303 2087; x_wconf 89' lang='lat' dir='ltr'><strong>quam</strong></span> <span class='ocrx_word' id='word_1_492' title='bbox 2340 2020 2471 2074; x_wconf 84' lang='lat' dir='ltr'><strong>exiit</strong></span> <span class='ocrx_word' id='word_1_493' title='bbox 2503 2022 2567 2075; x_wconf 88' lang='lat' dir='ltr'><strong>de</strong></span> <span class='ocrx_word' id='word_1_494' title='bbox 2593 2020 2814 2074; x_wconf 91' lang='lat' dir='ltr'><strong>sanctis.</strong></span> <span class='ocrx_word' id='word_1_495' title='bbox 2846 2019 2953 2073; x_wconf 89' lang='lat' dir='ltr'><strong>Sed</strong></span> <span class='ocrx_word' id='word_1_496' title='bbox 3001 2027 3057 2071; x_wconf 90' lang='lat' dir='ltr'><strong>et</strong></span> <span class='ocrx_word' id='word_1_497' title='bbox 3088 2032 3140 2071; x_wconf 92' lang='lat' dir='ltr'><strong>tu</strong></span> <span class='ocrx_word' id='word_1_498' title='bbox 3171 2018 3260 2086; x_wconf 88' lang='lat' dir='ltr'><strong>qui</strong></span> <span class='ocrx_word' id='word_1_499' title='bbox 3288 2020 3532 2087; x_wconf 86' lang='lat' dir='ltr'><strong>sequeris</strong></span> <span class='ocrx_word' id='word_1_500' title='bbox 3562 2019 3718 2073; x_wconf 89' lang='lat' dir='ltr'><strong>Chri-</strong></span> 
     </span>
    </p>
   </div>
   <div class='ocr_carea' id='block_1_67' title="bbox 2142 2109 3714 2180">
    <p class='ocr_par' dir='ltr' id='par_1_67' title="bbox 2142 2109 3714 2180">
     <span class='ocr_line' id='line_1_67' title="bbox 2142 2109 3714 2180; baseline 0.001 -16"><span class='ocrx_word' id='word_1_501' title='bbox 2142 2122 2309 2175; x_wconf 88' lang='lat' dir='ltr'><strong>stum,</strong></span> <span class='ocrx_word' id='word_1_502' title='bbox 2351 2120 2405 2165; x_wconf 91' lang='lat' dir='ltr'><strong>et</strong></span> <span class='ocrx_word' id='word_1_503' title='bbox 2449 2111 2689 2165; x_wconf 88' lang='lat' dir='ltr'><strong>imitator</strong></span> <span class='ocrx_word' id='word_1_504' title='bbox 2731 2111 2848 2180; x_wconf 83' lang='lat' dir='ltr'><strong>ejus</strong></span> <span class='ocrx_word' id='word_1_505' title='bbox 2872 2124 2949 2174; x_wconf 91' lang='lat' dir='ltr'><strong>es,</strong></span> <span class='ocrx_word' id='word_1_506' title='bbox 2992 2109 3034 2162; x_wconf 94' lang='lat' dir='ltr'><strong>si</strong></span> <span class='ocrx_word' id='word_1_507' title='bbox 3070 2122 3391 2177; x_wconf 83' lang='lat' dir='ltr'><strong>permaneas</strong></span> <span class='ocrx_word' id='word_1_508' title='bbox 3443 2111 3494 2163; x_wconf 91' lang='lat' dir='ltr'><strong>in</strong></span> <span class='ocrx_word' id='word_1_509' title='bbox 3548 2113 3714 2165; x_wconf 88' lang='lat' dir='ltr'><strong>verbo</strong></span> 
     </span>
    </p>
   </div>
   <div class='ocr_carea' id='block_1_68' title="bbox 2144 2202 3711 2275">
    <p class='ocr_par' dir='ltr' id='par_1_68' title="bbox 2144 2202 3711 2275">
     <span class='ocr_line' id='line_1_68' title="bbox 2144 2202 3711 2275; baseline 0.002 -18"><span class='ocrx_word' id='word_1_510' title='bbox 2144 2203 2259 2268; x_wconf 87' lang='lat' dir='ltr'><strong>Dei,</strong></span> <span class='ocrx_word' id='word_1_511' title='bbox 2290 2208 2333 2258; x_wconf 91' lang='lat' dir='ltr'><strong>si</strong></span> <span class='ocrx_word' id='word_1_512' title='bbox 2388 2206 2437 2258; x_wconf 92' lang='lat' dir='ltr'><strong>in</strong></span> <span class='ocrx_word' id='word_1_513' title='bbox 2483 2205 2602 2275; x_wconf 83' lang='lat' dir='ltr'><strong>lege</strong></span> <span class='ocrx_word' id='word_1_514' title='bbox 2653 2204 2768 2273; x_wconf 89' lang='lat' dir='ltr'><strong>ejus</strong></span> <span class='ocrx_word' id='word_1_515' title='bbox 2805 2202 3089 2257; x_wconf 90' lang='lat' dir='ltr'><strong>mediteris</strong></span> <span class='ocrx_word' id='word_1_516' title='bbox 3135 2202 3221 2255; x_wconf 90' lang='lat' dir='ltr'><strong>die</strong></span> <span class='ocrx_word' id='word_1_517' title='bbox 3269 2219 3332 2258; x_wconf 92' lang='lat' dir='ltr'><strong>ac</strong></span> <span class='ocrx_word' id='word_1_518' title='bbox 3366 2215 3548 2270; x_wconf 91' lang='lat' dir='ltr'><strong>nocte,</strong></span> <span class='ocrx_word' id='word_1_519' title='bbox 3583 2207 3625 2259; x_wconf 91' lang='lat' dir='ltr'><strong>si</strong></span> <span class='ocrx_word' id='word_1_520' title='bbox 3662 2206 3711 2260; x_wconf 89' lang='lat' dir='ltr'><strong>in</strong></span> 
     </span>
    </p>
   </div>
   <div class='ocr_carea' id='block_1_69' title="bbox 2144 2296 3717 2368">
    <p class='ocr_par' dir='ltr' id='par_1_69' title="bbox 2144 2296 3717 2368">
     <span class='ocr_line' id='line_1_69' title="bbox 2144 2296 3717 2368; baseline 0.004 -21"><span class='ocrx_word' id='word_1_521' title='bbox 2144 2296 2415 2350; x_wconf 87' lang='lat' dir='ltr'><strong>mandatis</strong></span> <span class='ocrx_word' id='word_1_522' title='bbox 2452 2296 2571 2364; x_wconf 87' lang='lat' dir='ltr'><strong>ejus</strong></span> <span class='ocrx_word' id='word_1_523' title='bbox 2609 2298 2943 2362; x_wconf 87' lang='lat' dir='ltr'><strong>exercearis,</strong></span> <span class='ocrx_word' id='word_1_524' title='bbox 3004 2314 3218 2368; x_wconf 88' lang='lat' dir='ltr'><strong>semper</strong></span> <span class='ocrx_word' id='word_1_525' title='bbox 3270 2300 3322 2353; x_wconf 90' lang='lat' dir='ltr'><strong>itt</strong></span> <span class='ocrx_word' id='word_1_526' title='bbox 3380 2300 3584 2354; x_wconf 87' lang='lat' dir='ltr'><strong>sanctis</strong></span> <span class='ocrx_word' id='word_1_527' title='bbox 3634 2316 3717 2365; x_wconf 82' lang='lat' dir='ltr'><strong>es,</strong></span> 
     </span>
    </p>
   </div>
   <div class='ocr_carea' id='block_1_70' title="bbox 2144 2388 3719 2459">
    <p class='ocr_par' dir='ltr' id='par_1_70' title="bbox 2144 2388 3719 2459">
     <span class='ocr_line' id='line_1_70' title="bbox 2144 2388 3719 2459; baseline 0.004 -19"><span class='ocrx_word' id='word_1_528' title='bbox 2144 2404 2243 2441; x_wconf 90' lang='lat' dir='ltr'><strong>nec</strong></span> <span class='ocrx_word' id='word_1_529' title='bbox 2276 2404 2515 2456; x_wconf 90' lang='lat' dir='ltr'><strong>unquam</strong></span> <span class='ocrx_word' id='word_1_530' title='bbox 2548 2388 2669 2441; x_wconf 91' lang='lat' dir='ltr'><strong>inde</strong></span> <span class='ocrx_word' id='word_1_531' title='bbox 2702 2390 2959 2443; x_wconf 88' lang='lat' dir='ltr'><strong>discedis.</strong></span> <span class='ocrx_word' id='word_1_532' title='bbox 2990 2389 3175 2459; x_wconf 83' lang='lat' dir='ltr'><strong>Neque</strong></span> <span class='ocrx_word' id='word_1_533' title='bbox 3201 2393 3343 2447; x_wconf 90' lang='lat' dir='ltr'><strong>enim</strong></span> <span class='ocrx_word' id='word_1_534' title='bbox 3375 2392 3426 2445; x_wconf 92' lang='lat' dir='ltr'><strong>in</strong></span> <span class='ocrx_word' id='word_1_535' title='bbox 3454 2392 3569 2446; x_wconf 88' lang='lat' dir='ltr'><strong>loco</strong></span> <span class='ocrx_word' id='word_1_536' title='bbox 3597 2407 3719 2446; x_wconf 85' lang='lat' dir='ltr'><strong>san-</strong></span> 
     </span>
    </p>
   </div>
   <div class='ocr_carea' id='block_1_71' title="bbox 2142 2481 3714 2550">
    <p class='ocr_par' dir='ltr' id='par_1_71' title="bbox 2142 2481 3714 2550">
     <span class='ocr_line' id='line_1_71' title="bbox 2142 2481 3714 2550; baseline 0.001 -15"><span class='ocrx_word' id='word_1_537' title='bbox 2142 2490 2226 2535; x_wconf 89' lang='lat' dir='ltr'><strong>cta</strong></span> <span class='ocrx_word' id='word_1_538' title='bbox 2261 2481 2548 2549; x_wconf 66' lang='lat' dir='ltr'><strong>qumrenda</strong></span> <span class='ocrx_word' id='word_1_539' title='bbox 2580 2490 2726 2545; x_wconf 91' lang='lat' dir='ltr'><strong>sunt,</strong></span> <span class='ocrx_word' id='word_1_540' title='bbox 2768 2483 2859 2535; x_wconf 89' lang='lat' dir='ltr'><strong>sed</strong></span> <span class='ocrx_word' id='word_1_541' title='bbox 2902 2483 2955 2536; x_wconf 91' lang='lat' dir='ltr'><strong>in</strong></span> <span class='ocrx_word' id='word_1_542' title='bbox 2981 2485 3212 2550; x_wconf 85' lang='lat' dir='ltr'><strong>actibus,</strong></span> <span class='ocrx_word' id='word_1_543' title='bbox 3246 2495 3299 2538; x_wconf 91' lang='lat' dir='ltr'><strong>et</strong></span> <span class='ocrx_word' id='word_1_544' title='bbox 3334 2486 3462 2550; x_wconf 87' lang='lat' dir='ltr'><strong>vita,</strong></span> <span class='ocrx_word' id='word_1_545' title='bbox 3499 2500 3561 2537; x_wconf 89' lang='lat' dir='ltr'><strong>ac</strong></span> <span class='ocrx_word' id='word_1_546' title='bbox 3593 2499 3714 2537; x_wconf 85' lang='lat' dir='ltr'><strong>mo-</strong></span> 
     </span>
    </p>
   </div>
   <div class='ocr_carea' id='block_1_72' title="bbox 2145 2572 3712 2640">
    <p class='ocr_par' dir='ltr' id='par_1_72' title="bbox 2145 2572 3712 2640">
     <span class='ocr_line' id='line_1_72' title="bbox 2145 2572 3712 2640; baseline 0.001 -13"><span class='ocrx_word' id='word_1_547' title='bbox 2145 2575 2312 2627; x_wconf 78' lang='lat' dir='ltr'><strong>ribus.</strong></span> <span class='ocrx_word' id='word_1_548' title='bbox 2349 2572 2478 2639; x_wconf 72' lang='lat' dir='ltr'><strong>Qua:</strong></span> <span class='ocrx_word' id='word_1_549' title='bbox 2513 2573 2556 2626; x_wconf 93' lang='lat' dir='ltr'><strong>si</strong></span> <span class='ocrx_word' id='word_1_550' title='bbox 2598 2573 2894 2627; x_wconf 92' lang='lat' dir='ltr'><strong>secundum</strong></span> <span class='ocrx_word' id='word_1_551' title='bbox 2937 2575 3102 2629; x_wconf 89' lang='lat' dir='ltr'><strong>Deum</strong></span> <span class='ocrx_word' id='word_1_552' title='bbox 3155 2575 3284 2640; x_wconf 91' lang='lat' dir='ltr'><strong>sint,</strong></span> <span class='ocrx_word' id='word_1_553' title='bbox 3315 2585 3371 2629; x_wconf 91' lang='lat' dir='ltr'><strong>et</strong></span> <span class='ocrx_word' id='word_1_554' title='bbox 3419 2575 3712 2630; x_wconf 89' lang='lat' dir='ltr'><strong>secundum</strong></span> 
     </span>
    </p>
   </div>
   <div class='ocr_carea' id='block_1_73' title="bbox 2142 2666 3713 2736">
    <p class='ocr_par' dir='ltr' id='par_1_73' title="bbox 2142 2666 3713 2736">
     <span class='ocr_line' id='line_1_73' title="bbox 2142 2666 3713 2736; baseline 0.001 -17"><span class='ocrx_word' id='word_1_555' title='bbox 2142 2677 2468 2735; x_wconf 83' lang='lat' dir='ltr'><strong>praeceptum</strong></span> <span class='ocrx_word' id='word_1_556' title='bbox 2506 2666 2598 2720; x_wconf 90' lang='lat' dir='ltr'><strong>Dei</strong></span> <span class='ocrx_word' id='word_1_557' title='bbox 2649 2667 2991 2736; x_wconf 81' lang='lat' dir='ltr'><strong>habeantur,</strong></span> <span class='ocrx_word' id='word_1_558' title='bbox 3044 2668 3257 2725; x_wconf 89' lang='lat' dir='ltr'><strong>etiamsi</strong></span> <span class='ocrx_word' id='word_1_559' title='bbox 3311 2669 3363 2724; x_wconf 89' lang='lat' dir='ltr'><strong>in</strong></span> <span class='ocrx_word' id='word_1_560' title='bbox 3410 2670 3569 2725; x_wconf 86' lang='lat' dir='ltr'><strong>dumo</strong></span> <span class='ocrx_word' id='word_1_561' title='bbox 3612 2668 3713 2732; x_wconf 87' lang='lat' dir='ltr'><strong>sis,</strong></span> 
     </span>
    </p>
   </div>
   <div class='ocr_carea' id='block_1_74' title="bbox 2142 2759 3719 2830">
    <p class='ocr_par' dir='ltr' id='par_1_74' title="bbox 2142 2759 3719 2830">
     <span class='ocr_line' id='line_1_74' title="bbox 2142 2759 3719 2830; baseline 0.001 -17"><span class='ocrx_word' id='word_1_562' title='bbox 2142 2760 2356 2815; x_wconf 90' lang='lat' dir='ltr'><strong>etiamsi</strong></span> <span class='ocrx_word' id='word_1_563' title='bbox 2402 2760 2453 2813; x_wconf 90' lang='lat' dir='ltr'><strong>in</strong></span> <span class='ocrx_word' id='word_1_564' title='bbox 2505 2759 2654 2825; x_wconf 82' lang='lat' dir='ltr'><strong>foro;</strong></span> <span class='ocrx_word' id='word_1_565' title='bbox 2698 2770 2753 2814; x_wconf 92' lang='lat' dir='ltr'><strong>et</strong></span> <span class='ocrx_word' id='word_1_566' title='bbox 2803 2762 2930 2830; x_wconf 92' lang='lat' dir='ltr'><strong>quid</strong></span> <span class='ocrx_word' id='word_1_567' title='bbox 2978 2762 3100 2817; x_wconf 92' lang='lat' dir='ltr'><strong>dico</strong></span> <span class='ocrx_word' id='word_1_568' title='bbox 3144 2764 3203 2817; x_wconf 88' lang='lat' dir='ltr'><strong>in</strong></span> <span class='ocrx_word' id='word_1_569' title='bbox 3249 2763 3387 2827; x_wconf 80' lang='lat' dir='ltr'><strong>foro,</strong></span> <span class='ocrx_word' id='word_1_570' title='bbox 3416 2763 3629 2818; x_wconf 88' lang='lat' dir='ltr'><strong>etiamsi</strong></span> <span class='ocrx_word' id='word_1_571' title='bbox 3661 2764 3719 2815; x_wconf 87' lang='lat' dir='ltr'><strong>in</strong></span> 
     </span>
    </p>
   </div>
   <div class='ocr_carea' id='block_1_75' title="bbox 2147 2851 3719 2919">
    <p class='ocr_par' dir='ltr' id='par_1_75' title="bbox 2147 2851 3719 2919">
     <span class='ocr_line' id='line_1_75' title="bbox 2147 2851 3719 2919; baseline 0.003 -15"><span class='ocrx_word' id='word_1_572' title='bbox 2147 2852 2357 2906; x_wconf 88' lang='lat' dir='ltr'><strong>theatro</strong></span> <span class='ocrx_word' id='word_1_573' title='bbox 2405 2851 2704 2907; x_wconf 89' lang='lat' dir='ltr'><strong>inveniaris</strong></span> <span class='ocrx_word' id='word_1_574' title='bbox 2731 2853 2897 2907; x_wconf 88' lang='lat' dir='ltr'><strong>verbo</strong></span> <span class='ocrx_word' id='word_1_575' title='bbox 2927 2852 3020 2907; x_wconf 89' lang='lat' dir='ltr'><strong>Dei</strong></span> <span class='ocrx_word' id='word_1_576' title='bbox 3056 2854 3390 2919; x_wconf 83' lang='lat' dir='ltr'><strong>deserviens,</strong></span> <span class='ocrx_word' id='word_1_577' title='bbox 3425 2860 3474 2908; x_wconf 93' lang='lat' dir='ltr'><strong>in</strong></span> <span class='ocrx_word' id='word_1_578' title='bbox 3511 2858 3719 2909; x_wconf 82' lang='lat' dir='ltr'><strong>sanctis</strong></span> 
     </span>
    </p>
   </div>
   <div class='ocr_carea' id='block_1_76' title="bbox 2147 2946 3719 3002">
    <p class='ocr_par' dir='ltr' id='par_1_76' title="bbox 2147 2946 3719 3002">
     <span class='ocr_line' id='line_1_76' title="bbox 2147 2946 3719 3002; baseline 0.001 -5"><span class='ocrx_word' id='word_1_579' title='bbox 2147 2952 2197 2997; x_wconf 88' lang='lat' dir='ltr'><strong>te</strong></span> <span class='ocrx_word' id='word_1_580' title='bbox 2243 2959 2365 2998; x_wconf 86' lang='lat' dir='ltr'><strong>esse</strong></span> <span class='ocrx_word' id='word_1_581' title='bbox 2414 2960 2517 2998; x_wconf 91' lang='lat' dir='ltr'><strong>non</strong></span> <span class='ocrx_word' id='word_1_582' title='bbox 2566 2946 2802 3002; x_wconf 89' lang='lat' dir='ltr'><strong>dubites.</strong></span> <span class='ocrx_word' id='word_1_583' title='bbox 2847 2949 2954 3002; x_wconf 94' lang='lat' dir='ltr'><strong>Aut</strong></span> <span class='ocrx_word' id='word_1_584' title='bbox 2992 2963 3098 3002; x_wconf 92' lang='lat' dir='ltr'><strong>non</strong></span> <span class='ocrx_word' id='word_1_585' title='bbox 3140 2948 3232 3002; x_wconf 88' lang='lat' dir='ltr'><strong>tibi</strong></span> <span class='ocrx_word' id='word_1_586' title='bbox 3276 2948 3487 3001; x_wconf 89' lang='lat' dir='ltr'><strong>videtur</strong></span> <span class='ocrx_word' id='word_1_587' title='bbox 3516 2946 3719 3000; x_wconf 73' lang='lat' dir='ltr'><strong>Paulus</strong></span> 
     </span>
    </p>
   </div>
   <div class='ocr_carea' id='block_1_77' title="bbox 2144 3038 3717 3107">
    <p class='ocr_par' dir='ltr' id='par_1_77' title="bbox 2144 3038 3717 3107">
     <span class='ocr_line' id='line_1_77' title="bbox 2144 3038 3717 3107; baseline 0 -16"><span class='ocrx_word' id='word_1_588' title='bbox 2144 3052 2265 3091; x_wconf 89' lang='lat' dir='ltr'><strong>cum</strong></span> <span class='ocrx_word' id='word_1_589' title='bbox 2298 3038 2575 3107; x_wconf 87' lang='lat' dir='ltr'><strong>ingressus</strong></span> <span class='ocrx_word' id='word_1_590' title='bbox 2600 3048 2683 3091; x_wconf 89' lang='lat' dir='ltr'><strong>est</strong></span> <span class='ocrx_word' id='word_1_591' title='bbox 2722 3040 3021 3103; x_wconf 85' lang='lat' dir='ltr'><strong>theatrum,</strong></span> <span class='ocrx_word' id='word_1_592' title='bbox 3060 3039 3141 3093; x_wconf 89' lang='lat' dir='ltr'><strong>vel</strong></span> <span class='ocrx_word' id='word_1_593' title='bbox 3174 3055 3296 3092; x_wconf 88' lang='lat' dir='ltr'><strong>ettm</strong></span> <span class='ocrx_word' id='word_1_594' title='bbox 3335 3040 3607 3107; x_wconf 84' lang='lat' dir='ltr'><strong>ingressus</strong></span> <span class='ocrx_word' id='word_1_595' title='bbox 3632 3049 3717 3091; x_wconf 85' lang='lat' dir='ltr'><strong>cst.</strong></span> 
     </span>
    </p>
   </div>
   <div class='ocr_carea' id='block_1_78' title="bbox 2143 3128 3712 3197">
    <p class='ocr_par' dir='ltr' id='par_1_78' title="bbox 2143 3128 3712 3197">
     <span class='ocr_line' id='line_1_78' title="bbox 2143 3128 3712 3197; baseline -0.002 -16"><span class='ocrx_word' id='word_1_596' title='bbox 2143 3130 2507 3197; x_wconf 83' lang='lat' dir='ltr'><strong>Areopagum,</strong></span> <span class='ocrx_word' id='word_1_597' title='bbox 2537 3136 2586 3181; x_wconf 91' lang='lat' dir='ltr'><strong>et</strong></span> <span class='ocrx_word' id='word_1_598' title='bbox 2621 3128 2936 3197; x_wconf 72' lang='lat' dir='ltr'><strong>praedicavit</strong></span> <span class='ocrx_word' id='word_1_599' title='bbox 2960 3129 3382 3183; x_wconf 86' lang='lat' dir='ltr'><strong>Atheniensibus</strong></span> <span class='ocrx_word' id='word_1_600' title='bbox 3405 3128 3712 3195; x_wconf 67' lang='lat' dir='ltr'><strong>Christum,</strong></span> 
     </span>
    </p>
   </div>
   <div class='ocr_carea' id='block_1_79' title="bbox 2142 3218 3715 3290">
    <p class='ocr_par' dir='ltr' id='par_1_79' title="bbox 2142 3218 3715 3290">
     <span class='ocr_line' id='line_1_79' title="bbox 2142 3218 3715 3290; baseline 0.001 -19"><span class='ocrx_word' id='word_1_601' title='bbox 2142 3220 2194 3272; x_wconf 89' lang='lat' dir='ltr'><strong>itt</strong></span> <span class='ocrx_word' id='word_1_602' title='bbox 2230 3220 2438 3274; x_wconf 89' lang='lat' dir='ltr'><strong>sanctis</strong></span> <span class='ocrx_word' id='word_1_603' title='bbox 2470 3218 2680 3274; x_wconf 80' lang='lat' dir='ltr'><strong>fuisse?</strong></span> <span class='ocrx_word' id='word_1_604' title='bbox 2715 3220 2818 3275; x_wconf 92' lang='lat' dir='ltr'><strong>Sed</strong></span> <span class='ocrx_word' id='word_1_605' title='bbox 2858 3231 2913 3275; x_wconf 90' lang='lat' dir='ltr'><strong>et</strong></span> <span class='ocrx_word' id='word_1_606' title='bbox 2944 3237 3063 3275; x_wconf 90' lang='lat' dir='ltr'><strong>cum</strong></span> <span class='ocrx_word' id='word_1_607' title='bbox 3115 3221 3545 3290; x_wconf 65' lang='lat' dir='ltr'><strong>perambulaSset</strong></span> <span class='ocrx_word' id='word_1_608' title='bbox 3590 3234 3715 3273; x_wconf 85' lang='lat' dir='ltr'><strong>aras</strong></span> 
     </span>
    </p>
   </div>
   <div class='ocr_carea' id='block_1_80' title="bbox 2141 3311 3716 3383">
    <p class='ocr_par' dir='ltr' id='par_1_80' title="bbox 2141 3311 3716 3383">
     <span class='ocr_line' id='line_1_80' title="bbox 2141 3311 3716 3383; baseline 0.003 -19"><span class='ocrx_word' id='word_1_609' title='bbox 2141 3320 2195 3364; x_wconf 93' lang='lat' dir='ltr'><strong>et</strong></span> <span class='ocrx_word' id='word_1_610' title='bbox 2223 3311 2365 3364; x_wconf 91' lang='lat' dir='ltr'><strong>idola</strong></span> <span class='ocrx_word' id='word_1_611' title='bbox 2387 3311 2819 3375; x_wconf 86' lang='lat' dir='ltr'><strong>Atheniensium,</strong></span> <span class='ocrx_word' id='word_1_612' title='bbox 2846 3314 2932 3367; x_wconf 87' lang='lat' dir='ltr'><strong>ubi</strong></span> <span class='ocrx_word' id='word_1_613' title='bbox 2955 3314 3162 3368; x_wconf 86' lang='lat' dir='ltr'><strong>invenit</strong></span> <span class='ocrx_word' id='word_1_614' title='bbox 3193 3314 3454 3381; x_wconf 91' lang='lat' dir='ltr'><strong>scriptum</strong></span> <span class='ocrx_word' id='word_1_615' title='bbox 3484 3333 3502 3366; x_wconf 71' lang='grc' dir='ltr'><em>ς</em></span> <span class='ocrx_word' id='word_1_616' title='bbox 3530 3315 3716 3383; x_wconf 88' lang='lat' dir='ltr'><strong>Ignoto</strong></span> 
     </span>
    </p>
   </div>
   <div class='ocr_carea' id='block_1_81' title="bbox 2142 3402 3714 3475">
    <p class='ocr_par' dir='ltr' id='par_1_81' title="bbox 2142 3402 3714 3475">
     <span class='ocr_line' id='line_1_81' title="bbox 2142 3402 3714 3475; baseline 0.002 -20"><span class='ocrx_word' id='word_1_617' title='bbox 2142 3402 2339 3467; x_wconf 75' lang='lat' dir='ltr'><strong>Deo&quot;,</strong></span> <span class='ocrx_word' id='word_1_618' title='bbox 2363 3421 2379 3452; x_wconf 78' lang='grc' dir='ltr'><strong><em>ι</em></strong></span> <span class='ocrx_word' id='word_1_619' title='bbox 2417 3410 2471 3455; x_wconf 92' lang='lat' dir='ltr'><strong>et</strong></span> <span class='ocrx_word' id='word_1_620' title='bbox 2502 3416 2568 3455; x_wconf 82' lang='lat' dir='ltr'><strong>ex</strong></span> <span class='ocrx_word' id='word_1_621' title='bbox 2620 3405 2721 3458; x_wconf 93' lang='lat' dir='ltr'><strong>hoc</strong></span> <span class='ocrx_word' id='word_1_622' title='bbox 2774 3405 2943 3460; x_wconf 90' lang='lat' dir='ltr'><strong>verbo</strong></span> <span class='ocrx_word' id='word_1_623' title='bbox 2970 3406 3204 3472; x_wconf 89' lang='lat' dir='ltr'><strong>sumpsit</strong></span> <span class='ocrx_word' id='word_1_624' title='bbox 3229 3406 3430 3461; x_wconf 89' lang='lat' dir='ltr'><strong>Christi</strong></span> <span class='ocrx_word' id='word_1_625' title='bbox 3462 3408 3714 3475; x_wconf 76' lang='lat' dir='ltr'><strong>praatica-</strong></span> 
     </span>
    </p>
   </div>
   <div class='ocr_carea' id='block_1_82' title="bbox 2144 3492 3713 3568">
    <p class='ocr_par' dir='ltr' id='par_1_82' title="bbox 2144 3492 3713 3568">
     <span class='ocr_line' id='line_1_82' title="bbox 2144 3492 3713 3568; baseline 0.006 -24"><span class='ocrx_word' id='word_1_626' title='bbox 2144 3492 2306 3546; x_wconf 92' lang='lat' dir='ltr'><strong>tionis</strong></span> <span class='ocrx_word' id='word_1_627' title='bbox 2336 3495 2646 3556; x_wconf 84' lang='lat' dir='ltr'><strong>exordium,</strong></span> <span class='ocrx_word' id='word_1_628' title='bbox 2680 3496 2843 3549; x_wconf 85' lang='lat' dir='ltr'><strong>etiam</strong></span> <span class='ocrx_word' id='word_1_629' title='bbox 2882 3497 2952 3551; x_wconf 91' lang='lat' dir='ltr'><strong>ibi</strong></span> <span class='ocrx_word' id='word_1_630' title='bbox 2986 3513 3109 3553; x_wconf 89' lang='lat' dir='ltr'><strong>aras</strong></span> <span class='ocrx_word' id='word_1_631' title='bbox 3144 3500 3424 3568; x_wconf 83' lang='lat' dir='ltr'><strong>gentilium</strong></span> <span class='ocrx_word' id='word_1_632' title='bbox 3476 3500 3713 3553; x_wconf 84' lang='lat' dir='ltr'><strong>lustrans</strong></span> 
     </span>
    </p>
   </div>
   <div class='ocr_carea' id='block_1_83' title="bbox 2142 3582 3717 3663">
    <p class='ocr_par' dir='ltr' id='par_1_83' title="bbox 2142 3582 3717 3663">
     <span class='ocr_line' id='line_1_83' title="bbox 2142 3582 3717 3663; baseline 0.008 -29"><span class='ocrx_word' id='word_1_633' title='bbox 2142 3582 2194 3635; x_wconf 91' lang='lat' dir='ltr'><strong>in</strong></span> <span class='ocrx_word' id='word_1_634' title='bbox 2226 3587 2431 3640; x_wconf 89' lang='lat' dir='ltr'><strong>sanctis</strong></span> <span class='ocrx_word' id='word_1_635' title='bbox 2476 3590 2687 3656; x_wconf 89' lang='lat' dir='ltr'><strong>positus</strong></span> <span class='ocrx_word' id='word_1_636' title='bbox 2721 3598 2862 3657; x_wconf 89' lang='lat' dir='ltr'><strong>erat,</strong></span> <span class='ocrx_word' id='word_1_637' title='bbox 2895 3592 3019 3661; x_wconf 88' lang='lat' dir='ltr'><strong>quia</strong></span> <span class='ocrx_word' id='word_1_638' title='bbox 3055 3602 3245 3646; x_wconf 84' lang='lat' dir='ltr'><strong>sancta</strong></span> <span class='ocrx_word' id='word_1_639' title='bbox 3279 3592 3573 3663; x_wconf 86' lang='lat' dir='ltr'><strong>cogitabat.</strong></span> <span class='ocrx_word' id='word_1_640' title='bbox 3606 3593 3717 3647; x_wconf 78' lang='lat' dir='ltr'><strong>Sed</strong></span> 
     </span>
    </p>
   </div>
   <div class='ocr_carea' id='block_1_84' title="bbox 2140 3679 3714 3756">
    <p class='ocr_par' dir='ltr' id='par_1_84' title="bbox 2140 3679 3714 3756">
     <span class='ocr_line' id='line_1_84' title="bbox 2140 3679 3714 3756; baseline 0.008 -27"><span class='ocrx_word' id='word_1_641' title='bbox 2140 3686 2192 3730; x_wconf 93' lang='lat' dir='ltr'><strong>et</strong></span> <span class='ocrx_word' id='word_1_642' title='bbox 2223 3679 2535 3750; x_wconf 91' lang='lat' dir='ltr'><strong>quicunque</strong></span> <span class='ocrx_word' id='word_1_643' title='bbox 2581 3687 2821 3739; x_wconf 84' lang='lat' dir='ltr'><strong>custodit</strong></span> <span class='ocrx_word' id='word_1_644' title='bbox 2872 3702 2929 3741; x_wconf 90' lang='lat' dir='ltr'><strong>se</strong></span> <span class='ocrx_word' id='word_1_645' title='bbox 2978 3696 3102 3755; x_wconf 86' lang='lat' dir='ltr'><strong>post</strong></span> <span class='ocrx_word' id='word_1_646' title='bbox 3155 3700 3431 3756; x_wconf 86' lang='lat' dir='ltr'><strong>acceptam</strong></span> <span class='ocrx_word' id='word_1_647' title='bbox 3482 3690 3714 3756; x_wconf 81' lang='lat' dir='ltr'><strong>gratiam</strong></span> 
     </span>
    </p>
   </div>
   <div class='ocr_carea' id='block_1_85' title="bbox 2143 3766 3714 3844">
    <p class='ocr_par' dir='ltr' id='par_1_85' title="bbox 2143 3766 3714 3844">
     <span class='ocr_line' id='line_1_85' title="bbox 2143 3766 3714 3844; baseline 0.005 -23"><span class='ocrx_word' id='word_1_648' title='bbox 2143 3766 2234 3822; x_wconf 91' lang='lat' dir='ltr'><strong>Dei</strong></span> <span class='ocrx_word' id='word_1_649' title='bbox 2286 3784 2351 3823; x_wconf 90' lang='lat' dir='ltr'><strong>ne</strong></span> <span class='ocrx_word' id='word_1_650' title='bbox 2404 3773 2609 3825; x_wconf 84' lang='lat' dir='ltr'><strong>incidat</strong></span> <span class='ocrx_word' id='word_1_651' title='bbox 2657 3775 2707 3828; x_wconf 92' lang='lat' dir='ltr'><strong>in</strong></span> <span class='ocrx_word' id='word_1_652' title='bbox 2762 3777 3137 3844; x_wconf 86' lang='lat' dir='ltr'><strong>homicidium,</strong></span> <span class='ocrx_word' id='word_1_653' title='bbox 3181 3780 3233 3831; x_wconf 89' lang='lat' dir='ltr'><strong>itt</strong></span> <span class='ocrx_word' id='word_1_654' title='bbox 3282 3779 3628 3843; x_wconf 88' lang='lat' dir='ltr'><strong>adulterium,</strong></span> <span class='ocrx_word' id='word_1_655' title='bbox 3662 3779 3714 3829; x_wconf 91' lang='lat' dir='ltr'><strong>itt</strong></span> 
     </span>
    </p>
   </div>
   <div class='ocr_carea' id='block_1_86' title="bbox 2141 3862 3713 3933">
    <p class='ocr_par' dir='ltr' id='par_1_86' title="bbox 2141 3862 3713 3933">
     <span class='ocr_line' id='line_1_86' title="bbox 2141 3862 3713 3933; baseline 0.004 -18"><span class='ocrx_word' id='word_1_656' title='bbox 2141 3862 2366 3925; x_wconf 84' lang='lat' dir='ltr'><strong>furtum,</strong></span> <span class='ocrx_word' id='word_1_657' title='bbox 2399 3863 2450 3917; x_wconf 93' lang='lat' dir='ltr'><strong>in</strong></span> <span class='ocrx_word' id='word_1_658' title='bbox 2490 3863 2683 3917; x_wconf 80' lang='lat' dir='ltr'><strong>falsum</strong></span> <span class='ocrx_word' id='word_1_659' title='bbox 2711 3868 3101 3932; x_wconf 88' lang='lat' dir='ltr'><strong>testimonium,</strong></span> <span class='ocrx_word' id='word_1_660' title='bbox 3126 3878 3180 3923; x_wconf 90' lang='lat' dir='ltr'><strong>et</strong></span> <span class='ocrx_word' id='word_1_661' title='bbox 3214 3869 3315 3921; x_wconf 89' lang='lat' dir='ltr'><strong>alia</strong></span> <span class='ocrx_word' id='word_1_662' title='bbox 3350 3868 3579 3933; x_wconf 87' lang='lat' dir='ltr'><strong>similia;</strong></span> <span class='ocrx_word' id='word_1_663' title='bbox 3619 3868 3713 3922; x_wconf 88' lang='lat' dir='ltr'><strong>sed</strong></span> 
     </span>
    </p>
   </div>
   <div class='ocr_carea' id='block_1_87' title="bbox 2139 3940 3747 4030">
    <p class='ocr_par' dir='ltr' id='par_1_87' title="bbox 2139 3940 3747 4030">
     <span class='ocr_line' id='line_1_87' title="bbox 2139 3940 3747 4030; baseline 0.005 -23"><span class='ocrx_word' id='word_1_664' title='bbox 2139 3965 2418 4021; x_wconf 90' lang='lat' dir='ltr'><strong>permanet</strong></span> <span class='ocrx_word' id='word_1_665' title='bbox 2449 3956 2680 4010; x_wconf 89' lang='lat' dir='ltr'><strong>tnundus</strong></span> <span class='ocrx_word' id='word_1_666' title='bbox 2710 3958 2778 4010; x_wconf 91' lang='lat' dir='ltr'><strong>ab</strong></span> <span class='ocrx_word' id='word_1_667' title='bbox 2806 3959 2952 4012; x_wconf 91' lang='lat' dir='ltr'><strong>omni</strong></span> <span class='ocrx_word' id='word_1_668' title='bbox 2986 3960 3308 4030; x_wconf 84' lang='lat' dir='ltr'><strong>contagione</strong></span> <span class='ocrx_word' id='word_1_669' title='bbox 3341 3962 3573 4028; x_wconf 90' lang='lat' dir='ltr'><strong>peccati,</strong></span> <span class='ocrx_word' id='word_1_670' title='bbox 3605 3976 3713 4015; x_wconf 84' lang='lat' dir='ltr'><strong>non</strong></span> <span class='ocrx_word' id='word_1_671' title='bbox 3744 3940 3747 3945; x_wconf 19' lang='lat' dir='ltr'><strong>i</strong></span> 
     </span>
    </p>
   </div>
   <div class='ocr_carea' id='block_1_88' title="bbox 2138 4046 3713 4113">
    <p class='ocr_par' dir='ltr' id='par_1_88' title="bbox 2138 4046 3713 4113">
     <span class='ocr_line' id='line_1_88' title="bbox 2138 4046 3713 4113; baseline 0.004 -15"><span class='ocrx_word' id='word_1_672' title='bbox 2138 4046 2305 4099; x_wconf 81' lang='lat' dir='ltr'><strong>exivit</strong></span> <span class='ocrx_word' id='word_1_673' title='bbox 2338 4046 2442 4100; x_wconf 87' lang='lat' dir='ltr'><strong>iste</strong></span> <span class='ocrx_word' id='word_1_674' title='bbox 2486 4048 2553 4101; x_wconf 93' lang='lat' dir='ltr'><strong>de</strong></span> <span class='ocrx_word' id='word_1_675' title='bbox 2604 4049 2830 4113; x_wconf 89' lang='lat' dir='ltr'><strong>sanctis,</strong></span> <span class='ocrx_word' id='word_1_676' title='bbox 2867 4060 2921 4105; x_wconf 92' lang='lat' dir='ltr'><strong>et</strong></span> <span class='ocrx_word' id='word_1_677' title='bbox 2952 4068 3055 4105; x_wconf 91' lang='lat' dir='ltr'><strong>non</strong></span> <span class='ocrx_word' id='word_1_678' title='bbox 3085 4053 3474 4107; x_wconf 86' lang='lat' dir='ltr'><strong>contaminavit</strong></span> <span class='ocrx_word' id='word_1_679' title='bbox 3507 4052 3713 4107; x_wconf 85' lang='lat' dir='ltr'><strong>sancti-</strong></span> 
     </span>
    </p>
   </div>
   <div class='ocr_carea' id='block_1_89' title="bbox 2138 4138 3711 4214">
    <p class='ocr_par' dir='ltr' id='par_1_89' title="bbox 2138 4138 3711 4214">
     <span class='ocr_line' id='line_1_89' title="bbox 2138 4138 3711 4214; baseline 0.004 -24"><span class='ocrx_word' id='word_1_680' title='bbox 2138 4138 2442 4192; x_wconf 78' lang='lat' dir='ltr'><strong>ﬁcationent</strong></span> <span class='ocrx_word' id='word_1_681' title='bbox 2504 4138 2597 4191; x_wconf 90' lang='lat' dir='ltr'><strong>Dei</strong></span> <span class='ocrx_word' id='word_1_682' title='bbox 2644 4140 2724 4193; x_wconf 91' lang='lat' dir='ltr'><strong>sui</strong></span> <span class='ocrx_word' id='word_1_683' title='bbox 2784 4140 2835 4193; x_wconf 88' lang='lat' dir='ltr'><strong>itt</strong></span> <span class='ocrx_word' id='word_1_684' title='bbox 2900 4144 3219 4211; x_wconf 87' lang='lat' dir='ltr'><strong>semetipso,</strong></span> <span class='ocrx_word' id='word_1_685' title='bbox 3270 4146 3397 4214; x_wconf 90' lang='lat' dir='ltr'><strong>quia</strong></span> <span class='ocrx_word' id='word_1_686' title='bbox 3461 4156 3711 4199; x_wconf 90' lang='lat' dir='ltr'><strong>sanctum</strong></span> 
     </span>
    </p>
   </div>
   <div class='ocr_carea' id='block_1_90' title="bbox 2137 4227 3711 4305">
    <p class='ocr_par' dir='ltr' id='par_1_90' title="bbox 2137 4227 3711 4305">
     <span class='ocr_line' id='line_1_90' title="bbox 2137 4227 3711 4305; baseline 0.006 -24"><span class='ocrx_word' id='word_1_687' title='bbox 2137 4227 2313 4281; x_wconf 92' lang='lat' dir='ltr'><strong>oleum</strong></span> <span class='ocrx_word' id='word_1_688' title='bbox 2364 4230 2684 4283; x_wconf 89' lang='lat' dir='ltr'><strong>chrismatis</strong></span> <span class='ocrx_word' id='word_1_689' title='bbox 2720 4230 2812 4285; x_wconf 85' lang='lat' dir='ltr'><strong>Dei</strong></span> <span class='ocrx_word' id='word_1_690' title='bbox 2863 4235 2943 4287; x_wconf 91' lang='lat' dir='ltr'><strong>sui</strong></span> <span class='ocrx_word' id='word_1_691' title='bbox 2991 4251 3155 4304; x_wconf 88' lang='lat' dir='ltr'><strong>super</strong></span> <span class='ocrx_word' id='word_1_692' title='bbox 3202 4237 3380 4305; x_wconf 91' lang='lat' dir='ltr'><strong>ipsum</strong></span> <span class='ocrx_word' id='word_1_693' title='bbox 3430 4247 3534 4292; x_wconf 89' lang='lat' dir='ltr'><strong>est.</strong></span> <span class='ocrx_word' id='word_1_694' title='bbox 3581 4236 3711 4290; x_wconf 89' lang='lat' dir='ltr'><strong>Illud</strong></span> 
     </span>
    </p>
   </div>
   <div class='ocr_carea' id='block_1_91' title="bbox 2136 4319 3710 4397">
    <p class='ocr_par' dir='ltr' id='par_1_91' title="bbox 2136 4319 3710 4397">
     <span class='ocr_line' id='line_1_91' title="bbox 2136 4319 3710 4397; baseline 0.005 -24"><span class='ocrx_word' id='word_1_695' title='bbox 2136 4319 2336 4383; x_wconf 90' lang='lat' dir='ltr'><strong>oleum,</strong></span> <span class='ocrx_word' id='word_1_696' title='bbox 2360 4320 2427 4375; x_wconf 92' lang='lat' dir='ltr'><strong>de</strong></span> <span class='ocrx_word' id='word_1_697' title='bbox 2453 4336 2559 4390; x_wconf 92' lang='lat' dir='ltr'><strong>quo</strong></span> <span class='ocrx_word' id='word_1_698' title='bbox 2608 4323 2658 4375; x_wconf 89' lang='lat' dir='ltr'><strong>itt</strong></span> <span class='ocrx_word' id='word_1_699' title='bbox 2696 4323 2879 4378; x_wconf 82' lang='lat' dir='ltr'><strong>Exodo</strong></span> <span class='ocrx_word' id='word_1_700' title='bbox 2930 4326 3193 4395; x_wconf 88' lang='lat' dir='ltr'><strong>scriptum</strong></span> <span class='ocrx_word' id='word_1_701' title='bbox 3236 4328 3410 4392; x_wconf 74' lang='lat' dir='ltr'><strong>est”,</strong></span> <span class='ocrx_word' id='word_1_702' title='bbox 3440 4328 3710 4397; x_wconf 90' lang='lat' dir='ltr'><strong>quomodo</strong></span> 
     </span>
    </p>
   </div>
   <div class='ocr_carea' id='block_1_92' title="bbox 461 4411 3705 4489">
    <p class='ocr_par' dir='ltr' id='par_1_92' title="bbox 461 4411 3705 4489">
     <span class='ocr_line' id='line_1_92' title="bbox 461 4411 3705 4489; baseline -0.002 -12"><span class='ocrx_word' id='word_1_703' title='bbox 461 4430 735 4477; x_wconf 87' lang='lat' dir='ltr'><strong>cessatum</strong></span> <span class='ocrx_word' id='word_1_704' title='bbox 767 4421 837 4475; x_wconf 94' lang='lat' dir='ltr'><strong>sit</strong></span> <span class='ocrx_word' id='word_1_705' title='bbox 867 4436 999 4476; x_wconf 85' lang='lat' dir='ltr'><strong>vero</strong></span> <span class='ocrx_word' id='word_1_706' title='bbox 1026 4430 1303 4489; x_wconf 87' lang='lat' dir='ltr'><strong>postquam</strong></span> <span class='ocrx_word' id='word_1_707' title='bbox 1355 4419 1684 4473; x_wconf 86' lang='lat' dir='ltr'><strong>credidimus</strong></span> <span class='ocrx_word' id='word_1_708' title='bbox 1714 4420 1725 4471; x_wconf 74' lang='grc' dir='ltr'><strong>ε</strong></span> <span class='ocrx_word' id='word_1_709' title='bbox 1781 4417 1871 4473; x_wconf 88' lang='lat' dir='ltr'><strong>Sic</strong></span> <span class='ocrx_word' id='word_1_710' title='bbox 1904 4435 2033 4488; x_wconf 77' lang='lat' dir='ltr'><strong>ergo</strong></span> <span class='ocrx_word' id='word_1_711' title='bbox 2066 4411 2110 4466; x_wconf 86' lang='grc' dir='ltr'><strong>Ι)</strong></span> <span class='ocrx_word' id='word_1_712' title='bbox 2140 4419 2320 4481; x_wconf 81' lang='lat' dir='ltr'><strong>potest</strong></span> <span class='ocrx_word' id='word_1_713' title='bbox 2352 4413 2651 4466; x_wconf 78' lang='lat' dir='ltr'><strong>secundum</strong></span> <span class='ocrx_word' id='word_1_714' title='bbox 2685 4414 2920 4468; x_wconf 82' lang='lat' dir='ltr'><strong>litteram</strong></span> <span class='ocrx_word' id='word_1_715' title='bbox 2966 4417 3184 4485; x_wconf 86' lang='lat' dir='ltr'><strong>proprie</strong></span> <span class='ocrx_word' id='word_1_716' title='bbox 3218 4419 3397 4472; x_wconf 88' lang='lat' dir='ltr'><strong>oleum</strong></span> <span class='ocrx_word' id='word_1_717' title='bbox 3453 4421 3541 4473; x_wconf 89' lang='lat' dir='ltr'><strong>Dei</strong></span> <span class='ocrx_word' id='word_1_718' title='bbox 3570 4420 3705 4482; x_wconf 90' lang='lat' dir='ltr'><strong>dici,</strong></span> 
     </span>
    </p>
   </div>
   <div class='ocr_carea' id='block_1_93' title="bbox 461 4510 2033 4583">
    <p class='ocr_par' dir='ltr' id='par_1_93' title="bbox 461 4510 2033 4583">
     <span class='ocr_line' id='line_1_93' title="bbox 461 4510 2033 4583; baseline -0.002 -16"><span class='ocrx_word' id='word_1_719' title='bbox 461 4514 625 4567; x_wconf 87' lang='lat' dir='ltr'><strong>etiam</strong></span> <span class='ocrx_word' id='word_1_720' title='bbox 652 4511 813 4581; x_wconf 72' lang='lat'><strong>252</strong></span> <span class='ocrx_word' id='word_1_721' title='bbox 848 4511 1285 4583; x_wconf 77' lang='lat' dir='ltr'><strong>contaminamur</strong></span> <span class='ocrx_word' id='word_1_722' title='bbox 1329 4510 1379 4563; x_wconf 91' lang='lat' dir='ltr'><strong>in</strong></span> <span class='ocrx_word' id='word_1_723' title='bbox 1432 4518 1626 4575; x_wconf 91' lang='lat' dir='ltr'><strong>matre,</strong></span> <span class='ocrx_word' id='word_1_724' title='bbox 1658 4512 1703 4563; x_wconf 91' lang='lat' dir='ltr'><strong>si</strong></span> <span class='ocrx_word' id='word_1_725' title='bbox 1747 4510 2033 4565; x_wconf 90' lang='lat' dir='ltr'><strong>credentes</strong></span> 
     </span>
    </p>
   </div>
   <div class='ocr_carea' id='block_1_94' title="bbox 462 4602 2033 4667">
    <p class='ocr_par' dir='ltr' id='par_1_94' title="bbox 462 4602 2033 4667">
     <span class='ocr_line' id='line_1_94' title="bbox 462 4602 2033 4667; baseline -0.001 -8"><span class='ocrx_word' id='word_1_726' title='bbox 462 4604 595 4666; x_wconf 91' lang='lat' dir='ltr'><strong>Deo,</strong></span> <span class='ocrx_word' id='word_1_727' title='bbox 628 4604 711 4657; x_wconf 82' lang='lat' dir='ltr'><strong>vel</strong></span> <span class='ocrx_word' id='word_1_728' title='bbox 746 4603 1040 4657; x_wconf 80' lang='lat' dir='ltr'><strong>Ecclesiant</strong></span> <span class='ocrx_word' id='word_1_729' title='bbox 1078 4602 1345 4667; x_wconf 72' lang='lat' dir='ltr'><strong>lzedimus,</strong></span> <span class='ocrx_word' id='word_1_730' title='bbox 1380 4603 1462 4657; x_wconf 88' lang='lat' dir='ltr'><strong>vel</strong></span> <span class='ocrx_word' id='word_1_731' title='bbox 1500 4603 1804 4658; x_wconf 89' lang='lat' dir='ltr'><strong>libertatem</strong></span> <span class='ocrx_word' id='word_1_732' title='bbox 1843 4606 2033 4658; x_wconf 89' lang='lat' dir='ltr'><strong>matris</strong></span> 
     </span>
    </p>
   </div>
   <div class='ocr_carea' id='block_1_95' title="bbox 461 4694 2033 4764">
    <p class='ocr_par' dir='ltr' id='par_1_95' title="bbox 461 4694 2033 4764">
     <span class='ocr_line' id='line_1_95' title="bbox 461 4694 2033 4764; baseline 0.001 -15"><span class='ocrx_word' id='word_1_733' title='bbox 461 4696 702 4749; x_wconf 65' lang='lat' dir='ltr'><strong>easiestis</strong></span> <span class='ocrx_word' id='word_1_734' title='bbox 760 4696 976 4763; x_wconf 84' lang='lat' dir='ltr'><strong>indigna</strong></span> <span class='ocrx_word' id='word_1_735' title='bbox 1021 4696 1225 4764; x_wconf 89' lang='lat' dir='ltr'><strong>peccati</strong></span> <span class='ocrx_word' id='word_1_736' title='bbox 1256 4694 1516 4748; x_wconf 83' lang='lat' dir='ltr'><strong>servitute</strong></span> <span class='ocrx_word' id='word_1_737' title='bbox 1549 4694 1839 4749; x_wconf 71' lang='lat' dir='ltr'><strong>l‘wdamus.</strong></span> <span class='ocrx_word' id='word_1_738' title='bbox 1875 4695 2033 4751; x_wconf 85' lang='lat' dir='ltr'><strong>Solus</strong></span> 
     </span>
    </p>
   </div>
   <div class='ocr_carea' id='block_1_96' title="bbox 461 4783 2027 4855">
    <p class='ocr_par' dir='ltr' id='par_1_96' title="bbox 461 4783 2027 4855">
     <span class='ocr_line' id='line_1_96' title="bbox 461 4783 2027 4855; baseline 0.001 -17"><span class='ocrx_word' id='word_1_739' title='bbox 461 4801 591 4841; x_wconf 89' lang='lat' dir='ltr'><strong>vero</strong></span> <span class='ocrx_word' id='word_1_740' title='bbox 625 4786 881 4840; x_wconf 91' lang='lat' dir='ltr'><strong>Dominus</strong></span> <span class='ocrx_word' id='word_1_741' title='bbox 911 4796 1096 4839; x_wconf 86' lang='lat' dir='ltr'><strong>noster</strong></span> <span class='ocrx_word' id='word_1_742' title='bbox 1120 4783 1280 4839; x_wconf 82' lang='lat' dir='ltr'><strong>Jesus</strong></span> <span class='ocrx_word' id='word_1_743' title='bbox 1308 4786 1580 4848; x_wconf 83' lang='lat' dir='ltr'><strong>Christus,</strong></span> <span class='ocrx_word' id='word_1_744' title='bbox 1621 4786 1714 4854; x_wconf 86' lang='lat' dir='ltr'><strong>qui</strong></span> <span class='ocrx_word' id='word_1_745' title='bbox 1748 4796 2027 4855; x_wconf 87' lang='lat' dir='ltr'><strong>peccatum</strong></span> 
     </span>
    </p>
   </div>
   <div class='ocr_carea' id='block_1_97' title="bbox 466 4875 2031 4946">
    <p class='ocr_par' dir='ltr' id='par_1_97' title="bbox 466 4875 2031 4946">
     <span class='ocr_line' id='line_1_97' title="bbox 466 4875 2031 4946; baseline -0.001 -17"><span class='ocrx_word' id='word_1_746' title='bbox 466 4878 661 4940; x_wconf 86' lang='lat' dir='ltr'><strong>nescit,</strong></span> <span class='ocrx_word' id='word_1_747' title='bbox 693 4891 868 4946; x_wconf 91' lang='lat' dir='ltr'><strong>neque</strong></span> <span class='ocrx_word' id='word_1_748' title='bbox 897 4876 948 4929; x_wconf 89' lang='lat' dir='ltr'><strong>in</strong></span> <span class='ocrx_word' id='word_1_749' title='bbox 978 4885 1151 4945; x_wconf 89' lang='lat' dir='ltr'><strong>patre,</strong></span> <span class='ocrx_word' id='word_1_750' title='bbox 1184 4890 1361 4942; x_wconf 80' lang='lat' dir='ltr'><strong>neque</strong></span> <span class='ocrx_word' id='word_1_751' title='bbox 1396 4875 1447 4927; x_wconf 90' lang='lat' dir='ltr'><strong>in</strong></span> <span class='ocrx_word' id='word_1_752' title='bbox 1480 4886 1653 4928; x_wconf 89' lang='lat' dir='ltr'><strong>matre</strong></span> <span class='ocrx_word' id='word_1_753' title='bbox 1693 4876 2031 4928; x_wconf 88' lang='lat' dir='ltr'><strong>contamina-</strong></span> 
     </span>
    </p>
   </div>
   <div class='ocr_carea' id='block_1_98' title="bbox 463 4963 2029 5032">
    <p class='ocr_par' dir='ltr' id='par_1_98' title="bbox 463 4963 2029 5032">
     <span class='ocr_line' id='line_1_98' title="bbox 463 4963 2029 5032; baseline 0.001 -15"><span class='ocrx_word' id='word_1_754' title='bbox 463 4973 550 5017; x_wconf 90' lang='lat' dir='ltr'><strong>tus</strong></span> <span class='ocrx_word' id='word_1_755' title='bbox 581 4972 685 5029; x_wconf 88' lang='lat' dir='ltr'><strong>est,</strong></span> <span class='ocrx_word' id='word_1_756' title='bbox 721 4973 775 5018; x_wconf 90' lang='lat' dir='ltr'><strong>et</strong></span> <span class='ocrx_word' id='word_1_757' title='bbox 810 4963 877 5018; x_wconf 89' lang='lat' dir='ltr'><strong>de</strong></span> <span class='ocrx_word' id='word_1_758' title='bbox 912 4964 1115 5018; x_wconf 89' lang='lat' dir='ltr'><strong>sanctis</strong></span> <span class='ocrx_word' id='word_1_759' title='bbox 1164 4978 1269 5017; x_wconf 89' lang='lat' dir='ltr'><strong>non</strong></span> <span class='ocrx_word' id='word_1_760' title='bbox 1302 4963 1492 5018; x_wconf 85' lang='lat' dir='ltr'><strong>exivit.</strong></span> <span class='ocrx_word' id='word_1_761' title='bbox 1535 4963 1774 5018; x_wconf 87' lang='lat' dir='ltr'><strong>Fuerant</strong></span> <span class='ocrx_word' id='word_1_762' title='bbox 1809 4965 2029 5032; x_wconf 88' lang='lat' dir='ltr'><strong>quidem</strong></span> 
     </span>
    </p>
   </div>
   <div class='ocr_carea' id='block_1_99' title="bbox 462 5050 2032 5121">
    <p class='ocr_par' dir='ltr' id='par_1_99' title="bbox 462 5050 2032 5121">
     <span class='ocr_line' id='line_1_99' title="bbox 462 5050 2032 5121; baseline 0.004 -18"><span class='ocrx_word' id='word_1_763' title='bbox 462 5050 719 5103; x_wconf 88' lang='lat' dir='ltr'><strong>nonnulla</strong></span> <span class='ocrx_word' id='word_1_764' title='bbox 748 5058 803 5105; x_wconf 89' lang='lat' dir='ltr'><strong>et</strong></span> <span class='ocrx_word' id='word_1_765' title='bbox 833 5051 883 5105; x_wconf 89' lang='lat' dir='ltr'><strong>itt</strong></span> <span class='ocrx_word' id='word_1_766' title='bbox 917 5052 1292 5121; x_wconf 88' lang='lat' dir='ltr'><strong>superioribus</strong></span> <span class='ocrx_word' id='word_1_767' title='bbox 1324 5052 1675 5121; x_wconf 88' lang='lat' dir='ltr'><strong>proponenda</strong></span> <span class='ocrx_word' id='word_1_768' title='bbox 1718 5052 1938 5119; x_wconf 72' lang='lat' dir='ltr'><strong>Judaeis,</strong></span> <span class='ocrx_word' id='word_1_769' title='bbox 1966 5057 2032 5110; x_wconf 89' lang='lat' dir='ltr'><strong>ad</strong></span> 
     </span>
    </p>
   </div>
   <div class='ocr_carea' id='block_1_100' title="bbox 459 5144 2031 5213">
    <p class='ocr_par' dir='ltr' id='par_1_100' title="bbox 459 5144 2031 5213">
     <span class='ocr_line' id='line_1_100' title="bbox 459 5144 2031 5213; baseline 0.004 -19"><span class='ocrx_word' id='word_1_770' title='bbox 459 5160 579 5210; x_wconf 64' lang='lat' dir='ltr'><strong>quae</strong></span> <span class='ocrx_word' id='word_1_771' title='bbox 614 5144 942 5213; x_wconf 86' lang='lat' dir='ltr'><strong>respondere</strong></span> <span class='ocrx_word' id='word_1_772' title='bbox 992 5160 1099 5198; x_wconf 91' lang='lat' dir='ltr'><strong>nou</strong></span> <span class='ocrx_word' id='word_1_773' title='bbox 1157 5153 1398 5212; x_wconf 90' lang='lat' dir='ltr'><strong>possent,</strong></span> <span class='ocrx_word' id='word_1_774' title='bbox 1433 5144 1526 5198; x_wconf 90' lang='lat' dir='ltr'><strong>sed</strong></span> <span class='ocrx_word' id='word_1_775' title='bbox 1552 5145 1772 5198; x_wconf 86' lang='lat' dir='ltr'><strong>omissis</strong></span> <span class='ocrx_word' id='word_1_776' title='bbox 1802 5146 1929 5211; x_wconf 88' lang='lat' dir='ltr'><strong>illis,</strong></span> <span class='ocrx_word' id='word_1_777' title='bbox 1962 5146 2031 5200; x_wconf 89' lang='lat' dir='ltr'><strong>de</strong></span> 
     </span>
    </p>
   </div>
   <div class='ocr_carea' id='block_1_101' title="bbox 461 5235 2030 5305">
    <p class='ocr_par' dir='ltr' id='par_1_101' title="bbox 461 5235 2030 5305">
     <span class='ocr_line' id='line_1_101' title="bbox 461 5235 2030 5305; baseline 0 -16"><span class='ocrx_word' id='word_1_778' title='bbox 461 5236 561 5289; x_wconf 85' lang='lat' dir='ltr'><strong>huc</strong></span> <span class='ocrx_word' id='word_1_779' title='bbox 586 5235 798 5291; x_wconf 86' lang='lat' dir='ltr'><strong>interim</strong></span> <span class='ocrx_word' id='word_1_780' title='bbox 817 5251 1067 5290; x_wconf 89' lang='lat' dir='ltr'><strong>sermone</strong></span> <span class='ocrx_word' id='word_1_781' title='bbox 1098 5236 1225 5303; x_wconf 90' lang='lat' dir='ltr'><strong>quid</strong></span> <span class='ocrx_word' id='word_1_782' title='bbox 1258 5235 1411 5288; x_wconf 90' lang='lat' dir='ltr'><strong>nobis</strong></span> <span class='ocrx_word' id='word_1_783' title='bbox 1437 5235 1639 5297; x_wconf 89' lang='lat' dir='ltr'><strong>dicant,</strong></span> <span class='ocrx_word' id='word_1_784' title='bbox 1669 5235 1754 5289; x_wconf 89' lang='lat' dir='ltr'><strong>vel</strong></span> <span class='ocrx_word' id='word_1_785' title='bbox 1790 5236 1910 5305; x_wconf 89' lang='lat' dir='ltr'><strong>ipsi,</strong></span> <span class='ocrx_word' id='word_1_786' title='bbox 1949 5240 2030 5292; x_wconf 88' lang='lat' dir='ltr'><strong>vel</strong></span> 
     </span>
    </p>
   </div>
   <div class='ocr_carea' id='block_1_102' title="bbox 458 5322 2031 5394">
    <p class='ocr_par' dir='ltr' id='par_1_102' title="bbox 458 5322 2031 5394">
     <span class='ocr_line' id='line_1_102' title="bbox 458 5322 2031 5394; baseline 0.004 -21"><span class='ocrx_word' id='word_1_787' title='bbox 458 5324 547 5385; x_wconf 86' lang='lat' dir='ltr'><strong>qui</strong></span> <span class='ocrx_word' id='word_1_788' title='bbox 573 5325 869 5377; x_wconf 89' lang='lat' dir='ltr'><strong>secundum</strong></span> <span class='ocrx_word' id='word_1_789' title='bbox 899 5324 1138 5391; x_wconf 89' lang='lat' dir='ltr'><strong>ipsorum</strong></span> <span class='ocrx_word' id='word_1_790' title='bbox 1171 5338 1392 5376; x_wconf 86' lang='lat' dir='ltr'><strong>sensum</strong></span> <span class='ocrx_word' id='word_1_791' title='bbox 1432 5322 1655 5392; x_wconf 90' lang='lat' dir='ltr'><strong>intelligi</strong></span> <span class='ocrx_word' id='word_1_792' title='bbox 1711 5325 1879 5394; x_wconf 84' lang='lat' dir='ltr'><strong>legem</strong></span> <span class='ocrx_word' id='word_1_793' title='bbox 1935 5342 2031 5379; x_wconf 90' lang='lat' dir='ltr'><strong>vo-</strong></span> 
     </span>
    </p>
   </div>
   <div class='ocr_carea' id='block_1_103' title="bbox 528 5416 1574 5483">
    <p class='ocr_par' dir='ltr' id='par_1_103' title="bbox 528 5416 1574 5483">
     <span class='ocr_line' id='line_1_103' title="bbox 528 5416 1574 5483; baseline 0.001 -13"><span class='ocrx_word' id='word_1_794' title='bbox 528 5416 575 5446; x_wconf 86' lang='lat'>&quot;</span> <span class='ocrx_word' id='word_1_795' title='bbox 602 5416 728 5472; x_wconf 87' lang='lat' dir='ltr'><strong>Lev.</strong></span> <span class='ocrx_word' id='word_1_796' title='bbox 761 5432 872 5479; x_wconf 86' lang='lat' dir='ltr'><strong>xxt.</strong></span> <span class='ocrx_word' id='word_1_797' title='bbox 912 5418 997 5472; x_wconf 77' lang='lat' dir='ltr'><strong>il.</strong></span> <span class='ocrx_word' id='word_1_798' title='bbox 1071 5419 1117 5449; x_wconf 87' lang='grc'><strong>⁷³</strong></span> <span class='ocrx_word' id='word_1_799' title='bbox 1144 5417 1245 5473; x_wconf 81' lang='lat' dir='ltr'><strong>Job</strong></span> <span class='ocrx_word' id='word_1_800' title='bbox 1295 5433 1405 5483; x_wconf 80' lang='lat' dir='ltr'><strong>xw,</strong></span> <span class='ocrx_word' id='word_1_801' title='bbox 1436 5418 1488 5482; x_wconf 72' lang='grc'><strong>4,</strong></span> <span class='ocrx_word' id='word_1_802' title='bbox 1522 5417 1574 5471; x_wconf 90' lang='grc'><strong>5.</strong></span> 
     </span>
    </p>
   </div>
   <div class='ocr_carea' id='block_1_104' title="bbox 464 5479 1425 5553">
    <p class='ocr_par' dir='ltr' id='par_1_104' title="bbox 464 5479 1425 5553">
     <span class='ocr_line' id='line_1_104' title="bbox 464 5479 1425 5553; baseline 0.005 -15"><span class='ocrx_word' id='word_1_803' title='bbox 464 5479 508 5511; x_wconf 76' lang='grc'><strong>’⁸</strong></span> <span class='ocrx_word' id='word_1_804' title='bbox 532 5486 697 5539; x_wconf 78' lang='lat' dir='ltr'><strong>Exod.</strong></span> <span class='ocrx_word' id='word_1_805' title='bbox 736 5503 888 5541; x_wconf 83' lang='lat' dir='ltr'><strong>xxtx.</strong></span> <span class='ocrx_word' id='word_1_806' title='bbox 967 5488 1169 5542; x_wconf 77' lang='lat' dir='ltr'><strong>&quot;Psal.</strong></span> <span class='ocrx_word' id='word_1_807' title='bbox 1201 5504 1343 5553; x_wconf 76' lang='lat' dir='ltr'><strong>XLIV,</strong></span> <span class='ocrx_word' id='word_1_808' title='bbox 1373 5479 1425 5543; x_wconf 81' lang='lat'><strong>8.</strong></span> 
     </span>
    </p>
   </div>
   <div class='ocr_carea' id='block_1_105' title="bbox 463 5578 2031 5702">
    <p class='ocr_par' dir='ltr' id='par_1_105' title="bbox 463 5578 2031 5702">
     <span class='ocr_line' id='line_1_105' title="bbox 463 5578 2031 5702; baseline 0.001 -67"><span class='ocrx_word' id='word_1_809' title='bbox 463 5663 491 5702; x_wconf 56' lang='grc' dir='ltr'>ε</span> <span class='ocrx_word' id='word_1_810' title='bbox 534 5578 644 5647; x_wconf 71' lang='lat'><strong>(96)</strong></span> <span class='ocrx_word' id='word_1_811' title='bbox 682 5579 927 5637; x_wconf 79' lang='lat' dir='ltr'><strong>Mortatc.</strong></span> <span class='ocrx_word' id='word_1_812' title='bbox 960 5581 1124 5638; x_wconf 79' lang='lat' dir='ltr'><strong>Deest</strong></span> <span class='ocrx_word' id='word_1_813' title='bbox 1161 5582 1211 5637; x_wconf 91' lang='lat' dir='ltr'><strong>in</strong></span> <span class='ocrx_word' id='word_1_814' title='bbox 1236 5582 1368 5637; x_wconf 89' lang='lat' dir='ltr'><strong>libb.</strong></span> <span class='ocrx_word' id='word_1_815' title='bbox 1408 5583 1590 5648; x_wconf 87' lang='lat' dir='ltr'><strong>editis,</strong></span> <span class='ocrx_word' id='word_1_816' title='bbox 1624 5585 1717 5638; x_wconf 89' lang='lat' dir='ltr'><strong>sed</strong></span> <span class='ocrx_word' id='word_1_817' title='bbox 1753 5578 2031 5653; x_wconf 88' lang='lat' dir='ltr'><strong>suppletur</strong></span> 
     </span>
     <span class='ocr_line' id='line_1_106' title="bbox 518 5666 642 5702; baseline 0.008 -1"><span class='ocrx_word' id='word_1_818' title='bbox 518 5666 642 5702; x_wconf 70' lang='grc' dir='ltr'><strong>ηιδς.</strong></span> 
     </span>
    </p>
   </div>
   <div class='ocr_carea' id='block_1_106' title="bbox 518 5666 642 5702">
    <p class='ocr_par' dir='ltr' id='par_1_106' title="bbox 518 5666 642 5702">
     <span class='ocr_line' id='line_1_107' title="bbox 518 5666 642 5702; baseline 0.008 -1"><span class='ocrx_word' id='word_1_819' title='bbox 518 5666 642 5702; x_wconf 70' lang='grc' dir='ltr'>ιιιδς.</span> 
     </span>
    </p>
   </div>
   <div class='ocr_carea' id='block_1_107' title="bbox 1654 5419 2094 5491">
    <p class='ocr_par' dir='ltr' id='par_1_107' title="bbox 1654 5419 2094 5491">
     <span class='ocr_line' id='line_1_108' title="bbox 1654 5419 2094 5491; baseline 0.005 -17"><span class='ocrx_word' id='word_1_820' title='bbox 1654 5419 1700 5449; x_wconf 64' lang='grc'><strong>⁷³</strong></span> <span class='ocrx_word' id='word_1_821' title='bbox 1728 5421 1984 5491; x_wconf 85' lang='lat' dir='ltr'><strong>Sap.vttt,</strong></span> <span class='ocrx_word' id='word_1_822' title='bbox 2005 5420 2094 5476; x_wconf 74' lang='lat'><strong>20.</strong></span> 
     </span>
    </p>
   </div>
   <div class='ocr_carea' id='block_1_108' title="bbox 2142 4506 3712 4580">
    <p class='ocr_par' dir='ltr' id='par_1_108' title="bbox 2142 4506 3712 4580">
     <span class='ocr_line' id='line_1_109' title="bbox 2142 4506 3712 4580; baseline 0.004 -22"><span class='ocrx_word' id='word_1_823' title='bbox 2142 4506 2285 4572; x_wconf 90' lang='lat' dir='ltr'><strong>quod</strong></span> <span class='ocrx_word' id='word_1_824' title='bbox 2313 4516 2431 4559; x_wconf 90' lang='lat' dir='ltr'><strong>arte</strong></span> <span class='ocrx_word' id='word_1_825' title='bbox 2463 4508 2766 4575; x_wconf 88' lang='lat' dir='ltr'><strong>myrepsica</strong></span> <span class='ocrx_word' id='word_1_826' title='bbox 2799 4507 3109 4562; x_wconf 84' lang='lat' dir='ltr'><strong>confectum</strong></span> <span class='ocrx_word' id='word_1_827' title='bbox 3134 4518 3217 4564; x_wconf 92' lang='lat' dir='ltr'><strong>est</strong></span> <span class='ocrx_word' id='word_1_828' title='bbox 3246 4526 3274 4563; x_wconf 91' lang='lat' dir='ltr'><strong>a</strong></span> <span class='ocrx_word' id='word_1_829' title='bbox 3304 4511 3712 4580; x_wconf 76' lang='lat' dir='ltr'><strong>pigmentariu?</strong></span> 
     </span>
    </p>
   </div>
   <div class='ocr_carea' id='block_1_109' title="bbox 2143 4594 3710 4671">
    <p class='ocr_par' dir='ltr' id='par_1_109' title="bbox 2143 4594 3710 4671">
     <span class='ocr_line' id='line_1_110' title="bbox 2143 4594 3710 4671; baseline 0.006 -24"><span class='ocrx_word' id='word_1_830' title='bbox 2143 4594 2247 4649; x_wconf 90' lang='lat' dir='ltr'><strong>Sed</strong></span> <span class='ocrx_word' id='word_1_831' title='bbox 2296 4597 2337 4650; x_wconf 93' lang='lat' dir='ltr'><strong>si</strong></span> <span class='ocrx_word' id='word_1_832' title='bbox 2375 4597 2455 4649; x_wconf 85' lang='lat' dir='ltr'><strong>vis</strong></span> <span class='ocrx_word' id='word_1_833' title='bbox 2484 4598 2668 4651; x_wconf 87' lang='lat' dir='ltr'><strong>videre</strong></span> <span class='ocrx_word' id='word_1_834' title='bbox 2716 4598 2891 4651; x_wconf 89' lang='lat' dir='ltr'><strong>oleum</strong></span> <span class='ocrx_word' id='word_1_835' title='bbox 2927 4600 3042 4664; x_wconf 83' lang='lat' dir='ltr'><strong>Dei,</strong></span> <span class='ocrx_word' id='word_1_836' title='bbox 3082 4600 3207 4653; x_wconf 85' lang='lat' dir='ltr'><strong>audi</strong></span> <span class='ocrx_word' id='word_1_837' title='bbox 3242 4617 3403 4669; x_wconf 90' lang='lat' dir='ltr'><strong>quem</strong></span> <span class='ocrx_word' id='word_1_838' title='bbox 3441 4601 3710 4671; x_wconf 91' lang='lat' dir='ltr'><strong>Propheta</strong></span> 
     </span>
    </p>
   </div>
   <div class='ocr_carea' id='block_1_110' title="bbox 2142 4689 3715 4756">
    <p class='ocr_par' dir='ltr' id='par_1_110' title="bbox 2142 4689 3715 4756">
     <span class='ocr_line' id='line_1_111' title="bbox 2142 4689 3715 4756; baseline 0.004 -14"><span class='ocrx_word' id='word_1_839' title='bbox 2142 4689 2287 4742; x_wconf 87' lang='lat' dir='ltr'><strong>dicat</strong></span> <span class='ocrx_word' id='word_1_840' title='bbox 2329 4698 2552 4742; x_wconf 85' lang='lat' dir='ltr'><strong>unctum</strong></span> <span class='ocrx_word' id='word_1_841' title='bbox 2603 4704 2723 4743; x_wconf 91' lang='lat' dir='ltr'><strong>esse</strong></span> <span class='ocrx_word' id='word_1_842' title='bbox 2763 4690 2881 4745; x_wconf 91' lang='lat' dir='ltr'><strong>oleo</strong></span> <span class='ocrx_word' id='word_1_843' title='bbox 2934 4691 3051 4756; x_wconf 92' lang='lat' dir='ltr'><strong>Dei,</strong></span> <span class='ocrx_word' id='word_1_844' title='bbox 3101 4692 3250 4746; x_wconf 89' lang='lat' dir='ltr'><strong>illum</strong></span> <span class='ocrx_word' id='word_1_845' title='bbox 3294 4695 3412 4747; x_wconf 88' lang='lat' dir='ltr'><strong>sine</strong></span> <span class='ocrx_word' id='word_1_846' title='bbox 3454 4694 3616 4748; x_wconf 91' lang='lat' dir='ltr'><strong>dubio</strong></span> <span class='ocrx_word' id='word_1_847' title='bbox 3649 4695 3715 4749; x_wconf 89' lang='lat' dir='ltr'><strong>de</strong></span> 
     </span>
    </p>
   </div>
   <div class='ocr_carea' id='block_1_111' title="bbox 2143 4782 3712 4853">
    <p class='ocr_par' dir='ltr' id='par_1_111' title="bbox 2143 4782 3712 4853">
     <span class='ocr_line' id='line_1_112' title="bbox 2143 4782 3712 4853; baseline 0.005 -19"><span class='ocrx_word' id='word_1_848' title='bbox 2143 4797 2249 4849; x_wconf 91' lang='lat' dir='ltr'><strong>quo</strong></span> <span class='ocrx_word' id='word_1_849' title='bbox 2292 4782 2487 4836; x_wconf 81' lang='lat' dir='ltr'><strong>dicit&quot;</strong></span> <span class='ocrx_word' id='word_1_850' title='bbox 2522 4800 2534 4835; x_wconf 91' lang='lat'>:</span> <span class='ocrx_word' id='word_1_851' title='bbox 2570 4800 2588 4833; x_wconf 81' lang='grc'><strong>‹</strong></span> <span class='ocrx_word' id='word_1_852' title='bbox 2620 4782 2912 4853; x_wconf 86' lang='lat' dir='ltr'><strong>Propterea</strong></span> <span class='ocrx_word' id='word_1_853' title='bbox 2939 4786 3091 4839; x_wconf 90' lang='lat' dir='ltr'><strong>unxit</strong></span> <span class='ocrx_word' id='word_1_854' title='bbox 3126 4796 3177 4841; x_wconf 92' lang='lat' dir='ltr'><strong>te</strong></span> <span class='ocrx_word' id='word_1_855' title='bbox 3226 4787 3389 4852; x_wconf 87' lang='lat' dir='ltr'><strong>Deus,</strong></span> <span class='ocrx_word' id='word_1_856' title='bbox 3414 4787 3558 4842; x_wconf 85' lang='lat' dir='ltr'><strong>Deus</strong></span> <span class='ocrx_word' id='word_1_857' title='bbox 3588 4797 3712 4842; x_wconf 89' lang='lat' dir='ltr'><strong>tuus</strong></span> 
     </span>
    </p>
   </div>
   <div class='ocr_carea' id='block_1_112' title="bbox 2136 4872 3715 4948">
    <p class='ocr_par' dir='ltr' id='par_1_112' title="bbox 2136 4872 3715 4948">
     <span class='ocr_line' id='line_1_113' title="bbox 2136 4872 3715 4948; baseline 0.005 -22"><span class='ocrx_word' id='word_1_858' title='bbox 2136 4872 2257 4927; x_wconf 86' lang='lat' dir='ltr'><strong>oleo</strong></span> <span class='ocrx_word' id='word_1_859' title='bbox 2293 4872 2491 4927; x_wconf 59' lang='lat' dir='ltr'><strong>latitia:</strong></span> <span class='ocrx_word' id='word_1_860' title='bbox 2549 4889 2657 4943; x_wconf 67' lang='lat' dir='ltr'><strong>prae</strong></span> <span class='ocrx_word' id='word_1_861' title='bbox 2709 4875 3067 4943; x_wconf 90' lang='lat' dir='ltr'><strong>participibus</strong></span> <span class='ocrx_word' id='word_1_862' title='bbox 3116 4880 3238 4932; x_wconf 90' lang='lat' dir='ltr'><strong>tuis.</strong></span> <span class='ocrx_word' id='word_1_863' title='bbox 3273 4898 3291 4929; x_wconf 75' lang='grc' dir='ltr'><strong><em>ι</em></strong></span> <span class='ocrx_word' id='word_1_864' title='bbox 3323 4878 3419 4933; x_wconf 89' lang='lat' dir='ltr'><strong>Hic</strong></span> <span class='ocrx_word' id='word_1_865' title='bbox 3470 4893 3598 4948; x_wconf 87' lang='lat' dir='ltr'><strong>ergo</strong></span> <span class='ocrx_word' id='word_1_866' title='bbox 3631 4890 3715 4934; x_wconf 90' lang='lat' dir='ltr'><strong>est</strong></span> 
     </span>
    </p>
   </div>
   <div class='ocr_carea' id='block_1_113' title="bbox 2139 4964 3714 5032">
    <p class='ocr_par' dir='ltr' id='par_1_113' title="bbox 2139 4964 3714 5032">
     <span class='ocr_line' id='line_1_114' title="bbox 2139 4964 3714 5032; baseline 0.005 -19"><span class='ocrx_word' id='word_1_867' title='bbox 2139 4977 2368 5032; x_wconf 87' lang='lat' dir='ltr'><strong>magnus</strong></span> <span class='ocrx_word' id='word_1_868' title='bbox 2408 4964 2688 5027; x_wconf 87' lang='lat' dir='ltr'><strong>sacerdos,</strong></span> <span class='ocrx_word' id='word_1_869' title='bbox 2714 4964 2805 5031; x_wconf 87' lang='lat' dir='ltr'><strong>qui</strong></span> <span class='ocrx_word' id='word_1_870' title='bbox 2842 4965 2990 5019; x_wconf 90' lang='lat' dir='ltr'><strong>solus</strong></span> <span class='ocrx_word' id='word_1_871' title='bbox 3020 4966 3141 5021; x_wconf 92' lang='lat' dir='ltr'><strong>oleo</strong></span> <span class='ocrx_word' id='word_1_872' title='bbox 3173 4969 3264 5022; x_wconf 89' lang='lat' dir='ltr'><strong>Dei</strong></span> <span class='ocrx_word' id='word_1_873' title='bbox 3297 4977 3489 5023; x_wconf 92' lang='lat' dir='ltr'><strong>unctus</strong></span> <span class='ocrx_word' id='word_1_874' title='bbox 3519 4978 3628 5031; x_wconf 90' lang='lat' dir='ltr'><strong>est,</strong></span> <span class='ocrx_word' id='word_1_875' title='bbox 3660 4978 3714 5022; x_wconf 87' lang='lat' dir='ltr'><strong>et</strong></span> 
     </span>
    </p>
   </div>
   <div class='ocr_carea' id='block_1_114' title="bbox 2137 5050 3706 5125">
    <p class='ocr_par' dir='ltr' id='par_1_114' title="bbox 2137 5050 3706 5125">
     <span class='ocr_line' id='line_1_115' title="bbox 2137 5050 3706 5125; baseline 0.004 -21"><span class='ocrx_word' id='word_1_876' title='bbox 2137 5050 2190 5105; x_wconf 89' lang='lat' dir='ltr'><strong>itt</strong></span> <span class='ocrx_word' id='word_1_877' title='bbox 2228 5068 2332 5121; x_wconf 84' lang='lat' dir='ltr'><strong>quo</strong></span> <span class='ocrx_word' id='word_1_878' title='bbox 2372 5068 2587 5123; x_wconf 85' lang='lat' dir='ltr'><strong>semper</strong></span> <span class='ocrx_word' id='word_1_879' title='bbox 2618 5064 2869 5110; x_wconf 86' lang='lat' dir='ltr'><strong>sanetum</strong></span> <span class='ocrx_word' id='word_1_880' title='bbox 2904 5059 3203 5125; x_wconf 88' lang='lat' dir='ltr'><strong>permansit</strong></span> <span class='ocrx_word' id='word_1_881' title='bbox 3236 5058 3402 5112; x_wconf 88' lang='lat' dir='ltr'><strong>divini</strong></span> <span class='ocrx_word' id='word_1_882' title='bbox 3440 5058 3706 5112; x_wconf 82' lang='lat' dir='ltr'><strong>chrisma-</strong></span> 
     </span>
    </p>
   </div>
   <div class='ocr_carea' id='block_1_115' title="bbox 2136 5142 2430 5199">
    <p class='ocr_par' dir='ltr' id='par_1_115' title="bbox 2136 5142 2430 5199">
     <span class='ocr_line' id='line_1_116' title="bbox 2136 5142 2430 5199; baseline 0.014 -4"><span class='ocrx_word' id='word_1_883' title='bbox 2136 5142 2203 5197; x_wconf 84' lang='lat' dir='ltr'><strong>tis</strong></span> <span class='ocrx_word' id='word_1_884' title='bbox 2229 5142 2430 5199; x_wconf 91' lang='lat' dir='ltr'><strong>oleum.</strong></span> 
     </span>
    </p>
   </div>
   <div class='ocr_carea' id='block_1_116' title="bbox 2202 5235 3707 5309">
    <p class='ocr_par' dir='ltr' id='par_1_116' title="bbox 2202 5235 3707 5309">
     <span class='ocr_line' id='line_1_117' title="bbox 2202 5235 3707 5309; baseline 0.003 -20"><span class='ocrx_word' id='word_1_885' title='bbox 2202 5236 2253 5289; x_wconf 80' lang='lat'><strong>5.</strong></span> <span class='ocrx_word' id='word_1_886' title='bbox 2301 5235 2404 5290; x_wconf 86' lang='lat' dir='ltr'><strong>Sed</strong></span> <span class='ocrx_word' id='word_1_887' title='bbox 2460 5238 2589 5307; x_wconf 86' lang='lat' dir='ltr'><strong>quid</strong></span> <span class='ocrx_word' id='word_1_888' title='bbox 2642 5238 2860 5293; x_wconf 90' lang='lat' dir='ltr'><strong>additur</strong></span> <span class='ocrx_word' id='word_1_889' title='bbox 2899 5251 3019 5309; x_wconf 91' lang='lat' dir='ltr'><strong>post</strong></span> <span class='ocrx_word' id='word_1_890' title='bbox 3078 5241 3227 5296; x_wconf 76' lang='lat' dir='ltr'><strong>lucc?</strong></span> <span class='ocrx_word' id='word_1_891' title='bbox 3292 5241 3431 5295; x_wconf 81' lang='lat' dir='ltr'><strong>tllic</strong></span> <span class='ocrx_word' id='word_1_892' title='bbox 3482 5256 3707 5296; x_wconf 82' lang='lat' dir='ltr'><strong>uxorem</strong></span> 
     </span>
    </p>
   </div>
   <div class='ocr_carea' id='block_1_117' title="bbox 2132 5327 3709 5403">
    <p class='ocr_par' dir='ltr' id='par_1_117' title="bbox 2132 5327 3709 5403">
     <span class='ocr_line' id='line_1_118' title="bbox 2132 5327 3709 5403; baseline 0.004 -25"><span class='ocrx_word' id='word_1_893' title='bbox 2132 5327 2396 5398; x_wconf 89' lang='lat' dir='ltr'><strong>virginem</strong></span> <span class='ocrx_word' id='word_1_894' title='bbox 2444 5330 2511 5383; x_wconf 91' lang='lat' dir='ltr'><strong>de</strong></span> <span class='ocrx_word' id='word_1_895' title='bbox 2549 5345 2747 5400; x_wconf 83' lang='lat' dir='ltr'><strong>genere</strong></span> <span class='ocrx_word' id='word_1_896' title='bbox 2791 5347 2889 5386; x_wconf 92' lang='lat' dir='ltr'><strong>suo</strong></span> <span class='ocrx_word' id='word_1_897' title='bbox 2924 5334 3159 5403; x_wconf 85' lang='lat' dir='ltr'><strong>accipiet</strong></span> <span class='ocrx_word' id='word_1_898' title='bbox 3198 5333 3458 5387; x_wconf 91' lang='lat' dir='ltr'><strong>:viduam</strong></span> <span class='ocrx_word' id='word_1_899' title='bbox 3503 5338 3709 5397; x_wconf 86' lang='lat' dir='ltr'><strong>autem,</strong></span> 
     </span>
    </p>
   </div>
   <div class='ocr_carea' id='block_1_118' title="bbox 2173 5422 3701 5495">
    <p class='ocr_par' dir='ltr' id='par_1_118' title="bbox 2173 5422 3701 5495">
     <span class='ocr_line' id='line_1_119' title="bbox 2173 5422 3701 5495; baseline 0.003 -19"><span class='ocrx_word' id='word_1_900' title='bbox 2173 5424 2217 5454; x_wconf 86' lang='lat'><strong>&quot;</strong></span> <span class='ocrx_word' id='word_1_901' title='bbox 2246 5422 2377 5478; x_wconf 88' lang='lat' dir='ltr'><strong>Luc.</strong></span> <span class='ocrx_word' id='word_1_902' title='bbox 2411 5439 2472 5489; x_wconf 88' lang='lat' dir='ltr'><strong>tt,</strong></span> <span class='ocrx_word' id='word_1_903' title='bbox 2493 5423 2579 5480; x_wconf 71' lang='grc'><strong>48.</strong></span> <span class='ocrx_word' id='word_1_904' title='bbox 2659 5428 2702 5458; x_wconf 80' lang='grc'><strong>⁷⁶</strong></span> <span class='ocrx_word' id='word_1_905' title='bbox 2730 5424 2908 5481; x_wconf 86' lang='lat' dir='ltr'><strong>Galat.</strong></span> <span class='ocrx_word' id='word_1_906' title='bbox 2940 5443 3010 5491; x_wconf 88' lang='lat' dir='ltr'><strong>tv,</strong></span> <span class='ocrx_word' id='word_1_907' title='bbox 3042 5426 3133 5482; x_wconf 74' lang='lat'><strong>26.</strong></span> <span class='ocrx_word' id='word_1_908' title='bbox 3209 5428 3253 5458; x_wconf 89' lang='lat'><strong>&quot;</strong></span> <span class='ocrx_word' id='word_1_909' title='bbox 3282 5429 3403 5482; x_wconf 91' lang='lat' dir='ltr'><strong>Act.</strong></span> <span class='ocrx_word' id='word_1_910' title='bbox 3427 5440 3560 5495; x_wconf 83' lang='lat' dir='ltr'><strong>xm,</strong></span> <span class='ocrx_word' id='word_1_911' title='bbox 3606 5424 3701 5480; x_wconf 64' lang='grc' dir='ltr'><strong>εδ.</strong></span> 
     </span>
    </p>
   </div>
   <div class='ocr_carea' id='block_1_119' title="bbox 2141 5581 3703 5707">
    <p class='ocr_par' dir='ltr' id='par_1_119' title="bbox 2141 5581 3703 5707">
     <span class='ocr_line' id='line_1_120' title="bbox 2141 5581 3703 5707; baseline 0 -67"><span class='ocrx_word' id='word_1_912' title='bbox 2141 5651 2178 5707; x_wconf 62' lang='lat' dir='ltr'><strong>u</strong></span> <span class='ocrx_word' id='word_1_913' title='bbox 2212 5581 2445 5707; x_wconf 48' lang='lat' dir='ltr'><strong>S17).Sic</strong></span> <span class='ocrx_word' id='word_1_914' title='bbox 2480 5601 2609 5641; x_wconf 87' lang='lat' dir='ltr'><strong>tttss.</strong></span> <span class='ocrx_word' id='word_1_915' title='bbox 2643 5585 2799 5643; x_wconf 85' lang='lat' dir='ltr'><strong>Libb.</strong></span> <span class='ocrx_word' id='word_1_916' title='bbox 2838 5601 2971 5643; x_wconf 91' lang='lat' dir='ltr'><strong>vero</strong></span> <span class='ocrx_word' id='word_1_917' title='bbox 3014 5587 3167 5653; x_wconf 86' lang='lat' dir='ltr'><strong>editi,</strong></span> <span class='ocrx_word' id='word_1_918' title='bbox 3206 5605 3224 5640; x_wconf 78' lang='grc' dir='ltr'>ι</span> <span class='ocrx_word' id='word_1_919' title='bbox 3258 5590 3311 5644; x_wconf 91' lang='lat' dir='ltr'><strong>in</strong></span> <span class='ocrx_word' id='word_1_920' title='bbox 3346 5589 3445 5644; x_wconf 89' lang='lat' dir='ltr'><strong>hac</strong></span> <span class='ocrx_word' id='word_1_921' title='bbox 3477 5601 3703 5658; x_wconf 80' lang='lat' dir='ltr'><strong>genera-</strong></span> 
     </span>
     <span class='ocr_line' id='line_1_121' title="bbox 2182 5671 2302 5707; baseline -0.017 0"><span class='ocrx_word' id='word_1_922' title='bbox 2182 5671 2248 5707; x_wconf 84' lang='lat' dir='ltr'><strong>Ol</strong></span> <span class='ocrx_word' id='word_1_923' title='bbox 2292 5692 2302 5705; x_wconf 87' lang='lat'><strong>.</strong></span> 
     </span>
    </p>
   </div>
   <div class='ocr_carea' id='block_1_120' title="bbox 2182 5671 2302 5707">
    <p class='ocr_par' dir='ltr' id='par_1_120' title="bbox 2182 5671 2302 5707">
     <span class='ocr_line' id='line_1_122' title="bbox 2182 5671 2302 5707; baseline -0.017 0"><span class='ocrx_word' id='word_1_924' title='bbox 2182 5671 2302 5707; x_wconf 87' lang='lat' dir='ltr'><strong>une.</strong></span> 
     </span>
    </p>
   </div>
  </div>
