4106 6246
389 258 484 314 5M

394 486 520 525 nem
570 469 638 523 (le
687 478 889 534 genere
937 479 1056 527 suo,
1103 470 1155 516 et
1203 477 1305 516 non
1339 457 1734 518 contaminabit
1778 439 1962 508 semen

395 577 556 618 suum
600 561 654 614 in
699 558 900 629 popqu
940 572 1039 611 suo
1075 570 1218 624 :ego
1255 554 1514 608 Dominus
1545 551 1635 622 qui
1682 549 1966 604 sanctifico

399 668 529 708 eum
552 651 618 704 “.
652 669 671 702 ι
707 650 839 715 Quia
869 663 996 718 ergo
1027 648 1192 701 totius
1221 647 1578 716 expositionis
1604 645 1739 698 ordo
1769 642 1835 695 ad
1867 655 1964 693 ve-

403 761 520 800 rum
555 744 890 799 sacerdotem
925 756 1178 810 magnum
1216 749 1500 796 revocatus
1537 749 1620 794 est
1661 738 1963 799 Christum,

397 837 680 889 videamus
709 848 850 887 nunc
882 841 936 886 et
965 833 1094 900 quid
1129 832 1193 886 de
1231 833 1433 900 nuptiis
1464 832 1578 899 ejus
1617 828 1842 895 intelligi
1874 828 1963 880 de-

399 925 544 980 beat.
577 923 778 979 Paulus
823 923 1098 991 apostolus
1148 923 1341 976 dicit“
1376 939 1388 976 :
1424 940 1442 974 ι
1471 921 1603 975 Volo
1646 928 1827 975 autem
1871 932 1967 972 vos

397 1033 585 1071 omnes
614 1017 703 1070 nni
735 1015 854 1070 viro
888 1016 1152 1084 virginem
1172 1025 1376 1068 castam
1409 1015 1669 1068 exhibere
1721 1010 1994 1068 Christo..

398 1108 588 1162 Timeo
637 1117 815 1161 autem
843 1123 909 1161 ne
935 1107 1076 1162 sicut
1107 1121 1332 1176 serpens
1370 1105 1581 1160 seduxit
1607 1102 1775 1157 Evam
1816 1110 1964 1155 astu-

402 1201 474 1254 tia
509 1215 626 1264 sua,
662 1199 738 1252 ita
769 1210 1186 1268 corrumpantur
1217 1211 1407 1251 sensus
1437 1193 1603 1249 vestri
1646 1208 1674 1247 a
1707 1193 1966 1262 simplici-

399 1300 528 1357 tate,
563 1305 682 1359 qum
721 1291 772 1343 in
803 1287 1317 1344 Cliristeest.iVult
1344 1302 1472 1358 ergo
1518 1285 1720 1339 Paulus
1777 1299 1967 1339 omnes

398 1379 715 1434 Corinthios
739 1378 999 1449 virginem
1021 1389 1228 1432 castam
1249 1378 1506 1431 exhibere
1525 1374 1745 1429 Christo
1779 1391 1794 1426 :
1826 1371 1965 1442 quin]

395 1473 584 1540 utique
622 1487 902 1541 nunquam
947 1469 1134 1533 vellet,
1171 1469 1276 1523 nisi
1324 1470 1375 1522 id
1429 1466 1688 1536 possibile
1735 1466 1966 1523 videret.

398 1562 553 1618 Unde
575 1570 630 1616 et
661 1563 857 1615 mirum
897 1560 1128 1614 fortasse
1157 1559 1428 1620 videatur,
1461 1555 1730 1626 quomodo
1769 1555 1844 1616 hi,
1875 1555 1968 1622 qui

394 1655 629 1710 diversis
675 1653 917 1722 peccatis
965 1651 1206 1721 corrupti
1255 1650 1320 1703 ad
1361 1650 1519 1703 fidem
1565 1648 1766 1702 Christi
1814 1661 1969 1700 vene-

397 1755 547 1809 runt,
581 1759 770 1799 omnes
789 1742 950 1798 simul
982 1742 1131 1813 virgo
1167 1749 1314 1796 easta
1345 1742 1630 1804 dicantur;
1664 1755 1784 1807 quae
1810 1740 1964 1808 virgo

395 1846 507 1888 tam
545 1844 754 1899 sancta,
788 1843 896 1888 tam
929 1841 1075 1887 casta
1105 1834 1274 1898 sit,ut
1309 1840 1582 1885 mereatur
1609 1831 1772 1884 etiam
1803 1831 1967 1885 Chri-

397 1927 470 1982 sti
515 1927 715 1996 nuptiis
747 1926 1012 2002 copulari.
1049 1924 1250 1979 Verum
1298 1922 1553 1993 quoniam
1599 1923 1713 1976 haec
1746 1922 1812 1976 ad
1843 1937 1967 1975 car-

399 2019 485 2073 nis
515 2018 883 2086 integritatem
927 2017 1132 2071 referre
1166 2031 1272 2070 non
1301 2030 1612 2085 possumus,
1647 2025 1856 2068 certum
1883 2023 1966 2068 est

435 2112 542 2166 uod
571 2111 636 2164 ad
666 2110 1031 2179 integritatem
1064 2109 1259 2162 animae
1280 2116 1549 2177 spectent,
1589 2105 1739 2175 cujus
1773 2121 1966 2160 secun—

435 2129 542 2166 thtl
571 2129 636 2164 au
667 2129 1031 2179 Illlegrltalcm
1064 2129 1259 2162 ammte
1280 2129 1549 2177 spccwnt,
1589 2129 1739 2175 elutis
1773 2129 1966 2160 secun—

341 2129 521 2257 *nm
565 2205 734 2270 ipsius
773 2201 922 2256 Pauli
957 2201 1310 2266 sententiam,
1341 2198 1668 2268 simplicitas
1691 2198 1811 2252 fidei
1845 2211 1966 2266 qua:

395 2293 449 2348 in
481 2294 696 2349 Christo
723 2303 825 2359 est,
860 2293 1144 2362 virginitas
1185 2293 1306 2362 ejus
1351 2289 1616 2360 appellata
1651 2301 1754 2352 est.
1781 2298 1834 2344 et
1870 2303 1966 2358 per

396 2387 498 2443 hoc
534 2387 788 2458 quoniam
843 2386 1209 2451 cessantibus,
1263 2384 1346 2439 vel
1387 2382 1829 2452 philosophorum
1876 2397 1965 2435 so-

399 2481 779 2549 phismatibus,
826 2481 907 2533 vel
951 2477 1430 2546 superstitionibus
1479 2475 1719 2530 Judaicis
1756 2475 1807 2528 in
1862 2474 1964 2528 fide

397 2571 627 2640 simplici
659 2570 912 2625 Christus
966 2570 1065 2624 sibi
1111 2567 1406 2638 assumpsit
1441 2567 1764 2628 Ecclesium,
1799 2565 1966 2633 virgi-

396 2677 518 2717 nem
552 2662 617 2716 de
642 2677 839 2731 genere
874 2676 972 2716 suo
1002 2661 1209 2728 accepit
1243 2674 1490 2714 uxorem.
1526 2655 1697 2727 llnjus
1729 2670 1964 2723 namque

395 2753 554 2809 fidem
589 2770 694 2808 non
722 2752 1019 2819 corrumpit
1046 2751 1450 2826 philosophicus
1487 2765 1698 2814 sensus,
1726 2763 1825 2801 nec
1855 2747 1961 2801 cir—

398 2845 748 2900 cumcisionis
779 2842 1028 2907 ambitio,
1058 2842 1150 2897 sed
1186 2843 1238 2896 in
1271 2841 1620 2910 simplicitate
1666 2839 1965 2895 confessio-

395 2937 479 2990 nis
512 2944 767 3003 tauquatn
801 2933 854 2987 in
889 2932 1132 3002 virginali
1175 2931 1486 3001 integritate
1524 2931 1842 2998 permansit.
1876 2931 1964 2986 Sic

1521 238 1588 295 ΙΝ
1629 233 2008 295 LEVITICUM
2050 225 2332 287 HOMILIA
2372 220 2486 278 XII.

391 391 444 434 et
473 379 723 446 ejectam,
760 383 816 430 et
848 371 1186 429 meretricem
1233 380 1338 422 non
1385 363 1638 432 accipiet,
1671 363 1766 418 sed
1799 360 1960 446 virgi-
1994 364 2036 420 Α
2066 355 2162 408 tiat
2186 366 2215 404 a
2254 349 2382 446 lege
2405 342 2528 446 vir-ii

3536 195 3640 250 5&9

2567 347 2627 394 ut
2655 336 2770 406 jam
2803 348 2908 389 non
2945 332 3014 388 sit
3045 328 3290 386 adultera
3317 324 3360 382 si
3394 319 3640 392 nupserit

2066 409 2497 502 CitristonuOd
2527 431 2572 486 si
2603 426 2842 491 eveniat,
2868 432 2924 476 ut
2957 421 3042 476 lex
3073 418 3286 490 quidem
3313 415 3508 469 animae
3536 409 3635 479 ipsi

2069 531 2359 592 moriatur,
2400 525 2451 578 id
2481 529 2564 578 est
2603 528 2662 573 ut
2699 516 2879 570 anima
2905 512 3155 566 discedat
3192 523 3220 561 a
3251 507 3388 576 lege,
3417 519 3517 557 nec
3551 511 3638 555 ta-

2068 638 2188 677 men
2229 618 2573 685 constringat
2605 625 2664 664 se
2704 605 2958 662 castioris
3002 599 3256 656 connubii
3306 595 3637 664 disciplinis,
3723 601 3728 604 ·

2067 727 2120 771 et
2143 731 2170 768 a
2204 714 2320 780 lege
2352 708 2664 770 discedens,
2703 696 3002 766 evangelici
3029 691 3298 762 dogmatis
3332 704 3434 742 non
3466 687 3639 741 susci~

2067 807 2179 877 piat
2201 779 2388 874 jugum
2419 817 2432 853 :
2471 799 2584 851 inec
2619 794 2826 848 nubere
2861 787 3080 842 Christo
3113 799 3218 836 non
3267 779 3640 877 poteritxqua:

2068 867 2335 952 libertatis
2366 889 2640 944 lasciviam
2673 879 2973 952 quiesierit,
3005 889 3110 930 non
3137 872 3256 926 fidei
3281 867 3562 939 virginalis
3587 874 3642 920 et

2068 981 2328 1054 simplicis
2360 981 2586 1035 cultum.
2628 974 2727 1028 llic
2764 985 2900 1041 ergo
2931 965 3192 1022 sacerdos
3232 975 3461 1028 magnus
3505 973 3641 1036 uxo-

2067 1051 2186 1131 rem
2231 1073 2492 1142 virginem
2528 1065 2760 1135 accipiet
2801 1063 2866 1116 de
2919 1071 3121 1130 genere
3171 1069 3288 1108 suo.
3337 1051 3519 1104 Potest
3579 1057 3634 1101 et

2068 1138 2442 1237 prapter'hoc
2488 1160 2692 1215 dictum
2750 1152 2919 1209 videri
2949 1151 3015 1204 de
3069 1160 3270 1218 genere
3321 1157 3444 1204 suo,
3499 1138 3642 1209 quod

2068 1229 2250 1311 anima
2279 1252 2478 1308 Christi
2515 1265 2582 1304 ex
2607 1259 2807 1316 genere
2838 1254 2889 1296 et
2913 1257 2978 1296 ex
3011 1237 3316 1293 substantia
3349 1231 3514 1284 fuerit
3543 1229 3643 1282 liu-

2071 1359 2349 1401 manarum
2387 1342 2634 1395 omnium
2663 1337 2991 1390 animarum.
3036 1331 3221 1383 Potest
3249 1335 3302 1380 et
3341 1321 3640 1378 secundum

2070 1439 2194 1500 hoc,
2230 1436 2372 1506 quod
2399 1436 2596 1488 fratres
2639 1436 2797 1483 vocat
2829 1425 3117 1480 credentes
3144 1421 3197 1473 in
3232 1434 3322 1482 se,
3357 1417 3423 1470 de
3446 1427 3644 1483 genere

2070 1547 2171 1586 suo
2199 1503 2304 1582 dici
2342 1525 2521 1580 anima
2559 1536 2679 1592 qua:
2708 1520 2758 1572 in
2806 1516 2910 1570 fide
2943 1523 3199 1580 tanquam
3235 1508 3441 1575 nuptiis
3469 1503 3644 1558 socia-

2075 1633 2182 1676 tur.
2217 1618 2348 1672 lllud
2389 1627 2568 1670 tamen
2615 1611 2736 1664 nolo
2769 1623 2865 1661 vos
2897 1608 3080 1666 lateat,
3111 1600 3253 1670 quod
3303 1597 3508 1652 liehriei
3543 1610 3642 1649 ne-

2002 1700 2042 1754 Β
2073 1722 2200 1783 gant
2228 1725 2286 1765 se
2336 1707 2598 1774 scriptum
2661 1701 2884 1760 habere,
2913 1695 3056 1765 quod
3093 1708 3191 1746 nos
3252 1690 3390 1760 apud
3425 1693 3641 1754 septua-

2071 1779 2224 1875 ginta
2254 1801 2585 1867 interpretes
2611 1792 2941 1854 invenimus,
2964 1790 3028 1842 de
3056 1799 3254 1856 genere
3275 1797 3388 1836 suo.
3412 1779 3476 1833 Et
3500 1786 3645 1830 recte

2072 1868 2146 1950 illi
2185 1909 2290 1947 non
2333 1891 2538 1946 habent
2576 1885 2864 1951 scriptum.
2902 1882 3095 1934 Ablata
3147 1887 3230 1931 est
3260 1873 3408 1928 enim
3439 1871 3506 1924 ab
3537 1868 3644 1921 illis

2071 1977 2446 2049 pr0pinquitas
2498 1973 2614 2034 Dei,
2662 1970 2841 2023 ablata
2903 1977 2988 2020 est
3031 1965 3252 2032 adoptio
3287 1962 3543 2020 liliorum,
3589 1964 3646 2009 et

2074 2068 2336 2123 translata
2388 2073 2473 2118 est
2519 2064 2584 2114 ad
2619 2056 2918 2112 Ecclesium
2959 2054 3184 2109 Christi.
3244 2050 3323 2104 Illi
3369 2061 3498 2117 ergo
3536 2060 3645 2098 non

2073 2160 2277 2214 habent
2303 2156 2560 2224 scriptum
2586 2151 2710 2219 quia
2739 2149 2806 2201 de
2858 2159 3058 2216 genere
3098 2141 3301 2198 Christi
3339 2140 3466 2199 sint,
3505 2138 3647 2190 sicut

2073 2265 2176 2304 nec
2205 2262 2327 2303 esse
2375 2251 2714 2298 meruerunt.
2763 2237 2871 2292 Nos
2900 2245 3078 2290 autem
3115 2233 3206 2302 qui
3251 2232 3352 2285 hoc
3381 2227 3642 2295 scriptum

2073 2341 2336 2395 habemus
2373 2348 2427 2392 et
2460 2335 2712 2404 legimus,
2739 2330 3074 2400 gaudeamus
3112 2324 3329 2394 quidem
3361 2321 3426 2373 de
3456 2321 3646 2387 digna-

2075 2434 2221 2486 tione
2266 2428 2384 2492 Dei,
2435 2431 2528 2482 sed
2579 2435 2738 2481 caute
2783 2432 2835 2476 et
2873 2420 3108 2474 sollicite
3135 2428 3417 2475 curemus,
3449 2425 3513 2464 ne
3548 2425 3647 2464 nos

2073 2525 2182 2576 vita
2219 2530 2404 2574 nostra
2443 2527 2496 2571 et
2519 2526 2674 2571 actus
2699 2528 2762 2567 ac
2796 2526 2975 2566 mores
3006 2509 3206 2562 faciant
3227 2501 3520 2572 aliquando
3549 2500 3646 2554 de»

2070 2628 2316 2684 generes,
2351 2627 2416 2666 ne
2452 2621 2502 2664 et
2526 2611 2626 2663 hoc
2655 2609 2829 2678 ipsum
2859 2603 3016 2658 nobis
3053 2600 3120 2654 ad
3146 2594 3646 2653 condemnationem

2071 2680 2336 2760 ducatur,
2380 2696 2522 2766 quod
2564 2710 2689 2749 cum
2731 2707 2903 2763 genus
2941 2690 3114 2743 simus
3139 2683 3340 2740 Christi
3375 2680 3646 2748 indignis,

2071 2795 2125 2836 et
2159 2783 2338 2848 fcedis,
2371 2798 2436 2836 ac
2471 2780 2759 2836 diabolicis
2787 2778 3002 2832 actibus
3036 2773 3363 2830 serviamus.
3395 2768 3496 2837 Qui
3541 2769 3648 2822 ha-

2077 2873 2167 2926 bet
2201 2886 2328 2941 ergo
2390 2883 2666 2940 sponsam,
2720 2879 2959 2936 sponsus
3011 2870 3122 2917 est.
3165 2858 3334 2913 Audis
3377 2855 3648 2925 quomodo

2072 2977 2307 3030 sponsus
2337 2963 2538 3015 dicitur
2567 2958 2818 3013 Christus
2838 2996 2852 3020 ,
2891 2969 3090 3024 sponsa
3121 2965 3247 3007 vero
3284 2949 3467 3003 anima
3509 2945 3648 3002 dici-

394 3027 537 3120 mlh"
563 3037 616 3080 el
643 3025 844 3120 dudum
867 3024 1196 3120 P'f‘_"_“.°e{"‘_‘
1226 3021 1658 3120 perﬁpmw'em'"
1680 3023 1866 3120 dice"s_
1883 3024 1962 3076 8"
1993 3051 2035 3106 C
2073 3021 2177 3116 tur,
2209 3068 2328 3120 quae
2357 3052 2478 3106 fidei
2513 3049 2862 3119 simplicitate
2881 3021 2938 3100 et
2963 3055 3181 3099 actuum
3216 3043 3448 3112 puritate
3477 3040 3652 3094 incor-

398 3137 417 3170 r
441 3117 784 3188 Desponsabo
808 3127 858 3171 te
885 3114 1010 3168 mihi
1034 3115 1082 3167 in
1109 3113 1228 3167 fide.
1254 3132 1270 3163 ι
1299 3109 1489 3166 Omnis
1511 3127 1640 3181 ergo
1663 3115 1958 3166 secundum

399 3209 744 3276 Apostolum,
773 3207 864 3276 qui
894 3207 945 3259 in
984 3205 1204 3260 Christo
1237 3213 1340 3270 est,
1368 3220 1504 3259 nova
1560 3215 1808 3260 creatura
1858 3213 1960 3259 est.

396 3297 465 3352 Et
487 3299 626 3351 sicut
667 3298 804 3350 idem
838 3298 1128 3365 Apostolus
1155 3296 1342 3350 dicit”
1371 3313 1385 3349 :
1421 3315 1438 3347 ι
1461 3294 1531 3350 Ut
1568 3296 1820 3350 exhibeat
1848 3297 1964 3364 ipse

397 3389 502 3446 sibi
531 3391 819 3458 gloriosam
854 3388 1148 3442 Ecelesiam
1195 3404 1301 3441 non
1338 3389 1628 3442 habentem
1671 3389 1960 3454 maculam,

397 3491 490 3536 aut
531 3497 738 3550 rugam,
766 3492 858 3534 aut
889 3479 1093 3548 aliquid
1129 3479 1417 3547 ejusmodi,
1446 3479 1537 3533 sed
1580 3490 1637 3532 ut
1681 3480 1748 3533 sit
1777 3489 1963 3533 sancta

393 3584 450 3630 et.
500 3571 866 3626 immaculata.
897 3591 915 3623 ι
959 3569 1242 3637 Quomodo
1276 3585 1402 3639 ergo
1437 3585 1555 3624 eam
1603 3585 1721 3637 qua:
1765 3585 1962 3638 rugosa

393 3677 499 3732 est,
537 3665 669 3719 facit
712 3679 834 3718 esse
883 3664 1002 3719 sine
1048 3677 1200 3731 ruga,
1231 3661 1332 3714 nisi
1380 3661 1504 3729 quia
1540 3671 1770 3714 renovat
1805 3661 1965 3715 eam?

396 3758 694 3814 secundum
742 3757 884 3824 quod
930 3755 1191 3823 scriptum
1218 3763 1299 3807 est
1317 3751 1363 3782 ⁸⁸
1394 3769 1408 3805 :
1438 3760 1559 3804 nam
1617 3770 1636 3803 α
1667 3752 1768 3808 etsi
1801 3753 1845 3806 is
1871 3755 1961 3821 qui

397 3846 595 3904 deforis
620 3860 698 3902 est
738 3847 896 3900 homo
928 3859 1110 3900 noster
1139 3849 1522 3914 corrumpitur,
1557 3849 1649 3900 sed
1694 3847 1784 3915 qui
1821 3845 1963 3900 intus

392 3948 502 4004 est,
544 3946 834 3994 renovatur
891 3937 955 3992 de
1009 3937 1096 3990 die
1152 3937 1204 3990 in
1258 3935 1421 3990 diem.
1456 3954 1474 3986 ι
1520 3935 1746 3989 Viduam
1807 3951 1962 3999 sane,

397 4041 453 4087 et
493 4031 857 4094 meretricem,
902 4038 955 4083 et
999 4028 1229 4098 ejectam
1275 4042 1382 4082 non
1434 4029 1663 4099 accipiet
1691 4027 1959 4095 Christus,

396 4157 497 4197 nec
523 4143 687 4197 intrat
716 4144 842 4197 talis
880 4144 1060 4198 anima
1093 4141 1387 4197 thalamum
1436 4145 1642 4214 sponsi.
1675 4146 1774 4211 Qui
1818 4147 1961 4200 enim

396 4235 671 4304 ingressus
700 4234 865 4289 fuerit
901 4235 1026 4289 illnc
1080 4251 1186 4290 non
1245 4238 1450 4292 habens
1505 4237 1817 4293 indumenta
1865 4256 1964 4293 nu-

396 4325 624 4394 ptialia,
660 4327 889 4392 perferet
949 4326 1078 4379 illud
1145 4329 1289 4396 quod
1369 4329 1628 4396 scriptum
1706 4344 1825 4384 esse
1863 4345 1960 4385 no-

2075 3152 2227 3209 rupta
2253 3142 2514 3209 probatur
2543 3150 2599 3194 et
2633 3139 2813 3208 virgo.
2843 3134 2986 3188 Dicit
3009 3132 3154 3187 enim
3185 3132 3442 3187 Dominus
3472 3139 3525 3183 ct
3550 3142 3647 3197 per

2072 3232 2362 3288 .leremiam
2421 3231 2741 3300 prophetam
2770 3228 2816 3259 ⁸⁵
2870 3225 3114 3279 :Nonne
3166 3225 3308 3278 sicut
3361 3223 3642 3276 Dominum

2071 3340 2157 3378 me
2187 3321 2320 3392 (98),
2353 3331 2409 3376 et
2449 3332 2656 3390 patrem
2684 3318 2916 3381 vocasti,
2945 3327 3000 3371 et
3038 3316 3339 3385 principem
3367 3311 3647 3380 virginita-

2072 3418 2141 3472 tis
2176 3418 2315 3470 tuae‘!
2347 3433 2364 3464 ι

2144 3509 2200 3563 6.
2237 3526 2256 3560 ‹
2297 3508 2523 3563 Viduam
2559 3515 2761 3568 autem,
2793 3514 2846 3559 et
2873 3503 3123 3572 ejectam,
3151 3509 3204 3556 et
3228 3497 3647 3554 contaminatam

2073 3616 2179 3654 non
2223 3600 2455 3669 accipiet
2482 3597 2551 3653 ⁸⁸.
2594 3618 2613 3649 ›
2654 3596 2710 3652 Si
2747 3596 2870 3665 quis
2899 3607 3146 3649 nostrum
3189 3589 3519 3660 peccaverit,
3547 3588 3646 3643 ab-

2065 3695 2240 3760 jectus
2279 3703 2388 3758 est,
2412 3692 2628 3747 etiamsi
2664 3706 2768 3745 non
2799 3689 3086 3757 abjiciatur
3119 3692 3186 3742 ab
3215 3687 3469 3755 cpiscolio
3491 3724 3504 3748 ,
3533 3684 3650 3738 sive

2071 3787 2213 3856 quod
2244 3787 2428 3850 lateat,
2470 3785 2586 3839 sive
2616 3784 2758 3852 quod
2788 3782 3058 3837 interdum
3088 3783 3154 3833 ad
3181 3778 3408 3848 gratiam
3433 3775 3648 3844 judice-

2074 3889 2182 3938 tur.
2207 3876 2414 3943 ejectus
2439 3885 2523 3929 est
2559 3885 2734 3928 tamen
2769 3875 2882 3942 ipsa
2908 3871 3245 3927 conscientia
3283 3869 3512 3940 peccati.
3538 3866 3650 3922 Nec

2073 3970 2293 4038 prodest
2345 3967 2581 4021 hominis
2614 3967 2824 4036 gratia,
2875 3980 3000 4019 cum
3036 3963 3290 4018 Christus
3340 3958 3647 4027 hujusmodi

2072 4061 2310 4115 animam
2371 4067 2624 4127 tanquam
2661 4056 2928 4126 abiectam
2973 4071 3078 4110 non
3117 4053 3346 4122 recipiat
3380 4053 3430 4104 lll
3459 4049 3649 4120 conju-

2072 4154 2239 4223 gium.
2270 4150 2437 4222 Igitur
2463 4165 2638 4218 neque
2654 4149 2892 4213 viduam,
2927 4147 3068 4202 sicut
3088 4161 3250 4216 supra
3277 4145 3533 4204 diximus,
3559 4155 3651 4194 ac-

2070 4244 2253 4314 cipiet,
2277 4256 2452 4311 neque
2474 4241 2702 4310 eiectam
2732 4253 2907 4308 neque
2941 4239 3222 4309 pollutam.
3255 4235 3464 4291 Polluta
3505 4232 3648 4287 uici-

2073 4344 2182 4401 tur,
2207 4351 2324 4406 quae
2345 4334 2558 4388 etiamsi
2583 4347 2689 4387 non
2717 4348 2780 4386 ex
2797 4333 3008 4400 integro
3034 4327 3322 4396 complevit
3344 4332 3647 4394 peccatum,

391 4417 493 4472 stis
540 4417 595 4471 in
657 4415 976 4487 Evangelia.
1033 4415 1304 4484 Virginem
1370 4432 1502 4486 ergo
1573 4419 1824 4488 accipiet,
1883 4420 1964 4474 vi-

2075 4401 2254 4478 tamen
2296 4423 2398 4477 hoc
2432 4423 2550 4490 ipso
2597 4421 2740 4490 quod
2775 4419 3050 4489 cogitavit,
3095 4417 3238 4488 quod
3287 4415 3475 4479 voluit,
3503 4412 3648 4484 quod

398 4509 559 4562 duam
620 4524 724 4563 non
787 4509 1056 4578 accipiet,
1109 4502 1287 4578 neque
1341 4510 1685 4564 meretricem
1721 4550 1736 4575 ,
1791 4525 1966 4580 neque

393 4596 554 4667 253
584 4597 833 4664 ejectam,
863 4607 956 4652 aut
981 4599 1427 4656 contaminatam.
1466 4598 1808 4655 Meretricem
1851 4601 1968 4668 qui-

395 4688 540 4753 dem,
591 4698 644 4743 et
696 4689 958 4756 abiectam
1000 4690 1274 4754 animam,
1324 4701 1379 4746 et
1423 4691 1678 4760 pollutam
1728 4707 1826 4746 cur
1860 4708 1962 4746 non

396 4781 658 4849 siiscipiat
692 4781 945 4837 Christus
1000 4783 1051 4836 in
1106 4781 1440 4852 conjugium,
1485 4799 1590 4839 non
1633 4792 1718 4839 est
1763 4783 1964 4839 laboris

394 4887 703 4942 exponere;
738 4875 897 4928 vidua
937 4891 1062 4930 vero
1093 4891 1191 4929 cur
1222 4892 1327 4930 non
1365 4877 1416 4930 in
1453 4891 1674 4930 uxorem
1734 4877 1962 4945 recipia-

396 4972 504 5028 tur,
533 4965 844 5036 diligentius
867 4967 1183 5022 intuendum
1218 4977 1320 5023 est.
1361 4967 1560 5022 Paulus
1587 4968 1863 5037 apostolus
1897 4969 1962 5022 ad

395 5053 668 5111 Romanos
702 5060 978 5121 scribens,
1005 5060 1176 5112 virum
1211 5061 1410 5114 animae
1440 5059 1612 5128 legem
1636 5059 1796 5124 dicit,
1821 5073 1966 5112 can:-

394 5159 501 5214 que
535 5161 657 5201 cum
687 5158 932 5203 mortuus
971 5148 1135 5202 fuerit
1173 5149 1275 5214 vir,
1315 5149 1545 5204 solutam
1576 5163 1697 5204 esse
1727 5163 1967 5218 pronun-

462 5284 511 5325 "
528 5284 830 5350 Levium,
858 5283 945 5338 li.
1020 5284 1062 5316 ⁸⁸
1095 5283 1135 5338 Il
1163 5283 1286 5339 Cor.
1328 5301 1403 5346 xi,
1433 5285 1487 5338 ἓ.
1565 5286 1610 5318 ⁸³
1640 5284 1766 5341 Ose.
1805 5301 1865 5354 tt,
1892 5285 1982 5341 20.

390 5357 436 5388 “
472 5358 644 5414 Levit.
680 5373 796 5418 xxi,
829 5355 913 5408 li.
991 5354 1033 5386 ⁸⁷
1070 5354 1241 5409 lCor.
1267 5355 1436 5420 vr,l7.

465 5449 579 5518 (98)
627 5447 818 5503 Nonne
857 5450 991 5503 sicut
1024 5446 1326 5518 Dominum,
1357 5457 1460 5503 etc.
1503 5447 1656 5515 Apud
1701 5447 1843 5518 LXX.
1872 5449 1956 5503 In-

395 5510 1012 5599 tt:rpreteslegitttt',o'bz
1058 5518 1133 5579 ὡς
1158 5512 1329 5599 ⁸οἶκόν
1367 5534 1432 5599 με
1470 5510 1752 5581 ἐκάλεσας.
1810 5510 1961 5574 Unde

395 5586 576 5642 forSan
611 5586 846 5656 suspicio
868 5590 999 5642 oriri
1027 5586 1198 5657 possit
1229 5586 1512 5656 legendum
1531 5603 1650 5642 esse
1671 5592 1772 5642 hoc
1801 5589 1916 5642 loco
1945 5607 1958 5642 :

399 5673 420 5710 ι
458 5675 637 5714 nonne
677 5661 812 5713 sicut
877 5659 1123 5722 domum,
1175 5675 1191 5708 ›
1237 5667 1339 5711 etc.
1381 5657 1435 5712 ln
1497 5658 1717 5713 Hebraeo
1755 5658 1948 5729 legitur

2069 4514 2295 4584 Optavit,
2329 4513 2542 4566 etiamsi
2574 4527 2678 4565 non
2708 4511 2950 4573 admisit,
2978 4509 3178 4580 polluta
3198 4516 3303 4572 est,
3334 4514 3649 4573 etamagno

2068 4605 2322 4676 pontifice
2379 4620 2483 4658 non
2536 4603 2781 4672 cligitur.
2824 4601 2990 4656 Valde
3037 4600 3180 4656 enim
3221 4613 3450 4668 puram,
3493 4593 3650 4647 valde

2068 4699 2325 4752 mundam
2358 4708 2410 4752 et
2442 4697 2714 4752 sinceram
2755 4695 2985 4764 requirit
3029 4693 3290 4758 animam,
3344 4705 3509 4760 quam
3544 4686 3647 4739 sibi

2067 4788 2254 4858 jungat
2286 4806 2299 4841 :
2333 4791 2458 4858 quia
2490 4809 2508 4842 ι
2547 4791 2638 4860 qui
2673 4805 2730 4845 se
2754 4786 2998 4855 junxerit
3024 4784 3278 4846 Domino,
3317 4796 3458 4834 unus
3489 4778 3648 4847 spiri-

2074 4887 2164 4933 tus
2191 4890 2274 4934 est
2296 4879 2362 4934 ⁸⁷.
2391 4900 2409 4932 ›
2448 4880 2600 4936 Unde
2635 4880 2802 4936 etiam
2860 4878 2960 4930 hoc
2997 4873 3324 4936 ostenditur,
3372 4868 3514 4938 quod
3540 4865 3650 4920 sint

2073 4971 2389 5026 differentia:
2434 4982 2776 5042 peccatorum
2833 4979 2885 5023 et
2947 4969 3038 5038 qui
3097 4963 3403 5036 peccaverit
3459 4974 3650 5030 pecca-

2075 5071 2185 5117 tum
2213 5065 2278 5118 ad
2307 5074 2532 5119 mortem
2566 5066 2806 5135 ahjectus
2836 5065 2904 5116 sit
2936 5080 2949 5113 :
2980 5062 3069 5130 qui
3105 5068 3288 5112 autem
3317 5072 3422 5109 non
3454 5061 3648 5124 peccat

2075 5152 2140 5205 ad
2171 5163 2422 5219 mortem,
2453 5154 2546 5208 sed
2576 5153 2804 5209 inferius
2823 5152 3050 5222 aliquid,
3080 5148 3312 5220 pollutus
3331 5147 3420 5201 sit.
3437 5146 3643 5214 Sponsa

2059 5287 2102 5318 ⁸³
2125 5288 2321 5356 Epiros.
2345 5305 2395 5353 v,
2440 5289 2530 5343 2⁸1.
2604 5289 2650 5321 ⁸⁸
2681 5289 2719 5343 Il
2751 5288 2874 5344 Cor.
2913 5304 2990 5355 iv,
3019 5287 3102 5343 l6.
3177 5285 3223 5318 ⁸⁸
3249 5282 3447 5340 Jerem.
3475 5295 3556 5346 ut,
3585 5279 3642 5334 ι.

2071 5447 2232 5504 hod'te
2279 5457 2449 5509 nam:
2477 5428 2608 5505 2415.1
2641 5465 2658 5498 ι
2704 5462 2882 5501 nonne
2911 5443 3127 5500 amodo.
3166 5463 3184 5498 ι
3215 5442 3520 5499 Verisimile
3545 5459 3642 5497 au-

2072 5527 2294 5590 temest
2321 5533 2416 5586 pro
2437 5527 2605 5579 nam:
2633 5536 2664 5590 ut
2701 5517 2890 5590 amotio
2921 5535 2938 5567 ι
2986 5516 3329 5590 septuaginta
3369 5515 3638 5590 Interpre-

2061 5597 2154 5666 'tes
2184 5585 2378 5666 legisSe
2403 5596 2583 5666 rigavi:
2604 5585 2767 5666 οἷξφς,
2793 5604 2812 5666 μ
2851 5588 3060 5650 donius,
3099 5605 3117 5639 ι
3163 5586 3301 5641 unde
3332 5585 3633 5640 scribarum

2062 5657 2264 5712 incuria
2297 5658 2559 5726 prodierit
2598 5676 2614 5710 ι
2656 5657 2931 5712 Dominus.
2973 5676 2992 5709 ι
