  <div class='ocr_page' id='page_1' title='image "/cluster/home/n/w/nwhite01/storage/ocr_20150623/12/hvd.32044052796216/277.png"; bbox 0 0 4106 6246; ppageno 0'>
   <div class='ocr_carea' id='block_1_1' title="bbox 458 193 565 251">
    <p class='ocr_par' dir='ltr' id='par_1_1' title="bbox 458 193 565 251">
     <span class='ocr_line' id='line_1_1' title="bbox 458 193 565 251; baseline -0.019 0"><span class='ocrx_word' id='word_1_1' title='bbox 458 193 565 251; x_wconf 71' lang='grc'><strong>545</strong></span> 
     </span>
    </p>
   </div>
   <div class='ocr_carea' id='block_1_2' title="bbox 1913 178 2232 243">
    <p class='ocr_par' dir='ltr' id='par_1_2' title="bbox 1913 178 2232 243">
     <span class='ocr_line' id='line_1_2' title="bbox 1913 178 2232 243; baseline -0.028 -1"><span class='ocrx_word' id='word_1_2' title='bbox 1913 178 2232 243; x_wconf 80' lang='lat' dir='ltr'><strong>ORIGENIS</strong></span> 
     </span>
    </p>
   </div>
   <div class='ocr_carea' id='block_1_3' title="bbox 3602 160 3702 216">
    <p class='ocr_par' dir='ltr' id='par_1_3' title="bbox 3602 160 3702 216">
     <span class='ocr_line' id='line_1_3' title="bbox 3602 160 3702 216; baseline 0.01 -1"><span class='ocrx_word' id='word_1_3' title='bbox 3602 160 3702 216; x_wconf 75' lang='lat' dir='ltr'><strong>5H</strong></span> 
     </span>
    </p>
   </div>
   <div class='ocr_carea' id='block_1_4' title="bbox 467 272 3701 375">
    <p class='ocr_par' dir='ltr' id='par_1_4' title="bbox 467 272 3701 375">
     <span class='ocr_line' id='line_1_4' title="bbox 467 272 3701 375; baseline -0.005 -13"><span class='ocrx_word' id='word_1_4' title='bbox 467 319 648 362; x_wconf 83' lang='lat' dir='ltr'><strong>autem</strong></span> <span class='ocrx_word' id='word_1_5' title='bbox 674 305 900 371; x_wconf 87' lang='lat' dir='ltr'><strong>Christi,</strong></span> <span class='ocrx_word' id='word_1_6' title='bbox 939 318 1117 375; x_wconf 88' lang='lat' dir='ltr'><strong>neque</strong></span> <span class='ocrx_word' id='word_1_7' title='bbox 1140 302 1347 373; x_wconf 76' lang='lat' dir='ltr'><strong>abiecta</strong></span> <span class='ocrx_word' id='word_1_8' title='bbox 1371 341 1388 368; x_wconf 94' lang='lat'><strong>,</strong></span> <span class='ocrx_word' id='word_1_9' title='bbox 1425 317 1601 373; x_wconf 89' lang='lat' dir='ltr'><strong>neque</strong></span> <span class='ocrx_word' id='word_1_10' title='bbox 1631 304 1830 375; x_wconf 86' lang='lat' dir='ltr'><strong>polluta</strong></span> <span class='ocrx_word' id='word_1_11' title='bbox 1864 309 2039 375; x_wconf 89' lang='lat' dir='ltr'><strong>potest</strong></span> <span class='ocrx_word' id='word_1_12' title='bbox 2066 303 2114 359; x_wconf 86' lang='lat' dir='ltr'><strong>A</strong></span> <span class='ocrx_word' id='word_1_13' title='bbox 2144 308 2258 349; x_wconf 75' lang='lat' dir='ltr'><strong>Nm</strong></span> <span class='ocrx_word' id='word_1_14' title='bbox 2288 295 2496 361; x_wconf 68' lang='lat' dir='ltr'><strong>partus.</strong></span> <span class='ocrx_word' id='word_1_15' title='bbox 2524 286 2627 340; x_wconf 72' lang='grc' dir='ltr'><strong>ίεῑο</strong></span> <span class='ocrx_word' id='word_1_16' title='bbox 2654 287 2973 375; x_wconf 54' lang='lat' dir='ltr'><strong>Conceptus,</strong></span> <span class='ocrx_word' id='word_1_17' title='bbox 3009 274 3111 329; x_wconf 54' lang='lat' dir='ltr'><strong>ista</strong></span> <span class='ocrx_word' id='word_1_18' title='bbox 3145 281 3272 375; x_wconf 47' lang='lat'><strong>59&#39;“</strong></span> <span class='ocrx_word' id='word_1_19' title='bbox 3299 279 3483 328; x_wconf 64' lang='grc' dir='ltr'><strong>εδηεῑει</strong></span> <span class='ocrx_word' id='word_1_20' title='bbox 3517 272 3701 375; x_wconf 48' lang='lat' dir='ltr'><strong>c991“:</strong></span> 
     </span>
    </p>
   </div>
   <div class='ocr_carea' id='block_1_5' title="bbox 462 392 2034 461">
    <p class='ocr_par' dir='ltr' id='par_1_5' title="bbox 462 392 2034 461">
     <span class='ocr_line' id='line_1_5' title="bbox 462 392 2034 461; baseline 0.001 -15"><span class='ocrx_word' id='word_1_21' title='bbox 462 408 623 456; x_wconf 87' lang='lat' dir='ltr'><strong>esse,</strong></span> <span class='ocrx_word' id='word_1_22' title='bbox 690 393 783 447; x_wconf 84' lang='lat' dir='ltr'><strong>sed</strong></span> <span class='ocrx_word' id='word_1_23' title='bbox 847 393 1000 461; x_wconf 84' lang='lat' dir='ltr'><strong>virgo</strong></span> <span class='ocrx_word' id='word_1_24' title='bbox 1057 392 1519 455; x_wconf 87' lang='lat' dir='ltr'><strong>iucoutamiuata,</strong></span> <span class='ocrx_word' id='word_1_25' title='bbox 1580 392 1928 461; x_wconf 85' lang='lat' dir='ltr'><strong>incorrupta,</strong></span> <span class='ocrx_word' id='word_1_26' title='bbox 1979 402 2034 447; x_wconf 90' lang='lat' dir='ltr'><strong>et</strong></span> 
     </span>
    </p>
   </div>
   <div class='ocr_carea' id='block_1_6' title="bbox 463 483 2034 553">
    <p class='ocr_par' dir='ltr' id='par_1_6' title="bbox 463 483 2034 553">
     <span class='ocr_line' id='line_1_6' title="bbox 463 483 2034 553; baseline 0 -16"><span class='ocrx_word' id='word_1_27' title='bbox 463 485 688 539; x_wconf 90' lang='lat' dir='ltr'><strong>munda.</strong></span> <span class='ocrx_word' id='word_1_28' title='bbox 728 483 994 537; x_wconf 88' lang='lat' dir='ltr'><strong>Memento</strong></span> <span class='ocrx_word' id='word_1_29' title='bbox 1036 483 1178 537; x_wconf 91' lang='lat' dir='ltr'><strong>enim</strong></span> <span class='ocrx_word' id='word_1_30' title='bbox 1221 484 1490 538; x_wconf 87' lang='lat' dir='ltr'><strong>sermonis</strong></span> <span class='ocrx_word' id='word_1_31' title='bbox 1518 483 1836 552; x_wconf 82' lang='lat' dir='ltr'><strong>apostolici,</strong></span> <span class='ocrx_word' id='word_1_32' title='bbox 1873 498 2034 553; x_wconf 82' lang='lat' dir='ltr'><strong>quem</strong></span> 
     </span>
    </p>
   </div>
   <div class='ocr_carea' id='block_1_7' title="bbox 461 579 2036 648">
    <p class='ocr_par' dir='ltr' id='par_1_7' title="bbox 461 579 2036 648">
     <span class='ocr_line' id='line_1_7' title="bbox 461 579 2036 648; baseline -0.001 -16"><span class='ocrx_word' id='word_1_33' title='bbox 461 579 621 647; x_wconf 89' lang='lat' dir='ltr'><strong>paqu</strong></span> <span class='ocrx_word' id='word_1_34' title='bbox 644 589 769 633; x_wconf 88' lang='lat' dir='ltr'><strong>ante</strong></span> <span class='ocrx_word' id='word_1_35' title='bbox 803 579 1201 648; x_wconf 76' lang='lat' dir='ltr'><strong>proposuimus,</strong></span> <span class='ocrx_word' id='word_1_36' title='bbox 1239 580 1467 633; x_wconf 79' lang='lat' dir='ltr'><strong>dicentis</strong></span> <span class='ocrx_word' id='word_1_37' title='bbox 1487 579 1534 611; x_wconf 80' lang='grc'><strong>⁸⁸</strong></span> <span class='ocrx_word' id='word_1_38' title='bbox 1569 596 1581 631; x_wconf 89' lang='lat'><strong>:</strong></span> <span class='ocrx_word' id='word_1_39' title='bbox 1616 599 1633 631; x_wconf 84' lang='grc' dir='ltr'><strong>ι</strong></span> <span class='ocrx_word' id='word_1_40' title='bbox 1677 579 1743 634; x_wconf 89' lang='lat' dir='ltr'><strong>Ut</strong></span> <span class='ocrx_word' id='word_1_41' title='bbox 1776 580 2036 633; x_wconf 81' lang='lat' dir='ltr'><strong>exhibeat</strong></span> 
     </span>
    </p>
   </div>
   <div class='ocr_carea' id='block_1_8' title="bbox 463 668 2038 737">
    <p class='ocr_par' dir='ltr' id='par_1_8' title="bbox 463 668 2038 737">
     <span class='ocr_line' id='line_1_8' title="bbox 463 668 2038 737; baseline -0.001 -13"><span class='ocrx_word' id='word_1_42' title='bbox 463 672 580 737; x_wconf 86' lang='lat' dir='ltr'><strong>Ipse</strong></span> <span class='ocrx_word' id='word_1_43' title='bbox 597 668 695 723; x_wconf 90' lang='lat' dir='ltr'><strong>sibi</strong></span> <span class='ocrx_word' id='word_1_44' title='bbox 732 668 1023 737; x_wconf 77' lang='lat' dir='ltr'><strong>gloriosam</strong></span> <span class='ocrx_word' id='word_1_45' title='bbox 1057 669 1381 733; x_wconf 86' lang='lat' dir='ltr'><strong>Ecclesiam,</strong></span> <span class='ocrx_word' id='word_1_46' title='bbox 1409 686 1513 723; x_wconf 93' lang='lat' dir='ltr'><strong>non</strong></span> <span class='ocrx_word' id='word_1_47' title='bbox 1544 671 1831 725; x_wconf 78' lang='lat' dir='ltr'><strong>habentem</strong></span> <span class='ocrx_word' id='word_1_48' title='bbox 1857 684 2038 724; x_wconf 88' lang='lat' dir='ltr'><strong>macu-</strong></span> 
     </span>
    </p>
   </div>
   <div class='ocr_carea' id='block_1_9' title="bbox 464 760 2038 831">
    <p class='ocr_par' dir='ltr' id='par_1_9' title="bbox 464 760 2038 831">
     <span class='ocr_line' id='line_1_9' title="bbox 464 760 2038 831; baseline 0 -16"><span class='ocrx_word' id='word_1_49' title='bbox 464 761 571 815; x_wconf 87' lang='lat' dir='ltr'><strong>lam</strong></span> <span class='ocrx_word' id='word_1_50' title='bbox 601 775 777 830; x_wconf 90' lang='lat' dir='ltr'><strong>neque</strong></span> <span class='ocrx_word' id='word_1_51' title='bbox 808 775 1013 829; x_wconf 80' lang='lat' dir='ltr'><strong>rugam,</strong></span> <span class='ocrx_word' id='word_1_52' title='bbox 1047 770 1140 814; x_wconf 90' lang='lat' dir='ltr'><strong>aut</strong></span> <span class='ocrx_word' id='word_1_53' title='bbox 1182 761 1385 831; x_wconf 90' lang='lat' dir='ltr'><strong>aliquid</strong></span> <span class='ocrx_word' id='word_1_54' title='bbox 1419 760 1702 830; x_wconf 88' lang='lat' dir='ltr'><strong>ejusmodi,</strong></span> <span class='ocrx_word' id='word_1_55' title='bbox 1738 761 1833 816; x_wconf 87' lang='lat' dir='ltr'><strong>sed</strong></span> <span class='ocrx_word' id='word_1_56' title='bbox 1879 770 1937 814; x_wconf 91' lang='lat' dir='ltr'><strong>ut</strong></span> <span class='ocrx_word' id='word_1_57' title='bbox 1964 762 2038 815; x_wconf 90' lang='lat' dir='ltr'><strong>sit</strong></span> 
     </span>
    </p>
   </div>
   <div class='ocr_carea' id='block_1_10' title="bbox 464 852 1194 908">
    <p class='ocr_par' dir='ltr' id='par_1_10' title="bbox 464 852 1194 908">
     <span class='ocr_line' id='line_1_10' title="bbox 464 852 1194 908; baseline -0.004 -1"><span class='ocrx_word' id='word_1_58' title='bbox 464 861 651 908; x_wconf 90' lang='lat' dir='ltr'><strong>sancta</strong></span> <span class='ocrx_word' id='word_1_59' title='bbox 684 861 739 907; x_wconf 90' lang='lat' dir='ltr'><strong>et</strong></span> <span class='ocrx_word' id='word_1_60' title='bbox 762 852 1131 907; x_wconf 85' lang='lat' dir='ltr'><strong>immaculata.</strong></span> <span class='ocrx_word' id='word_1_61' title='bbox 1175 870 1194 904; x_wconf 81' lang='grc' dir='ltr'><strong>ι</strong></span> 
     </span>
    </p>
   </div>
   <div class='ocr_carea' id='block_1_11' title="bbox 533 943 2041 1015">
    <p class='ocr_par' dir='ltr' id='par_1_11' title="bbox 533 943 2041 1015">
     <span class='ocr_line' id='line_1_11' title="bbox 533 943 2041 1015; baseline 0.001 -18"><span class='ocrx_word' id='word_1_62' title='bbox 533 944 587 998; x_wconf 90' lang='grc'><strong>7.</strong></span> <span class='ocrx_word' id='word_1_63' title='bbox 621 945 725 999; x_wconf 89' lang='lat' dir='ltr'><strong>Sed</strong></span> <span class='ocrx_word' id='word_1_64' title='bbox 762 955 814 998; x_wconf 92' lang='lat' dir='ltr'><strong>et</strong></span> <span class='ocrx_word' id='word_1_65' title='bbox 844 944 1187 999; x_wconf 75' lang='lat' dir='ltr'><strong>meretricem</strong></span> <span class='ocrx_word' id='word_1_66' title='bbox 1221 959 1326 998; x_wconf 93' lang='lat' dir='ltr'><strong>non</strong></span> <span class='ocrx_word' id='word_1_67' title='bbox 1359 945 1610 1015; x_wconf 86' lang='lat' dir='ltr'><strong>accipiet.</strong></span> <span class='ocrx_word' id='word_1_68' title='bbox 1644 943 1773 1011; x_wconf 75' lang='lat' dir='ltr'><strong>Quae</strong></span> <span class='ocrx_word' id='word_1_69' title='bbox 1809 953 1893 999; x_wconf 89' lang='lat' dir='ltr'><strong>est</strong></span> <span class='ocrx_word' id='word_1_70' title='bbox 1920 944 2041 999; x_wconf 90' lang='lat' dir='ltr'><strong>ani-</strong></span> 
     </span>
    </p>
   </div>
   <div class='ocr_carea' id='block_1_12' title="bbox 464 1036 2039 1107">
    <p class='ocr_par' dir='ltr' id='par_1_12' title="bbox 464 1036 2039 1107">
     <span class='ocr_line' id='line_1_12' title="bbox 464 1036 2039 1107; baseline 0.003 -20"><span class='ocrx_word' id='word_1_71' title='bbox 464 1050 547 1089; x_wconf 86' lang='lat' dir='ltr'><strong>tua</strong></span> <span class='ocrx_word' id='word_1_72' title='bbox 577 1036 878 1090; x_wconf 77' lang='lat' dir='ltr'><strong>meretrix?</strong></span> <span class='ocrx_word' id='word_1_73' title='bbox 904 1051 1024 1104; x_wconf 82' lang='lat' dir='ltr'><strong>quae</strong></span> <span class='ocrx_word' id='word_1_74' title='bbox 1052 1037 1116 1089; x_wconf 92' lang='lat' dir='ltr'><strong>ad</strong></span> <span class='ocrx_word' id='word_1_75' title='bbox 1143 1051 1201 1090; x_wconf 91' lang='lat' dir='ltr'><strong>se</strong></span> <span class='ocrx_word' id='word_1_76' title='bbox 1232 1038 1435 1105; x_wconf 84' lang='lat' dir='ltr'><strong>recepit</strong></span> <span class='ocrx_word' id='word_1_77' title='bbox 1473 1046 1767 1100; x_wconf 85' lang='lat' dir='ltr'><strong>amatores,</strong></span> <span class='ocrx_word' id='word_1_78' title='bbox 1814 1038 1879 1092; x_wconf 91' lang='lat' dir='ltr'><strong>de</strong></span> <span class='ocrx_word' id='word_1_79' title='bbox 1917 1038 2039 1107; x_wconf 92' lang='lat' dir='ltr'><strong>qui-</strong></span> 
     </span>
    </p>
   </div>
   <div class='ocr_carea' id='block_1_13' title="bbox 466 1128 2037 1198">
    <p class='ocr_par' dir='ltr' id='par_1_13' title="bbox 466 1128 2037 1198">
     <span class='ocr_line' id='line_1_13' title="bbox 466 1128 2037 1198; baseline 0.003 -19"><span class='ocrx_word' id='word_1_80' title='bbox 466 1129 564 1181; x_wconf 83' lang='lat' dir='ltr'><strong>bus</strong></span> <span class='ocrx_word' id='word_1_81' title='bbox 590 1129 722 1182; x_wconf 80' lang='lat' dir='ltr'><strong>dicit</strong></span> <span class='ocrx_word' id='word_1_82' title='bbox 759 1128 1019 1197; x_wconf 85' lang='lat' dir='ltr'><strong>propheta</strong></span> <span class='ocrx_word' id='word_1_83' title='bbox 1047 1129 1092 1160; x_wconf 68' lang='grc'><strong>⁸⁸</strong></span> <span class='ocrx_word' id='word_1_84' title='bbox 1125 1150 1135 1183; x_wconf 92' lang='lat'>:</span> <span class='ocrx_word' id='word_1_85' title='bbox 1175 1147 1192 1179; x_wconf 80' lang='grc' dir='ltr'><strong>ι</strong></span> <span class='ocrx_word' id='word_1_86' title='bbox 1231 1128 1577 1183; x_wconf 82' lang='lat' dir='ltr'><strong>Merctricata</strong></span> <span class='ocrx_word' id='word_1_87' title='bbox 1627 1144 1685 1184; x_wconf 90' lang='lat' dir='ltr'><strong>es</strong></span> <span class='ocrx_word' id='word_1_88' title='bbox 1726 1140 1852 1198; x_wconf 90' lang='lat' dir='ltr'><strong>post</strong></span> <span class='ocrx_word' id='word_1_89' title='bbox 1882 1145 2037 1184; x_wconf 87' lang='lat' dir='ltr'><strong>ama-</strong></span> 
     </span>
    </p>
   </div>
   <div class='ocr_carea' id='block_1_14' title="bbox 467 1220 2037 1289">
    <p class='ocr_par' dir='ltr' id='par_1_14' title="bbox 467 1220 2037 1289">
     <span class='ocr_line' id='line_1_14' title="bbox 467 1220 2037 1289; baseline 0.003 -18"><span class='ocrx_word' id='word_1_90' title='bbox 467 1230 612 1273; x_wconf 80' lang='lat' dir='ltr'><strong>tores</strong></span> <span class='ocrx_word' id='word_1_91' title='bbox 643 1228 783 1273; x_wconf 90' lang='lat' dir='ltr'><strong>tuos.</strong></span> <span class='ocrx_word' id='word_1_92' title='bbox 817 1239 833 1269; x_wconf 75' lang='grc' dir='ltr'><strong>ι</strong></span> <span class='ocrx_word' id='word_1_93' title='bbox 869 1220 970 1285; x_wconf 87' lang='lat' dir='ltr'><strong>Qui</strong></span> <span class='ocrx_word' id='word_1_94' title='bbox 1019 1230 1143 1273; x_wconf 90' lang='lat' dir='ltr'><strong>sunt</strong></span> <span class='ocrx_word' id='word_1_95' title='bbox 1180 1221 1263 1274; x_wconf 90' lang='lat' dir='ltr'><strong>isti</strong></span> <span class='ocrx_word' id='word_1_96' title='bbox 1314 1230 1591 1276; x_wconf 83' lang='lat' dir='ltr'><strong>amatores</strong></span> <span class='ocrx_word' id='word_1_97' title='bbox 1616 1222 1705 1289; x_wconf 90' lang='lat' dir='ltr'><strong>qui</strong></span> <span class='ocrx_word' id='word_1_98' title='bbox 1734 1224 1939 1276; x_wconf 90' lang='lat' dir='ltr'><strong>intrant</strong></span> <span class='ocrx_word' id='word_1_99' title='bbox 1971 1222 2037 1275; x_wconf 91' lang='lat' dir='ltr'><strong>ad</strong></span> 
     </span>
    </p>
   </div>
   <div class='ocr_carea' id='block_1_15' title="bbox 466 1311 2041 1382">
    <p class='ocr_par' dir='ltr' id='par_1_15' title="bbox 466 1311 2041 1382">
     <span class='ocr_line' id='line_1_15' title="bbox 466 1311 2041 1382; baseline 0.004 -20"><span class='ocrx_word' id='word_1_100' title='bbox 466 1312 702 1363; x_wconf 85' lang='lat' dir='ltr'><strong>animam</strong></span> <span class='ocrx_word' id='word_1_101' title='bbox 736 1311 1108 1376; x_wconf 76' lang='lat' dir='ltr'><strong>meretricem,</strong></span> <span class='ocrx_word' id='word_1_102' title='bbox 1162 1313 1262 1365; x_wconf 89' lang='lat' dir='ltr'><strong>nisi</strong></span> <span class='ocrx_word' id='word_1_103' title='bbox 1297 1314 1587 1366; x_wconf 68' lang='lat' dir='ltr'><strong>contrariae</strong></span> <span class='ocrx_word' id='word_1_104' title='bbox 1616 1323 1930 1382; x_wconf 82' lang='lat' dir='ltr'><strong>potestates,</strong></span> <span class='ocrx_word' id='word_1_105' title='bbox 1983 1324 2041 1369; x_wconf 89' lang='lat' dir='ltr'><strong>et</strong></span> 
     </span>
    </p>
   </div>
   <div class='ocr_carea' id='block_1_16' title="bbox 467 1403 2040 1473">
    <p class='ocr_par' dir='ltr' id='par_1_16' title="bbox 467 1403 2040 1473">
     <span class='ocr_line' id='line_1_16' title="bbox 467 1403 2040 1473; baseline 0.004 -21"><span class='ocrx_word' id='word_1_106' title='bbox 467 1404 774 1462; x_wconf 71' lang='lat' dir='ltr'><strong>dmntones,</strong></span> <span class='ocrx_word' id='word_1_107' title='bbox 813 1404 899 1470; x_wconf 91' lang='lat' dir='ltr'><strong>qui</strong></span> <span class='ocrx_word' id='word_1_108' title='bbox 958 1403 1291 1456; x_wconf 79' lang='lat' dir='ltr'><strong>desiderium</strong></span> <span class='ocrx_word' id='word_1_109' title='bbox 1346 1405 1567 1471; x_wconf 90' lang='lat' dir='ltr'><strong>capiunt</strong></span> <span class='ocrx_word' id='word_1_110' title='bbox 1616 1404 2040 1473; x_wconf 87' lang='lat' dir='ltr'><strong>pulchritudinis</strong></span> 
     </span>
    </p>
   </div>
   <div class='ocr_carea' id='block_1_17' title="bbox 464 1494 2040 1565">
    <p class='ocr_par' dir='ltr' id='par_1_17' title="bbox 464 1494 2040 1565">
     <span class='ocr_line' id='line_1_17' title="bbox 464 1494 2040 1565; baseline 0.003 -18"><span class='ocrx_word' id='word_1_111' title='bbox 464 1494 617 1563; x_wconf 85' lang='lat' dir='ltr'><strong>ejus?</strong></span> <span class='ocrx_word' id='word_1_112' title='bbox 647 1494 877 1549; x_wconf 83' lang='lat' dir='ltr'><strong>Pulchra</strong></span> <span class='ocrx_word' id='word_1_113' title='bbox 914 1512 1149 1565; x_wconf 81' lang='lat' dir='ltr'><strong>namque</strong></span> <span class='ocrx_word' id='word_1_114' title='bbox 1185 1512 1211 1547; x_wconf 91' lang='lat' dir='ltr'><strong>a</strong></span> <span class='ocrx_word' id='word_1_115' title='bbox 1261 1495 1371 1549; x_wconf 87' lang='lat' dir='ltr'><strong>Deo</strong></span> <span class='ocrx_word' id='word_1_116' title='bbox 1421 1505 1605 1550; x_wconf 91' lang='lat' dir='ltr'><strong>creata</strong></span> <span class='ocrx_word' id='word_1_117' title='bbox 1643 1506 1722 1551; x_wconf 88' lang='lat' dir='ltr'><strong>est</strong></span> <span class='ocrx_word' id='word_1_118' title='bbox 1753 1498 1956 1560; x_wconf 88' lang='lat' dir='ltr'><strong>anima,</strong></span> <span class='ocrx_word' id='word_1_119' title='bbox 1987 1507 2040 1551; x_wconf 91' lang='lat' dir='ltr'><strong>et</strong></span> 
     </span>
    </p>
   </div>
   <div class='ocr_carea' id='block_1_18' title="bbox 2139 360 3703 455">
    <p class='ocr_par' dir='ltr' id='par_1_18' title="bbox 2139 360 3703 455">
     <span class='ocr_line' id='line_1_18' title="bbox 2139 360 3703 455; baseline -0.016 -17"><span class='ocrx_word' id='word_1_120' title='bbox 2139 387 2246 455; x_wconf 84' lang='lat' dir='ltr'><strong>gia,</strong></span> <span class='ocrx_word' id='word_1_121' title='bbox 2276 360 2422 450; x_wconf 71' lang='lat' dir='ltr'><strong>.quze</strong></span> <span class='ocrx_word' id='word_1_122' title='bbox 2467 374 2797 430; x_wconf 89' lang='lat' dir='ltr'><strong>conveniunt</strong></span> <span class='ocrx_word' id='word_1_123' title='bbox 2823 380 2875 423; x_wconf 91' lang='lat' dir='ltr'><strong>et</strong></span> <span class='ocrx_word' id='word_1_124' title='bbox 2916 375 3039 435; x_wconf 85' lang='lat' dir='ltr'><strong>apta</strong></span> <span class='ocrx_word' id='word_1_125' title='bbox 3076 372 3201 455; x_wconf 81' lang='lat' dir='ltr'><strong>sunt</strong></span> <span class='ocrx_word' id='word_1_126' title='bbox 3233 377 3431 455; x_wconf 84' lang='lat' dir='ltr'><strong>magno</strong></span> <span class='ocrx_word' id='word_1_127' title='bbox 3460 360 3703 455; x_wconf 82' lang='lat' dir='ltr'><strong>pontiﬁci</strong></span> 
     </span>
    </p>
   </div>
   <div class='ocr_carea' id='block_1_19' title="bbox 2138 451 3708 531">
    <p class='ocr_par' dir='ltr' id='par_1_19' title="bbox 2138 451 3708 531">
     <span class='ocr_line' id='line_1_19' title="bbox 2138 451 3708 531; baseline -0.018 0"><span class='ocrx_word' id='word_1_128' title='bbox 2138 451 2359 531; x_wconf 83' lang='lat' dir='ltr'><strong>Christo</strong></span> <span class='ocrx_word' id='word_1_129' title='bbox 2381 469 2509 524; x_wconf 87' lang='lat' dir='ltr'><strong>Jesu</strong></span> <span class='ocrx_word' id='word_1_130' title='bbox 2544 467 2771 519; x_wconf 90' lang='lat' dir='ltr'><strong>Domino</strong></span> <span class='ocrx_word' id='word_1_131' title='bbox 2801 468 3012 520; x_wconf 91' lang='lat' dir='ltr'><strong>nostro,</strong></span> <span class='ocrx_word' id='word_1_132' title='bbox 3032 455 3117 509; x_wconf 91' lang='lat' dir='ltr'><strong>cui</strong></span> <span class='ocrx_word' id='word_1_133' title='bbox 3144 453 3314 523; x_wconf 86' lang='lat' dir='ltr'><strong>gloria</strong></span> <span class='ocrx_word' id='word_1_134' title='bbox 3337 461 3392 507; x_wconf 90' lang='lat' dir='ltr'><strong>et</strong></span> <span class='ocrx_word' id='word_1_135' title='bbox 3420 451 3708 522; x_wconf 86' lang='lat' dir='ltr'><strong>imperium</strong></span> 
     </span>
    </p>
   </div>
   <div class='ocr_carea' id='block_1_20' title="bbox 2139 552 2999 621">
    <p class='ocr_par' dir='ltr' id='par_1_20' title="bbox 2139 552 2999 621">
     <span class='ocr_line' id='line_1_20' title="bbox 2139 552 2999 621; baseline -0.023 0"><span class='ocrx_word' id='word_1_136' title='bbox 2139 567 2191 621; x_wconf 87' lang='lat' dir='ltr'><strong>itt</strong></span> <span class='ocrx_word' id='word_1_137' title='bbox 2216 562 2409 621; x_wconf 71' lang='lat' dir='ltr'><strong>srecula</strong></span> <span class='ocrx_word' id='word_1_138' title='bbox 2439 558 2784 617; x_wconf 66' lang='lat' dir='ltr'><strong>saeculorum.</strong></span> <span class='ocrx_word' id='word_1_139' title='bbox 2808 552 2999 606; x_wconf 92' lang='lat' dir='ltr'><strong>Amen.</strong></span> 
     </span>
    </p>
   </div>
   <div class='ocr_carea' id='block_1_21' title="bbox 2688 685 3144 745">
    <p class='ocr_par' dir='ltr' id='par_1_21' title="bbox 2688 685 3144 745">
     <span class='ocr_line' id='line_1_21' title="bbox 2688 685 3144 745; baseline -0.004 -2"><span class='ocrx_word' id='word_1_140' title='bbox 2688 686 2969 745; x_wconf 82' lang='lat' dir='ltr'><strong>HOMILIA</strong></span> <span class='ocrx_word' id='word_1_141' title='bbox 3008 685 3144 742; x_wconf 80' lang='lat' dir='ltr'><strong>XIII.</strong></span> 
     </span>
    </p>
   </div>
   <div class='ocr_carea' id='block_1_22' title="bbox 2141 787 3710 874">
    <p class='ocr_par' dir='ltr' id='par_1_22' title="bbox 2141 787 3710 874">
     <span class='ocr_line' id='line_1_22' title="bbox 2141 787 3710 874; baseline -0.017 -6"><span class='ocrx_word' id='word_1_142' title='bbox 2141 813 2219 868; x_wconf 86' lang='lat' dir='ltr'><strong>De</strong></span> <span class='ocrx_word' id='word_1_143' title='bbox 2245 812 2429 865; x_wconf 76' lang='lat' dir='ltr'><strong>diebus</strong></span> <span class='ocrx_word' id='word_1_144' title='bbox 2478 807 2649 874; x_wconf 75' lang='lat' dir='ltr'><strong>festis,</strong></span> <span class='ocrx_word' id='word_1_145' title='bbox 2689 814 2739 859; x_wconf 81' lang='lat' dir='ltr'><strong>et</strong></span> <span class='ocrx_word' id='word_1_146' title='bbox 2770 803 3006 863; x_wconf 84' lang='lat' dir='ltr'><strong>lucerna,</strong></span> <span class='ocrx_word' id='word_1_147' title='bbox 3045 808 3091 851; x_wconf 86' lang='lat' dir='ltr'><strong>et</strong></span> <span class='ocrx_word' id='word_1_148' title='bbox 3140 793 3480 874; x_wconf 41' lang='lat' dir='ltr'><strong>can-delubro,</strong></span> <span class='ocrx_word' id='word_1_149' title='bbox 3507 800 3554 843; x_wconf 80' lang='lat' dir='ltr'><strong>et</strong></span> <span class='ocrx_word' id='word_1_150' title='bbox 3596 787 3710 874; x_wconf 59' lang='lat' dir='ltr'><strong>oleo</strong></span> 
     </span>
    </p>
   </div>
   <div class='ocr_carea' id='block_1_23' title="bbox 2213 865 3712 945">
    <p class='ocr_par' dir='ltr' id='par_1_23' title="bbox 2213 865 3712 945">
     <span class='ocr_line' id='line_1_23' title="bbox 2213 865 3712 945; baseline -0.017 -9"><span class='ocrx_word' id='word_1_151' title='bbox 2213 885 2282 936; x_wconf 87' lang='lat' dir='ltr'><strong>ad</strong></span> <span class='ocrx_word' id='word_1_152' title='bbox 2332 865 2528 945; x_wconf 66' lang='lat' dir='ltr'><strong>lumen,</strong></span> <span class='ocrx_word' id='word_1_153' title='bbox 2563 865 2725 932; x_wconf 46' lang='lat' dir='ltr'><strong>et&#39;de</strong></span> <span class='ocrx_word' id='word_1_154' title='bbox 2778 887 2989 933; x_wconf 75' lang='lat' dir='ltr'><strong>mensa,</strong></span> <span class='ocrx_word' id='word_1_155' title='bbox 3039 878 3087 921; x_wconf 80' lang='grc' dir='ltr'>ει</span> <span class='ocrx_word' id='word_1_156' title='bbox 3123 865 3345 934; x_wconf 81' lang='lat' dir='ltr'><strong>panibus</strong></span> <span class='ocrx_word' id='word_1_157' title='bbox 3392 865 3712 931; x_wconf 75' lang='lat' dir='ltr'><strong>prepositio-</strong></span> 
     </span>
    </p>
   </div>
   <div class='ocr_carea' id='block_1_24' title="bbox 2211 951 2388 1007">
    <p class='ocr_par' dir='ltr' id='par_1_24' title="bbox 2211 951 2388 1007">
     <span class='ocr_line' id='line_1_24' title="bbox 2211 951 2388 1007; baseline -0.023 0"><span class='ocrx_word' id='word_1_158' title='bbox 2211 954 2291 1007; x_wconf 73' lang='lat' dir='ltr'><strong>nis</strong></span> <span class='ocrx_word' id='word_1_159' title='bbox 2320 951 2388 1003; x_wconf 72' lang='lat'><strong>“.</strong></span> 
     </span>
    </p>
   </div>
   <div class='ocr_carea' id='block_1_25' title="bbox 2212 1041 3710 1132">
    <p class='ocr_par' dir='ltr' id='par_1_25' title="bbox 2212 1041 3710 1132">
     <span class='ocr_line' id='line_1_25' title="bbox 2212 1041 3710 1132; baseline -0.018 -12"><span class='ocrx_word' id='word_1_160' title='bbox 2212 1067 2267 1121; x_wconf 77' lang='grc'><strong>1.</strong></span> <span class='ocrx_word' id='word_1_161' title='bbox 2291 1064 2392 1130; x_wconf 87' lang='lat' dir='ltr'><strong>Qui</strong></span> <span class='ocrx_word' id='word_1_162' title='bbox 2426 1062 2699 1132; x_wconf 80' lang='lat' dir='ltr'><strong>perlectus</strong></span> <span class='ocrx_word' id='word_1_163' title='bbox 2722 1066 2805 1113; x_wconf 92' lang='lat' dir='ltr'><strong>est</strong></span> <span class='ocrx_word' id='word_1_164' title='bbox 2823 1096 2839 1122; x_wconf 97' lang='lat'><strong>,</strong></span> <span class='ocrx_word' id='word_1_165' title='bbox 2866 1055 2934 1110; x_wconf 90' lang='lat' dir='ltr'><strong>ab</strong></span> <span class='ocrx_word' id='word_1_166' title='bbox 2959 1053 3077 1122; x_wconf 90' lang='lat' dir='ltr'><strong>ipso</strong></span> <span class='ocrx_word' id='word_1_167' title='bbox 3108 1050 3215 1103; x_wconf 91' lang='lat' dir='ltr'><strong>Deo</strong></span> <span class='ocrx_word' id='word_1_168' title='bbox 3259 1049 3488 1101; x_wconf 87' lang='lat' dir='ltr'><strong>docetur</strong></span> <span class='ocrx_word' id='word_1_169' title='bbox 3527 1041 3595 1096; x_wconf 91' lang='lat' dir='ltr'><strong>de</strong></span> <span class='ocrx_word' id='word_1_170' title='bbox 3619 1053 3710 1095; x_wconf 83' lang='lat' dir='ltr'><strong>so-</strong></span> 
     </span>
    </p>
   </div>
   <div class='ocr_carea' id='block_1_26' title="bbox 2141 1133 3713 1215">
    <p class='ocr_par' dir='ltr' id='par_1_26' title="bbox 2141 1133 3713 1215">
     <span class='ocr_line' id='line_1_26' title="bbox 2141 1133 3713 1215; baseline -0.018 -3"><span class='ocrx_word' id='word_1_171' title='bbox 2141 1156 2485 1212; x_wconf 87' lang='lat' dir='ltr'><strong>lemnitatum</strong></span> <span class='ocrx_word' id='word_1_172' title='bbox 2515 1151 2747 1215; x_wconf 88' lang='lat' dir='ltr'><strong>ratione,</strong></span> <span class='ocrx_word' id='word_1_173' title='bbox 2767 1155 2819 1201; x_wconf 91' lang='lat' dir='ltr'><strong>et</strong></span> <span class='ocrx_word' id='word_1_174' title='bbox 2834 1144 3053 1201; x_wconf 91' lang='lat' dir='ltr'><strong>homine</strong></span> <span class='ocrx_word' id='word_1_175' title='bbox 3083 1141 3149 1194; x_wconf 91' lang='lat' dir='ltr'><strong>ad</strong></span> <span class='ocrx_word' id='word_1_176' title='bbox 3179 1140 3294 1193; x_wconf 68' lang='lat' dir='ltr'><strong>haec</strong></span> <span class='ocrx_word' id='word_1_177' title='bbox 3318 1133 3573 1188; x_wconf 88' lang='lat' dir='ltr'><strong>discenda</strong></span> <span class='ocrx_word' id='word_1_178' title='bbox 3597 1146 3713 1184; x_wconf 81' lang='lat' dir='ltr'><strong>ma-</strong></span> 
     </span>
    </p>
   </div>
   <div class='ocr_carea' id='block_1_27' title="bbox 2140 1226 3711 1318">
    <p class='ocr_par' dir='ltr' id='par_1_27' title="bbox 2140 1226 3711 1318">
     <span class='ocr_line' id='line_1_27' title="bbox 2140 1226 3711 1318; baseline -0.017 -17"><span class='ocrx_word' id='word_1_179' title='bbox 2140 1249 2309 1318; x_wconf 91' lang='lat' dir='ltr'><strong>gistro</strong></span> <span class='ocrx_word' id='word_1_180' title='bbox 2353 1261 2458 1299; x_wconf 91' lang='lat' dir='ltr'><strong>non</strong></span> <span class='ocrx_word' id='word_1_181' title='bbox 2496 1243 2687 1305; x_wconf 91' lang='lat' dir='ltr'><strong>utitur,</strong></span> <span class='ocrx_word' id='word_1_182' title='bbox 2721 1238 2816 1294; x_wconf 91' lang='lat' dir='ltr'><strong>sed</strong></span> <span class='ocrx_word' id='word_1_183' title='bbox 2856 1252 2885 1289; x_wconf 90' lang='lat' dir='ltr'><strong>a</strong></span> <span class='ocrx_word' id='word_1_184' title='bbox 2937 1236 3046 1289; x_wconf 90' lang='lat' dir='ltr'><strong>Deo</strong></span> <span class='ocrx_word' id='word_1_185' title='bbox 3076 1231 3261 1293; x_wconf 90' lang='lat' dir='ltr'><strong>discit,</strong></span> <span class='ocrx_word' id='word_1_186' title='bbox 3304 1227 3351 1282; x_wconf 91' lang='lat' dir='ltr'><strong>si</strong></span> <span class='ocrx_word' id='word_1_187' title='bbox 3387 1226 3508 1295; x_wconf 86' lang='lat' dir='ltr'><strong>quis</strong></span> <span class='ocrx_word' id='word_1_188' title='bbox 3538 1232 3711 1318; x_wconf 80' lang='lat' dir='ltr'><strong>potest</strong></span> 
     </span>
    </p>
   </div>
   <div class='ocr_carea' id='block_1_28' title="bbox 2141 1316 3713 1408">
    <p class='ocr_par' dir='ltr' id='par_1_28' title="bbox 2141 1316 3713 1408">
     <span class='ocr_line' id='line_1_28' title="bbox 2141 1316 3713 1408; baseline -0.017 -14"><span class='ocrx_word' id='word_1_189' title='bbox 2141 1316 2339 1408; x_wconf 79' lang='lat' dir='ltr'><strong>capere</strong></span> <span class='ocrx_word' id='word_1_190' title='bbox 2363 1337 2458 1391; x_wconf 91' lang='lat' dir='ltr'><strong>Dei</strong></span> <span class='ocrx_word' id='word_1_191' title='bbox 2490 1349 2696 1389; x_wconf 89' lang='lat' dir='ltr'><strong>vocem.</strong></span> <span class='ocrx_word' id='word_1_192' title='bbox 2727 1331 2828 1397; x_wconf 90' lang='lat' dir='ltr'><strong>Qui</strong></span> <span class='ocrx_word' id='word_1_193' title='bbox 2859 1337 3040 1382; x_wconf 90' lang='lat' dir='ltr'><strong>autem</strong></span> <span class='ocrx_word' id='word_1_194' title='bbox 3067 1338 3172 1377; x_wconf 90' lang='lat' dir='ltr'><strong>non</strong></span> <span class='ocrx_word' id='word_1_195' title='bbox 3206 1329 3290 1375; x_wconf 89' lang='lat' dir='ltr'><strong>est</strong></span> <span class='ocrx_word' id='word_1_196' title='bbox 3331 1318 3473 1382; x_wconf 89' lang='lat' dir='ltr'><strong>talis,</strong></span> <span class='ocrx_word' id='word_1_197' title='bbox 3504 1316 3597 1370; x_wconf 84' lang='lat' dir='ltr'><strong>sed</strong></span> <span class='ocrx_word' id='word_1_198' title='bbox 3632 1317 3713 1369; x_wconf 92' lang='lat' dir='ltr'><strong>in-</strong></span> 
     </span>
    </p>
   </div>
   <div class='ocr_carea' id='block_1_29' title="bbox 2142 1408 3714 1493">
    <p class='ocr_par' dir='ltr' id='par_1_29' title="bbox 2142 1408 3714 1493">
     <span class='ocr_line' id='line_1_29' title="bbox 2142 1408 3714 1493; baseline -0.017 -8"><span class='ocrx_word' id='word_1_199' title='bbox 2142 1431 2332 1493; x_wconf 79' lang='lat' dir='ltr'><strong>ferior,</strong></span> <span class='ocrx_word' id='word_1_200' title='bbox 2364 1429 2523 1483; x_wconf 88' lang='lat' dir='ltr'><strong>discit</strong></span> <span class='ocrx_word' id='word_1_201' title='bbox 2563 1426 2631 1479; x_wconf 90' lang='lat' dir='ltr'><strong>ab</strong></span> <span class='ocrx_word' id='word_1_202' title='bbox 2665 1438 2729 1476; x_wconf 91' lang='lat' dir='ltr'><strong>eo</strong></span> <span class='ocrx_word' id='word_1_203' title='bbox 2765 1421 2854 1489; x_wconf 91' lang='lat' dir='ltr'><strong>qui</strong></span> <span class='ocrx_word' id='word_1_204' title='bbox 2893 1416 3145 1473; x_wconf 88' lang='lat' dir='ltr'><strong>didicerit</strong></span> <span class='ocrx_word' id='word_1_205' title='bbox 3181 1429 3210 1466; x_wconf 88' lang='lat' dir='ltr'><strong>a</strong></span> <span class='ocrx_word' id='word_1_206' title='bbox 3252 1410 3383 1465; x_wconf 91' lang='lat' dir='ltr'><strong>Deo.</strong></span> <span class='ocrx_word' id='word_1_207' title='bbox 3433 1408 3558 1461; x_wconf 72' lang='lat' dir='ltr'><strong>Ilaac</strong></span> <span class='ocrx_word' id='word_1_208' title='bbox 3585 1421 3714 1476; x_wconf 83' lang='lat' dir='ltr'><strong>ergo</strong></span> 
     </span>
    </p>
   </div>
   <div class='ocr_carea' id='block_1_30' title="bbox 2142 1500 3709 1580">
    <p class='ocr_par' dir='ltr' id='par_1_30' title="bbox 2142 1500 3709 1580">
     <span class='ocr_line' id='line_1_30' title="bbox 2142 1500 3709 1580; baseline -0.017 -3"><span class='ocrx_word' id='word_1_209' title='bbox 2142 1532 2223 1577; x_wconf 79' lang='lat' dir='ltr'><strong>est</strong></span> <span class='ocrx_word' id='word_1_210' title='bbox 2246 1522 2310 1574; x_wconf 88' lang='lat' dir='ltr'><strong>de</strong></span> <span class='ocrx_word' id='word_1_211' title='bbox 2329 1514 2763 1575; x_wconf 75' lang='lat' dir='ltr'><strong>solemnitatibus</strong></span> <span class='ocrx_word' id='word_1_212' title='bbox 2782 1509 2977 1580; x_wconf 86' lang='lat' dir='ltr'><strong>duplex</strong></span> <span class='ocrx_word' id='word_1_213' title='bbox 2995 1506 3241 1575; x_wconf 71' lang='lat' dir='ltr'><strong>quaedam</strong></span> <span class='ocrx_word' id='word_1_214' title='bbox 3266 1500 3405 1555; x_wconf 83' lang='lat' dir='ltr'><strong>ratio</strong></span> <span class='ocrx_word' id='word_1_215' title='bbox 3432 1500 3709 1553; x_wconf 74' lang='lat' dir='ltr'><strong>doctrinae.</strong></span> 
     </span>
    </p>
   </div>
   <div class='ocr_carea' id='block_1_31' title="bbox 466 1584 3716 1686">
    <p class='ocr_par' dir='ltr' id='par_1_31' title="bbox 466 1584 3716 1686">
     <span class='ocr_line' id='line_1_31' title="bbox 466 1584 3716 1686; baseline -0.008 -21"><span class='ocrx_word' id='word_1_216' title='bbox 466 1586 598 1686; x_wconf 53' lang='lat' dir='ltr'><strong>“iis</strong></span> <span class='ocrx_word' id='word_1_217' title='bbox 640 1587 857 1639; x_wconf 55' lang='lat' dir='ltr'><strong>deum“</strong></span> <span class='ocrx_word' id='word_1_218' title='bbox 910 1586 1044 1638; x_wconf 71' lang='lat' dir='ltr'><strong>Am”</strong></span> <span class='ocrx_word' id='word_1_219' title='bbox 1101 1584 1371 1686; x_wconf 54' lang='grc' dir='ltr'><strong>⁴Ῐ¹¹Ῠ¹ξ¹⁰⁴¹⁰</strong></span> <span class='ocrx_word' id='word_1_220' title='bbox 1420 1585 1533 1653; x_wconf 66' lang='lat' dir='ltr'><strong>ipse</strong></span> <span class='ocrx_word' id='word_1_221' title='bbox 1588 1585 1980 1686; x_wconf 38' lang='lat' dir='ltr'><strong>De_&quot;3._.dicll”</strong></span> <span class='ocrx_word' id='word_1_222' title='bbox 2022 1603 2034 1639; x_wconf 78' lang='grc'><strong><em>⁵</em></strong></span> <span class='ocrx_word' id='word_1_223' title='bbox 2075 1632 2115 1686; x_wconf 75' lang='grc' dir='ltr'>Β</span> <span class='ocrx_word' id='word_1_224' title='bbox 2147 1612 2285 1675; x_wconf 91' lang='lat' dir='ltr'><strong>Una,</strong></span> <span class='ocrx_word' id='word_1_225' title='bbox 2315 1624 2419 1678; x_wconf 88' lang='lat' dir='ltr'><strong>qua</strong></span> <span class='ocrx_word' id='word_1_226' title='bbox 2446 1605 2743 1660; x_wconf 89' lang='lat' dir='ltr'><strong>illuminata</strong></span> <span class='ocrx_word' id='word_1_227' title='bbox 2775 1614 2872 1669; x_wconf 88' lang='lat' dir='ltr'><strong>per</strong></span> <span class='ocrx_word' id='word_1_228' title='bbox 2902 1596 3151 1666; x_wconf 81' lang='lat' dir='ltr'><strong>spiritum</strong></span> <span class='ocrx_word' id='word_1_229' title='bbox 3198 1587 3512 1659; x_wconf 85' lang='lat' dir='ltr'><strong>prophetica</strong></span> <span class='ocrx_word' id='word_1_230' title='bbox 3555 1598 3716 1685; x_wconf 79' lang='lat' dir='ltr'><strong>meus.</strong></span> 
     </span>
    </p>
   </div>
   <div class='ocr_carea' id='block_1_32' title="bbox 471 1676 2037 1745">
    <p class='ocr_par' dir='ltr' id='par_1_32' title="bbox 471 1676 2037 1745">
     <span class='ocr_line' id='line_1_32' title="bbox 471 1676 2037 1745; baseline 0.003 -16"><span class='ocrx_word' id='word_1_231' title='bbox 471 1687 489 1719; x_wconf 69' lang='grc' dir='ltr'>ί</span> <span class='ocrx_word' id='word_1_232' title='bbox 517 1676 802 1731; x_wconf 83' lang='lat' dir='ltr'><strong>Faciamus</strong></span> <span class='ocrx_word' id='word_1_233' title='bbox 826 1679 1098 1731; x_wconf 84' lang='lat' dir='ltr'><strong>hominem</strong></span> <span class='ocrx_word' id='word_1_234' title='bbox 1132 1678 1196 1731; x_wconf 85' lang='lat' dir='ltr'><strong>ad</strong></span> <span class='ocrx_word' id='word_1_235' title='bbox 1232 1678 1520 1745; x_wconf 77' lang='lat' dir='ltr'><strong>imaginem</strong></span> <span class='ocrx_word' id='word_1_236' title='bbox 1545 1686 1599 1731; x_wconf 91' lang='lat' dir='ltr'><strong>et</strong></span> <span class='ocrx_word' id='word_1_237' title='bbox 1626 1678 2037 1733; x_wconf 87' lang='lat' dir='ltr'><strong>similitudinem</strong></span> 
     </span>
    </p>
   </div>
   <div class='ocr_carea' id='block_1_33' title="bbox 469 1768 2041 1837">
    <p class='ocr_par' dir='ltr' id='par_1_33' title="bbox 469 1768 2041 1837">
     <span class='ocr_line' id='line_1_33' title="bbox 469 1768 2041 1837; baseline 0.001 -15"><span class='ocrx_word' id='word_1_238' title='bbox 469 1777 736 1822; x_wconf 91' lang='lat' dir='ltr'><strong>nostram.</strong></span> <span class='ocrx_word' id='word_1_239' title='bbox 774 1788 789 1819; x_wconf 80' lang='grc' dir='ltr'><strong>ι</strong></span> <span class='ocrx_word' id='word_1_240' title='bbox 833 1770 964 1823; x_wconf 82' lang='lat' dir='ltr'><strong>Vide</strong></span> <span class='ocrx_word' id='word_1_241' title='bbox 996 1769 1147 1836; x_wconf 86' lang='lat' dir='ltr'><strong>cujus</strong></span> <span class='ocrx_word' id='word_1_242' title='bbox 1172 1769 1405 1827; x_wconf 88' lang='lat' dir='ltr'><strong>decoris,</strong></span> <span class='ocrx_word' id='word_1_243' title='bbox 1437 1769 1594 1837; x_wconf 88' lang='lat' dir='ltr'><strong>cujus</strong></span> <span class='ocrx_word' id='word_1_244' title='bbox 1623 1768 2041 1837; x_wconf 85' lang='lat' dir='ltr'><strong>pulchritudinis</strong></span> 
     </span>
    </p>
   </div>
   <div class='ocr_carea' id='block_1_34' title="bbox 467 1860 2039 1928">
    <p class='ocr_par' dir='ltr' id='par_1_34' title="bbox 467 1860 2039 1928">
     <span class='ocr_line' id='line_1_34' title="bbox 467 1860 2039 1928; baseline -0.001 -13"><span class='ocrx_word' id='word_1_245' title='bbox 467 1871 553 1915; x_wconf 78' lang='lat' dir='ltr'><strong>est</strong></span> <span class='ocrx_word' id='word_1_246' title='bbox 604 1860 781 1913; x_wconf 87' lang='lat' dir='ltr'><strong>anima</strong></span> <span class='ocrx_word' id='word_1_247' title='bbox 841 1875 961 1927; x_wconf 71' lang='lat' dir='ltr'><strong>qua:</strong></span> <span class='ocrx_word' id='word_1_248' title='bbox 1013 1860 1301 1928; x_wconf 82' lang='lat' dir='ltr'><strong>imaginem</strong></span> <span class='ocrx_word' id='word_1_249' title='bbox 1338 1860 1499 1913; x_wconf 89' lang='lat' dir='ltr'><strong>habet</strong></span> <span class='ocrx_word' id='word_1_250' title='bbox 1532 1870 1586 1914; x_wconf 91' lang='lat' dir='ltr'><strong>et</strong></span> <span class='ocrx_word' id='word_1_251' title='bbox 1630 1860 2039 1914; x_wconf 87' lang='lat' dir='ltr'><strong>similitudinem</strong></span> 
     </span>
    </p>
   </div>
   <div class='ocr_carea' id='block_1_35' title="bbox 470 1947 2039 2017">
    <p class='ocr_par' dir='ltr' id='par_1_35' title="bbox 470 1947 2039 2017">
     <span class='ocr_line' id='line_1_35' title="bbox 470 1947 2039 2017; baseline 0.001 -16"><span class='ocrx_word' id='word_1_252' title='bbox 470 1947 584 2001; x_wconf 77' lang='lat' dir='ltr'><strong>Dei.</strong></span> <span class='ocrx_word' id='word_1_253' title='bbox 613 1947 759 2002; x_wconf 82' lang='lat' dir='ltr'><strong>Hauc</strong></span> <span class='ocrx_word' id='word_1_254' title='bbox 789 1947 1244 2016; x_wconf 75' lang='lat' dir='ltr'><strong>pulchritmlinetn</strong></span> <span class='ocrx_word' id='word_1_255' title='bbox 1270 1949 1559 2003; x_wconf 68' lang='lat' dir='ltr'><strong>contrariae</strong></span> <span class='ocrx_word' id='word_1_256' title='bbox 1596 1957 1889 2017; x_wconf 85' lang='lat' dir='ltr'><strong>potestates</strong></span> <span class='ocrx_word' id='word_1_257' title='bbox 1919 1964 2039 2002; x_wconf 87' lang='lat' dir='ltr'><strong>cum</strong></span> 
     </span>
    </p>
   </div>
   <div class='ocr_carea' id='block_1_36' title="bbox 468 2038 2044 2108">
    <p class='ocr_par' dir='ltr' id='par_1_36' title="bbox 468 2038 2044 2108">
     <span class='ocr_line' id='line_1_36' title="bbox 468 2038 2044 2108; baseline 0.003 -19"><span class='ocrx_word' id='word_1_258' title='bbox 468 2038 760 2106; x_wconf 56' lang='lat' dir='ltr'><strong>aspiciunt,</strong></span> <span class='ocrx_word' id='word_1_259' title='bbox 790 2039 839 2091; x_wconf 89' lang='lat' dir='ltr'><strong>id</strong></span> <span class='ocrx_word' id='word_1_260' title='bbox 873 2048 955 2092; x_wconf 91' lang='lat' dir='ltr'><strong>est</strong></span> <span class='ocrx_word' id='word_1_261' title='bbox 1001 2040 1249 2092; x_wconf 73' lang='lat' dir='ltr'><strong>diabolus</strong></span> <span class='ocrx_word' id='word_1_262' title='bbox 1283 2049 1336 2093; x_wconf 89' lang='lat' dir='ltr'><strong>et</strong></span> <span class='ocrx_word' id='word_1_263' title='bbox 1380 2038 1556 2108; x_wconf 78' lang='lat' dir='ltr'><strong>angeli</strong></span> <span class='ocrx_word' id='word_1_264' title='bbox 1598 2038 1741 2107; x_wconf 83' lang='lat' dir='ltr'><strong>ejus,</strong></span> <span class='ocrx_word' id='word_1_265' title='bbox 1784 2040 2044 2108; x_wconf 82' lang='lat' dir='ltr'><strong>concupi-</strong></span> 
     </span>
    </p>
   </div>
   <div class='ocr_carea' id='block_1_37' title="bbox 467 2129 2042 2199">
    <p class='ocr_par' dir='ltr' id='par_1_37' title="bbox 467 2129 2042 2199">
     <span class='ocr_line' id='line_1_37' title="bbox 467 2129 2042 2199; baseline 0.001 -16"><span class='ocrx_word' id='word_1_266' title='bbox 467 2139 626 2183; x_wconf 87' lang='lat' dir='ltr'><strong>scunt</strong></span> <span class='ocrx_word' id='word_1_267' title='bbox 658 2130 892 2196; x_wconf 81' lang='lat' dir='ltr'><strong>speciem</strong></span> <span class='ocrx_word' id='word_1_268' title='bbox 944 2129 1139 2198; x_wconf 89' lang='lat' dir='ltr'><strong>ipsius;</strong></span> <span class='ocrx_word' id='word_1_269' title='bbox 1175 2131 1266 2198; x_wconf 92' lang='lat' dir='ltr'><strong>qui</strong></span> <span class='ocrx_word' id='word_1_270' title='bbox 1310 2132 1438 2198; x_wconf 85' lang='lat' dir='ltr'><strong>quia</strong></span> <span class='ocrx_word' id='word_1_271' title='bbox 1470 2145 1575 2183; x_wconf 89' lang='lat' dir='ltr'><strong>non</strong></span> <span class='ocrx_word' id='word_1_272' title='bbox 1608 2140 1833 2198; x_wconf 84' lang='lat' dir='ltr'><strong>possunt</strong></span> <span class='ocrx_word' id='word_1_273' title='bbox 1860 2130 2042 2199; x_wconf 88' lang='lat' dir='ltr'><strong>sponsi</strong></span> 
     </span>
    </p>
   </div>
   <div class='ocr_carea' id='block_1_38' title="bbox 467 2220 2044 2292">
    <p class='ocr_par' dir='ltr' id='par_1_38' title="bbox 467 2220 2044 2292">
     <span class='ocr_line' id='line_1_38' title="bbox 467 2220 2044 2292; baseline 0.001 -19"><span class='ocrx_word' id='word_1_274' title='bbox 467 2220 585 2286; x_wconf 87' lang='lat' dir='ltr'><strong>cjus</strong></span> <span class='ocrx_word' id='word_1_275' title='bbox 613 2220 749 2285; x_wconf 77' lang='lat' dir='ltr'><strong>ﬁeri,</strong></span> <span class='ocrx_word' id='word_1_276' title='bbox 789 2222 1124 2275; x_wconf 85' lang='lat' dir='ltr'><strong>meretricari</strong></span> <span class='ocrx_word' id='word_1_277' title='bbox 1158 2222 1382 2290; x_wconf 77' lang='lat' dir='ltr'><strong>cupiunt</strong></span> <span class='ocrx_word' id='word_1_278' title='bbox 1416 2237 1537 2276; x_wconf 93' lang='lat' dir='ltr'><strong>cum</strong></span> <span class='ocrx_word' id='word_1_279' title='bbox 1564 2237 1648 2276; x_wconf 88' lang='lat' dir='ltr'><strong>ea.</strong></span> <span class='ocrx_word' id='word_1_280' title='bbox 1668 2222 1725 2275; x_wconf 90' lang='lat' dir='ltr'><strong>Si</strong></span> <span class='ocrx_word' id='word_1_281' title='bbox 1766 2239 1897 2292; x_wconf 82' lang='lat' dir='ltr'><strong>ergo</strong></span> <span class='ocrx_word' id='word_1_282' title='bbox 1923 2238 2044 2276; x_wconf 85' lang='lat' dir='ltr'><strong>sus-</strong></span> 
     </span>
    </p>
   </div>
   <div class='ocr_carea' id='block_1_39' title="bbox 471 2313 2042 2378">
    <p class='ocr_par' dir='ltr' id='par_1_39' title="bbox 471 2313 2042 2378">
     <span class='ocr_line' id='line_1_39' title="bbox 471 2313 2042 2378; baseline 0.001 -13"><span class='ocrx_word' id='word_1_283' title='bbox 471 2313 703 2377; x_wconf 76' lang='lat' dir='ltr'><strong>ceperis.</strong></span> <span class='ocrx_word' id='word_1_284' title='bbox 754 2329 786 2366; x_wconf 93' lang='grc' dir='ltr'>ο</span> <span class='ocrx_word' id='word_1_285' title='bbox 839 2313 1026 2378; x_wconf 92' lang='lat' dir='ltr'><strong>homo,</strong></span> <span class='ocrx_word' id='word_1_286' title='bbox 1066 2313 1116 2365; x_wconf 90' lang='lat' dir='ltr'><strong>iu</strong></span> <span class='ocrx_word' id='word_1_287' title='bbox 1151 2313 1312 2366; x_wconf 87' lang='lat' dir='ltr'><strong>cuhili</strong></span> <span class='ocrx_word' id='word_1_288' title='bbox 1362 2315 1556 2367; x_wconf 66' lang='lat' dir='ltr'><strong>animm</strong></span> <span class='ocrx_word' id='word_1_289' title='bbox 1594 2323 1695 2367; x_wconf 71' lang='lat' dir='ltr'><strong>tua:</strong></span> <span class='ocrx_word' id='word_1_290' title='bbox 1739 2314 2042 2367; x_wconf 87' lang='lat' dir='ltr'><strong>adulterum</strong></span> 
     </span>
    </p>
   </div>
   <div class='ocr_carea' id='block_1_40' title="bbox 473 2402 2042 2467">
    <p class='ocr_par' dir='ltr' id='par_1_40' title="bbox 473 2402 2042 2467">
     <span class='ocr_line' id='line_1_40' title="bbox 473 2402 2042 2467; baseline 0.005 -14"><span class='ocrx_word' id='word_1_291' title='bbox 473 2402 765 2467; x_wconf 90' lang='lat' dir='ltr'><strong>diabolum,</strong></span> <span class='ocrx_word' id='word_1_292' title='bbox 815 2403 1157 2456; x_wconf 90' lang='lat' dir='ltr'><strong>meretricata</strong></span> <span class='ocrx_word' id='word_1_293' title='bbox 1190 2412 1271 2456; x_wconf 84' lang='lat' dir='ltr'><strong>est</strong></span> <span class='ocrx_word' id='word_1_294' title='bbox 1304 2404 1481 2456; x_wconf 87' lang='lat' dir='ltr'><strong>anima</strong></span> <span class='ocrx_word' id='word_1_295' title='bbox 1519 2413 1606 2457; x_wconf 90' lang='lat' dir='ltr'><strong>tua</strong></span> <span class='ocrx_word' id='word_1_296' title='bbox 1651 2420 1773 2457; x_wconf 90' lang='lat' dir='ltr'><strong>cum</strong></span> <span class='ocrx_word' id='word_1_297' title='bbox 1806 2403 2042 2461; x_wconf 86' lang='lat' dir='ltr'><strong>diabolo.</strong></span> 
     </span>
    </p>
   </div>
   <div class='ocr_carea' id='block_1_41' title="bbox 474 2491 2045 2566">
    <p class='ocr_par' dir='ltr' id='par_1_41' title="bbox 474 2491 2045 2566">
     <span class='ocr_line' id='line_1_41' title="bbox 474 2491 2045 2566; baseline 0.004 -22"><span class='ocrx_word' id='word_1_298' title='bbox 474 2491 530 2544; x_wconf 88' lang='lat' dir='ltr'><strong>Si</strong></span> <span class='ocrx_word' id='word_1_299' title='bbox 574 2495 845 2561; x_wconf 88' lang='lat' dir='ltr'><strong>receperis</strong></span> <span class='ocrx_word' id='word_1_300' title='bbox 881 2494 1103 2563; x_wconf 82' lang='lat' dir='ltr'><strong>angelos</strong></span> <span class='ocrx_word' id='word_1_301' title='bbox 1136 2494 1273 2560; x_wconf 83' lang='lat' dir='ltr'><strong>ejus,</strong></span> <span class='ocrx_word' id='word_1_302' title='bbox 1312 2496 1356 2549; x_wconf 91' lang='lat' dir='ltr'><strong>si</strong></span> <span class='ocrx_word' id='word_1_303' title='bbox 1391 2496 1618 2563; x_wconf 86' lang='lat' dir='ltr'><strong>spiritus</strong></span> <span class='ocrx_word' id='word_1_304' title='bbox 1650 2496 1921 2562; x_wconf 85' lang='lat' dir='ltr'><strong>diversos,</strong></span> <span class='ocrx_word' id='word_1_305' title='bbox 1952 2497 2045 2566; x_wconf 87' lang='lat' dir='ltr'><strong>qui</strong></span> 
     </span>
    </p>
   </div>
   <div class='ocr_carea' id='block_1_42' title="bbox 472 2584 2043 2650">
    <p class='ocr_par' dir='ltr' id='par_1_42' title="bbox 472 2584 2043 2650">
     <span class='ocr_line' id='line_1_42' title="bbox 472 2584 2043 2650; baseline 0.005 -15"><span class='ocrx_word' id='word_1_306' title='bbox 472 2595 701 2648; x_wconf 87' lang='lat' dir='ltr'><strong>peccare</strong></span> <span class='ocrx_word' id='word_1_307' title='bbox 733 2591 781 2636; x_wconf 91' lang='lat' dir='ltr'><strong>te</strong></span> <span class='ocrx_word' id='word_1_308' title='bbox 808 2584 1056 2650; x_wconf 86' lang='lat' dir='ltr'><strong>suadent,</strong></span> <span class='ocrx_word' id='word_1_309' title='bbox 1083 2587 1433 2639; x_wconf 85' lang='lat' dir='ltr'><strong>meretricata</strong></span> <span class='ocrx_word' id='word_1_310' title='bbox 1478 2595 1562 2640; x_wconf 90' lang='lat' dir='ltr'><strong>est</strong></span> <span class='ocrx_word' id='word_1_311' title='bbox 1586 2601 1707 2641; x_wconf 92' lang='lat' dir='ltr'><strong>cum</strong></span> <span class='ocrx_word' id='word_1_312' title='bbox 1752 2589 1833 2642; x_wconf 83' lang='lat' dir='ltr'><strong>eis</strong></span> <span class='ocrx_word' id='word_1_313' title='bbox 1862 2589 2043 2643; x_wconf 88' lang='lat' dir='ltr'><strong>anima</strong></span> 
     </span>
    </p>
   </div>
   <div class='ocr_carea' id='block_1_43' title="bbox 473 2674 2048 2748">
    <p class='ocr_par' dir='ltr' id='par_1_43' title="bbox 473 2674 2048 2748">
     <span class='ocr_line' id='line_1_43' title="bbox 473 2674 2048 2748; baseline 0.008 -26"><span class='ocrx_word' id='word_1_314' title='bbox 473 2679 563 2723; x_wconf 93' lang='lat' dir='ltr'><strong>tua</strong></span> <span class='ocrx_word' id='word_1_315' title='bbox 596 2688 610 2734; x_wconf 90' lang='lat'><strong>;</strong></span> <span class='ocrx_word' id='word_1_316' title='bbox 640 2674 682 2725; x_wconf 93' lang='lat' dir='ltr'><strong>si</strong></span> <span class='ocrx_word' id='word_1_317' title='bbox 713 2674 937 2741; x_wconf 87' lang='lat' dir='ltr'><strong>spiritus</strong></span> <span class='ocrx_word' id='word_1_318' title='bbox 970 2677 1094 2741; x_wconf 64' lang='lat' dir='ltr'><strong>irae,</strong></span> <span class='ocrx_word' id='word_1_319' title='bbox 1132 2678 1173 2731; x_wconf 88' lang='lat' dir='ltr'><strong>si</strong></span> <span class='ocrx_word' id='word_1_320' title='bbox 1201 2677 1440 2741; x_wconf 63' lang='lat' dir='ltr'><strong>invidiae,</strong></span> <span class='ocrx_word' id='word_1_321' title='bbox 1476 2678 1517 2730; x_wconf 91' lang='lat' dir='ltr'><strong>si</strong></span> <span class='ocrx_word' id='word_1_322' title='bbox 1556 2680 1844 2748; x_wconf 58' lang='lat' dir='ltr'><strong>superbiai,</strong></span> <span class='ocrx_word' id='word_1_323' title='bbox 1877 2682 1918 2737; x_wconf 91' lang='lat' dir='ltr'><strong>si</strong></span> <span class='ocrx_word' id='word_1_324' title='bbox 1948 2683 2048 2735; x_wconf 88' lang='lat' dir='ltr'><strong>iut-</strong></span> 
     </span>
    </p>
   </div>
   <div class='ocr_carea' id='block_1_44' title="bbox 473 2762 2049 2835">
    <p class='ocr_par' dir='ltr' id='par_1_44' title="bbox 473 2762 2049 2835">
     <span class='ocr_line' id='line_1_44' title="bbox 473 2762 2049 2835; baseline 0.008 -22"><span class='ocrx_word' id='word_1_325' title='bbox 473 2762 752 2829; x_wconf 72' lang='lat' dir='ltr'><strong>pudicitia:</strong></span> <span class='ocrx_word' id='word_1_326' title='bbox 789 2766 1071 2835; x_wconf 76' lang='lat' dir='ltr'><strong>ingressus</strong></span> <span class='ocrx_word' id='word_1_327' title='bbox 1108 2766 1272 2821; x_wconf 78' lang='lat' dir='ltr'><strong>fuerit</strong></span> <span class='ocrx_word' id='word_1_328' title='bbox 1300 2769 1367 2821; x_wconf 90' lang='lat' dir='ltr'><strong>ad</strong></span> <span class='ocrx_word' id='word_1_329' title='bbox 1407 2768 1649 2821; x_wconf 89' lang='lat' dir='ltr'><strong>animam</strong></span> <span class='ocrx_word' id='word_1_330' title='bbox 1680 2779 1847 2834; x_wconf 87' lang='lat' dir='ltr'><strong>tuam,</strong></span> <span class='ocrx_word' id='word_1_331' title='bbox 1877 2780 1932 2824; x_wconf 91' lang='lat' dir='ltr'><strong>et</strong></span> <span class='ocrx_word' id='word_1_332' title='bbox 1965 2785 2049 2824; x_wconf 89' lang='lat' dir='ltr'><strong>re-</strong></span> 
     </span>
    </p>
   </div>
   <div class='ocr_carea' id='block_1_45' title="bbox 475 2854 2045 2928">
    <p class='ocr_par' dir='ltr' id='par_1_45' title="bbox 475 2854 2045 2928">
     <span class='ocr_line' id='line_1_45' title="bbox 475 2854 2045 2928; baseline 0.007 -24"><span class='ocrx_word' id='word_1_333' title='bbox 475 2854 685 2919; x_wconf 90' lang='lat' dir='ltr'><strong>ceperis</strong></span> <span class='ocrx_word' id='word_1_334' title='bbox 726 2870 848 2908; x_wconf 92' lang='lat' dir='ltr'><strong>eum</strong></span> <span class='ocrx_word' id='word_1_335' title='bbox 874 2898 888 2918; x_wconf 93' lang='lat'><strong>,</strong></span> <span class='ocrx_word' id='word_1_336' title='bbox 931 2865 983 2910; x_wconf 88' lang='lat' dir='ltr'><strong>et</strong></span> <span class='ocrx_word' id='word_1_337' title='bbox 1019 2858 1361 2911; x_wconf 88' lang='lat' dir='ltr'><strong>consenseris</strong></span> <span class='ocrx_word' id='word_1_338' title='bbox 1392 2859 1438 2911; x_wconf 92' lang='lat' dir='ltr'><strong>ei</strong></span> <span class='ocrx_word' id='word_1_339' title='bbox 1475 2859 1717 2928; x_wconf 78' lang='lat' dir='ltr'><strong>loquenti</strong></span> <span class='ocrx_word' id='word_1_340' title='bbox 1777 2861 1831 2912; x_wconf 90' lang='lat' dir='ltr'><strong>in</strong></span> <span class='ocrx_word' id='word_1_341' title='bbox 1883 2860 2045 2915; x_wconf 89' lang='lat' dir='ltr'><strong>corde</strong></span> 
     </span>
    </p>
   </div>
   <div class='ocr_carea' id='block_1_46' title="bbox 2142 1675 3705 1767">
    <p class='ocr_par' dir='ltr' id='par_1_46' title="bbox 2142 1675 3705 1767">
     <span class='ocr_line' id='line_1_46' title="bbox 2142 1675 3705 1767; baseline -0.019 -10"><span class='ocrx_word' id='word_1_342' title='bbox 2142 1675 2386 1765; x_wconf 78' lang='lat' dir='ltr'><strong>docetur,</strong></span> <span class='ocrx_word' id='word_1_343' title='bbox 2418 1713 2560 1767; x_wconf 76' lang='lat' dir='ltr'><strong>quae,</strong></span> <span class='ocrx_word' id='word_1_344' title='bbox 2596 1707 2655 1749; x_wconf 91' lang='lat' dir='ltr'><strong>ut</strong></span> <span class='ocrx_word' id='word_1_345' title='bbox 2704 1695 2774 1748; x_wconf 88' lang='lat' dir='ltr'><strong>ita</strong></span> <span class='ocrx_word' id='word_1_346' title='bbox 2821 1692 3021 1750; x_wconf 88' lang='lat' dir='ltr'><strong>dicam,</strong></span> <span class='ocrx_word' id='word_1_347' title='bbox 3069 1683 3240 1753; x_wconf 85' lang='lat' dir='ltr'><strong>magis</strong></span> <span class='ocrx_word' id='word_1_348' title='bbox 3277 1680 3468 1734; x_wconf 88' lang='lat' dir='ltr'><strong>intuitu</strong></span> <span class='ocrx_word' id='word_1_349' title='bbox 3512 1675 3705 1729; x_wconf 88' lang='lat' dir='ltr'><strong>mentis</strong></span> 
     </span>
    </p>
   </div>
   <div class='ocr_carea' id='block_1_47' title="bbox 2144 1770 3705 1860">
    <p class='ocr_par' dir='ltr' id='par_1_47' title="bbox 2144 1770 3705 1860">
     <span class='ocr_line' id='line_1_47' title="bbox 2144 1770 3705 1860; baseline -0.019 -11"><span class='ocrx_word' id='word_1_350' title='bbox 2144 1793 2371 1849; x_wconf 88' lang='lat' dir='ltr'><strong>discitur</strong></span> <span class='ocrx_word' id='word_1_351' title='bbox 2402 1803 2565 1860; x_wconf 88' lang='lat' dir='ltr'><strong>quam</strong></span> <span class='ocrx_word' id='word_1_352' title='bbox 2607 1801 2741 1841; x_wconf 92' lang='lat' dir='ltr'><strong>sono</strong></span> <span class='ocrx_word' id='word_1_353' title='bbox 2781 1782 2951 1845; x_wconf 84' lang='lat' dir='ltr'><strong>vocis,</strong></span> <span class='ocrx_word' id='word_1_354' title='bbox 2990 1796 3087 1849; x_wconf 89' lang='lat' dir='ltr'><strong>per</strong></span> <span class='ocrx_word' id='word_1_355' title='bbox 3124 1792 3285 1847; x_wconf 87' lang='lat' dir='ltr'><strong>quam</strong></span> <span class='ocrx_word' id='word_1_356' title='bbox 3320 1773 3526 1860; x_wconf 77' lang='lat' dir='ltr'><strong>veritas</strong></span> <span class='ocrx_word' id='word_1_357' title='bbox 3556 1770 3667 1837; x_wconf 87' lang='lat' dir='ltr'><strong>ipsa</strong></span> <span class='ocrx_word' id='word_1_358' title='bbox 3689 1807 3705 1831; x_wconf 97' lang='lat'><strong>,</strong></span> 
     </span>
    </p>
   </div>
   <div class='ocr_carea' id='block_1_48' title="bbox 2144 1859 3713 1946">
    <p class='ocr_par' dir='ltr' id='par_1_48' title="bbox 2144 1859 3713 1946">
     <span class='ocr_line' id='line_1_48' title="bbox 2144 1859 3713 1946; baseline -0.018 -8"><span class='ocrx_word' id='word_1_359' title='bbox 2144 1884 2249 1938; x_wconf 86' lang='lat' dir='ltr'><strong>non</strong></span> <span class='ocrx_word' id='word_1_360' title='bbox 2285 1859 2473 1936; x_wconf 85' lang='lat' dir='ltr'><strong>umbra</strong></span> <span class='ocrx_word' id='word_1_361' title='bbox 2517 1887 2572 1932; x_wconf 92' lang='lat' dir='ltr'><strong>et</strong></span> <span class='ocrx_word' id='word_1_362' title='bbox 2604 1880 2781 1946; x_wconf 92' lang='lat' dir='ltr'><strong>imago</strong></span> <span class='ocrx_word' id='word_1_363' title='bbox 2812 1871 3061 1926; x_wconf 82' lang='lat' dir='ltr'><strong>veritatis</strong></span> <span class='ocrx_word' id='word_1_364' title='bbox 3105 1864 3444 1935; x_wconf 87' lang='lat' dir='ltr'><strong>agnoscitur.</strong></span> <span class='ocrx_word' id='word_1_365' title='bbox 3490 1859 3553 1913; x_wconf 81' lang='lat' dir='ltr'><strong>Ili</strong></span> <span class='ocrx_word' id='word_1_366' title='bbox 3586 1870 3713 1911; x_wconf 88' lang='lat' dir='ltr'><strong>vero</strong></span> 
     </span>
    </p>
   </div>
   <div class='ocr_carea' id='block_1_49' title="bbox 2144 1956 3716 2041">
    <p class='ocr_par' dir='ltr' id='par_1_49' title="bbox 2144 1956 3716 2041">
     <span class='ocr_line' id='line_1_49' title="bbox 2144 1956 3716 2041; baseline -0.018 -14"><span class='ocrx_word' id='word_1_367' title='bbox 2144 1973 2235 2041; x_wconf 88' lang='lat' dir='ltr'><strong>qui</strong></span> <span class='ocrx_word' id='word_1_368' title='bbox 2264 1972 2436 2039; x_wconf 87' lang='lat' dir='ltr'><strong>ipsam</strong></span> <span class='ocrx_word' id='word_1_369' title='bbox 2466 1966 2560 2020; x_wconf 90' lang='lat' dir='ltr'><strong>Dei</strong></span> <span class='ocrx_word' id='word_1_370' title='bbox 2587 1965 2891 2020; x_wconf 90' lang='lat' dir='ltr'><strong>claritatem</strong></span> <span class='ocrx_word' id='word_1_371' title='bbox 2928 1972 3123 2027; x_wconf 84' lang='lat' dir='ltr'><strong>capere</strong></span> <span class='ocrx_word' id='word_1_372' title='bbox 3163 1971 3266 2008; x_wconf 90' lang='lat' dir='ltr'><strong>non</strong></span> <span class='ocrx_word' id='word_1_373' title='bbox 3315 1956 3578 2022; x_wconf 89' lang='lat' dir='ltr'><strong>possunt,</strong></span> <span class='ocrx_word' id='word_1_374' title='bbox 3617 1962 3716 1999; x_wconf 88' lang='lat' dir='ltr'><strong>nec</strong></span> 
     </span>
    </p>
   </div>
   <div class='ocr_carea' id='block_1_50' title="bbox 2148 2041 3718 2126">
    <p class='ocr_par' dir='ltr' id='par_1_50' title="bbox 2148 2041 3718 2126">
     <span class='ocr_line' id='line_1_50' title="bbox 2148 2041 3718 2126; baseline -0.018 -8"><span class='ocrx_word' id='word_1_375' title='bbox 2148 2071 2316 2118; x_wconf 91' lang='lat' dir='ltr'><strong>totum</strong></span> <span class='ocrx_word' id='word_1_376' title='bbox 2351 2057 2617 2126; x_wconf 79' lang='lat' dir='ltr'><strong>fulgorem</strong></span> <span class='ocrx_word' id='word_1_377' title='bbox 2654 2052 2901 2107; x_wconf 81' lang='lat' dir='ltr'><strong>veritatis</strong></span> <span class='ocrx_word' id='word_1_378' title='bbox 2943 2052 3148 2104; x_wconf 88' lang='lat' dir='ltr'><strong>intenta</strong></span> <span class='ocrx_word' id='word_1_379' title='bbox 3202 2044 3397 2097; x_wconf 90' lang='lat' dir='ltr'><strong>utentis</strong></span> <span class='ocrx_word' id='word_1_380' title='bbox 3442 2041 3557 2093; x_wconf 90' lang='lat' dir='ltr'><strong>acie</strong></span> <span class='ocrx_word' id='word_1_381' title='bbox 3587 2053 3718 2093; x_wconf 88' lang='lat' dir='ltr'><strong>con-</strong></span> 
     </span>
    </p>
   </div>
   <div class='ocr_carea' id='block_1_51' title="bbox 2150 2127 3723 2223">
    <p class='ocr_par' dir='ltr' id='par_1_51' title="bbox 2150 2127 3723 2223">
     <span class='ocr_line' id='line_1_51' title="bbox 2150 2127 3723 2223; baseline -0.017 -17"><span class='ocrx_word' id='word_1_382' title='bbox 2150 2148 2617 2223; x_wconf 80' lang='lat' dir='ltr'><strong>spicari,autliunt</strong></span> <span class='ocrx_word' id='word_1_383' title='bbox 2657 2145 2721 2198; x_wconf 91' lang='lat' dir='ltr'><strong>de</strong></span> <span class='ocrx_word' id='word_1_384' title='bbox 2750 2139 3184 2196; x_wconf 89' lang='lat' dir='ltr'><strong>solemnitatibus</strong></span> <span class='ocrx_word' id='word_1_385' title='bbox 3214 2132 3452 2189; x_wconf 89' lang='lat' dir='ltr'><strong>secundo</strong></span> <span class='ocrx_word' id='word_1_386' title='bbox 3496 2130 3616 2183; x_wconf 91' lang='lat' dir='ltr'><strong>loco</strong></span> <span class='ocrx_word' id='word_1_387' title='bbox 3654 2127 3723 2181; x_wconf 84' lang='lat' dir='ltr'><strong>ab</strong></span> 
     </span>
    </p>
   </div>
   <div class='ocr_carea' id='block_1_52' title="bbox 2147 2223 3715 2308">
    <p class='ocr_par' dir='ltr' id='par_1_52' title="bbox 2147 2223 3715 2308">
     <span class='ocr_line' id='line_1_52' title="bbox 2147 2223 3715 2308; baseline -0.015 -12"><span class='ocrx_word' id='word_1_388' title='bbox 2147 2243 2257 2304; x_wconf 90' lang='lat' dir='ltr'><strong>his,</strong></span> <span class='ocrx_word' id='word_1_389' title='bbox 2290 2240 2382 2308; x_wconf 90' lang='lat' dir='ltr'><strong>qui</strong></span> <span class='ocrx_word' id='word_1_390' title='bbox 2420 2237 2599 2308; x_wconf 88' lang='lat' dir='ltr'><strong>primo</strong></span> <span class='ocrx_word' id='word_1_391' title='bbox 2632 2234 2968 2295; x_wconf 86' lang='lat' dir='ltr'><strong>didicerunt;</strong></span> <span class='ocrx_word' id='word_1_392' title='bbox 3015 2238 3067 2283; x_wconf 91' lang='lat' dir='ltr'><strong>et</strong></span> <span class='ocrx_word' id='word_1_393' title='bbox 3116 2243 3239 2281; x_wconf 91' lang='lat' dir='ltr'><strong>cum</strong></span> <span class='ocrx_word' id='word_1_394' title='bbox 3294 2226 3398 2279; x_wconf 91' lang='lat' dir='ltr'><strong>illis</strong></span> <span class='ocrx_word' id='word_1_395' title='bbox 3434 2223 3715 2278; x_wconf 81' lang='lat' dir='ltr'><strong>veritatem</strong></span> 
     </span>
    </p>
   </div>
   <div class='ocr_carea' id='block_1_53' title="bbox 2149 2314 3718 2397">
    <p class='ocr_par' dir='ltr' id='par_1_53' title="bbox 2149 2314 3718 2397">
     <span class='ocr_line' id='line_1_53' title="bbox 2149 2314 3718 2397; baseline -0.014 -12"><span class='ocrx_word' id='word_1_396' title='bbox 2149 2345 2332 2386; x_wconf 87' lang='lat' dir='ltr'><strong>rerum</strong></span> <span class='ocrx_word' id='word_1_397' title='bbox 2362 2330 2477 2397; x_wconf 86' lang='lat' dir='ltr'><strong>ipsa</strong></span> <span class='ocrx_word' id='word_1_398' title='bbox 2512 2325 2868 2394; x_wconf 87' lang='lat' dir='ltr'><strong>iuspectionis</strong></span> <span class='ocrx_word' id='word_1_399' title='bbox 2897 2319 3203 2389; x_wconf 88' lang='lat' dir='ltr'><strong>proprietas</strong></span> <span class='ocrx_word' id='word_1_400' title='bbox 3234 2317 3466 2377; x_wconf 88' lang='lat' dir='ltr'><strong>dederit,</strong></span> <span class='ocrx_word' id='word_1_401' title='bbox 3490 2314 3553 2366; x_wconf 88' lang='lat' dir='ltr'><strong>ad</strong></span> <span class='ocrx_word' id='word_1_402' title='bbox 3588 2314 3718 2365; x_wconf 90' lang='lat' dir='ltr'><strong>istos</strong></span> 
     </span>
    </p>
   </div>
   <div class='ocr_carea' id='block_1_54' title="bbox 2147 2404 3719 2483">
    <p class='ocr_par' dir='ltr' id='par_1_54' title="bbox 2147 2404 3719 2483">
     <span class='ocr_line' id='line_1_54' title="bbox 2147 2404 3719 2483; baseline -0.013 -9"><span class='ocrx_word' id='word_1_403' title='bbox 2147 2419 2395 2475; x_wconf 83' lang='lat' dir='ltr'><strong>veritatis</strong></span> <span class='ocrx_word' id='word_1_404' title='bbox 2424 2418 2674 2471; x_wconf 90' lang='lat' dir='ltr'><strong>umbram</strong></span> <span class='ocrx_word' id='word_1_405' title='bbox 2708 2413 2918 2483; x_wconf 85' lang='lat' dir='ltr'><strong>profert</strong></span> <span class='ocrx_word' id='word_1_406' title='bbox 2949 2411 3096 2466; x_wconf 91' lang='lat' dir='ltr'><strong>solus</strong></span> <span class='ocrx_word' id='word_1_407' title='bbox 3133 2408 3374 2462; x_wconf 89' lang='lat' dir='ltr'><strong>auditus.</strong></span> <span class='ocrx_word' id='word_1_408' title='bbox 3401 2404 3569 2470; x_wconf 88' lang='lat' dir='ltr'><strong>IIujns</strong></span> <span class='ocrx_word' id='word_1_409' title='bbox 3604 2419 3719 2473; x_wconf 81' lang='lat' dir='ltr'><strong>my-</strong></span> 
     </span>
    </p>
   </div>
   <div class='ocr_carea' id='block_1_55' title="bbox 2148 2494 3717 2579">
    <p class='ocr_par' dir='ltr' id='par_1_55' title="bbox 2148 2494 3717 2579">
     <span class='ocr_line' id='line_1_55' title="bbox 2148 2494 3717 2579; baseline -0.014 -12"><span class='ocrx_word' id='word_1_410' title='bbox 2148 2512 2297 2567; x_wconf 89' lang='lat' dir='ltr'><strong>sterii</strong></span> <span class='ocrx_word' id='word_1_411' title='bbox 2340 2507 2625 2579; x_wconf 83' lang='lat' dir='ltr'><strong>Apostolus</strong></span> <span class='ocrx_word' id='word_1_412' title='bbox 2660 2506 2914 2562; x_wconf 90' lang='lat' dir='ltr'><strong>conscius</strong></span> <span class='ocrx_word' id='word_1_413' title='bbox 2951 2501 3165 2558; x_wconf 85' lang='lat' dir='ltr'><strong>dicebat</strong></span> <span class='ocrx_word' id='word_1_414' title='bbox 3212 2499 3277 2553; x_wconf 90' lang='lat' dir='ltr'><strong>de</strong></span> <span class='ocrx_word' id='word_1_415' title='bbox 3313 2496 3550 2559; x_wconf 68' lang='lat' dir='ltr'><strong>Judmis,</strong></span> <span class='ocrx_word' id='word_1_416' title='bbox 3592 2494 3717 2562; x_wconf 86' lang='lat' dir='ltr'><strong>quia</strong></span> 
     </span>
    </p>
   </div>
   <div class='ocr_carea' id='block_1_56' title="bbox 2156 2586 3714 2666">
    <p class='ocr_par' dir='ltr' id='par_1_56' title="bbox 2156 2586 3714 2666">
     <span class='ocr_line' id='line_1_56' title="bbox 2156 2586 3714 2666; baseline -0.012 -12"><span class='ocrx_word' id='word_1_417' title='bbox 2156 2621 2175 2654; x_wconf 82' lang='grc' dir='ltr'><strong>ι</strong></span> <span class='ocrx_word' id='word_1_418' title='bbox 2206 2602 2409 2657; x_wconf 78' lang='lat' dir='ltr'><strong>umbra:</strong></span> <span class='ocrx_word' id='word_1_419' title='bbox 2453 2608 2508 2653; x_wconf 90' lang='lat' dir='ltr'><strong>et</strong></span> <span class='ocrx_word' id='word_1_420' title='bbox 2548 2594 2845 2666; x_wconf 83' lang='lat' dir='ltr'><strong>exemplari</strong></span> <span class='ocrx_word' id='word_1_421' title='bbox 2906 2592 3218 2648; x_wconf 88' lang='lat' dir='ltr'><strong>deserviunt</strong></span> <span class='ocrx_word' id='word_1_422' title='bbox 3261 2588 3561 2644; x_wconf 70' lang='lat' dir='ltr'><strong>cmlestium</strong></span> <span class='ocrx_word' id='word_1_423' title='bbox 3595 2586 3662 2638; x_wconf 80' lang='lat'><strong>”.</strong></span> <span class='ocrx_word' id='word_1_424' title='bbox 3696 2604 3714 2634; x_wconf 82' lang='grc' dir='ltr'><strong>ι</strong></span> 
     </span>
    </p>
   </div>
   <div class='ocr_carea' id='block_1_57' title="bbox 2150 2680 3721 2763">
    <p class='ocr_par' dir='ltr' id='par_1_57' title="bbox 2150 2680 3721 2763">
     <span class='ocr_line' id='line_1_57' title="bbox 2150 2680 3721 2763; baseline -0.012 -16"><span class='ocrx_word' id='word_1_425' title='bbox 2150 2694 2265 2763; x_wconf 90' lang='lat' dir='ltr'><strong>Ipsa</strong></span> <span class='ocrx_word' id='word_1_426' title='bbox 2299 2693 2440 2747; x_wconf 91' lang='lat' dir='ltr'><strong>enim</strong></span> <span class='ocrx_word' id='word_1_427' title='bbox 2473 2690 2713 2744; x_wconf 69' lang='lat' dir='ltr'><strong>cmlestia</strong></span> <span class='ocrx_word' id='word_1_428' title='bbox 2748 2686 2951 2754; x_wconf 84' lang='lat' dir='ltr'><strong>Moyses</strong></span> <span class='ocrx_word' id='word_1_429' title='bbox 2973 2683 3170 2737; x_wconf 83' lang='lat' dir='ltr'><strong>vidisse</strong></span> <span class='ocrx_word' id='word_1_430' title='bbox 3194 2680 3535 2741; x_wconf 87' lang='lat' dir='ltr'><strong>describitur,</strong></span> <span class='ocrx_word' id='word_1_431' title='bbox 3568 2687 3721 2744; x_wconf 85' lang='lat' dir='ltr'><strong>typos</strong></span> 
     </span>
    </p>
   </div>
   <div class='ocr_carea' id='block_1_58' title="bbox 2151 2769 3720 2849">
    <p class='ocr_par' dir='ltr' id='par_1_58' title="bbox 2151 2769 3720 2849">
     <span class='ocr_line' id='line_1_58' title="bbox 2151 2769 3720 2849; baseline -0.012 -11"><span class='ocrx_word' id='word_1_432' title='bbox 2151 2794 2334 2838; x_wconf 88' lang='lat' dir='ltr'><strong>autem</strong></span> <span class='ocrx_word' id='word_1_433' title='bbox 2366 2793 2420 2837; x_wconf 86' lang='lat' dir='ltr'><strong>et</strong></span> <span class='ocrx_word' id='word_1_434' title='bbox 2457 2782 2722 2849; x_wconf 83' lang='lat' dir='ltr'><strong>imagines</strong></span> <span class='ocrx_word' id='word_1_435' title='bbox 2754 2792 2941 2831; x_wconf 87' lang='lat' dir='ltr'><strong>eorum</strong></span> <span class='ocrx_word' id='word_1_436' title='bbox 2974 2790 3093 2843; x_wconf 72' lang='lat' dir='ltr'><strong>qua:</strong></span> <span class='ocrx_word' id='word_1_437' title='bbox 3133 2774 3343 2827; x_wconf 84' lang='lat' dir='ltr'><strong>viderat</strong></span> <span class='ocrx_word' id='word_1_438' title='bbox 3376 2769 3576 2841; x_wconf 90' lang='lat' dir='ltr'><strong>populo</strong></span> <span class='ocrx_word' id='word_1_439' title='bbox 3613 2779 3720 2820; x_wconf 85' lang='lat' dir='ltr'><strong>tra-</strong></span> 
     </span>
    </p>
   </div>
   <div class='ocr_carea' id='block_1_59' title="bbox 2153 2859 3719 2930">
    <p class='ocr_par' dir='ltr' id='par_1_59' title="bbox 2153 2859 3719 2930">
     <span class='ocr_line' id='line_1_59' title="bbox 2153 2859 3719 2930; baseline -0.009 -2"><span class='ocrx_word' id='word_1_440' title='bbox 2153 2873 2376 2928; x_wconf 87' lang='lat' dir='ltr'><strong>didisse.</strong></span> <span class='ocrx_word' id='word_1_441' title='bbox 2422 2872 2512 2926; x_wconf 84' lang='lat' dir='ltr'><strong>Sic</strong></span> <span class='ocrx_word' id='word_1_442' title='bbox 2546 2871 2691 2925; x_wconf 87' lang='lat' dir='ltr'><strong>enim</strong></span> <span class='ocrx_word' id='word_1_443' title='bbox 2726 2869 2789 2921; x_wconf 90' lang='lat' dir='ltr'><strong>ad</strong></span> <span class='ocrx_word' id='word_1_444' title='bbox 2819 2884 2939 2922; x_wconf 91' lang='lat' dir='ltr'><strong>eum</strong></span> <span class='ocrx_word' id='word_1_445' title='bbox 2976 2868 3210 2920; x_wconf 84' lang='lat' dir='ltr'><strong>divinum</strong></span> <span class='ocrx_word' id='word_1_446' title='bbox 3238 2864 3371 2918; x_wconf 87' lang='lat' dir='ltr'><strong>dicit</strong></span> <span class='ocrx_word' id='word_1_447' title='bbox 3401 2859 3719 2930; x_wconf 74' lang='lat' dir='ltr'><strong>eloquium:</strong></span> 
     </span>
    </p>
   </div>
   <div class='ocr_carea' id='block_1_60' title="bbox 476 2944 3718 3032">
    <p class='ocr_par' dir='ltr' id='par_1_60' title="bbox 476 2944 3718 3032">
     <span class='ocr_line' id='line_1_60' title="bbox 476 2944 3718 3032; baseline 0.008 -39"><span class='ocrx_word' id='word_1_448' title='bbox 476 2950 587 3006; x_wconf 88' lang='grc' dir='ltr'><strong>ιυο,</strong></span> <span class='ocrx_word' id='word_1_449' title='bbox 623 2944 922 3000; x_wconf 86' lang='lat' dir='ltr'><strong>delectatus</strong></span> <span class='ocrx_word' id='word_1_450' title='bbox 958 2946 1125 3002; x_wconf 80' lang='lat' dir='ltr'><strong>fueris</strong></span> <span class='ocrx_word' id='word_1_451' title='bbox 1156 2947 1239 3001; x_wconf 89' lang='lat' dir='ltr'><strong>his</strong></span> <span class='ocrx_word' id='word_1_452' title='bbox 1273 2963 1393 3016; x_wconf 64' lang='lat' dir='ltr'><strong>quae</strong></span> <span class='ocrx_word' id='word_1_453' title='bbox 1424 2950 1518 3003; x_wconf 91' lang='lat' dir='ltr'><strong>tibi</strong></span> <span class='ocrx_word' id='word_1_454' title='bbox 1562 2952 1856 3005; x_wconf 89' lang='lat' dir='ltr'><strong>secundum</strong></span> <span class='ocrx_word' id='word_1_455' title='bbox 1889 2968 2043 3006; x_wconf 86' lang='lat' dir='ltr'><strong>suam</strong></span> <span class='ocrx_word' id='word_1_456' title='bbox 2077 2958 2121 3019; x_wconf 73' lang='grc' dir='ltr'><em>ς</em></span> <span class='ocrx_word' id='word_1_457' title='bbox 2157 2983 2176 3017; x_wconf 69' lang='grc' dir='ltr'><strong>ε</strong></span> <span class='ocrx_word' id='word_1_458' title='bbox 2217 2964 2370 3029; x_wconf 75' lang='lat' dir='ltr'><strong>Vide,</strong></span> <span class='ocrx_word' id='word_1_459' title='bbox 2424 2962 2601 3032; x_wconf 87' lang='lat' dir='ltr'><strong>inquit</strong></span> <span class='ocrx_word' id='word_1_460' title='bbox 2628 2962 2699 3025; x_wconf 81' lang='grc'><strong>’⁸,</strong></span> <span class='ocrx_word' id='word_1_461' title='bbox 2744 2961 2925 3015; x_wconf 85' lang='lat' dir='ltr'><strong>omnia</strong></span> <span class='ocrx_word' id='word_1_462' title='bbox 2956 2958 3120 3012; x_wconf 77' lang='lat' dir='ltr'><strong>facile</strong></span> <span class='ocrx_word' id='word_1_463' title='bbox 3153 2956 3448 3011; x_wconf 75' lang='lat' dir='ltr'><strong>secundm“</strong></span> <span class='ocrx_word' id='word_1_464' title='bbox 3490 2952 3718 3007; x_wconf 60' lang='lat' dir='ltr'><strong>formam</strong></span> 
     </span>
    </p>
   </div>
   <div class='ocr_carea' id='block_1_61' title="bbox 474 3040 2049 3107">
    <p class='ocr_par' dir='ltr' id='par_1_61' title="bbox 474 3040 2049 3107">
     <span class='ocr_line' id='line_1_61' title="bbox 474 3040 2049 3107; baseline 0.007 -20"><span class='ocrx_word' id='word_1_465' title='bbox 474 3044 711 3090; x_wconf 89' lang='lat' dir='ltr'><strong>mentem</strong></span> <span class='ocrx_word' id='word_1_466' title='bbox 759 3040 1021 3107; x_wconf 80' lang='lat' dir='ltr'><strong>suggerit,</strong></span> <span class='ocrx_word' id='word_1_467' title='bbox 1065 3041 1447 3096; x_wconf 85' lang='lat' dir='ltr'><strong>meretricatus</strong></span> <span class='ocrx_word' id='word_1_468' title='bbox 1477 3056 1536 3095; x_wconf 90' lang='lat' dir='ltr'><strong>es</strong></span> <span class='ocrx_word' id='word_1_469' title='bbox 1568 3056 1690 3096; x_wconf 91' lang='lat' dir='ltr'><strong>cum</strong></span> <span class='ocrx_word' id='word_1_470' title='bbox 1739 3056 1825 3097; x_wconf 85' lang='lat' dir='ltr'><strong>eo.</strong></span> <span class='ocrx_word' id='word_1_471' title='bbox 1872 3042 2049 3098; x_wconf 75' lang='lat' dir='ltr'><strong>Mere-</strong></span> 
     </span>
    </p>
   </div>
   <div class='ocr_carea' id='block_1_62' title="bbox 474 3128 2048 3204">
    <p class='ocr_par' dir='ltr' id='par_1_62' title="bbox 474 3128 2048 3204">
     <span class='ocr_line' id='line_1_62' title="bbox 474 3128 2048 3204; baseline 0.006 -25"><span class='ocrx_word' id='word_1_472' title='bbox 474 3128 667 3181; x_wconf 87' lang='lat' dir='ltr'><strong>tricem</strong></span> <span class='ocrx_word' id='word_1_473' title='bbox 700 3144 829 3197; x_wconf 84' lang='lat' dir='ltr'><strong>ergo</strong></span> <span class='ocrx_word' id='word_1_474' title='bbox 856 3144 960 3182; x_wconf 91' lang='lat' dir='ltr'><strong>non</strong></span> <span class='ocrx_word' id='word_1_475' title='bbox 1003 3131 1233 3194; x_wconf 83' lang='lat' dir='ltr'><strong>accipiet</strong></span> <span class='ocrx_word' id='word_1_476' title='bbox 1283 3134 1539 3187; x_wconf 86' lang='lat' dir='ltr'><strong>sacerdos</strong></span> <span class='ocrx_word' id='word_1_477' title='bbox 1569 3149 1816 3204; x_wconf 83' lang='lat' dir='ltr'><strong>magnus,</strong></span> <span class='ocrx_word' id='word_1_478' title='bbox 1856 3144 1911 3188; x_wconf 89' lang='lat' dir='ltr'><strong>et</strong></span> <span class='ocrx_word' id='word_1_479' title='bbox 1943 3149 2048 3187; x_wconf 93' lang='lat' dir='ltr'><strong>non</strong></span> 
     </span>
    </p>
   </div>
   <div class='ocr_carea' id='block_1_63' title="bbox 474 3221 2051 3293">
    <p class='ocr_par' dir='ltr' id='par_1_63' title="bbox 474 3221 2051 3293">
     <span class='ocr_line' id='line_1_63' title="bbox 474 3221 2051 3293; baseline 0.007 -24"><span class='ocrx_word' id='word_1_480' title='bbox 474 3221 873 3273; x_wconf 87' lang='lat' dir='ltr'><strong>contantiuabit</strong></span> <span class='ocrx_word' id='word_1_481' title='bbox 906 3236 1092 3275; x_wconf 91' lang='lat' dir='ltr'><strong>semen</strong></span> <span class='ocrx_word' id='word_1_482' title='bbox 1129 3238 1283 3275; x_wconf 91' lang='lat' dir='ltr'><strong>suum</strong></span> <span class='ocrx_word' id='word_1_483' title='bbox 1315 3223 1365 3276; x_wconf 92' lang='lat' dir='ltr'><strong>iu</strong></span> <span class='ocrx_word' id='word_1_484' title='bbox 1398 3227 1594 3293; x_wconf 90' lang='lat' dir='ltr'><strong>populo</strong></span> <span class='ocrx_word' id='word_1_485' title='bbox 1625 3241 1747 3279; x_wconf 91' lang='lat' dir='ltr'><strong>suo.</strong></span> <span class='ocrx_word' id='word_1_486' title='bbox 1788 3225 1942 3291; x_wconf 88' lang='lat' dir='ltr'><strong>Quod</strong></span> <span class='ocrx_word' id='word_1_487' title='bbox 1968 3235 2051 3280; x_wconf 90' lang='lat' dir='ltr'><strong>est</strong></span> 
     </span>
    </p>
   </div>
   <div class='ocr_carea' id='block_1_64' title="bbox 478 3311 2052 3381">
    <p class='ocr_par' dir='ltr' id='par_1_64' title="bbox 478 3311 2052 3381">
     <span class='ocr_line' id='line_1_64' title="bbox 478 3311 2052 3381; baseline 0.004 -17"><span class='ocrx_word' id='word_1_488' title='bbox 478 3311 625 3364; x_wconf 88' lang='lat' dir='ltr'><strong>istud</strong></span> <span class='ocrx_word' id='word_1_489' title='bbox 663 3328 846 3366; x_wconf 90' lang='lat' dir='ltr'><strong>semen</strong></span> <span class='ocrx_word' id='word_1_490' title='bbox 877 3313 1017 3381; x_wconf 89' lang='lat' dir='ltr'><strong>quod</strong></span> <span class='ocrx_word' id='word_1_491' title='bbox 1067 3315 1428 3368; x_wconf 90' lang='lat' dir='ltr'><strong>contaminari</strong></span> <span class='ocrx_word' id='word_1_492' title='bbox 1461 3331 1565 3369; x_wconf 92' lang='lat' dir='ltr'><strong>non</strong></span> <span class='ocrx_word' id='word_1_493' title='bbox 1596 3316 1749 3371; x_wconf 88' lang='lat' dir='ltr'><strong>vult?</strong></span> <span class='ocrx_word' id='word_1_494' title='bbox 1781 3316 1837 3370; x_wconf 93' lang='lat' dir='ltr'><strong>In</strong></span> <span class='ocrx_word' id='word_1_495' title='bbox 1876 3316 2052 3371; x_wconf 71' lang='lat' dir='ltr'><strong>Evan-</strong></span> 
     </span>
    </p>
   </div>
   <div class='ocr_carea' id='block_1_65' title="bbox 474 3404 2052 3475">
    <p class='ocr_par' dir='ltr' id='par_1_65' title="bbox 474 3404 2052 3475">
     <span class='ocr_line' id='line_1_65' title="bbox 474 3404 2052 3475; baseline 0.005 -20"><span class='ocrx_word' id='word_1_496' title='bbox 474 3404 629 3473; x_wconf 80' lang='lat' dir='ltr'><strong>geliis</strong></span> <span class='ocrx_word' id='word_1_497' title='bbox 653 3406 920 3472; x_wconf 87' lang='lat' dir='ltr'><strong>scriptum</strong></span> <span class='ocrx_word' id='word_1_498' title='bbox 955 3417 1040 3461; x_wconf 89' lang='lat' dir='ltr'><strong>est</strong></span> <span class='ocrx_word' id='word_1_499' title='bbox 1070 3407 1112 3437; x_wconf 80' lang='grc'><strong>⁰¹</strong></span> <span class='ocrx_word' id='word_1_500' title='bbox 1143 3423 1154 3458; x_wconf 92' lang='lat'>:</span> <span class='ocrx_word' id='word_1_501' title='bbox 1194 3425 1211 3457; x_wconf 84' lang='grc' dir='ltr'><strong>ι</strong></span> <span class='ocrx_word' id='word_1_502' title='bbox 1250 3406 1351 3472; x_wconf 87' lang='lat' dir='ltr'><strong>Qui</strong></span> <span class='ocrx_word' id='word_1_503' title='bbox 1386 3408 1657 3475; x_wconf 89' lang='lat' dir='ltr'><strong>seminat,</strong></span> <span class='ocrx_word' id='word_1_504' title='bbox 1712 3409 1933 3463; x_wconf 85' lang='lat' dir='ltr'><strong>verbum</strong></span> <span class='ocrx_word' id='word_1_505' title='bbox 1966 3425 2052 3464; x_wconf 88' lang='lat' dir='ltr'><strong>se-</strong></span> 
     </span>
    </p>
   </div>
   <div class='ocr_carea' id='block_1_66' title="bbox 476 3498 2051 3568">
    <p class='ocr_par' dir='ltr' id='par_1_66' title="bbox 476 3498 2051 3568">
     <span class='ocr_line' id='line_1_66' title="bbox 476 3498 2051 3568; baseline 0.005 -19"><span class='ocrx_word' id='word_1_506' title='bbox 476 3499 663 3554; x_wconf 81' lang='lat' dir='ltr'><strong>minat.</strong></span> <span class='ocrx_word' id='word_1_507' title='bbox 700 3518 717 3549; x_wconf 83' lang='grc' dir='ltr'><strong>ι</strong></span> <span class='ocrx_word' id='word_1_508' title='bbox 756 3498 872 3552; x_wconf 89' lang='lat' dir='ltr'><strong>Non</strong></span> <span class='ocrx_word' id='word_1_509' title='bbox 903 3500 1014 3553; x_wconf 91' lang='lat' dir='ltr'><strong>vult</strong></span> <span class='ocrx_word' id='word_1_510' title='bbox 1046 3514 1173 3568; x_wconf 77' lang='lat' dir='ltr'><strong>ergo</strong></span> <span class='ocrx_word' id='word_1_511' title='bbox 1204 3500 1569 3555; x_wconf 88' lang='lat' dir='ltr'><strong>contaminari</strong></span> <span class='ocrx_word' id='word_1_512' title='bbox 1601 3502 1822 3556; x_wconf 88' lang='lat' dir='ltr'><strong>verbum</strong></span> <span class='ocrx_word' id='word_1_513' title='bbox 1861 3503 1953 3557; x_wconf 92' lang='lat' dir='ltr'><strong>Dei</strong></span> <span class='ocrx_word' id='word_1_514' title='bbox 1984 3505 2051 3557; x_wconf 91' lang='lat' dir='ltr'><strong>ab</strong></span> 
     </span>
    </p>
   </div>
   <div class='ocr_carea' id='block_1_67' title="bbox 477 3589 2050 3662">
    <p class='ocr_par' dir='ltr' id='par_1_67' title="bbox 477 3589 2050 3662">
     <span class='ocr_line' id='line_1_67' title="bbox 477 3589 2050 3662; baseline 0.004 -21"><span class='ocrx_word' id='word_1_515' title='bbox 477 3589 561 3641; x_wconf 88' lang='lat' dir='ltr'><strong>his</strong></span> <span class='ocrx_word' id='word_1_516' title='bbox 584 3591 674 3659; x_wconf 90' lang='lat' dir='ltr'><strong>qui</strong></span> <span class='ocrx_word' id='word_1_517' title='bbox 714 3591 1008 3644; x_wconf 91' lang='lat' dir='ltr'><strong>semiuanl.</strong></span> <span class='ocrx_word' id='word_1_518' title='bbox 1042 3591 1141 3657; x_wconf 92' lang='lat' dir='ltr'><strong>Qui</strong></span> <span class='ocrx_word' id='word_1_519' title='bbox 1177 3602 1307 3645; x_wconf 92' lang='lat' dir='ltr'><strong>sunt</strong></span> <span class='ocrx_word' id='word_1_520' title='bbox 1336 3608 1470 3659; x_wconf 85' lang='lat' dir='ltr'><strong>ergo</strong></span> <span class='ocrx_word' id='word_1_521' title='bbox 1502 3593 1595 3661; x_wconf 88' lang='lat' dir='ltr'><strong>qui</strong></span> <span class='ocrx_word' id='word_1_522' title='bbox 1622 3595 1932 3648; x_wconf 81' lang='lat' dir='ltr'><strong>seminant?</strong></span> <span class='ocrx_word' id='word_1_523' title='bbox 1960 3594 2050 3662; x_wconf 90' lang='lat' dir='ltr'><strong>qui</strong></span> 
     </span>
    </p>
   </div>
   <div class='ocr_carea' id='block_1_68' title="bbox 474 3682 2053 3756">
    <p class='ocr_par' dir='ltr' id='par_1_68' title="bbox 474 3682 2053 3756">
     <span class='ocr_line' id='line_1_68' title="bbox 474 3682 2053 3756; baseline 0.004 -22"><span class='ocrx_word' id='word_1_524' title='bbox 474 3682 698 3737; x_wconf 90' lang='lat' dir='ltr'><strong>verbum</strong></span> <span class='ocrx_word' id='word_1_525' title='bbox 752 3685 844 3738; x_wconf 86' lang='lat' dir='ltr'><strong>Dei</strong></span> <span class='ocrx_word' id='word_1_526' title='bbox 902 3687 954 3738; x_wconf 89' lang='lat' dir='ltr'><strong>in</strong></span> <span class='ocrx_word' id='word_1_527' title='bbox 1004 3686 1244 3740; x_wconf 84' lang='lat' dir='ltr'><strong>Ecclesia</strong></span> <span class='ocrx_word' id='word_1_528' title='bbox 1283 3686 1587 3755; x_wconf 78' lang='lat' dir='ltr'><strong>proferunt.</strong></span> <span class='ocrx_word' id='word_1_529' title='bbox 1632 3688 1868 3742; x_wconf 91' lang='lat' dir='ltr'><strong>Audiant</strong></span> <span class='ocrx_word' id='word_1_530' title='bbox 1924 3703 2053 3756; x_wconf 80' lang='lat' dir='ltr'><strong>ergo</strong></span> 
     </span>
    </p>
   </div>
   <div class='ocr_carea' id='block_1_69' title="bbox 475 3777 2049 3845">
    <p class='ocr_par' dir='ltr' id='par_1_69' title="bbox 475 3777 2049 3845">
     <span class='ocr_line' id='line_1_69' title="bbox 475 3777 2049 3845; baseline 0.003 -14"><span class='ocrx_word' id='word_1_531' title='bbox 475 3777 760 3844; x_wconf 91' lang='lat' dir='ltr'><strong>doctores,</strong></span> <span class='ocrx_word' id='word_1_532' title='bbox 817 3794 883 3831; x_wconf 91' lang='lat' dir='ltr'><strong>ne</strong></span> <span class='ocrx_word' id='word_1_533' title='bbox 936 3779 1073 3833; x_wconf 85' lang='lat' dir='ltr'><strong>forte</strong></span> <span class='ocrx_word' id='word_1_534' title='bbox 1115 3779 1311 3832; x_wconf 74' lang='lat' dir='ltr'><strong>animat</strong></span> <span class='ocrx_word' id='word_1_535' title='bbox 1369 3781 1786 3845; x_wconf 67' lang='lat' dir='ltr'><strong>contaminata},</strong></span> <span class='ocrx_word' id='word_1_536' title='bbox 1847 3782 2049 3836; x_wconf 59' lang='lat' dir='ltr'><strong>anima</strong></span> 
     </span>
    </p>
   </div>
   <div class='ocr_carea' id='block_1_70' title="bbox 479 3870 2053 3939">
    <p class='ocr_par' dir='ltr' id='par_1_70' title="bbox 479 3870 2053 3939">
     <span class='ocr_line' id='line_1_70' title="bbox 479 3870 2053 3939; baseline 0.003 -17"><span class='ocrx_word' id='word_1_537' title='bbox 479 3871 883 3934; x_wconf 86' lang='lat' dir='ltr'><strong>meretricanti,</strong></span> <span class='ocrx_word' id='word_1_538' title='bbox 917 3872 1110 3925; x_wconf 73' lang='lat' dir='ltr'><strong>anima:</strong></span> <span class='ocrx_word' id='word_1_539' title='bbox 1149 3870 1531 3926; x_wconf 88' lang='lat' dir='ltr'><strong>iulidcliverba</strong></span> <span class='ocrx_word' id='word_1_540' title='bbox 1570 3872 1659 3925; x_wconf 87' lang='lat' dir='ltr'><strong>Dei</strong></span> <span class='ocrx_word' id='word_1_541' title='bbox 1690 3874 1949 3939; x_wconf 86' lang='lat' dir='ltr'><strong>credant,</strong></span> <span class='ocrx_word' id='word_1_542' title='bbox 1986 3888 2053 3927; x_wconf 88' lang='lat' dir='ltr'><strong>ne</strong></span> 
     </span>
    </p>
   </div>
   <div class='ocr_carea' id='block_1_71' title="bbox 476 3960 2051 4032">
    <p class='ocr_par' dir='ltr' id='par_1_71' title="bbox 476 3960 2051 4032">
     <span class='ocr_line' id='line_1_71' title="bbox 476 3960 2051 4032; baseline 0.003 -18"><span class='ocrx_word' id='word_1_543' title='bbox 476 3960 615 4016; x_wconf 78' lang='lat' dir='ltr'><strong>forte</strong></span> <span class='ocrx_word' id='word_1_544' title='bbox 646 3964 861 4015; x_wconf 86' lang='lat' dir='ltr'><strong>mittant</strong></span> <span class='ocrx_word' id='word_1_545' title='bbox 892 3975 1140 4017; x_wconf 87' lang='lat' dir='ltr'><strong>sanctum</strong></span> <span class='ocrx_word' id='word_1_546' title='bbox 1172 3965 1401 4018; x_wconf 85' lang='lat' dir='ltr'><strong>canibus</strong></span> <span class='ocrx_word' id='word_1_547' title='bbox 1454 3975 1508 4017; x_wconf 87' lang='lat' dir='ltr'><strong>et</strong></span> <span class='ocrx_word' id='word_1_548' title='bbox 1561 3965 1885 4032; x_wconf 83' lang='lat' dir='ltr'><strong>margaritas</strong></span> <span class='ocrx_word' id='word_1_549' title='bbox 1922 3973 2051 4018; x_wconf 86' lang='lat' dir='ltr'><strong>ante</strong></span> 
     </span>
    </p>
   </div>
   <div class='ocr_carea' id='block_1_72' title="bbox 476 4054 2053 4123">
    <p class='ocr_par' dir='ltr' id='par_1_72' title="bbox 476 4054 2053 4123">
     <span class='ocr_line' id='line_1_72' title="bbox 476 4054 2053 4123; baseline 0.003 -19"><span class='ocrx_word' id='word_1_550' title='bbox 476 4068 711 4121; x_wconf 88' lang='lat' dir='ltr'><strong>porcos:</strong></span> <span class='ocrx_word' id='word_1_551' title='bbox 746 4055 837 4106; x_wconf 87' lang='lat' dir='ltr'><strong>sed</strong></span> <span class='ocrx_word' id='word_1_552' title='bbox 874 4054 1085 4107; x_wconf 87' lang='lat' dir='ltr'><strong>animas</strong></span> <span class='ocrx_word' id='word_1_553' title='bbox 1117 4054 1364 4117; x_wconf 80' lang='lat' dir='ltr'><strong>mundus,</strong></span> <span class='ocrx_word' id='word_1_554' title='bbox 1422 4055 1666 4123; x_wconf 81' lang='lat' dir='ltr'><strong>virgines</strong></span> <span class='ocrx_word' id='word_1_555' title='bbox 1705 4055 1756 4108; x_wconf 90' lang='lat' dir='ltr'><strong>iIt</strong></span> <span class='ocrx_word' id='word_1_556' title='bbox 1794 4055 2053 4123; x_wconf 89' lang='lat' dir='ltr'><strong>simplici-</strong></span> 
     </span>
    </p>
   </div>
   <div class='ocr_carea' id='block_1_73' title="bbox 479 4145 2053 4216">
    <p class='ocr_par' dir='ltr' id='par_1_73' title="bbox 479 4145 2053 4216">
     <span class='ocr_line' id='line_1_73' title="bbox 479 4145 2053 4216; baseline 0.003 -20"><span class='ocrx_word' id='word_1_557' title='bbox 479 4155 589 4199; x_wconf 89' lang='lat' dir='ltr'><strong>tate</strong></span> <span class='ocrx_word' id='word_1_558' title='bbox 629 4145 749 4198; x_wconf 87' lang='lat' dir='ltr'><strong>Iidei</strong></span> <span class='ocrx_word' id='word_1_559' title='bbox 779 4162 898 4213; x_wconf 80' lang='lat' dir='ltr'><strong>qtue</strong></span> <span class='ocrx_word' id='word_1_560' title='bbox 927 4146 978 4199; x_wconf 88' lang='lat' dir='ltr'><strong>itt</strong></span> <span class='ocrx_word' id='word_1_561' title='bbox 1018 4147 1233 4201; x_wconf 82' lang='lat' dir='ltr'><strong>Christo</strong></span> <span class='ocrx_word' id='word_1_562' title='bbox 1272 4156 1353 4201; x_wconf 90' lang='lat' dir='ltr'><strong>est</strong></span> <span class='ocrx_word' id='word_1_563' title='bbox 1379 4146 1604 4214; x_wconf 84' lang='lat' dir='ltr'><strong>eligant,</strong></span> <span class='ocrx_word' id='word_1_564' title='bbox 1644 4147 1772 4216; x_wconf 82' lang='lat' dir='ltr'><strong>ipsis</strong></span> <span class='ocrx_word' id='word_1_565' title='bbox 1805 4149 2053 4200; x_wconf 90' lang='lat' dir='ltr'><strong>commit-</strong></span> 
     </span>
    </p>
   </div>
   <div class='ocr_carea' id='block_1_74' title="bbox 478 4237 2049 4309">
    <p class='ocr_par' dir='ltr' id='par_1_74' title="bbox 478 4237 2049 4309">
     <span class='ocr_line' id='line_1_74' title="bbox 478 4237 2049 4309; baseline 0.001 -20"><span class='ocrx_word' id='word_1_566' title='bbox 478 4245 596 4291; x_wconf 88' lang='lat' dir='ltr'><strong>tant</strong></span> <span class='ocrx_word' id='word_1_567' title='bbox 622 4246 827 4291; x_wconf 90' lang='lat' dir='ltr'><strong>secreta</strong></span> <span class='ocrx_word' id='word_1_568' title='bbox 863 4239 1145 4309; x_wconf 86' lang='lat' dir='ltr'><strong>mysteria,</strong></span> <span class='ocrx_word' id='word_1_569' title='bbox 1205 4238 1336 4306; x_wconf 87' lang='lat' dir='ltr'><strong>ipsis</strong></span> <span class='ocrx_word' id='word_1_570' title='bbox 1368 4237 1595 4292; x_wconf 86' lang='lat' dir='ltr'><strong>verbum</strong></span> <span class='ocrx_word' id='word_1_571' title='bbox 1628 4238 1738 4301; x_wconf 89' lang='lat' dir='ltr'><strong>Dei,</strong></span> <span class='ocrx_word' id='word_1_572' title='bbox 1771 4247 1825 4291; x_wconf 91' lang='lat' dir='ltr'><strong>et</strong></span> <span class='ocrx_word' id='word_1_573' title='bbox 1853 4253 2049 4293; x_wconf 87' lang='lat' dir='ltr'><strong>arcana</strong></span> 
     </span>
    </p>
   </div>
   <div class='ocr_carea' id='block_1_75' title="bbox 2150 3044 3717 3126">
    <p class='ocr_par' dir='ltr' id='par_1_75' title="bbox 2150 3044 3717 3126">
     <span class='ocr_line' id='line_1_75' title="bbox 2150 3044 3717 3126; baseline -0.013 -14"><span class='ocrx_word' id='word_1_574' title='bbox 2150 3072 2272 3126; x_wconf 71' lang='lat' dir='ltr'><strong>qua:</strong></span> <span class='ocrx_word' id='word_1_575' title='bbox 2300 3064 2517 3110; x_wconf 81' lang='lat' dir='ltr'><strong>ostensa</strong></span> <span class='ocrx_word' id='word_1_576' title='bbox 2554 3063 2634 3109; x_wconf 88' lang='lat' dir='ltr'><strong>est</strong></span> <span class='ocrx_word' id='word_1_577' title='bbox 2669 3053 2762 3105; x_wconf 93' lang='lat' dir='ltr'><strong>tibi</strong></span> <span class='ocrx_word' id='word_1_578' title='bbox 2802 3052 2854 3105; x_wconf 94' lang='lat' dir='ltr'><strong>in</strong></span> <span class='ocrx_word' id='word_1_579' title='bbox 2884 3059 3083 3105; x_wconf 89' lang='lat' dir='ltr'><strong>monte.</strong></span> <span class='ocrx_word' id='word_1_580' title='bbox 3121 3068 3138 3099; x_wconf 78' lang='grc' dir='ltr'><strong>ι</strong></span> <span class='ocrx_word' id='word_1_581' title='bbox 3175 3048 3304 3101; x_wconf 86' lang='lat' dir='ltr'><strong>Tale</strong></span> <span class='ocrx_word' id='word_1_582' title='bbox 3325 3061 3452 3115; x_wconf 89' lang='lat' dir='ltr'><strong>ergo</strong></span> <span class='ocrx_word' id='word_1_583' title='bbox 3481 3044 3717 3112; x_wconf 87' lang='lat' dir='ltr'><strong>estquol</strong></span> 
     </span>
    </p>
   </div>
   <div class='ocr_carea' id='block_1_76' title="bbox 2152 3139 3721 3209">
    <p class='ocr_par' dir='ltr' id='par_1_76' title="bbox 2152 3139 3721 3209">
     <span class='ocr_line' id='line_1_76' title="bbox 2152 3139 3721 3209; baseline -0.01 -7"><span class='ocrx_word' id='word_1_584' title='bbox 2152 3158 2205 3202; x_wconf 91' lang='lat' dir='ltr'><strong>et</strong></span> <span class='ocrx_word' id='word_1_585' title='bbox 2232 3148 2285 3202; x_wconf 89' lang='lat' dir='ltr'><strong>iu</strong></span> <span class='ocrx_word' id='word_1_586' title='bbox 2316 3148 2419 3202; x_wconf 85' lang='lat' dir='ltr'><strong>hoc</strong></span> <span class='ocrx_word' id='word_1_587' title='bbox 2446 3145 2567 3199; x_wconf 90' lang='lat' dir='ltr'><strong>loco</strong></span> <span class='ocrx_word' id='word_1_588' title='bbox 2599 3144 2889 3198; x_wconf 86' lang='lat' dir='ltr'><strong>recitatum</strong></span> <span class='ocrx_word' id='word_1_589' title='bbox 2924 3150 3035 3203; x_wconf 90' lang='lat' dir='ltr'><strong>est,</strong></span> <span class='ocrx_word' id='word_1_590' title='bbox 3064 3142 3187 3209; x_wconf 85' lang='lat' dir='ltr'><strong>quia</strong></span> <span class='ocrx_word' id='word_1_591' title='bbox 3222 3139 3478 3194; x_wconf 89' lang='lat' dir='ltr'><strong>Dominus</strong></span> <span class='ocrx_word' id='word_1_592' title='bbox 3512 3139 3721 3191; x_wconf 88' lang='lat' dir='ltr'><strong>locutus</strong></span> 
     </span>
    </p>
   </div>
   <div class='ocr_carea' id='block_1_77' title="bbox 2154 3228 3717 3302">
    <p class='ocr_par' dir='ltr' id='par_1_77' title="bbox 2154 3228 3717 3302">
     <span class='ocr_line' id='line_1_77' title="bbox 2154 3228 3717 3302; baseline -0.011 -8"><span class='ocrx_word' id='word_1_593' title='bbox 2154 3241 2319 3295; x_wconf 82' lang='lat' dir='ltr'><strong>fuerit</strong></span> <span class='ocrx_word' id='word_1_594' title='bbox 2353 3239 2420 3294; x_wconf 92' lang='lat' dir='ltr'><strong>de</strong></span> <span class='ocrx_word' id='word_1_595' title='bbox 2448 3234 2896 3292; x_wconf 87' lang='lat' dir='ltr'><strong>solemnitatibus</strong></span> <span class='ocrx_word' id='word_1_596' title='bbox 2932 3234 2997 3286; x_wconf 90' lang='lat' dir='ltr'><strong>ad</strong></span> <span class='ocrx_word' id='word_1_597' title='bbox 3035 3233 3271 3302; x_wconf 83' lang='lat' dir='ltr'><strong>Moysen.</strong></span> <span class='ocrx_word' id='word_1_598' title='bbox 3307 3231 3369 3283; x_wconf 85' lang='lat' dir='ltr'><strong>Et</strong></span> <span class='ocrx_word' id='word_1_599' title='bbox 3398 3238 3518 3297; x_wconf 90' lang='lat' dir='ltr'><strong>post</strong></span> <span class='ocrx_word' id='word_1_600' title='bbox 3559 3228 3669 3280; x_wconf 66' lang='lat' dir='ltr'><strong>hanc</strong></span> <span class='ocrx_word' id='word_1_601' title='bbox 3704 3243 3717 3277; x_wconf 87' lang='lat'><strong>:</strong></span> 
     </span>
    </p>
   </div>
   <div class='ocr_carea' id='block_1_78' title="bbox 2158 3318 3722 3398">
    <p class='ocr_par' dir='ltr' id='par_1_78' title="bbox 2158 3318 3722 3398">
     <span class='ocr_line' id='line_1_78' title="bbox 2158 3318 3722 3398; baseline -0.008 -15"><span class='ocrx_word' id='word_1_602' title='bbox 2158 3351 2176 3383; x_wconf 75' lang='grc' dir='ltr'><strong>ι</strong></span> <span class='ocrx_word' id='word_1_603' title='bbox 2200 3332 2263 3385; x_wconf 87' lang='lat' dir='ltr'><strong>Et</strong></span> <span class='ocrx_word' id='word_1_604' title='bbox 2296 3332 2505 3385; x_wconf 87' lang='lat' dir='ltr'><strong>locutus</strong></span> <span class='ocrx_word' id='word_1_605' title='bbox 2527 3337 2608 3383; x_wconf 90' lang='lat' dir='ltr'><strong>est</strong></span> <span class='ocrx_word' id='word_1_606' title='bbox 2640 3327 2876 3398; x_wconf 84' lang='lat' dir='ltr'><strong>Moyses,</strong></span> <span class='ocrx_word' id='word_1_607' title='bbox 2900 3324 3075 3392; x_wconf 86' lang='lat' dir='ltr'><strong>inquit</strong></span> <span class='ocrx_word' id='word_1_608' title='bbox 3092 3324 3161 3388; x_wconf 71' lang='lat'><strong>&#39;7,</strong></span> <span class='ocrx_word' id='word_1_609' title='bbox 3188 3324 3304 3377; x_wconf 88' lang='lat' dir='ltr'><strong>dies</strong></span> <span class='ocrx_word' id='word_1_610' title='bbox 3322 3322 3590 3375; x_wconf 87' lang='lat' dir='ltr'><strong>solemnes</strong></span> <span class='ocrx_word' id='word_1_611' title='bbox 3609 3318 3722 3389; x_wconf 90' lang='lat'><strong>(99)</strong></span> 
     </span>
    </p>
   </div>
   <div class='ocr_carea' id='block_1_79' title="bbox 2155 3412 3724 3477">
    <p class='ocr_par' dir='ltr' id='par_1_79' title="bbox 2155 3412 3724 3477">
     <span class='ocr_line' id='line_1_79' title="bbox 2155 3412 3724 3477; baseline -0.009 -2"><span class='ocrx_word' id='word_1_612' title='bbox 2155 3421 2364 3477; x_wconf 90' lang='lat' dir='ltr'><strong>Domini</strong></span> <span class='ocrx_word' id='word_1_613' title='bbox 2390 3422 2481 3475; x_wconf 90' lang='lat' dir='ltr'><strong>Dei</strong></span> <span class='ocrx_word' id='word_1_614' title='bbox 2511 3421 2639 3475; x_wconf 81' lang='lat' dir='ltr'><strong>ﬁliis</strong></span> <span class='ocrx_word' id='word_1_615' title='bbox 2675 3419 2858 3474; x_wconf 88' lang='lat' dir='ltr'><strong>Israel.</strong></span> <span class='ocrx_word' id='word_1_616' title='bbox 2884 3438 2902 3471; x_wconf 80' lang='grc' dir='ltr'><strong>ι</strong></span> <span class='ocrx_word' id='word_1_617' title='bbox 2928 3418 3220 3472; x_wconf 86' lang='lat' dir='ltr'><strong>Transacto</strong></span> <span class='ocrx_word' id='word_1_618' title='bbox 3246 3430 3373 3469; x_wconf 87' lang='lat' dir='ltr'><strong>vero</strong></span> <span class='ocrx_word' id='word_1_619' title='bbox 3408 3414 3472 3465; x_wconf 88' lang='lat' dir='ltr'><strong>de</strong></span> <span class='ocrx_word' id='word_1_620' title='bbox 3500 3412 3580 3464; x_wconf 90' lang='lat' dir='ltr'><strong>his</strong></span> <span class='ocrx_word' id='word_1_621' title='bbox 3609 3427 3724 3463; x_wconf 86' lang='lat' dir='ltr'><strong>ser-</strong></span> 
     </span>
    </p>
   </div>
   <div class='ocr_carea' id='block_1_80' title="bbox 2155 3501 3720 3577">
    <p class='ocr_par' dir='ltr' id='par_1_80' title="bbox 2155 3501 3720 3577">
     <span class='ocr_line' id='line_1_80' title="bbox 2155 3501 3720 3577; baseline -0.01 -12"><span class='ocrx_word' id='word_1_622' title='bbox 2155 3527 2314 3566; x_wconf 88' lang='lat' dir='ltr'><strong>mone</strong></span> <span class='ocrx_word' id='word_1_623' title='bbox 2353 3512 2631 3566; x_wconf 87' lang='lat' dir='ltr'><strong>videamus</strong></span> <span class='ocrx_word' id='word_1_624' title='bbox 2684 3510 2813 3577; x_wconf 90' lang='lat' dir='ltr'><strong>quid</strong></span> <span class='ocrx_word' id='word_1_625' title='bbox 2861 3517 2985 3577; x_wconf 88' lang='lat' dir='ltr'><strong>post</strong></span> <span class='ocrx_word' id='word_1_626' title='bbox 3042 3507 3157 3560; x_wconf 69' lang='lat' dir='ltr'><strong>hate</strong></span> <span class='ocrx_word' id='word_1_627' title='bbox 3194 3506 3450 3559; x_wconf 84' lang='lat' dir='ltr'><strong>edocetur</strong></span> <span class='ocrx_word' id='word_1_628' title='bbox 3492 3501 3720 3570; x_wconf 81' lang='lat' dir='ltr'><strong>Moyses.</strong></span> 
     </span>
    </p>
   </div>
   <div class='ocr_carea' id='block_1_81' title="bbox 2156 3586 3724 3657">
    <p class='ocr_par' dir='ltr' id='par_1_81' title="bbox 2156 3586 3724 3657">
     <span class='ocr_line' id='line_1_81' title="bbox 2156 3586 3724 3657; baseline -0.013 -2"><span class='ocrx_word' id='word_1_629' title='bbox 2156 3601 2337 3655; x_wconf 85' lang='lat' dir='ltr'><strong>Primo</strong></span> <span class='ocrx_word' id='word_1_630' title='bbox 2371 3600 2435 3653; x_wconf 92' lang='lat' dir='ltr'><strong>de</strong></span> <span class='ocrx_word' id='word_1_631' title='bbox 2460 3598 2681 3653; x_wconf 88' lang='lat' dir='ltr'><strong>lucerna</strong></span> <span class='ocrx_word' id='word_1_632' title='bbox 2709 3606 2763 3651; x_wconf 90' lang='lat' dir='ltr'><strong>et</strong></span> <span class='ocrx_word' id='word_1_633' title='bbox 2787 3594 3142 3657; x_wconf 83' lang='lat' dir='ltr'><strong>candelabro,</strong></span> <span class='ocrx_word' id='word_1_634' title='bbox 3164 3601 3216 3645; x_wconf 90' lang='lat' dir='ltr'><strong>et</strong></span> <span class='ocrx_word' id='word_1_635' title='bbox 3234 3590 3353 3644; x_wconf 91' lang='lat' dir='ltr'><strong>oleo</strong></span> <span class='ocrx_word' id='word_1_636' title='bbox 3383 3587 3524 3657; x_wconf 89' lang='lat' dir='ltr'><strong>quod</strong></span> <span class='ocrx_word' id='word_1_637' title='bbox 3562 3587 3609 3641; x_wconf 92' lang='lat' dir='ltr'><strong>ei</strong></span> <span class='ocrx_word' id='word_1_638' title='bbox 3644 3586 3724 3637; x_wconf 88' lang='lat' dir='ltr'><strong>itt-</strong></span> 
     </span>
    </p>
   </div>
   <div class='ocr_carea' id='block_1_82' title="bbox 2155 3682 3721 3755">
    <p class='ocr_par' dir='ltr' id='par_1_82' title="bbox 2155 3682 3721 3755">
     <span class='ocr_line' id='line_1_82' title="bbox 2155 3682 3721 3755; baseline -0.01 -10"><span class='ocrx_word' id='word_1_639' title='bbox 2155 3691 2428 3755; x_wconf 84' lang='lat' dir='ltr'><strong>funditur;</strong></span> <span class='ocrx_word' id='word_1_640' title='bbox 2456 3689 2694 3745; x_wconf 89' lang='lat' dir='ltr'><strong>secuudo</strong></span> <span class='ocrx_word' id='word_1_641' title='bbox 2724 3688 2843 3742; x_wconf 94' lang='lat' dir='ltr'><strong>loco</strong></span> <span class='ocrx_word' id='word_1_642' title='bbox 2876 3688 2941 3742; x_wconf 92' lang='lat' dir='ltr'><strong>de</strong></span> <span class='ocrx_word' id='word_1_643' title='bbox 2977 3699 3158 3739; x_wconf 88' lang='lat' dir='ltr'><strong>mensa</strong></span> <span class='ocrx_word' id='word_1_644' title='bbox 3184 3724 3198 3745; x_wconf 96' lang='lat'><strong>,</strong></span> <span class='ocrx_word' id='word_1_645' title='bbox 3231 3691 3285 3737; x_wconf 90' lang='lat' dir='ltr'><strong>et</strong></span> <span class='ocrx_word' id='word_1_646' title='bbox 3328 3682 3558 3750; x_wconf 87' lang='lat' dir='ltr'><strong>panibus</strong></span> <span class='ocrx_word' id='word_1_647' title='bbox 3596 3691 3721 3747; x_wconf 89' lang='lat' dir='ltr'><strong>pro-</strong></span> 
     </span>
    </p>
   </div>
   <div class='ocr_carea' id='block_1_83' title="bbox 2156 3771 3720 3851">
    <p class='ocr_par' dir='ltr' id='par_1_83' title="bbox 2156 3771 3720 3851">
     <span class='ocr_line' id='line_1_83' title="bbox 2156 3771 3720 3851; baseline -0.009 -16"><span class='ocrx_word' id='word_1_648' title='bbox 2156 3782 2458 3851; x_wconf 88' lang='lat' dir='ltr'><strong>positionis,</strong></span> <span class='ocrx_word' id='word_1_649' title='bbox 2494 3795 2557 3833; x_wconf 89' lang='lat' dir='ltr'><strong>ac</strong></span> <span class='ocrx_word' id='word_1_650' title='bbox 2584 3794 2808 3833; x_wconf 90' lang='lat' dir='ltr'><strong>numero</strong></span> <span class='ocrx_word' id='word_1_651' title='bbox 2830 3792 3034 3838; x_wconf 92' lang='lat' dir='ltr'><strong>eorum,</strong></span> <span class='ocrx_word' id='word_1_652' title='bbox 3064 3786 3115 3830; x_wconf 86' lang='lat' dir='ltr'><strong>et</strong></span> <span class='ocrx_word' id='word_1_653' title='bbox 3141 3775 3232 3844; x_wconf 90' lang='lat' dir='ltr'><strong>qui</strong></span> <span class='ocrx_word' id='word_1_654' title='bbox 3264 3776 3341 3827; x_wconf 88' lang='lat' dir='ltr'><strong>eis</strong></span> <span class='ocrx_word' id='word_1_655' title='bbox 3362 3772 3437 3826; x_wconf 90' lang='lat' dir='ltr'><strong>uti</strong></span> <span class='ocrx_word' id='word_1_656' title='bbox 3467 3771 3720 3826; x_wconf 89' lang='lat' dir='ltr'><strong>debeant.</strong></span> 
     </span>
    </p>
   </div>
   <div class='ocr_carea' id='block_1_84' title="bbox 2154 3863 3725 3942">
    <p class='ocr_par' dir='ltr' id='par_1_84' title="bbox 2154 3863 3725 3942">
     <span class='ocr_line' id='line_1_84' title="bbox 2154 3863 3725 3942; baseline -0.006 -16"><span class='ocrx_word' id='word_1_657' title='bbox 2154 3873 2504 3929; x_wconf 91' lang='lat' dir='ltr'><strong>Intendamus</strong></span> <span class='ocrx_word' id='word_1_658' title='bbox 2530 3887 2661 3942; x_wconf 88' lang='lat' dir='ltr'><strong>ergo</strong></span> <span class='ocrx_word' id='word_1_659' title='bbox 2692 3873 2933 3925; x_wconf 88' lang='lat' dir='ltr'><strong>aniutunt</strong></span> <span class='ocrx_word' id='word_1_660' title='bbox 2966 3868 3286 3937; x_wconf 81' lang='lat' dir='ltr'><strong>diligentius</strong></span> <span class='ocrx_word' id='word_1_661' title='bbox 3316 3866 3403 3920; x_wconf 91' lang='lat' dir='ltr'><strong>bis</strong></span> <span class='ocrx_word' id='word_1_662' title='bbox 3434 3880 3552 3933; x_wconf 68' lang='lat' dir='ltr'><strong>qua:</strong></span> <span class='ocrx_word' id='word_1_663' title='bbox 3590 3863 3725 3918; x_wconf 88' lang='lat' dir='ltr'><strong>scri-</strong></span> 
     </span>
    </p>
   </div>
   <div class='ocr_carea' id='block_1_85' title="bbox 2155 3955 3723 4034">
    <p class='ocr_par' dir='ltr' id='par_1_85' title="bbox 2155 3955 3723 4034">
     <span class='ocr_line' id='line_1_85' title="bbox 2155 3955 3723 4034; baseline -0.008 -17"><span class='ocrx_word' id='word_1_664' title='bbox 2155 3975 2242 4034; x_wconf 89' lang='lat' dir='ltr'><strong>pta</strong></span> <span class='ocrx_word' id='word_1_665' title='bbox 2267 3973 2411 4028; x_wconf 91' lang='lat' dir='ltr'><strong>sunt,</strong></span> <span class='ocrx_word' id='word_1_666' title='bbox 2446 3973 2495 4017; x_wconf 92' lang='lat' dir='ltr'><strong>et</strong></span> <span class='ocrx_word' id='word_1_667' title='bbox 2520 3964 2585 4017; x_wconf 92' lang='lat' dir='ltr'><strong>ad</strong></span> <span class='ocrx_word' id='word_1_668' title='bbox 2615 3964 2733 4017; x_wconf 66' lang='lat' dir='ltr'><strong>haec</strong></span> <span class='ocrx_word' id='word_1_669' title='bbox 2765 3961 3133 4031; x_wconf 86' lang='lat' dir='ltr'><strong>dignoscenda</strong></span> <span class='ocrx_word' id='word_1_670' title='bbox 3167 3957 3389 4013; x_wconf 88' lang='lat' dir='ltr'><strong>concedi</strong></span> <span class='ocrx_word' id='word_1_671' title='bbox 3422 3955 3575 4010; x_wconf 92' lang='lat' dir='ltr'><strong>nobis</strong></span> <span class='ocrx_word' id='word_1_672' title='bbox 3602 3971 3723 4023; x_wconf 83' lang='lat' dir='ltr'><strong>gra-</strong></span> 
     </span>
    </p>
   </div>
   <div class='ocr_carea' id='block_1_86' title="bbox 2157 4044 3724 4120">
    <p class='ocr_par' dir='ltr' id='par_1_86' title="bbox 2157 4044 3724 4120">
     <span class='ocr_line' id='line_1_86' title="bbox 2157 4044 3724 4120; baseline -0.006 -15"><span class='ocrx_word' id='word_1_673' title='bbox 2157 4054 2283 4106; x_wconf 84' lang='lat' dir='ltr'><strong>tiam</strong></span> <span class='ocrx_word' id='word_1_674' title='bbox 2340 4052 2551 4106; x_wconf 90' lang='lat' dir='ltr'><strong>Dontini</strong></span> <span class='ocrx_word' id='word_1_675' title='bbox 2596 4052 2972 4120; x_wconf 87' lang='lat' dir='ltr'><strong>deprecentur,</strong></span> <span class='ocrx_word' id='word_1_676' title='bbox 3023 4060 3079 4102; x_wconf 87' lang='grc' dir='ltr'><strong>ιιι</strong></span> <span class='ocrx_word' id='word_1_677' title='bbox 3126 4050 3175 4101; x_wconf 92' lang='lat' dir='ltr'><strong>in</strong></span> <span class='ocrx_word' id='word_1_678' title='bbox 3223 4050 3306 4102; x_wconf 90' lang='lat' dir='ltr'><strong>Itis</strong></span> <span class='ocrx_word' id='word_1_679' title='bbox 3347 4061 3467 4116; x_wconf 71' lang='lat' dir='ltr'><strong>quae</strong></span> <span class='ocrx_word' id='word_1_680' title='bbox 3498 4044 3724 4115; x_wconf 84' lang='lat' dir='ltr'><strong>legimus</strong></span> 
     </span>
    </p>
   </div>
   <div class='ocr_carea' id='block_1_87' title="bbox 2155 4139 3725 4210">
    <p class='ocr_par' dir='ltr' id='par_1_87' title="bbox 2155 4139 3725 4210">
     <span class='ocr_line' id='line_1_87' title="bbox 2155 4139 3725 4210; baseline -0.007 -14"><span class='ocrx_word' id='word_1_681' title='bbox 2155 4144 2503 4210; x_wconf 77' lang='lat' dir='ltr'><strong>litteris,qu:e</strong></span> <span class='ocrx_word' id='word_1_682' title='bbox 2537 4144 2610 4198; x_wconf 86' lang='lat' dir='ltr'><strong>sit</strong></span> <span class='ocrx_word' id='word_1_683' title='bbox 2639 4143 2890 4197; x_wconf 90' lang='lat' dir='ltr'><strong>voluntas</strong></span> <span class='ocrx_word' id='word_1_684' title='bbox 2947 4142 3118 4195; x_wconf 90' lang='lat' dir='ltr'><strong>sancti</strong></span> <span class='ocrx_word' id='word_1_685' title='bbox 3171 4139 3408 4209; x_wconf 82' lang='lat' dir='ltr'><strong>Spiritus</strong></span> <span class='ocrx_word' id='word_1_686' title='bbox 3463 4150 3725 4204; x_wconf 83' lang='lat' dir='ltr'><strong>agnosca-</strong></span> 
     </span>
    </p>
   </div>
   <div class='ocr_carea' id='block_1_88' title="bbox 2159 4226 3727 4302">
    <p class='ocr_par' dir='ltr' id='par_1_88' title="bbox 2159 4226 3727 4302">
     <span class='ocr_line' id='line_1_88' title="bbox 2159 4226 3727 4302; baseline -0.008 -14"><span class='ocrx_word' id='word_1_687' title='bbox 2159 4250 2297 4288; x_wconf 89' lang='lat' dir='ltr'><strong>mus.</strong></span> <span class='ocrx_word' id='word_1_688' title='bbox 2341 4250 2360 4283; x_wconf 77' lang='lat' dir='ltr'><strong>t</strong></span> <span class='ocrx_word' id='word_1_689' title='bbox 2398 4235 2654 4302; x_wconf 68' lang='lat' dir='ltr'><strong>l’rzccipe,</strong></span> <span class='ocrx_word' id='word_1_690' title='bbox 2684 4232 2951 4302; x_wconf 78' lang='lat' dir='ltr'><strong>inquit&quot;,</strong></span> <span class='ocrx_word' id='word_1_691' title='bbox 2985 4232 3112 4286; x_wconf 82' lang='lat' dir='ltr'><strong>[iliis</strong></span> <span class='ocrx_word' id='word_1_692' title='bbox 3149 4229 3337 4293; x_wconf 87' lang='lat' dir='ltr'><strong>Israel,</strong></span> <span class='ocrx_word' id='word_1_693' title='bbox 3372 4239 3429 4281; x_wconf 88' lang='lat' dir='ltr'><strong>ut</strong></span> <span class='ocrx_word' id='word_1_694' title='bbox 3477 4226 3727 4280; x_wconf 81' lang='lat' dir='ltr'><strong>deferant</strong></span> 
     </span>
    </p>
   </div>
   <div class='ocr_carea' id='block_1_89' title="bbox 476 4296 3721 4401">
    <p class='ocr_par' dir='ltr' id='par_1_89' title="bbox 476 4296 3721 4401">
     <span class='ocr_line' id='line_1_89' title="bbox 476 4296 3721 4401; baseline -0.003 -20"><span class='ocrx_word' id='word_1_695' title='bbox 476 4328 599 4382; x_wconf 88' lang='lat' dir='ltr'><strong>lidei</strong></span> <span class='ocrx_word' id='word_1_696' title='bbox 636 4329 801 4401; x_wconf 61' lang='grc'><strong>254</strong></span> <span class='ocrx_word' id='word_1_697' title='bbox 821 4296 1235 4399; x_wconf 78' lang='lat' dir='ltr'><strong>proloquautnr,</strong></span> <span class='ocrx_word' id='word_1_698' title='bbox 1272 4340 1326 4384; x_wconf 88' lang='grc' dir='ltr'><strong>ιιι</strong></span> <span class='ocrx_word' id='word_1_699' title='bbox 1353 4332 1403 4384; x_wconf 93' lang='lat' dir='ltr'><strong>iu</strong></span> <span class='ocrx_word' id='word_1_700' title='bbox 1435 4331 1563 4401; x_wconf 87' lang='lat' dir='ltr'><strong>ipsis</strong></span> <span class='ocrx_word' id='word_1_701' title='bbox 1586 4329 1832 4385; x_wconf 88' lang='lat' dir='ltr'><strong>Christus</strong></span> <span class='ocrx_word' id='word_1_702' title='bbox 1852 4331 2049 4386; x_wconf 81' lang='lat' dir='ltr'><strong>forme-</strong></span> <span class='ocrx_word' id='word_1_703' title='bbox 2085 4296 2132 4355; x_wconf 69' lang='grc' dir='ltr'>υ</span> <span class='ocrx_word' id='word_1_704' title='bbox 2161 4326 2253 4382; x_wconf 92' lang='lat' dir='ltr'><strong>tibi</strong></span> <span class='ocrx_word' id='word_1_705' title='bbox 2282 4329 2462 4382; x_wconf 92' lang='lat' dir='ltr'><strong>oleum</strong></span> <span class='ocrx_word' id='word_1_706' title='bbox 2492 4326 2557 4380; x_wconf 88' lang='lat' dir='ltr'><strong>de</strong></span> <span class='ocrx_word' id='word_1_707' title='bbox 2588 4325 2747 4379; x_wconf 83' lang='lat' dir='ltr'><strong>olivis</strong></span> <span class='ocrx_word' id='word_1_708' title='bbox 2778 4323 3035 4377; x_wconf 88' lang='lat' dir='ltr'><strong>mttudum</strong></span> <span class='ocrx_word' id='word_1_709' title='bbox 3062 4336 3381 4392; x_wconf 82' lang='lat' dir='ltr'><strong>expressum</strong></span> <span class='ocrx_word' id='word_1_710' title='bbox 3406 4320 3473 4374; x_wconf 83' lang='lat' dir='ltr'><strong>ad</strong></span> <span class='ocrx_word' id='word_1_711' title='bbox 3518 4318 3721 4378; x_wconf 89' lang='lat' dir='ltr'><strong>lumen,</strong></span> 
     </span>
    </p>
   </div>
   <div class='ocr_carea' id='block_1_90' title="bbox 475 4420 2044 4490">
    <p class='ocr_par' dir='ltr' id='par_1_90' title="bbox 475 4420 2044 4490">
     <span class='ocr_line' id='line_1_90' title="bbox 475 4420 2044 4490; baseline 0.004 -20"><span class='ocrx_word' id='word_1_712' title='bbox 475 4428 562 4470; x_wconf 93' lang='lat' dir='ltr'><strong>tur</strong></span> <span class='ocrx_word' id='word_1_713' title='bbox 588 4434 682 4486; x_wconf 89' lang='lat' dir='ltr'><strong>per</strong></span> <span class='ocrx_word' id='word_1_714' title='bbox 711 4420 889 4475; x_wconf 77' lang='lat' dir='ltr'><strong>(idem.</strong></span> <span class='ocrx_word' id='word_1_715' title='bbox 920 4422 1000 4474; x_wconf 93' lang='lat' dir='ltr'><strong>Au</strong></span> <span class='ocrx_word' id='word_1_716' title='bbox 1034 4422 1255 4475; x_wconf 87' lang='lat' dir='ltr'><strong>nescitis</strong></span> <span class='ocrx_word' id='word_1_717' title='bbox 1283 4424 1407 4490; x_wconf 90' lang='lat' dir='ltr'><strong>quia</strong></span> <span class='ocrx_word' id='word_1_718' title='bbox 1450 4438 1511 4475; x_wconf 81' lang='lat' dir='ltr'><strong>ex</strong></span> <span class='ocrx_word' id='word_1_719' title='bbox 1539 4423 1640 4476; x_wconf 87' lang='lat' dir='ltr'><strong>isto</strong></span> <span class='ocrx_word' id='word_1_720' title='bbox 1666 4424 1870 4477; x_wconf 89' lang='lat' dir='ltr'><strong>semine</strong></span> <span class='ocrx_word' id='word_1_721' title='bbox 1898 4424 2044 4477; x_wconf 77' lang='lat' dir='ltr'><strong>verbi</strong></span> 
     </span>
    </p>
   </div>
   <div class='ocr_carea' id='block_1_91' title="bbox 478 4510 2049 4584">
    <p class='ocr_par' dir='ltr' id='par_1_91' title="bbox 478 4510 2049 4584">
     <span class='ocr_line' id='line_1_91' title="bbox 478 4510 2049 4584; baseline 0.002 -24"><span class='ocrx_word' id='word_1_722' title='bbox 478 4510 566 4561; x_wconf 87' lang='lat' dir='ltr'><strong>Dei</strong></span> <span class='ocrx_word' id='word_1_723' title='bbox 602 4511 742 4578; x_wconf 87' lang='lat' dir='ltr'><strong>quod</strong></span> <span class='ocrx_word' id='word_1_724' title='bbox 778 4512 1100 4584; x_wconf 81' lang='lat' dir='ltr'><strong>seminatur,</strong></span> <span class='ocrx_word' id='word_1_725' title='bbox 1130 4513 1384 4565; x_wconf 80' lang='lat' dir='ltr'><strong>Christus</strong></span> <span class='ocrx_word' id='word_1_726' title='bbox 1424 4512 1665 4566; x_wconf 85' lang='lat' dir='ltr'><strong>nascitur</strong></span> <span class='ocrx_word' id='word_1_727' title='bbox 1695 4512 1744 4564; x_wconf 92' lang='lat' dir='ltr'><strong>in</strong></span> <span class='ocrx_word' id='word_1_728' title='bbox 1773 4511 1938 4565; x_wconf 88' lang='lat' dir='ltr'><strong>corde</strong></span> <span class='ocrx_word' id='word_1_729' title='bbox 1953 4526 2049 4563; x_wconf 89' lang='lat' dir='ltr'><strong>au-</strong></span> 
     </span>
    </p>
   </div>
   <div class='ocr_carea' id='block_1_92' title="bbox 474 4600 2050 4669">
    <p class='ocr_par' dir='ltr' id='par_1_92' title="bbox 474 4600 2050 4669">
     <span class='ocr_line' id='line_1_92' title="bbox 474 4600 2050 4669; baseline 0.001 -16"><span class='ocrx_word' id='word_1_730' title='bbox 474 4601 751 4655; x_wconf 85' lang='lat' dir='ltr'><strong>ditoruut?</strong></span> <span class='ocrx_word' id='word_1_731' title='bbox 784 4601 894 4655; x_wconf 87' lang='lat' dir='ltr'><strong>IIoc</strong></span> <span class='ocrx_word' id='word_1_732' title='bbox 920 4602 1060 4655; x_wconf 89' lang='lat' dir='ltr'><strong>euiut</strong></span> <span class='ocrx_word' id='word_1_733' title='bbox 1088 4602 1379 4669; x_wconf 84' lang='lat' dir='ltr'><strong>Apostolus</strong></span> <span class='ocrx_word' id='word_1_734' title='bbox 1407 4604 1537 4656; x_wconf 91' lang='lat' dir='ltr'><strong>dicit</strong></span> <span class='ocrx_word' id='word_1_735' title='bbox 1558 4605 1604 4635; x_wconf 77' lang='grc'><strong>⁹²</strong></span> <span class='ocrx_word' id='word_1_736' title='bbox 1636 4619 1649 4656; x_wconf 93' lang='lat'><strong>:</strong></span> <span class='ocrx_word' id='word_1_737' title='bbox 1691 4620 1709 4653; x_wconf 73' lang='grc' dir='ltr'><strong>ι</strong></span> <span class='ocrx_word' id='word_1_738' title='bbox 1733 4602 1912 4656; x_wconf 90' lang='lat' dir='ltr'><strong>Donec</strong></span> <span class='ocrx_word' id='word_1_739' title='bbox 1937 4600 2050 4655; x_wconf 82' lang='lat' dir='ltr'><strong>Ior-</strong></span> 
     </span>
    </p>
   </div>
   <div class='ocr_carea' id='block_1_93' title="bbox 477 4694 2047 4764">
    <p class='ocr_par' dir='ltr' id='par_1_93' title="bbox 477 4694 2047 4764">
     <span class='ocr_line' id='line_1_93' title="bbox 477 4694 2047 4764; baseline 0.003 -20"><span class='ocrx_word' id='word_1_740' title='bbox 477 4703 653 4747; x_wconf 84' lang='lat' dir='ltr'><strong>mctur</strong></span> <span class='ocrx_word' id='word_1_741' title='bbox 692 4695 944 4747; x_wconf 84' lang='lat' dir='ltr'><strong>Christus</strong></span> <span class='ocrx_word' id='word_1_742' title='bbox 981 4696 1031 4747; x_wconf 92' lang='lat' dir='ltr'><strong>in</strong></span> <span class='ocrx_word' id='word_1_743' title='bbox 1068 4695 1243 4748; x_wconf 90' lang='lat' dir='ltr'><strong>vobis.</strong></span> <span class='ocrx_word' id='word_1_744' title='bbox 1282 4714 1301 4746; x_wconf 70' lang='grc' dir='ltr'><strong>ι</strong></span> <span class='ocrx_word' id='word_1_745' title='bbox 1337 4694 1585 4763; x_wconf 88' lang='lat' dir='ltr'><strong>Concipit</strong></span> <span class='ocrx_word' id='word_1_746' title='bbox 1615 4710 1745 4764; x_wconf 89' lang='lat' dir='ltr'><strong>ergo</strong></span> <span class='ocrx_word' id='word_1_747' title='bbox 1771 4694 1951 4748; x_wconf 89' lang='lat' dir='ltr'><strong>anima</strong></span> <span class='ocrx_word' id='word_1_748' title='bbox 1982 4709 2047 4749; x_wconf 83' lang='lat' dir='ltr'><strong>ex</strong></span> 
     </span>
    </p>
   </div>
   <div class='ocr_carea' id='block_1_94' title="bbox 475 4788 2049 4856">
    <p class='ocr_par' dir='ltr' id='par_1_94' title="bbox 475 4788 2049 4856">
     <span class='ocr_line' id='line_1_94' title="bbox 475 4788 2049 4856; baseline -0.001 -16"><span class='ocrx_word' id='word_1_749' title='bbox 475 4788 577 4840; x_wconf 87' lang='lat' dir='ltr'><strong>hoc</strong></span> <span class='ocrx_word' id='word_1_750' title='bbox 621 4788 770 4840; x_wconf 87' lang='lat' dir='ltr'><strong>verbi</strong></span> <span class='ocrx_word' id='word_1_751' title='bbox 809 4788 1036 4853; x_wconf 88' lang='lat' dir='ltr'><strong>semine,</strong></span> <span class='ocrx_word' id='word_1_752' title='bbox 1069 4796 1123 4841; x_wconf 93' lang='lat' dir='ltr'><strong>et</strong></span> <span class='ocrx_word' id='word_1_753' title='bbox 1168 4798 1486 4856; x_wconf 89' lang='lat' dir='ltr'><strong>conceptum</strong></span> <span class='ocrx_word' id='word_1_754' title='bbox 1520 4790 1717 4841; x_wconf 82' lang='lat' dir='ltr'><strong>format</strong></span> <span class='ocrx_word' id='word_1_755' title='bbox 1757 4789 1807 4841; x_wconf 89' lang='lat' dir='ltr'><strong>in</strong></span> <span class='ocrx_word' id='word_1_756' title='bbox 1840 4803 1898 4842; x_wconf 91' lang='lat' dir='ltr'><strong>se</strong></span> <span class='ocrx_word' id='word_1_757' title='bbox 1927 4802 2049 4841; x_wconf 87' lang='lat' dir='ltr'><strong>ver-</strong></span> 
     </span>
    </p>
   </div>
   <div class='ocr_carea' id='block_1_95' title="bbox 479 4877 2047 4947">
    <p class='ocr_par' dir='ltr' id='par_1_95' title="bbox 479 4877 2047 4947">
     <span class='ocr_line' id='line_1_95' title="bbox 479 4877 2047 4947; baseline -0.001 -18"><span class='ocrx_word' id='word_1_758' title='bbox 479 4877 630 4942; x_wconf 90' lang='lat' dir='ltr'><strong>bum,</strong></span> <span class='ocrx_word' id='word_1_759' title='bbox 657 4879 830 4932; x_wconf 86' lang='lat' dir='ltr'><strong>donec</strong></span> <span class='ocrx_word' id='word_1_760' title='bbox 866 4879 1045 4947; x_wconf 87' lang='lat' dir='ltr'><strong>pariat</strong></span> <span class='ocrx_word' id='word_1_761' title='bbox 1094 4878 1345 4947; x_wconf 90' lang='lat' dir='ltr'><strong>spiritum</strong></span> <span class='ocrx_word' id='word_1_762' title='bbox 1381 4878 1591 4931; x_wconf 91' lang='lat' dir='ltr'><strong>timoris</strong></span> <span class='ocrx_word' id='word_1_763' title='bbox 1634 4877 1748 4931; x_wconf 88' lang='lat' dir='ltr'><strong>Dei.</strong></span> <span class='ocrx_word' id='word_1_764' title='bbox 1782 4878 1872 4931; x_wconf 89' lang='lat' dir='ltr'><strong>Sic</strong></span> <span class='ocrx_word' id='word_1_765' title='bbox 1904 4881 2047 4930; x_wconf 92' lang='lat' dir='ltr'><strong>enim</strong></span> 
     </span>
    </p>
   </div>
   <div class='ocr_carea' id='block_1_96' title="bbox 479 4970 2051 5040">
    <p class='ocr_par' dir='ltr' id='par_1_96' title="bbox 479 4970 2051 5040">
     <span class='ocr_line' id='line_1_96' title="bbox 479 4970 2051 5040; baseline -0.021 6"><span class='ocrx_word' id='word_1_766' title='bbox 479 4985 576 5038; x_wconf 64' lang='grc' dir='ltr'><strong>νυν</strong></span> <span class='ocrx_word' id='word_1_767' title='bbox 640 4972 957 5040; x_wconf 70' lang='grc' dir='ltr'>Ρνοιιὶιθιτιιιι</span> <span class='ocrx_word' id='word_1_768' title='bbox 1020 4973 1208 5025; x_wconf 88' lang='lat' dir='ltr'><strong>dicunt</strong></span> <span class='ocrx_word' id='word_1_769' title='bbox 1246 4972 1439 5025; x_wconf 68' lang='lat' dir='ltr'><strong>animae</strong></span> <span class='ocrx_word' id='word_1_770' title='bbox 1480 4982 1794 5025; x_wconf 87' lang='lat' dir='ltr'><strong>sanctorum</strong></span> <span class='ocrx_word' id='word_1_771' title='bbox 1824 4970 1869 5000; x_wconf 67' lang='grc'><strong>⁸³</strong></span> <span class='ocrx_word' id='word_1_772' title='bbox 1904 4985 1919 5022; x_wconf 88' lang='lat'><strong>:</strong></span> <span class='ocrx_word' id='word_1_773' title='bbox 1961 4987 1978 5019; x_wconf 77' lang='grc' dir='ltr'><strong>ι</strong></span> <span class='ocrx_word' id='word_1_774' title='bbox 2012 4970 2051 5021; x_wconf 78' lang='grc' dir='ltr'><strong>Α</strong></span> 
     </span>
    </p>
   </div>
   <div class='ocr_carea' id='block_1_97' title="bbox 482 5062 2055 5132">
    <p class='ocr_par' dir='ltr' id='par_1_97' title="bbox 482 5062 2055 5132">
     <span class='ocr_line' id='line_1_97' title="bbox 482 5062 2055 5132; baseline -0.003 -15"><span class='ocrx_word' id='word_1_775' title='bbox 482 5065 678 5117; x_wconf 88' lang='lat' dir='ltr'><strong>timore</strong></span> <span class='ocrx_word' id='word_1_776' title='bbox 709 5075 818 5131; x_wconf 87' lang='lat' dir='ltr'><strong>tuo,</strong></span> <span class='ocrx_word' id='word_1_777' title='bbox 849 5063 1095 5128; x_wconf 83' lang='lat' dir='ltr'><strong>Domine,</strong></span> <span class='ocrx_word' id='word_1_778' title='bbox 1130 5064 1476 5132; x_wconf 87' lang='lat' dir='ltr'><strong>concepimus</strong></span> <span class='ocrx_word' id='word_1_779' title='bbox 1504 5062 1555 5116; x_wconf 91' lang='lat' dir='ltr'><strong>in</strong></span> <span class='ocrx_word' id='word_1_780' title='bbox 1583 5071 1757 5127; x_wconf 88' lang='lat' dir='ltr'><strong>tttero,</strong></span> <span class='ocrx_word' id='word_1_781' title='bbox 1793 5072 1846 5114; x_wconf 89' lang='lat' dir='ltr'><strong>ct</strong></span> <span class='ocrx_word' id='word_1_782' title='bbox 1867 5071 2055 5130; x_wconf 77' lang='lat' dir='ltr'><strong>partu-</strong></span> 
     </span>
    </p>
   </div>
   <div class='ocr_carea' id='block_1_98' title="bbox 482 5151 2054 5224">
    <p class='ocr_par' dir='ltr' id='par_1_98' title="bbox 482 5151 2054 5224">
     <span class='ocr_line' id='line_1_98' title="bbox 482 5151 2054 5224; baseline -0.001 -17"><span class='ocrx_word' id='word_1_783' title='bbox 482 5155 734 5218; x_wconf 81' lang='lat' dir='ltr'><strong>rivimus,</strong></span> <span class='ocrx_word' id='word_1_784' title='bbox 764 5166 817 5208; x_wconf 88' lang='lat' dir='ltr'><strong>et</strong></span> <span class='ocrx_word' id='word_1_785' title='bbox 852 5156 1159 5224; x_wconf 84' lang='lat' dir='ltr'><strong>peperimus</strong></span> <span class='ocrx_word' id='word_1_786' title='bbox 1181 5157 1428 5224; x_wconf 88' lang='lat' dir='ltr'><strong>spirituut</strong></span> <span class='ocrx_word' id='word_1_787' title='bbox 1449 5154 1636 5209; x_wconf 90' lang='lat' dir='ltr'><strong>salutis</strong></span> <span class='ocrx_word' id='word_1_788' title='bbox 1669 5164 1769 5207; x_wconf 72' lang='lat' dir='ltr'><strong>tum</strong></span> <span class='ocrx_word' id='word_1_789' title='bbox 1802 5169 1957 5221; x_wconf 86' lang='lat' dir='ltr'><strong>quem</strong></span> <span class='ocrx_word' id='word_1_790' title='bbox 1977 5151 2054 5206; x_wconf 82' lang='lat' dir='ltr'><strong>Ie-</strong></span> 
     </span>
    </p>
   </div>
   <div class='ocr_carea' id='block_1_99' title="bbox 484 5245 2050 5317">
    <p class='ocr_par' dir='ltr' id='par_1_99' title="bbox 484 5245 2050 5317">
     <span class='ocr_line' id='line_1_99' title="bbox 484 5245 2050 5317; baseline -0.002 -18"><span class='ocrx_word' id='word_1_791' title='bbox 484 5251 660 5302; x_wconf 79' lang='lat' dir='ltr'><strong>citttus</strong></span> <span class='ocrx_word' id='word_1_792' title='bbox 698 5265 860 5317; x_wconf 83' lang='lat' dir='ltr'><strong>super</strong></span> <span class='ocrx_word' id='word_1_793' title='bbox 897 5258 1120 5302; x_wconf 82' lang='lat' dir='ltr'><strong>terram.</strong></span> <span class='ocrx_word' id='word_1_794' title='bbox 1160 5269 1177 5300; x_wconf 79' lang='grc' dir='ltr'><strong>ι</strong></span> <span class='ocrx_word' id='word_1_795' title='bbox 1212 5248 1316 5304; x_wconf 79' lang='lat' dir='ltr'><strong>Iste</strong></span> <span class='ocrx_word' id='word_1_796' title='bbox 1357 5258 1437 5303; x_wconf 87' lang='lat' dir='ltr'><strong>est</strong></span> <span class='ocrx_word' id='word_1_797' title='bbox 1470 5258 1785 5305; x_wconf 85' lang='lat' dir='ltr'><strong>sanctarttttt</strong></span> <span class='ocrx_word' id='word_1_798' title='bbox 1841 5245 2050 5298; x_wconf 83' lang='lat' dir='ltr'><strong>animu-</strong></span> 
     </span>
    </p>
   </div>
   <div class='ocr_carea' id='block_1_100' title="bbox 573 5381 1569 5449">
    <p class='ocr_par' dir='ltr' id='par_1_100' title="bbox 573 5381 1569 5449">
     <span class='ocr_line' id='line_1_100' title="bbox 573 5381 1569 5449; baseline -0.003 -13"><span class='ocrx_word' id='word_1_799' title='bbox 573 5382 617 5411; x_wconf 76' lang='lat'><strong>&quot;‘</strong></span> <span class='ocrx_word' id='word_1_800' title='bbox 651 5382 850 5449; x_wconf 84' lang='lat' dir='ltr'><strong>Ephes.</strong></span> <span class='ocrx_word' id='word_1_801' title='bbox 878 5398 927 5437; x_wconf 89' lang='lat' dir='ltr'><strong>v.</strong></span> <span class='ocrx_word' id='word_1_802' title='bbox 964 5382 1054 5435; x_wconf 71' lang='lat'><strong>‘17.</strong></span> <span class='ocrx_word' id='word_1_803' title='bbox 1156 5381 1200 5409; x_wconf 73' lang='grc'><strong>⁸⁹</strong></span> <span class='ocrx_word' id='word_1_804' title='bbox 1227 5382 1423 5433; x_wconf 71' lang='grc' dir='ltr'>ΙίιριἸι.</span> <span class='ocrx_word' id='word_1_805' title='bbox 1461 5396 1569 5433; x_wconf 70' lang='lat' dir='ltr'><strong>xvr.</strong></span> 
     </span>
    </p>
   </div>
   <div class='ocr_carea' id='block_1_101' title="bbox 486 5450 1857 5512">
    <p class='ocr_par' dir='ltr' id='par_1_101' title="bbox 486 5450 1857 5512">
     <span class='ocr_line' id='line_1_101' title="bbox 486 5450 1857 5512; baseline -0.001 -9"><span class='ocrx_word' id='word_1_806' title='bbox 486 5450 569 5507; x_wconf 76' lang='lat' dir='ltr'><strong>l3.</strong></span> <span class='ocrx_word' id='word_1_807' title='bbox 645 5452 691 5483; x_wconf 72' lang='grc'><strong>⁸⁵</strong></span> <span class='ocrx_word' id='word_1_808' title='bbox 731 5452 855 5504; x_wconf 86' lang='lat' dir='ltr'><strong>ch.</strong></span> <span class='ocrx_word' id='word_1_809' title='bbox 894 5468 1022 5505; x_wconf 68' lang='lat' dir='ltr'><strong>unt</strong></span> <span class='ocrx_word' id='word_1_810' title='bbox 1052 5462 1277 5505; x_wconf 76' lang='lat' dir='ltr'><strong>etxxrv.</strong></span> <span class='ocrx_word' id='word_1_811' title='bbox 1371 5452 1416 5483; x_wconf 69' lang='grc' dir='ltr'><strong>π</strong></span> <span class='ocrx_word' id='word_1_812' title='bbox 1450 5451 1611 5504; x_wconf 87' lang='lat' dir='ltr'><strong>Ilehr.</strong></span> <span class='ocrx_word' id='word_1_813' title='bbox 1648 5466 1762 5512; x_wconf 87' lang='lat' dir='ltr'><strong>vm,</strong></span> <span class='ocrx_word' id='word_1_814' title='bbox 1806 5450 1857 5501; x_wconf 89' lang='grc'><strong>5.</strong></span> 
     </span>
    </p>
   </div>
   <div class='ocr_carea' id='block_1_102' title="bbox 1667 5377 2045 5511">
    <p class='ocr_par' dir='ltr' id='par_1_102' title="bbox 1667 5377 2045 5511">
     <span class='ocr_line' id='line_1_102' title="bbox 1667 5377 2045 5436; baseline -0.016 -4"><span class='ocrx_word' id='word_1_815' title='bbox 1667 5381 1711 5410; x_wconf 79' lang='grc'><strong>⁹⁰</strong></span> <span class='ocrx_word' id='word_1_816' title='bbox 1738 5379 1874 5433; x_wconf 85' lang='lat' dir='ltr'><strong>Gen.</strong></span> <span class='ocrx_word' id='word_1_817' title='bbox 1915 5394 1951 5436; x_wconf 84' lang='grc' dir='ltr'>ι,</span> <span class='ocrx_word' id='word_1_818' title='bbox 1984 5377 2045 5429; x_wconf 69' lang='lat'><strong>26</strong></span> 
     </span>
     <span class='ocr_line' id='line_1_103' title="bbox 1667 5449 2041 5511; baseline -0.005 -9"><span class='ocrx_word' id='word_1_819' title='bbox 1667 5466 1762 5511; x_wconf 57' lang='lat' dir='ltr'><strong>tm,</strong></span> <span class='ocrx_word' id='word_1_820' title='bbox 1806 5450 1857 5501; x_wconf 89' lang='grc'><strong>5.</strong></span> <span class='ocrx_word' id='word_1_821' title='bbox 1934 5449 1980 5480; x_wconf 69' lang='lat'><strong>9“</strong></span> <span class='ocrx_word' id='word_1_822' title='bbox 2008 5449 2041 5500; x_wconf 89' lang='lat' dir='ltr'><strong>il</strong></span> 
     </span>
    </p>
   </div>
   <div class='ocr_carea' id='block_1_103' title="bbox 2151 5377 3609 5511">
    <p class='ocr_par' dir='ltr' id='par_1_103' title="bbox 2152 5377 3609 5511">
     <span class='ocr_line' id='line_1_104' title="bbox 2152 5377 3607 5439; baseline -0.003 -12"><span class='ocrx_word' id='word_1_823' title='bbox 2152 5378 2192 5409; x_wconf 73' lang='grc' dir='ltr'><strong>θ’</strong></span> <span class='ocrx_word' id='word_1_824' title='bbox 2233 5377 2397 5427; x_wconf 85' lang='lat' dir='ltr'><strong>Marc.</strong></span> <span class='ocrx_word' id='word_1_825' title='bbox 2442 5389 2513 5439; x_wconf 88' lang='lat' dir='ltr'><strong>tv,</strong></span> <span class='ocrx_word' id='word_1_826' title='bbox 2562 5377 2646 5427; x_wconf 78' lang='lat' dir='ltr'><strong>H.</strong></span> <span class='ocrx_word' id='word_1_827' title='bbox 2772 5377 3013 5430; x_wconf 73' lang='lat' dir='ltr'><strong>&quot;Gulat.</strong></span> <span class='ocrx_word' id='word_1_828' title='bbox 3046 5391 3116 5436; x_wconf 90' lang='lat' dir='ltr'><strong>tv,</strong></span> <span class='ocrx_word' id='word_1_829' title='bbox 3148 5377 3232 5428; x_wconf 77' lang='grc'><strong>19.</strong></span> <span class='ocrx_word' id='word_1_830' title='bbox 3339 5377 3385 5404; x_wconf 79' lang='grc'><em>’³</em></span> <span class='ocrx_word' id='word_1_831' title='bbox 3413 5377 3513 5425; x_wconf 85' lang='lat' dir='ltr'><strong>lsa.</strong></span> <span class='ocrx_word' id='word_1_832' title='bbox 3577 5384 3607 5422; x_wconf 72' lang='grc' dir='ltr'><strong>ι</strong></span> 
     </span>
     <span class='ocr_line' id='line_1_105' title="bbox 2214 5442 3609 5511; baseline -0.006 -14"><span class='ocrx_word' id='word_1_833' title='bbox 2214 5447 2256 5478; x_wconf 67' lang='grc'>9⁷</span> <span class='ocrx_word' id='word_1_834' title='bbox 2292 5444 2462 5498; x_wconf 84' lang='lat' dir='ltr'><strong>Levit.</strong></span> <span class='ocrx_word' id='word_1_835' title='bbox 2500 5461 2661 5506; x_wconf 74' lang='lat' dir='ltr'><strong>xxttt,</strong></span> <span class='ocrx_word' id='word_1_836' title='bbox 2688 5446 2776 5499; x_wconf 70' lang='grc' dir='ltr'><strong>Η.</strong></span> <span class='ocrx_word' id='word_1_837' title='bbox 2852 5447 2897 5477; x_wconf 74' lang='grc'><strong>³⁸</strong></span> <span class='ocrx_word' id='word_1_838' title='bbox 2926 5444 3097 5501; x_wconf 86' lang='lat' dir='ltr'><strong>Levit.</strong></span> <span class='ocrx_word' id='word_1_839' title='bbox 3141 5458 3291 5509; x_wconf 58' lang='grc' dir='ltr'>μιν,</span> <span class='ocrx_word' id='word_1_840' title='bbox 3322 5442 3345 5496; x_wconf 84' lang='lat' dir='ltr'><strong>I</strong></span> <span class='ocrx_word' id='word_1_841' title='bbox 3377 5455 3430 5496; x_wconf 91' lang='lat' dir='ltr'><strong>et</strong></span> <span class='ocrx_word' id='word_1_842' title='bbox 3457 5454 3609 5511; x_wconf 81' lang='lat' dir='ltr'><strong>seqq.</strong></span> 
     </span>
    </p>
   </div>
   <div class='ocr_carea' id='block_1_104' title="bbox 2161 4412 3727 4487">
    <p class='ocr_par' dir='ltr' id='par_1_104' title="bbox 2161 4412 3727 4487">
     <span class='ocr_line' id='line_1_106' title="bbox 2161 4412 3727 4487; baseline -0.008 -15"><span class='ocrx_word' id='word_1_843' title='bbox 2161 4428 2217 4473; x_wconf 89' lang='lat' dir='ltr'><strong>ut</strong></span> <span class='ocrx_word' id='word_1_844' title='bbox 2254 4419 2440 4473; x_wconf 89' lang='lat' dir='ltr'><strong>ardeat</strong></span> <span class='ocrx_word' id='word_1_845' title='bbox 2470 4419 2685 4472; x_wconf 88' lang='lat' dir='ltr'><strong>lucerna</strong></span> <span class='ocrx_word' id='word_1_846' title='bbox 2734 4430 2948 4487; x_wconf 87' lang='lat' dir='ltr'><strong>semper</strong></span> <span class='ocrx_word' id='word_1_847' title='bbox 2982 4425 3135 4471; x_wconf 82' lang='lat' dir='ltr'><strong>extra</strong></span> <span class='ocrx_word' id='word_1_848' title='bbox 3169 4416 3347 4470; x_wconf 91' lang='lat' dir='ltr'><strong>velum</strong></span> <span class='ocrx_word' id='word_1_849' title='bbox 3391 4415 3442 4468; x_wconf 92' lang='lat' dir='ltr'><strong>in</strong></span> <span class='ocrx_word' id='word_1_850' title='bbox 3480 4412 3727 4465; x_wconf 86' lang='lat' dir='ltr'><strong>taberna-</strong></span> 
     </span>
    </p>
   </div>
   <div class='ocr_carea' id='block_1_105' title="bbox 2161 4503 3715 4575">
    <p class='ocr_par' dir='ltr' id='par_1_105' title="bbox 2161 4503 3715 4575">
     <span class='ocr_line' id='line_1_107' title="bbox 2161 4503 3715 4575; baseline -0.008 -6"><span class='ocrx_word' id='word_1_851' title='bbox 2161 4514 2286 4569; x_wconf 91' lang='lat' dir='ltr'><strong>cqu</strong></span> <span class='ocrx_word' id='word_1_852' title='bbox 2321 4511 2635 4575; x_wconf 90' lang='lat' dir='ltr'><strong>testimonii,</strong></span> <span class='ocrx_word' id='word_1_853' title='bbox 2681 4520 2737 4565; x_wconf 89' lang='lat' dir='ltr'><strong>et</strong></span> <span class='ocrx_word' id='word_1_854' title='bbox 2769 4511 3066 4564; x_wconf 90' lang='lat' dir='ltr'><strong>accendent</strong></span> <span class='ocrx_word' id='word_1_855' title='bbox 3103 4508 3248 4562; x_wconf 88' lang='lat' dir='ltr'><strong>illaut</strong></span> <span class='ocrx_word' id='word_1_856' title='bbox 3292 4508 3472 4561; x_wconf 85' lang='lat' dir='ltr'><strong>Aaron</strong></span> <span class='ocrx_word' id='word_1_857' title='bbox 3517 4514 3571 4560; x_wconf 91' lang='lat' dir='ltr'><strong>et</strong></span> <span class='ocrx_word' id='word_1_858' title='bbox 3622 4503 3715 4557; x_wconf 83' lang='lat' dir='ltr'><strong>lilii</strong></span> 
     </span>
    </p>
   </div>
   <div class='ocr_carea' id='block_1_106' title="bbox 2156 4596 3729 4675">
    <p class='ocr_par' dir='ltr' id='par_1_106' title="bbox 2156 4596 3729 4675">
     <span class='ocr_line' id='line_1_108' title="bbox 2156 4596 3729 4675; baseline -0.007 -16"><span class='ocrx_word' id='word_1_859' title='bbox 2156 4605 2274 4675; x_wconf 89' lang='lat' dir='ltr'><strong>ejus</strong></span> <span class='ocrx_word' id='word_1_860' title='bbox 2302 4620 2329 4657; x_wconf 89' lang='lat' dir='ltr'><strong>a</strong></span> <span class='ocrx_word' id='word_1_861' title='bbox 2363 4618 2588 4673; x_wconf 91' lang='lat' dir='ltr'><strong>vespere</strong></span> <span class='ocrx_word' id='word_1_862' title='bbox 2616 4617 2785 4670; x_wconf 90' lang='lat' dir='ltr'><strong>usque</strong></span> <span class='ocrx_word' id='word_1_863' title='bbox 2822 4602 2874 4656; x_wconf 94' lang='lat' dir='ltr'><strong>iu</strong></span> <span class='ocrx_word' id='word_1_864' title='bbox 2908 4617 3067 4655; x_wconf 92' lang='lat' dir='ltr'><strong>mane</strong></span> <span class='ocrx_word' id='word_1_865' title='bbox 3096 4611 3285 4655; x_wconf 89' lang='lat' dir='ltr'><strong>contra</strong></span> <span class='ocrx_word' id='word_1_866' title='bbox 3321 4600 3609 4654; x_wconf 92' lang='lat' dir='ltr'><strong>Dominum</strong></span> <span class='ocrx_word' id='word_1_867' title='bbox 3648 4596 3729 4649; x_wconf 82' lang='lat' dir='ltr'><strong>in-</strong></span> 
     </span>
    </p>
   </div>
   <div class='ocr_carea' id='block_1_107' title="bbox 2160 4689 3722 4763">
    <p class='ocr_par' dir='ltr' id='par_1_107' title="bbox 2160 4689 3722 4763">
     <span class='ocr_line' id='line_1_109' title="bbox 2160 4689 3722 4763; baseline -0.006 -14"><span class='ocrx_word' id='word_1_868' title='bbox 2160 4695 2496 4757; x_wconf 87' lang='lat' dir='ltr'><strong>desinenter,</strong></span> <span class='ocrx_word' id='word_1_869' title='bbox 2513 4694 2812 4763; x_wconf 84' lang='lat' dir='ltr'><strong>legitimum</strong></span> <span class='ocrx_word' id='word_1_870' title='bbox 2833 4692 3089 4747; x_wconf 66' lang='lat' dir='ltr'><strong>aeternale</strong></span> <span class='ocrx_word' id='word_1_871' title='bbox 3111 4692 3163 4745; x_wconf 88' lang='lat' dir='ltr'><strong>itt</strong></span> <span class='ocrx_word' id='word_1_872' title='bbox 3190 4689 3479 4761; x_wconf 89' lang='lat' dir='ltr'><strong>progenies</strong></span> <span class='ocrx_word' id='word_1_873' title='bbox 3495 4700 3722 4743; x_wconf 86' lang='lat' dir='ltr'><strong>vestras.</strong></span> 
     </span>
    </p>
   </div>
   <div class='ocr_carea' id='block_1_108' title="bbox 2160 4782 3722 4841">
    <p class='ocr_par' dir='ltr' id='par_1_108' title="bbox 2160 4782 3722 4841">
     <span class='ocr_line' id='line_1_110' title="bbox 2160 4782 3722 4841; baseline -0.006 -1"><span class='ocrx_word' id='word_1_874' title='bbox 2160 4786 2215 4840; x_wconf 90' lang='lat' dir='ltr'><strong>In</strong></span> <span class='ocrx_word' id='word_1_875' title='bbox 2270 4786 2597 4841; x_wconf 87' lang='lat' dir='ltr'><strong>candelabro</strong></span> <span class='ocrx_word' id='word_1_876' title='bbox 2632 4786 2833 4839; x_wconf 89' lang='lat' dir='ltr'><strong>utuudo</strong></span> <span class='ocrx_word' id='word_1_877' title='bbox 2876 4784 3188 4838; x_wconf 89' lang='lat' dir='ltr'><strong>accendetis</strong></span> <span class='ocrx_word' id='word_1_878' title='bbox 3235 4782 3486 4836; x_wconf 90' lang='lat' dir='ltr'><strong>lucernas</strong></span> <span class='ocrx_word' id='word_1_879' title='bbox 3534 4790 3722 4834; x_wconf 89' lang='lat' dir='ltr'><strong>contra</strong></span> 
     </span>
    </p>
   </div>
   <div class='ocr_carea' id='block_1_109' title="bbox 2159 4872 3731 4944">
    <p class='ocr_par' dir='ltr' id='par_1_109' title="bbox 2159 4872 3731 4944">
     <span class='ocr_line' id='line_1_111' title="bbox 2159 4872 3731 4944; baseline -0.004 -16"><span class='ocrx_word' id='word_1_880' title='bbox 2159 4876 2441 4929; x_wconf 88' lang='lat' dir='ltr'><strong>Dominum</strong></span> <span class='ocrx_word' id='word_1_881' title='bbox 2471 4888 2638 4944; x_wconf 89' lang='lat' dir='ltr'><strong>usque</strong></span> <span class='ocrx_word' id='word_1_882' title='bbox 2669 4888 2842 4927; x_wconf 84' lang='lat' dir='ltr'><strong>mane.</strong></span> <span class='ocrx_word' id='word_1_883' title='bbox 2872 4891 2890 4924; x_wconf 84' lang='grc' dir='ltr'><strong>ι</strong></span> <span class='ocrx_word' id='word_1_884' title='bbox 2920 4873 3314 4928; x_wconf 87' lang='lat' dir='ltr'><strong>Candelabrum</strong></span> <span class='ocrx_word' id='word_1_885' title='bbox 3349 4872 3604 4925; x_wconf 86' lang='lat' dir='ltr'><strong>mundum</strong></span> <span class='ocrx_word' id='word_1_886' title='bbox 3638 4886 3731 4923; x_wconf 88' lang='lat' dir='ltr'><strong>no-</strong></span> 
     </span>
    </p>
   </div>
   <div class='ocr_carea' id='block_1_110' title="bbox 2158 4965 3733 5036">
    <p class='ocr_par' dir='ltr' id='par_1_110' title="bbox 2158 4965 3733 5036">
     <span class='ocr_line' id='line_1_112' title="bbox 2158 4965 3733 5036; baseline -0.003 -15"><span class='ocrx_word' id='word_1_887' title='bbox 2158 4969 2349 5032; x_wconf 89' lang='lat' dir='ltr'><strong>minat,</strong></span> <span class='ocrx_word' id='word_1_888' title='bbox 2380 4968 2630 5022; x_wconf 85' lang='lat' dir='ltr'><strong>lucernas</strong></span> <span class='ocrx_word' id='word_1_889' title='bbox 2681 4966 2903 5021; x_wconf 90' lang='lat' dir='ltr'><strong>accendi</strong></span> <span class='ocrx_word' id='word_1_890' title='bbox 2958 4982 3052 5036; x_wconf 92' lang='lat' dir='ltr'><strong>per</strong></span> <span class='ocrx_word' id='word_1_891' title='bbox 3102 4966 3410 5036; x_wconf 76' lang='lat' dir='ltr'><strong>pontificem</strong></span> <span class='ocrx_word' id='word_1_892' title='bbox 3458 4965 3631 5034; x_wconf 87' lang='lat' dir='ltr'><strong>jubet.</strong></span> <span class='ocrx_word' id='word_1_893' title='bbox 3677 4973 3733 5018; x_wconf 90' lang='lat' dir='ltr'><strong>et</strong></span> 
     </span>
    </p>
   </div>
   <div class='ocr_carea' id='block_1_111' title="bbox 2156 5056 3726 5125">
    <p class='ocr_par' dir='ltr' id='par_1_111' title="bbox 2156 5056 3726 5125">
     <span class='ocr_line' id='line_1_113' title="bbox 2156 5056 3726 5125; baseline -0.001 -14"><span class='ocrx_word' id='word_1_894' title='bbox 2156 5071 2343 5111; x_wconf 89' lang='lat' dir='ltr'><strong>earum</strong></span> <span class='ocrx_word' id='word_1_895' title='bbox 2379 5058 2557 5111; x_wconf 88' lang='lat' dir='ltr'><strong>lumen</strong></span> <span class='ocrx_word' id='word_1_896' title='bbox 2605 5058 2902 5111; x_wconf 89' lang='lat' dir='ltr'><strong>ministrari</strong></span> <span class='ocrx_word' id='word_1_897' title='bbox 2948 5072 3013 5111; x_wconf 78' lang='lat' dir='ltr'><strong>ex</strong></span> <span class='ocrx_word' id='word_1_898' title='bbox 3054 5058 3172 5111; x_wconf 91' lang='lat' dir='ltr'><strong>oleo</strong></span> <span class='ocrx_word' id='word_1_899' title='bbox 3203 5057 3348 5125; x_wconf 90' lang='lat' dir='ltr'><strong>quod</strong></span> <span class='ocrx_word' id='word_1_900' title='bbox 3381 5056 3539 5110; x_wconf 87' lang='lat' dir='ltr'><strong>datur</strong></span> <span class='ocrx_word' id='word_1_901' title='bbox 3570 5070 3597 5106; x_wconf 91' lang='lat' dir='ltr'><strong>a</strong></span> <span class='ocrx_word' id='word_1_902' title='bbox 3630 5068 3726 5122; x_wconf 83' lang='lat' dir='ltr'><strong>po-</strong></span> 
     </span>
    </p>
   </div>
   <div class='ocr_carea' id='block_1_112' title="bbox 2162 5135 3725 5218">
    <p class='ocr_par' dir='ltr' id='par_1_112' title="bbox 2162 5135 3725 5218">
     <span class='ocr_line' id='line_1_114' title="bbox 2162 5135 3725 5218; baseline -0.006 -16"><span class='ocrx_word' id='word_1_903' title='bbox 2162 5135 2601 5218; x_wconf 54' lang='lat' dir='ltr'><strong>pultfprrecepit.</strong></span> <span class='ocrx_word' id='word_1_904' title='bbox 2654 5148 2842 5216; x_wconf 90' lang='lat' dir='ltr'><strong>Itaque</strong></span> <span class='ocrx_word' id='word_1_905' title='bbox 2874 5148 2975 5201; x_wconf 91' lang='lat' dir='ltr'><strong>nisi</strong></span> <span class='ocrx_word' id='word_1_906' title='bbox 3018 5148 3230 5201; x_wconf 91' lang='lat' dir='ltr'><strong>dederit</strong></span> <span class='ocrx_word' id='word_1_907' title='bbox 3258 5147 3436 5200; x_wconf 88' lang='lat' dir='ltr'><strong>oleuut</strong></span> <span class='ocrx_word' id='word_1_908' title='bbox 3470 5144 3725 5212; x_wconf 85' lang='lat' dir='ltr'><strong>populus,</strong></span> 
     </span>
    </p>
   </div>
   <div class='ocr_carea' id='block_1_113' title="bbox 2163 5236 3727 5308">
    <p class='ocr_par' dir='ltr' id='par_1_113' title="bbox 2163 5236 3727 5308">
     <span class='ocr_line' id='line_1_115' title="bbox 2163 5236 3727 5308; baseline -0.009 -11"><span class='ocrx_word' id='word_1_909' title='bbox 2163 5242 2282 5297; x_wconf 87' lang='lat' dir='ltr'><strong>sine</strong></span> <span class='ocrx_word' id='word_1_910' title='bbox 2310 5242 2473 5297; x_wconf 89' lang='lat' dir='ltr'><strong>dubio</strong></span> <span class='ocrx_word' id='word_1_911' title='bbox 2505 5241 2887 5308; x_wconf 70' lang='lat' dir='ltr'><strong>exstinguctur</strong></span> <span class='ocrx_word' id='word_1_912' title='bbox 2916 5241 3131 5295; x_wconf 83' lang='lat' dir='ltr'><strong>lucerna</strong></span> <span class='ocrx_word' id='word_1_913' title='bbox 3154 5280 3167 5303; x_wconf 95' lang='lat'><strong>,</strong></span> <span class='ocrx_word' id='word_1_914' title='bbox 3194 5247 3249 5292; x_wconf 86' lang='lat' dir='ltr'><strong>et</strong></span> <span class='ocrx_word' id='word_1_915' title='bbox 3278 5254 3387 5294; x_wconf 87' lang='lat' dir='ltr'><strong>non</strong></span> <span class='ocrx_word' id='word_1_916' title='bbox 3412 5237 3519 5292; x_wconf 87' lang='lat' dir='ltr'><strong>erit</strong></span> <span class='ocrx_word' id='word_1_917' title='bbox 3552 5236 3727 5289; x_wconf 86' lang='lat' dir='ltr'><strong>lumen</strong></span> 
     </span>
    </p>
   </div>
   <div class='ocr_carea' id='block_1_114' title="bbox 2152 5369 3728 5439">
    <p class='ocr_par' dir='ltr' id='par_1_114' title="bbox 2152 5369 3728 5439">
     <span class='ocr_line' id='line_1_116' title="bbox 2152 5369 3728 5439; baseline -0.003 -12"><span class='ocrx_word' id='word_1_918' title='bbox 2152 5378 2192 5409; x_wconf 73' lang='grc' dir='ltr'><strong>θ’</strong></span> <span class='ocrx_word' id='word_1_919' title='bbox 2233 5375 2397 5427; x_wconf 85' lang='lat' dir='ltr'><strong>Marc.</strong></span> <span class='ocrx_word' id='word_1_920' title='bbox 2442 5389 2513 5439; x_wconf 88' lang='lat' dir='ltr'><strong>tv,</strong></span> <span class='ocrx_word' id='word_1_921' title='bbox 2562 5376 2646 5427; x_wconf 78' lang='grc'><strong>14.</strong></span> <span class='ocrx_word' id='word_1_922' title='bbox 2772 5374 3013 5430; x_wconf 72' lang='grc' dir='ltr'><strong>θὈηΙιιι.</strong></span> <span class='ocrx_word' id='word_1_923' title='bbox 3046 5391 3116 5436; x_wconf 90' lang='lat' dir='ltr'><strong>tv,</strong></span> <span class='ocrx_word' id='word_1_924' title='bbox 3148 5373 3232 5428; x_wconf 75' lang='grc'><strong>19.</strong></span> <span class='ocrx_word' id='word_1_925' title='bbox 3339 5371 3385 5404; x_wconf 75' lang='grc'><em>’³</em></span> <span class='ocrx_word' id='word_1_926' title='bbox 3413 5369 3513 5425; x_wconf 84' lang='lat' dir='ltr'><strong>Isa.</strong></span> <span class='ocrx_word' id='word_1_927' title='bbox 3577 5382 3728 5433; x_wconf 75' lang='lat' dir='ltr'><strong>xxvi,</strong></span> 
     </span>
    </p>
   </div>
   <div class='ocr_carea' id='block_1_115' title="bbox 557 5559 2809 5631">
    <p class='ocr_par' dir='ltr' id='par_1_115' title="bbox 557 5559 2809 5631">
     <span class='ocr_line' id='line_1_117' title="bbox 557 5559 2809 5631; baseline -0.004 -11"><span class='ocrx_word' id='word_1_928' title='bbox 557 5564 671 5631; x_wconf 82' lang='lat'><strong>(99)</strong></span> <span class='ocrx_word' id='word_1_929' title='bbox 713 5565 869 5620; x_wconf 87' lang='lat' dir='ltr'><strong>Libb.</strong></span> <span class='ocrx_word' id='word_1_930' title='bbox 918 5567 1066 5629; x_wconf 86' lang='lat' dir='ltr'><strong>editi,</strong></span> <span class='ocrx_word' id='word_1_931' title='bbox 1111 5584 1127 5615; x_wconf 78' lang='grc' dir='ltr'><strong>ι</strong></span> <span class='ocrx_word' id='word_1_932' title='bbox 1172 5566 1236 5619; x_wconf 88' lang='lat' dir='ltr'><strong>de</strong></span> <span class='ocrx_word' id='word_1_933' title='bbox 1270 5566 1457 5619; x_wconf 88' lang='lat' dir='ltr'><strong>diebus</strong></span> <span class='ocrx_word' id='word_1_934' title='bbox 1503 5562 1865 5625; x_wconf 54' lang='lat' dir='ltr'><strong>solentt‘tilms,</strong></span> <span class='ocrx_word' id='word_1_935' title='bbox 1908 5580 1925 5611; x_wconf 78' lang='grc' dir='ltr'><strong>ι</strong></span> <span class='ocrx_word' id='word_1_936' title='bbox 1964 5560 2056 5615; x_wconf 83' lang='lat' dir='ltr'><strong>sed</strong></span> <span class='ocrx_word' id='word_1_937' title='bbox 2093 5575 2220 5614; x_wconf 79' lang='lat' dir='ltr'><strong>mss.</strong></span> <span class='ocrx_word' id='word_1_938' title='bbox 2263 5567 2319 5611; x_wconf 92' lang='lat' dir='ltr'><strong>ut</strong></span> <span class='ocrx_word' id='word_1_939' title='bbox 2350 5559 2399 5614; x_wconf 89' lang='lat' dir='ltr'><strong>in</strong></span> <span class='ocrx_word' id='word_1_940' title='bbox 2433 5569 2615 5615; x_wconf 82' lang='lat' dir='ltr'><strong>nostro</strong></span> <span class='ocrx_word' id='word_1_941' title='bbox 2640 5570 2809 5615; x_wconf 80' lang='lat' dir='ltr'><strong>textu.</strong></span> 
     </span>
    </p>
   </div>
  </div>
