4106 6246
414 288 519 344 545

1553 284 1623 339 IN
1664 282 2043 340 LEVITICUM
2082 282 2364 341 HOMILIA
2398 282 2535 340 XIII.

3561 292 3670 348 546

414 414 469 465 ἱιι
500 409 730 465 sanctis.
762 408 1073 465 Secundum
1106 409 1340 464 litteram
1363 420 1493 478 ergo
1522 404 1635 462 haec
1656 416 1777 462 erat
1798 421 1993 463 consc-
2023 414 2065 470 Α
2095 406 2203 460 alio
2238 405 2354 460 loco
2407 405 2615 460 semitae
2646 412 2866 459 aeternae
2926 407 3295 464 nominantur.
3345 411 3481 478 Quia
3532 425 3670 482 ergo

414 504 677 572 quentia,
716 511 773 555 ut
805 502 1077 556 conferret
1120 500 1348 570 populus
1390 500 1568 556 oleum
1612 500 1874 553 mundum
1924 501 1993 555 de

416 597 577 650 olivis
610 609 960 664 expressum,
1000 602 1059 647 ut
1117 608 1182 645 ex
1233 607 1297 645 co
1349 593 1758 646 ministraretur
1811 592 1991 646 lumen

420 688 689 752 lucernae;
728 695 782 739 et
810 684 988 738 Aaron
1040 684 1372 738 accendebat
1404 684 1653 738 lucernas
1689 698 1718 735 a
1765 698 1990 753 vespera

420 793 589 846 usque
627 792 807 839 mane,
852 774 1104 829 fomentis
1145 775 1250 828 olei
1285 776 1428 843 quod
1464 774 1773 830 contulerat
1820 790 1988 845 popu-

417 869 521 933 Ius,
554 867 740 921 lumini
768 866 1022 935 pabulum
1053 869 1319 936 prmbens.

484 959 538 1012 Ξ.
575 957 769 1013 Verum
814 959 1067 1026 quoniam
1112 958 1198 1012 lex
1230 956 1492 1027 Spiritalis
1527 966 1644 1021 est,
1678 966 1925 1025 petamus
1958 972 1987 1011 a

419 1051 653 1104 Domino
700 1050 769 1119 (si
806 1059 989 1105 tamen
1028 1050 1275 1103 conversi
1325 1064 1512 1103 sumus
1564 1050 1629 1102 ad
1685 1048 1988 1119 Dominum)

418 1143 622 1195 auferri
677 1142 837 1195 nobis
866 1141 1117 1195 velamen
1156 1141 1223 1194 de
1270 1140 1499 1194 lectione
1539 1140 1753 1194 Veteris
1797 1138 1988 1193 Testa-

417 1235 609 1298 menti,
647 1239 705 1285 ut
736 1232 1012 1301 possimus
1039 1232 1321 1286 advertere
1346 1247 1464 1301 quae
1506 1232 1644 1284 ratio
1671 1230 1742 1284 sit
1787 1233 1988 1285 cande-

418 1323 580 1389 labri,
614 1323 692 1376 vel
725 1323 1067 1377 lucernarum
1098 1319 1214 1389 ejus
1244 1322 1541 1375 secundum
1580 1320 1989 1389 intelligentiam

416 1414 733 1483 spiritalem.
760 1414 902 1468 Ante
926 1413 1215 1467 adventum
1235 1410 1449 1466 Domini
1480 1411 1584 1464 mei
1602 1408 1730 1464 Jesu
1759 1410 1991 1475 Christi,

416 1505 498 1560 sol
522 1520 626 1559 non
656 1507 930 1559 oriebatur
962 1501 1159 1573 populo
1202 1501 1504 1566 lsrael,sed
1530 1501 1767 1555 lucernae
1794 1501 1993 1555 lumine

414 1602 685 1654 utebatur.
718 1597 961 1651 Lucerna
993 1598 1138 1649 enim
1162 1602 1279 1649 erat
1311 1594 1454 1663 apud
1487 1608 1580 1648 eos
1615 1609 1797 1648 sermo
1833 1594 1988 1663 legis,

414 1698 469 1743 et
506 1702 687 1743 sermo
718 1686 1091 1755 prepheticus,
1124 1684 1265 1738 intra
1306 1693 1567 1755 angustos
1615 1685 1868 1740 conclusa
1891 1699 1990 1754 pa-

2095 500 2391 555 secundum
2417 500 2708 573 quamdam
2739 500 3024 568 mysticam
3068 504 3332 557 rationem
3378 505 3667 563 inferiores

2094 601 2278 660 partes
2329 598 2600 644 creatura:
2636 591 2870 644 mundus
2914 591 3001 645 hic
3042 592 3380 661 intelligitur,
3422 596 3543 651 ideo
3586 597 3666 651 luo

2094 697 2257 737 cerna
2297 682 2427 752 legis
2460 682 2570 747 his,
2597 683 2689 751 qui
2748 684 2798 736 in
2845 683 2948 736 hoc
2984 684 3184 736 mundo
3217 694 3469 753 tanquam
3503 690 3666 744 totius

2093 781 2357 827 creaturae
2398 772 2558 840 pedes
2582 780 2728 835 sunt,
2757 786 2988 831 accensa
3017 786 3369 827 memoratur.
3411 775 3523 831 Lux
3566 794 3663 832 au-

2094 872 2200 919 tem
2247 872 2451 916 :eterna
2493 863 2601 916 erit
2644 861 2751 915 illis
2789 864 3021 926 semitis,
3064 880 3159 932 per
3206 882 3341 934 quas
3380 870 3429 921 in
3487 870 3666 927 futuro

2092 954 2288 1009 saeculo
2313 954 2685 1023 unusquisque
2726 968 2824 1021 pro
2858 955 3065 1010 meritis
3098 958 3330 1011 incedet.
3356 960 3458 1014 Sed
3490 963 3556 1016 de
3582 965 3663 1017 his

2095 1048 2145 1099 in
2177 1061 2276 1099 suo
2309 1045 2431 1100 loco
2462 1045 2800 1101 sufﬁcienter
2840 1063 2935 1118 pro
2982 1051 3183 1103 nostris
3216 1052 3423 1108 viribus
3464 1056 3662 1109 dictum

2091 1144 2197 1189 est.
2234 1134 2389 1189 Nunc
2416 1151 2545 1205 ergo
2591 1138 2846 1204 quoniam
2879 1152 3102 1205 vespera
3139 1148 3221 1193 est
3272 1151 3324 1193 et
3354 1158 3459 1197 nox
3495 1161 3667 1214 usque

2093 1225 2160 1278 ad
2187 1228 2710 1279 consummationem
2741 1228 2947 1290 saeculi,
2981 1238 3033 1282 et
3056 1245 3337 1301 usquequo
3363 1250 3531 1291 novus
3547 1238 3666 1292 dies

2094 1317 2256 1371 futuri
2291 1318 2473 1372 sarculi
2503 1329 2556 1373 et
2591 1334 2743 1373 novae
2776 1321 2913 1374 lucis
2940 1322 3217 1393 eiTulgeat,
3250 1328 3401 1379 ardet
3448 1330 3665 1383 unicui-

2092 1422 2198 1475 que
2245 1419 2495 1461 nostrum
2557 1408 2779 1463 lucerna
2833 1412 2968 1475 haec,
3012 1413 3279 1467 iutantmu
3327 1420 3663 1486 splendorem

2092 1497 2311 1554 luminis
2346 1501 2614 1568 praebens,
2639 1511 2897 1569 quantum
2939 1504 3043 1558 olei
3079 1508 3232 1575 copia
3259 1508 3505 1564 ubertate
3532 1527 3663 1580 ope«

2091 1606 2209 1643 rum
2242 1591 2402 1645 fuerit
2444 1592 2783 1649 ministrata.
2829 1595 3072 1665 Denique
3112 1607 3167 1652 et
3210 1597 3312 1653 Job
3347 1601 3397 1653 in
3429 1604 3663 1671 quodam

2090 1678 2227 1743 loco,
2257 1697 2377 1734 cum
2406 1681 2545 1735 bona
2580 1698 2804 1753 operum
2850 1703 3071 1742 suorum
3106 1702 3421 1759 exponeret,
3459 1695 3666 1750 addidit

415 1780 613 1843 rietes,
652 1792 771 1847 qua:
818 1792 923 1830 non
978 1784 1198 1845 poterat
1242 1775 1297 1829 in
1349 1774 1534 1829 orbem
1587 1782 1745 1829 terra:
1805 1774 1987 1831 lutnen
2021 1762 2061 1815 Β
2089 1771 2253 1825 etiam
2283 1772 2387 1826 hoc
2410 1773 2431 1803 ⁸
2462 1788 2475 1825 :
2515 1791 2532 1823 ι
2561 1774 2693 1828 Cum
2734 1775 3065 1845 splenderet,
3096 1777 3293 1847 inquit,
3323 1780 3539 1835 lucerna
3576 1798 3667 1836 su-

414 1868 715 1922 etl'undere.
770 1868 917 1921 lutra
970 1866 1216 1922 Judaeum
1271 1879 1508 1934 namque
1565 1866 1989 1922 concludebatur

417 1960 646 2014 scicntia
674 1959 787 2025 Dei,
821 1961 958 2015 sicut
984 1970 1038 2014 et
1079 1960 1347 2028 Propheta
1384 1958 1580 2011 dicit”
1617 1974 1631 2012 :
1662 1976 1679 2010 ι
1714 1957 1886 2015 Notus
1934 1963 1989 2015 in

415 2052 601 2107 Judaea
641 2054 799 2108 Deus.
838 2070 857 2104 ι
892 2051 992 2106 Ubi
1025 2067 1152 2107 vero
1185 2064 1409 2109 exortus
1432 2063 1516 2110 est
1539 2054 1617 2109 soi
1638 2052 1862 2123 justitiae
1889 2054 1989 2110 Do-

415 2145 598 2199 minus
641 2153 695 2200 et
733 2144 980 2199 Salvator
1010 2153 1218 2209 noster,
1259 2154 1312 2200 et
1360 2156 1520 2201 natus
1557 2155 1641 2201 est
1670 2147 1753 2201 vir
1784 2149 1850 2202 de
1882 2163 1990 2217 quo

414 2237 675 2305 scriptum
700 2246 783 2290 est
809 2235 825 2266 ¹
860 2257 871 2291 :
910 2253 928 2287 ι
964 2237 1107 2291 Ecce
1132 2236 1236 2305 vir,
1276 2234 1472 2292 Oriens
1506 2254 1700 2293 nomen
1731 2249 1817 2294 est
1840 2240 1924 2305 ei;
1964 2260 1982 2293 ι

411 2342 512 2395 per
553 2328 866 2382 universum
914 2330 1178 2383 tnundum
1226 2329 1470 2385 scientiae
1503 2330 1597 2385 Dei
1630 2332 1811 2387 lumen
1854 2332 1989 2386 etfu-

412 2434 531 2471 sum
556 2429 660 2474 est.
685 2419 877 2476 Sermo
905 2436 1034 2492 ergo
1059 2422 1208 2493 legis,
1230 2434 1284 2478 et
1301 2438 1480 2477 sermo
1503 2425 1851 2493 propheticus
1872 2435 1989 2480 erat

412 2510 634 2564 lucerna
663 2511 882 2577 ardens,
914 2515 1010 2568 sed
1050 2514 1283 2570 ardebat
1327 2515 1467 2569 intra
1498 2517 1687 2580 aedem,
1722 2531 1822 2571 nec
1848 2517 1986 2571 ultra

412 2612 625 2672 poterat
674 2606 925 2662 emittere
977 2607 1326 2677 splendorem
1378 2624 1560 2664 suum.
1602 2609 1758 2676 Quod
1803 2620 1983 2664 autem

412 2710 594 2751 sermo
622 2696 755 2767 legis
780 2708 836 2753 et
864 2701 1253 2769 prophetarum
1283 2701 1506 2757 lucerna
1544 2701 1776 2768 dicatur,
1807 2703 1987 2757 Domi-

411 2803 514 2843 nus
562 2789 676 2857 ipse
712 2804 813 2845 nos
841 2791 1025 2846 docuit
1059 2792 1247 2848 dicens
1292 2794 1360 2849 de
1408 2793 1618 2851 Joanne
1648 2794 1887 2863 Baptista
1917 2796 1982 2846 ἐ

414 2897 435 2931 ι
457 2879 551 2936 llle
576 2889 693 2936 erat
724 2881 942 2937 lucerna
976 2885 1174 2941 ardens
1203 2895 1256 2941 et
1282 2886 1491 2951 lucens,
1531 2895 1583 2942 et
1613 2902 1708 2941 vos
1740 2886 1985 2942 voluistis

409 2973 476 3027 ad
506 2972 694 3027 horam
722 2973 996 3031 exsultare
1026 2976 1079 3030 in
1108 2975 1311 3033 lumine
1337 2976 1475 3046 ejus.
1504 2996 1522 3030 ι
1544 2977 1612 3032 Et
1634 2978 1759 3032 alibi
1791 2979 1919 3032 dicit
1944 2979 1984 3043 ³,

2087 1876 2184 1930 per
2215 1874 2380 1931 caput
2438 1878 2638 1918 meum.
2682 1885 2701 1917 ι
2750 1865 3013 1935 Splendet
3062 1884 3192 1938 ergo
3226 1872 3516 1940 unicuique
3567 1888 3666 1928 no-

2089 1963 2262 2008 strum
2304 1955 2525 2009 lucerna
2564 1957 2704 2021 haec,
2736 1959 3056 2026 inquantum
3085 1962 3205 2015 oleo
3237 1964 3500 2019 bonorum
3537 1980 3667 2035 ope-

2089 2063 2208 2101 rum
2240 2047 2402 2101 fuerit
2426 2062 2678 2102 accensa.
2705 2047 2760 2102 Si
2779 2059 2956 2101 autem
2986 2051 3128 2105 male
3151 2068 3398 2121 agamus,
3423 2068 3475 2111 et
3499 2075 3663 2127 opera

2089 2151 2272 2191 nostra
2308 2138 2447 2190 mala
2480 2139 2608 2205 sint,
2639 2154 2744 2192 non
2788 2139 2963 2193 solum
3009 2156 3113 2194 non
3166 2146 3541 2211 accendimus,
3571 2148 3665 2201 sed

2089 2232 2488 2302 exstinguimus
2519 2230 2674 2285 nobis
2701 2232 2865 2284 istam
2897 2232 3173 2287 lucernam
3220 2252 3233 2288 :
3277 2246 3331 2289 et
3361 2239 3664 2305 completur

2088 2323 2141 2377 in
2196 2324 2351 2377 nobis
2402 2323 2552 2387 illud,
2576 2322 2721 2391 quod
2775 2322 3057 2393 Scriptura
3093 2327 3223 2380 dicit
3252 2329 3303 2393 ⁷,
3335 2330 3462 2399 quia
3516 2349 3535 2381 ι
3571 2334 3665 2400 qui

2089 2416 2228 2471 tnale
2285 2418 2414 2486 agit,
2477 2417 2531 2470 iu
2590 2418 2831 2472 tenebris
2888 2427 2991 2483 est,
3026 2430 3080 2473 et
3128 2421 3218 2488 qui
3271 2422 3385 2475 odit
3437 2422 3661 2479 fratrem

2087 2524 2267 2574 suum,
2296 2510 2349 2562 in
2388 2510 2626 2564 tenebris
2650 2504 2959 2566 ambulat.)
2994 2512 3263 2567 Exstinxit
3311 2516 3453 2568 enim
3484 2516 3665 2571 lucer-

2086 2617 2214 2655 nam
2246 2601 2550 2667 charitatis,
2584 2613 2639 2656 et
2676 2604 2800 2658 ideo
2827 2606 2876 2658 in
2901 2607 3139 2661 tenebris
3172 2606 3434 2661 ambulat.
3466 2611 3663 2663 Annon

2087 2693 2185 2748 tibi
2211 2694 2423 2749 videtur
2454 2695 2784 2751 exstinxisse
2814 2696 3114 2761 lucernam,
3146 2701 3234 2767 qui
3267 2700 3446 2753 lumen
3479 2702 3664 2754 chari-

2083 2787 2215 2842 tatis
2242 2787 2539 2842 exstinxit?
2562 2789 2662 2855 Qui
2696 2799 2875 2843 autem
2899 2790 3073 2859 diligit
3108 2790 3354 2858 fratrem,
3391 2793 3442 2846 in
3480 2794 3662 2847 chari-

2090 2878 2221 2933 tatis
2244 2879 2364 2934 luce
2394 2880 2671 2950 perdurat,
2706 2890 2759 2936 et
2786 2899 2907 2937 cum
2938 2882 3134 2937 ﬁducia
3169 2894 3344 2953 potest
3375 2886 3555 2941 dicere
3585 2887 3608 2918 ³
3643 2903 3656 2939 :

2091 2986 2111 3022 ι
2150 2969 2262 3039 Ego
2295 2980 2472 3026 autem
2506 2973 2649 3026 sicut
2675 2973 2814 3027 oliva
2856 2974 3135 3030 fructifera
3177 2977 3231 3030 in
3279 2978 3440 3033 domo
3489 2980 3603 3043 Dei,
3641 3004 3657 3034 ι

407 3064 534 3135 quia
569 3083 589 3117 ι
626 3065 709 3120 lex
738 3076 791 3120 et
824 3068 1099 3136 prophetae
1125 3084 1296 3139 usque
1324 3071 1391 3125 ad
1417 3070 1700 3125 Joannem.
1724 3089 1744 3122 ι
1780 3070 1987 3126 Lucer-
2012 3103 2057 3162 α
2087 3063 2191 3117 et”:
2211 3062 2364 3117 «Filii
2395 3062 2510 3129 ejus
2538 3064 2677 3118 sicut
2710 3066 2934 3119 novella:
2964 3066 3225 3121 olivarum
3246 3069 3321 3138 (i)
3353 3070 3405 3123 in
3431 3071 3661 3126 circuitu

409 3172 479 3210 na
532 3157 717 3227 itaque
757 3159 955 3213 ardens
981 3158 1325 3225 estJoannes,
1347 3164 1520 3230 inquo
1548 3160 1982 3216 lexconcluditur

407 3257 464 3301 et
491 3248 790 3316 prOphetac.
827 3248 1003 3304 Donec
1026 3265 1153 3319 ergo
1177 3253 1402 3321 populus
1423 3252 1512 3307 ille
1541 3253 1775 3307 habebat
1801 3252 1979 3307 oleum

408 3341 551 3409 quod
580 3340 939 3397 conferretad
967 3343 1174 3410 lumen,
1202 3344 1427 3399 lucerna
1450 3360 1553 3397 non
1576 3352 1661 3398 est
1691 3345 1977 3399 exstincta.

410 3431 514 3487 Ubi
551 3447 677 3486 vero
715 3433 909 3487 defecit
943 3435 994 3487 in
1027 3436 1107 3488 eis
1140 3435 1319 3488 oleum
1367 3435 1772 3497 misericordiae,
1803 3434 1978 3487 oleum

407 3537 629 3592 operum
666 3525 1070 3588 bonorum,uec
1098 3525 1315 3579 inventa
1349 3535 1433 3579 est
1455 3526 1593 3594 apud
1625 3539 1718 3579 eos
1746 3526 1976 3594 paritas,

406 3630 600 3683 purum
627 3631 860 3685 namque
884 3616 1060 3672 oleum
1086 3618 1428 3686 quaerebatur
1450 3618 1514 3671 ad
1542 3616 1745 3682 lumen,
1772 3626 1825 3670 et
1851 3615 1976 3684 quia

405 3707 601 3763 defecit
635 3708 685 3762 in
715 3709 794 3763 eis
827 3708 1003 3764 oleum
1048 3709 1469 3773 misericordiaz,
1522 3708 1831 3763 necessario
1882 3723 1978 3761 ex-

402 3803 599 3858 stincta
634 3803 852 3859 lucerna
881 3810 981 3857 est.
1013 3801 1121 3859 Sed
1151 3802 1276 3872 quid
1304 3803 1544 3857 dicemus
1569 3802 1698 3872 quia
1726 3802 1829 3856 illis
1864 3801 1977 3856 haec

402 3900 722 3957 evenerunt,
753 3906 783 3945 a
819 3893 976 3947 nobis
1007 3905 1142 3947 vero
1172 3890 1354 3945 aliena
1386 3901 1512 3945 sunt
1550 3891 1690 3945 ista?
1714 3892 1828 3946 Ιιιιο
1857 3908 1971 3945 ma-

397 3987 485 4058 jor
512 4002 639 4041 cura
668 3997 751 4043 est
782 3986 1097 4043 Christiano
1120 3986 1225 4042 olei
1260 3987 1636 4055 conquirendi.
1669 3986 1801 4043 Vide
1828 3990 1973 4043 enim

407 4078 566 4151 255
592 4080 860 4149 quomodo
891 4080 1154 4134 Dominus
1172 4079 1225 4133 in
1248 4078 1594 4149 Evangeliis‘
1612 4094 1711 4149 per
1744 4081 1975 4149 parabo.

402 4172 510 4226 lam
547 4172 739 4227 stultas
763 4172 1000 4242 virgines
1027 4172 1428 4242 nominat,quae
1458 4171 1634 4226 oleum
1666 4188 1771 4228 non
1791 4185 1973 4242 porta-

404 4262 534 4317 bant
566 4265 616 4317 in
643 4263 876 4317 vasculis
898 4264 1047 4328 suis;
1078 4271 1133 4318 et
1174 4262 1446 4317 intantum
1492 4263 1705 4329 stultas,
1740 4273 1801 4318 ut
1840 4279 1972 4333 quo-

401 4355 547 4408 niam
599 4352 768 4408 defuit
797 4355 876 4409 eis
916 4355 1092 4409 oleum
1128 4355 1194 4409 ad
1227 4356 1640 4409 succendendas
1689 4356 1970 4426 lampades

2091 3170 2291 3209 mensa:
2314 3156 2454 3224 ejus.
2491 3175 2510 3208 ι
2544 3156 2731 3213 Oleum
2762 3172 2893 3227 ergo
2924 3155 3110 3213 offerri
3140 3159 3361 3227 jubetur
3390 3177 3417 3213 a
3442 3164 3659 3230 populo,

2087 3256 2143 3300 et
2174 3247 2356 3301 oleum
2400 3262 2504 3301 non
2556 3249 2957 3319 qualecunque,
3004 3251 3095 3305 sed
3145 3252 3433 3317 mundum,
3466 3264 3658 3305 etnon

2089 3354 2157 3391 ex
2181 3338 2597 3407 quibuscunque
2623 3341 2927 3393 seminibus
2955 3342 3032 3409 (ut
3089 3341 3202 3394 fieri
3235 3343 3463 3396 diversis
3494 3342 3545 3394 in
3578 3358 3662 3397 re-

2088 3432 2337 3500 gionibus
2373 3446 2488 3485 mos
2518 3434 2644 3497 est),
2680 3434 2773 3486 sed
2804 3434 2870 3486 de
2893 3434 3047 3487 olivis
3077 3449 3417 3502 expressum,
3453 3436 3502 3487 in
3539 3441 3656 3504 qui-

2087 3526 2186 3579 bus
2212 3525 2466 3578 iudicium
2498 3525 2651 3595 pacis
2679 3527 3005 3580 ostenditur.
3052 3526 3234 3594 Neque
3263 3527 3408 3581 enim
3438 3541 3658 3596 accepta

2086 3625 2314 3683 possunt
2341 3628 2462 3668 esse
2493 3615 2604 3669 Deo
2639 3630 2805 3683 Opera
2842 3625 2952 3679 tua,
2993 3615 3095 3670 nisi
3129 3617 3181 3670 in
3220 3633 3353 3685 pace
3391 3633 3662 3693 peragan-

2090 3718 2176 3761 tur
2211 3722 2224 3759 :
2254 3708 2397 3760 sicut
2423 3717 2477 3760 et
2503 3705 2739 3762 Jacobus
2771 3708 3049 3775 apostolus
3079 3709 3213 3762 dicit
3245 3710 3288 3741 ⁸⁸
3322 3731 3331 3764 :
3367 3727 3385 3758 ι
3426 3709 3661 3765 Fructus

2086 3806 2267 3850 autem
2309 3795 2537 3862 justitiae
2590 3796 2642 3850 in
2704 3813 2838 3867 pace
2887 3798 3210 3853 seminatur.
3251 3817 3270 3850 ι
3319 3800 3384 3853 Ει
3434 3801 3658 3865 idcirco,

2084 3886 2271 3945 credo,
2300 3886 2463 3940 etiam
2498 3887 2758 3943 Dominus
2789 3888 3067 3958 discipulis
3086 3892 3199 3945 suis
3227 3891 3472 3944 tradebat
3503 3892 3660 3946 ﬁdele

2082 3980 2389 4049 depositum
2420 3980 2604 4036 dicens
2637 3982 2677 4012 “
2708 3999 2722 4035 :
2759 4001 2777 4034 ι
2810 3982 3005 4037 Pacem
3043 3999 3217 4038 meam
3254 3985 3323 4039 do
3356 3985 3528 4045 vobis,
3562 3999 3659 4053 pa.

2081 4093 2196 4137 cem
2216 4096 2390 4135 meam
2423 4080 2671 4149 relinquo
2699 4079 2869 4133 vobis.
2902 4098 2917 4128 ι
2941 4078 3014 4131 De
3043 4078 3145 4131 hac
3164 4092 3295 4146 ergo
3324 4077 3463 4132 oliva
3481 4076 3655 4131 oleum

2080 4186 2392 4241 premamus
2428 4187 2651 4241 operum
2676 4179 3015 4235 nostrorum,
3053 4183 3118 4222 ex
3143 4184 3250 4238 quo
3284 4168 3507 4224 lucerna
3547 4169 3654 4223 Do-

2080 4267 2227 4319 mino
2268 4266 2439 4336 possit
2467 4265 2712 4331 accendi,
2747 4273 2803 4317 ut
2826 4264 2997 4318 nonin
3033 4262 3268 4318 tenebris
3299 4264 3653 4318 ambulemus.

2079 4356 2203 4412 Ilaec
2236 4357 2455 4426 quidem
2486 4371 2515 4409 a
2551 4357 2707 4410 nobis
2738 4354 2881 4410 dicta
2917 4363 3068 4419 sunt,
3091 4363 3349 4423 quantum
3374 4353 3442 4406 ad
3474 4352 3654 4407 lucer-

400 4462 552 4511 suas,
586 4445 839 4501 thalamis
863 4446 1099 4501 exclusa:
1130 4446 1239 4501 sint
1270 4447 1601 4516 nuptiarum,
1634 4464 1733 4503 nec
1752 4450 1973 4518 pulsan-
2003 4462 2048 4516 1)
2079 4464 2202 4503 nam
2236 4446 2553 4502 candelabri
2586 4454 2641 4500 et
2673 4445 2851 4500 oleum
2889 4446 3007 4513 ejus
3036 4453 3267 4514 spectat.

402 4540 545 4594 tibus
575 4554 694 4608 quae
724 4539 827 4594 olei
862 4554 1048 4592 curam
1075 4538 1447 4608 neglexerant,
1478 4539 1615 4593 ultra
1641 4541 1973 4611 aperirijus-

398 4632 533 4685 serit
567 4646 817 4702 sponsus.
843 4630 1058 4686 Memini
1109 4640 1287 4685 tamen
1331 4630 1529 4685 dudum
1556 4646 1652 4685 nos
1688 4648 1810 4686 cum
1841 4650 1972 4688 cen-

399 4724 577 4777 tesimi
629 4724 826 4778 decimi
880 4722 1060 4778 octavi
1117 4722 1311 4791 psalmi
1362 4737 1764 4791 exponeremus
1817 4724 1968 4779 illum

397 4813 748 4879 versiculum,
778 4814 830 4868 in
874 4830 982 4885 quo
1012 4813 1274 4882 scriptum
1307 4824 1391 4868 est
1417 4813 1437 4844 ⁵
1471 4827 1485 4866 :
1528 4831 1546 4865 ι
1600 4813 1847 4870 Lucerna
1879 4830 1969 4883 pe-

396 4905 555 4962 dibus
610 4907 745 4962 meis
788 4909 873 4961 lex
922 4917 1032 4974 tua,
1087 4907 1337 4973 Domine,
1393 4916 1448 4961 et
1514 4907 1693 4962 lumen
1752 4909 1969 4963 semitis

395 4999 556 5065 meis,
586 5018 605 5052 ι
636 5000 1011 5054 diversitatem
1058 5000 1293 5055 lucerna!
1346 5008 1393 5053 ct
1432 5000 1570 5053 lucis
1618 5016 1714 5069 pro
1766 5001 1973 5057 viribus

394 5088 716 5143 ostendisse.
748 5089 1068 5144 Dicebamus
1099 5092 1246 5144 enim
1279 5092 1423 5158 quod
1448 5090 1725 5144 lucernam
1752 5092 1973 5159 quidem

395 5181 646 5250 pedibus,
696 5181 747 5235 id
788 5189 872 5235 est
908 5180 1255 5235 inferioribus
1289 5182 1532 5249 corporis
1582 5182 1832 5249 partibus
1878 5182 1972 5235 de-

396 5271 622 5339 putarit,
645 5271 821 5326 lucem
860 5286 988 5326 vero
1023 5270 1230 5325 semitis
1254 5270 1488 5337 dederit,
1530 5286 1651 5340 qua:
1675 5274 1887 5325 semitae
1921 5272 1972 5326 in

463 5435 507 5467 ⁹⁹
538 5434 680 5489 Psal.
709 5452 893 5498 Lxxvi,
937 5435 988 5490 1.
1054 5436 1070 5466 ¹
1102 5435 1268 5489 Zach.
1299 5449 1370 5498 Vt,
1400 5436 1486 5489 I2.
1546 5436 1565 5466 ²
1587 5434 1803 5499 Joan.v,
1841 5435 1932 5489 55.

396 5505 417 5536 ⁸
446 5501 547 5559 Job
578 5522 730 5569 xxix,
762 5508 813 5563 ’5.
894 5508 913 5538 ⁷
948 5506 963 5558 l
995 5503 1153 5560 Joan.
1178 5521 1236 5567 ιι,
1272 5505 1357 5558 Η.
1433 5507 1454 5538 ⁸
1486 5504 1738 5571 Psa|.t.tt,
1770 5506 1822 5559 8.

400 5576 444 5608 ³³
482 5576 808 5641 Levit.‘xxtv,
837 5576 869 5629 5
919 5584 971 5631 et
1016 5592 1171 5646 seqq.

2012 5434 2031 5464 ³
2064 5433 2194 5489 Luc.
2234 5448 2345 5497 xvr,
2384 5432 2499 5488 I6-
2547 5432 2568 5462 "
2603 5432 2794 5485 Matth.
2833 5449 2999 5487 xxv.”

1900 5508 1920 5536 ’
1950 5503 2094 5559 Psal.
2124 5518 2329 5569 cxxvu,
2366 5503 2422 5557 5.

2152 4541 2205 4594 5.
2240 4538 2393 4593 Nunc
2416 4553 2544 4593 vero
2570 4538 2850 4590 videamus
2867 4538 2995 4605 quid
3029 4538 3193 4589 etiam
3231 4537 3281 4589 in
3312 4549 3653 4602 consequen-

2084 4632 2225 4687 tibus
2261 4631 2327 4685 de
2359 4630 2587 4700 panibus
2631 4630 3021 4697 propositionis
3078 4629 3345 4697 scriptum
3390 4632 3479 4683 sit.
3513 4646 3532 4679 ι
3585 4630 3653 4683 Ει

2080 4724 2328 4787 sumetis,
2374 4721 2547 4791 inquit
2584 4721 2647 4786 ",
2691 4720 3075 4791 similagiuem,
3128 4731 3181 4776 et
3236 4722 3445 4774 facietis
3484 4722 3548 4774 de
3587 4735 3650 4773 ea

2076 4813 2359 4868 duodecim
2386 4826 2572 4881 panes.
2603 4811 2678 4865 De
2692 4813 2898 4866 duabus
2922 4813 3148 4866 decimis
3171 4814 3275 4865 erit
3305 4828 3440 4864 unus
3473 4811 3648 4878 panis,

2075 4919 2125 4963 et
2154 4907 2443 4975 imponetis
2477 4921 2570 4960 eos
2595 4906 2731 4959 duas
2756 4907 3076 4974 positiones,
3111 4920 3203 4959 sex
3228 4920 3394 4973 panes
3422 4920 3524 4957 una
3551 4921 3648 4971 μιν·

2073 5000 2202 5052 sitio
2233 5013 2395 5066 super
2422 5012 2664 5049 mensam
2708 4997 2962 5049 mundam
3000 5006 3188 5049 contra
3227 4995 3532 5048 Dominum.
3584 4993 3649 5045 Et

2074 5089 2366 5157 imponetis
2406 5103 2571 5156 super
2613 5087 2935 5156 positionem
2992 5088 3114 5139 thus
3170 5086 3452 5148 mundum,
3477 5094 3531 5137 et
3561 5098 3647 5137 sa-

2074 5179 2203 5245 lem,
2236 5192 2290 5233 et
2319 5188 2479 5233 erunt
2514 5194 2684 5248 panes
2725 5178 2775 5231 in
2815 5178 3387 5231 commemorationem
3414 5176 3645 5246 appositi

2077 5271 2305 5325 Domino
2340 5288 2353 5324 :
2403 5271 2489 5325 die
2537 5269 2887 5324 sabbatorum
2919 5278 3291 5337 preponeutur
3321 5277 3511 5323 contra
3544 5267 3645 5321 Dor

3035 5433 3057 5465 ⁸
3088 5432 3229 5487 Psal.
3261 5447 3456 5498 cxvnt,
3519 5430 3645 5486 105.

2506 5504 2548 5534 ¹⁰
2579 5503 2767 5558 Jacoh.
2804 5521 2884 5571 ιιι,
2936 5504 3021 5559 l8.
3134 5506 3172 5536 “
3209 5503 3365 5558 Joau.
3411 5503 3634 5569 x1v,27.

461 5716 537 5787 (l)
576 5715 730 5769 Libb.
768 5719 919 5777 editi,
951 5734 968 5767 ι
1005 5716 1145 5769 oliva
1181 5714 1409 5768 novella.
1452 5733 1470 5764 ι
1505 5714 1628 5768 Mss.
1667 5733 1683 5763 ι
1716 5714 1936 5768 novella:
1959 5712 2243 5769 oliVarunt.
2278 5728 2299 5762 ι
