4106 6246
499 311 599 365 ΚΠ
1950 300 2270 358 ORIGENIS
3641 304 3746 357 3’48

497 426 701 479 n.inum
733 435 944 492 semper
972 435 1002 475 a
1042 419 1166 475 filiis
1194 418 1382 485 lsrael,
1413 418 1463 473 in
1500 425 1884 474 testamentum
1906 426 2066 472 aeter-
2096 421 2138 477 Λ
2172 416 2271 471 bus
2311 414 2553 483 apposuit
2581 430 2594 478 ;
2659 425 2762 464 non
2800 410 2937 477 quod
2983 407 3054 461 ita
3107 423 3312 478 pauper
3340 415 3507 475 esset,
3536 416 3595 462 ut
3631 422 3739 461 non

498 530 647 570 num.
674 513 736 565 Et
765 519 925 567 erunt
968 510 1176 575 Aaron,
1209 520 1265 563 et
1296 508 1526 563 ﬁliorum
1560 507 1697 576 ejus,
1733 515 1787 562 ct
1814 509 1974 561 edent
2000 519 2063 560 ea
2171 506 2424 562 habuerit
2452 504 2529 577 (6)
2552 503 2805 566 similam,
2839 501 2929 569 qui
2958 500 3009 553 in
3035 500 3235 553 divitiis
3262 515 3366 554 non
3391 498 3620 553 inferior
3649 513 3739 567 pa-

498 604 553 658 in
596 604 711 657 loco
741 610 931 655 sancto
962 616 974 652 :
1000 610 1128 653 sunt
1158 600 1302 653 enim
1334 600 1535 653 Sancta
1569 605 1908 653 sanctorum.
1949 597 2066 651 Hoc
2170 606 2290 653 trtto
2328 597 2617 659 scribitur;
2652 594 2743 649 sed
2776 593 3054 660 utriusque
3090 592 3408 644 meritorum
3438 589 3743 647 differentia

493 694 600 749 erit
631 692 734 746 illis
787 692 855 745 de
901 691 980 745 eis
1006 705 1126 759 quae
1154 689 1463 745 offeruntur
1494 690 1721 745 Domino
1759 688 2062 759 legitimum
2166 705 2265 760 per
2309 691 2426 743 haec
2462 688 2776 755 designatur
2818 683 3010 737 indicia
3062 683 3247 750 :quod
3286 682 3331 735 is
3380 681 3598 749 quidem
3653 684 3741 739 cui

493 793 752 837 aeternum
790 780 886 852 (ἢ).
923 800 940 833 ι
978 781 1283 835 Secundum
1322 795 1385 834 ea
1419 795 1539 849 qua:
1576 780 1777 848 scripta
1828 787 1975 841 sunt,
2009 778 2060 831 in
2166 789 2321 835 erant
2352 794 2381 832 a
2406 777 2632 832 Domino
2658 775 2909 845 mysteria
2955 773 3266 837 rcvelanda,
3299 782 3353 826 et
3378 774 3443 827 ad
3470 789 3627 841 quem
3660 775 3745 828 di-

495 873 776 929 duodecim
806 871 1040 942 panibus
1075 871 1354 926 duodecim
1391 872 1625 925 tribuum
1653 869 1815 924 Israel
1848 869 2061 921 videtur
2167 872 2390 925 cebatur
2417 871 2480 935 ⁸⁸,
2512 888 2530 920 ι
2567 885 2671 922 non
2704 868 2889 922 celabo
2918 882 2943 919 a
2969 881 3134 935 puero
3154 879 3272 918 meo
3300 864 3573 919 Abraham
3597 867 3739 934 quod

493 962 939 1017 commemoratio
989 968 1114 1013 θηίθ
1152 962 1433 1015 Dominum
1475 959 1611 1023 ﬁeri.
1645 968 1699 1014 el
1728 967 2059 1028 Ρτωοθριηῐη
2167 963 2410 1017 facturus
2440 977 2577 1025 sum,
2623 980 2640 1013 ι
2683 962 2773 1030 qui
2820 957 3142 1013 imbuendus
3171 966 3289 1012 erat
3341 966 3393 1011 et
3434 957 3741 1010 edocendus

492 1054 629 1117 dari,
663 1053 863 1107 utsine
895 1050 1198 1104 cessatione
1226 1050 1311 1104 isti
1342 1050 1623 1104 duodecim
1655 1063 1821 1117 panes
1853 1048 1904 1100 in
1934 1062 2061 1102 con-
2166 1057 2233 1111 de
2266 1054 2494 1109 occultis
2535 1063 2591 1107 ει
2639 1053 2868 1108 secretis
2926 1051 3044 1116 Dei,
3080 1052 3172 1105 ille
3224 1064 3390 1118 panes
3429 1063 3493 1102 ex
3555 1049 3738 1104 simila

490 1152 678 1212 Spectu
710 1140 921 1196 Domini
950 1150 1358 1208 proponantur;
1392 1152 1450 1195 ut
1482 1150 1535 1195 ct
1569 1139 1827 1194 memoria
1857 1138 2062 1192 duode-

2165 1147 2740 1210 scribiturhabuisse;
2791 1146 2878 1199 ille
2911 1159 3041 1199 vero
3069 1144 3133 1196 ad
3163 1158 3322 1212 quem
3374 1142 3509 1195 nihil
3552 1156 3737 1196 sacra-

490 1235 595 1288 cim
626 1234 859 1287 tribuum
898 1230 1038 1303 apud
1076 1246 1197 1286 eum
1237 1246 1452 1300 semper
1490 1231 1775 1294 habeatur.
1807 1244 1915 1298 quo
1948 1227 2061 1282 νει·
2169 1238 2335 1291 menti
2374 1235 2736 1295 deferebatur,
2790 1235 2881 1289 sed
2945 1233 3082 1286 ratio
3132 1231 3414 1301 praesentis
3453 1230 3643 1284 salutis
3681 1239 3738 1285 et

489 1325 568 1378 uti
616 1325 864 1378 exoratio
904 1325 1147 1394 qumdam
1182 1332 1235 1377 et
1282 1322 1605 1392 supplicatio
1658 1336 1752 1390 per
1797 1321 1913 1374 Iure
1962 1335 2061 1389 pro
2165 1330 2310 1393 vitae,
2340 1343 2512 1397 panes
2542 1340 2857 1381 communes
2892 1340 2957 1379 ex
2991 1324 3107 1378 sola
3144 1323 3316 1376 farina
3356 1321 3617 1375 scribitur
3638 1320 3734 1372 ha-

489 1415 721 1485 singulis
770 1415 886 1469 ﬁeri
943 1417 1209 1469 videatur.
1257 1414 1365 1469 Sed
1412 1429 1575 1482 parva
1613 1414 1745 1468 satis
1789 1422 1843 1465 et
1887 1413 2064 1469 tenuis

2164 1420 2349 1474 buisse
2388 1416 2683 1472 confectos.
2720 1415 2784 1469 Et
2818 1424 2869 1469 tu
2902 1429 3030 1485 ergo
3058 1414 3101 1467 si
3127 1413 3292 1466 habes
3323 1412 3605 1465 scientiam
3646 1425 3736 1465 se-

488 1516 573 1560 est
606 1504 977 1572 hujuscemodi
1007 1504 1351 1559 intercessio.
1392 1502 1663 1569 Quantum
1700 1504 1843 1558 enim
1881 1501 2062 1572 profe-
2165 1521 2467 1572 cretorum,
2501 1509 2545 1562 si
2600 1507 2666 1561 de
2709 1507 2811 1561 ﬁde
2851 1506 2967 1570 Dci,
3016 1506 3081 1559 de
3128 1503 3385 1573 mysterio
3415 1502 3641 1565 Christi,
3671 1503 3738 1558 de

488 1598 564 1651 cit
602 1599 667 1650 ad
711 1598 1198 1667 repropitiandum,
1255 1596 1343 1651 ubi
1402 1595 1829 1664 uniuscujusque
1890 1594 2062 1649 tribus
2163 1602 2333 1657 sancti
2359 1600 2596 1670 Spiritus
2614 1598 2819 1651 unitate
2839 1607 2994 1666 potes
3017 1596 3250 1650 scienter
3274 1604 3538 1663 cauteque
3561 1595 3735 1650 dFsse—

488 1702 586 1756 per
634 1704 826 1755 partem
862 1690 1088 1753 fructus,
1121 1704 1215 1757 per
1244 1688 1449 1742 fructus
1479 1701 1639 1755 opcra
1667 1685 2059 1740 consideranda

2163 1708 2303 1755 rere,
2336 1707 2502 1762 panes
2544 1706 2609 1745 ex
2647 1689 2826 1745 simila
2852 1687 3014 1743 oﬂ‘ers
3044 1687 3287 1742 Domino.
3336 1686 3392 1741 Si
3419 1700 3539 1740 vero
3580 1700 3730 1739 com-

490 1781 646 1833 suut!
685 1780 791 1834 Sed
822 1781 864 1833 si
900 1779 1206 1833 referantur
1231 1779 1347 1833 haec
1375 1777 1438 1832 ad
1460 1777 1703 1847 mysterii
1732 1775 2059 1846 magnitudi-
2089 1782 2133 1838 Β
2162 1787 2413 1842 monibus
2442 1785 2611 1839 uteris
2665 1784 2733 1837 ad
2779 1783 3034 1853 populum
3081 1780 3321 1845 monitis,
3369 1790 3424 1835 et
3472 1781 3723 1835 moralem

487 1886 634 1935 nem,
676 1870 918 1926 invenies
952 1870 1526 1927 commemorationem
1554 1868 1713 1923 istam
1738 1869 1940 1922 habere
1971 1868 2057 1921 in-
2162 1880 2271 1934 scis
2295 1876 2666 1932 tantummodo
2704 1874 2886 1928 locum
2917 1882 3155 1927 tractare
3186 1872 3276 1939 qui
3309 1874 3374 1926 ad
3393 1886 3584 1927 omnes
3617 1886 3731 1940 ρριι.

486 1968 663 2030 gentis
690 1964 1155 2033 repropitiationis
1189 1961 1459 2016 eifeetum.
1496 1962 1552 2015 Si
1584 1962 1774 2016 redeas
1808 1961 1873 2015 ad
1910 1961 2056 2015 illum
2165 1968 2321 2031 tinet,
2344 1980 2685 2021 communem
2722 1973 2773 2017 te
2808 1963 3069 2018 obtulisse
3100 1962 3315 2016 noveris
3344 1977 3556 2032 panem.

486 2069 683 2122 panem
718 2056 808 2122 qui
841 2056 907 2107 de
946 2053 1086 2108 caelo
1116 2053 1415 2117 descendit,
1453 2061 1508 2107 et
1542 2051 1637 2107 dat
1681 2050 1811 2109 huic
1858 2052 2058 2107 mundo
2231 2060 2282 2115 4,
2319 2057 2423 2113 Sed
2471 2058 2747 2111 videamus
2778 2055 2886 2123 jam
2939 2069 3060 2124 quae
3092 2054 3163 2108 sit
3190 2052 3461 2108 confectio
3515 2055 3567 2109 in
3619 2055 3737 2111 istia

485 2146 651 2199 vitam
688 2163 701 2200 :
731 2147 883 2200 illum
914 2161 1106 2215 panem
1136 2144 1553 2215 propositionis,
1584 2160 1744 2215 quem
1774 2146 2059 2215 proposuit
2161 2149 2392 2222 panibus
2415 2145 2827 2217 propositionis,
2854 2145 2944 2213 qui
2970 2155 3097 2199 ante
3128 2145 3413 2199 Dominum
3444 2146 3566 2213 poni
3596 2159 3740 2199 sem.

488 2237 628 2290 Deus
657 2238 1096 2307 pr0pitiationent
1132 2236 1208 2308 (5)
1238 2251 1333 2305 per
1357 2236 1515 2290 fidem
1544 2236 1595 2289 in
1622 2236 1883 2305 sanguine
1910 2235 2055 2303 ejus:
2162 2260 2259 2315 per
2285 2243 2566 2312 iubentur.
2601 2257 2619 2290 ι
2665 2239 2737 2292 De
2790 2238 3018 2299 duabus,
3072 2236 3246 2304 inquit
3284 2236 3348 2302 ¹⁶,
3397 2236 3627 2290 decimis
3666 2238 3735 2289 sit

484 2339 536 2384 et
560 2330 603 2383 si
637 2331 898 2399 respicias
929 2331 994 2383 ad
1029 2330 1174 2383 illam
1202 2330 1792 2390 commemorationem,
1849 2327 1917 2382 de
1954 2342 2056 2396 qua
2161 2337 2319 2406 panis
2358 2350 2520 2388 unus,
2562 2351 2579 2384 ›
2631 2333 2775 2386 Duas
2802 2330 3019 2398 quidem
3053 2330 3294 2383 decimas
3321 2330 3478 2393 δίκη,
3515 2329 3608 2383 εει]
3639 2347 3736 2381 ευ-

485 2423 618 2477 dicit
654 2423 908 2476 Dominus
935 2422 979 2454 ¹³
1012 2439 1025 2475 :
1068 2441 1087 2474 ι
1119 2422 1228 2477 Hoc
1258 2424 1416 2476 facite
1447 2423 1498 2475 iu
1526 2437 1700 2476 meam
1728 2435 2057 2475 commemo-
2156 2429 2246 2500 jus
2272 2439 2537 2480 mensurae
2579 2424 2686 2480 sint
2722 2423 2840 2477 istae
2891 2423 3113 2476 decima:
3149 2436 3251 2475 nou
3280 2421 3687 2489 comprehendit
3718 2437 3733 2485 ;

487 2515 789 2581 rationem;
832 2532 849 2567 ι
888 2515 1133 2569 invenies
1173 2515 1317 2584 quod
1350 2515 1450 2569 ista
1485 2522 1571 2567 est
1614 2512 2059 2567 commemoratio
2161 2534 2282 2573 cum
2314 2519 2499 2586 utique
2528 2532 2871 2586 consequens
2899 2515 3110 2579 fuisset,
3141 2514 3183 2568 si
3215 2511 3281 2567 de
3314 2513 3621 2582 quantitate
3658 2515 3731 2569 si.

488 2604 624 2671 sola,
650 2620 768 2672 quae
796 2604 1085 2673 propitium
1127 2603 1260 2657 facit
1287 2603 1596 2658 hominibus
1623 2604 1809 2658 Deum.
1839 2603 1897 2658 Si
1931 2618 2059 2673 ergo
2162 2611 2300 2665 mila;
2347 2611 2564 2664 volebat
2612 2609 2855 2682 agnosci,
2905 2608 3077 2678 ipsam
3118 2606 3271 2674 cujus
3304 2608 3439 2661 duas
3488 2608 3735 2663 decimas

488 2694 747 2748 intentius
774 2694 1145 2749 ecclesiastica
1201 2693 1456 2764 mysteria
1494 2694 1821 2758 recorderis,
1874 2695 1925 2749 in
1976 2695 2059 2748 his
2160 2702 2298 2757 sumi
2326 2701 2569 2769 jubebat,
2602 2699 2885 2755 nominare
2926 2712 3257 2752 mensuram.
3298 2697 3426 2764 Quae
3455 2712 3586 2768 ergo
3632 2698 3731 2751 ista

485 2799 607 2854 quae
630 2785 712 2838 lex
743 2786 950 2848 scribit,
984 2784 1179 2838 futura:
1210 2784 1458 2839 veritatis
1489 2784 1735 2839 invenies
1769 2787 2057 2855 imaginem
2162 2809 2249 2848 res
2278 2801 2379 2859 est,
2422 2791 2574 2859 cujus
2619 2805 2873 2845 mensura
2915 2798 2968 2844 et
3014 2790 3204 2844 modus
3232 2790 3308 2860 (7)
3344 2804 3444 2845 nec
3485 2805 3732 2858 compre.

485 2876 914 2946 prmformulam.
972 2873 1078 2930 Sed
1138 2876 1204 2929 de
1259 2874 1345 2929 his
1389 2890 1493 2929 non
1552 2884 1635 2929 est
1687 2875 1840 2943 plura
1886 2876 2057 2930 disse.
2162 2884 2322 2937 ltendi
2346 2882 2520 2952 potuit
2552 2896 2651 2935 nec
2686 2880 3222 2935 numerari?Decem
3253 2895 3510 2936 numerus
3538 2882 3733 2949 ubique

486 2982 609 3023 rere
641 2970 739 3038 (4),
788 2970 929 3037 quod
981 2968 1359 3023 recordatione
1404 2968 1513 3022 sola
1568 2968 1792 3038 intelligi
1843 2966 2056 3021 sufﬁcit.
2160 2973 2436 3043 perfectus
2485 2972 2778 3027 invenitur.
2822 2971 3009 3026 Totius
3048 2972 3190 3025 enim
3235 2973 3442 3025 numeri
3499 2986 3563 3024 ex
3617 2972 3733 3039 ipso

486 3060 783 3115 Possumus
825 3075 951 3114 vero
981 3068 1035 3116 et
1064 3060 1222 3114 aliter
1249 3060 1452 3115 dicere.
1515 3059 1706 3116 Omnis
1755 3074 1935 3114 sermo
1966 3060 2057 3114 Dei
2090 3115 2129 3131 η
2167 3065 2309 3119 ratio
2338 3073 2392 3118 et
2425 3064 2577 3131 origo
2602 3065 2904 3131 consurgit.
2940 3063 3327 3131 Competenter
3358 3062 3522 3129 igitur
3547 3071 3733 3117 auctor

488 3153 642 3218 panis
668 3163 774 3217 est,
810 3154 901 3208 sed
939 3164 1025 3209 est
1071 3155 1373 3210 diﬂ'crenlia
1410 3155 1462 3208 in
1513 3154 1761 3223 panibus.
1792 3153 1888 3208 Est
1915 3154 2057 3208 enim
2086 3115 2131 3173 Ω
2165 3169 2222 3210 ει
2252 3157 2407 3225 origo
2454 3156 2694 3210 omnium
2749 3154 2910 3217 Deus,
2961 3154 3063 3208 sub
3105 3154 3209 3207 hoc
3259 3167 3486 3208 numero
3525 3154 3732 3206 videtur

485 3246 685 3315 aliquis
738 3261 945 3309 sermo.
978 3246 1071 3314 Qui
1107 3246 1171 3300 ad
1227 3260 1567 3300 communem
1613 3242 1843 3312 proferri
1896 3242 2063 3312 possit
2164 3248 2401 3305 ostendi.
2432 3246 2538 3302 Sed
2569 3248 2611 3301 si
2642 3247 2694 3300 in
2734 3245 2977 3300 Ecclesia
3009 3246 3074 3299 de
3102 3244 3216 3299 solo
3249 3243 3412 3299 Patre
3443 3244 3654 3313 loquar,
3682 3252 3735 3298 et

490 3338 761 3401 auditum,
809 3346 864 3391 et
902 3338 1130 3392 edocere
1178 3336 1385 3406 plebem
1440 3337 1504 3390 de
1549 3335 1805 3404 operibus
1847 3333 2063 3388 miseri-

2166 3343 2337 3411 ipsius
2367 3341 2535 3395 solius
2563 3340 2750 3394 laudes
2776 3339 3070 3405 proferam,
3106 3338 3264 3392 unius
3296 3337 3518 3392 decima:
3540 3351 3732 3407 panem

485 3430 706 3494 cordiaz,
746 3445 811 3484 ac
843 3429 1007 3484 totius
1033 3430 1424 3493 beneﬁcentiae,
1463 3437 1517 3482 et
1547 3428 1647 3482 iste
1680 3436 1761 3481 est
1790 3428 1944 3497 panis
1970 3426 2059 3495 qui
2166 3432 2291 3487 feci.
2326 3433 2434 3484 Aut
2485 3430 2531 3483 si
2580 3430 2646 3484 de
2685 3428 2903 3483 Christo
2943 3428 3059 3481 solo
3094 3425 3276 3481 iecero
3319 3441 3652 3491 sermonem,
3678 3433 3735 3479 et

491 3521 791 3575 communis
838 3521 1129 3575 videbitur.
1187 3519 1281 3573 Est
1321 3533 1449 3573 vero
1508 3519 1666 3583 alius,
1700 3519 1792 3588 qui
1849 3528 2060 3573 secreta
2167 3522 2336 3592 ipsius
2359 3517 2805 3588 enuntiavero(8)
2838 3518 3168 3587 passionem,
3200 3527 3254 3572 et
3284 3519 3732 3573 resurrectionem

484 3613 785 3677 contineat,
817 3620 870 3665 et
908 3612 974 3665 de
1027 3611 1131 3665 fide
1174 3610 1265 3665 Dei
1304 3610 1468 3681 256
1500 3620 1555 3665 et
1603 3625 1780 3664 rerum
1829 3611 2057 3666 scientia
2164 3614 2559 3683 praedicarem,
2600 3611 2764 3664 ttnius
2793 3610 3016 3663 decimae
3050 3610 3218 3663 obtuli
3253 3624 3468 3678 panem.
3516 3608 3571 3664 Si
3605 3622 3733 3662 vero

487 3702 737 3757 disserat.
771 3700 874 3754 Iste
928 3701 1084 3769 panis
1131 3701 1360 3755 mundus
1391 3710 1493 3767 est,
1526 3710 1580 3754 et
1616 3715 1682 3755 ex
1722 3700 1896 3755 simila
1926 3718 2058 3757 con-
2165 3708 2356 3761 dixero
2395 3706 2435 3737 ’ν
2466 3706 2591 3775 quia
2622 3702 2785 3758 Pater
2814 3717 2936 3757 cum
2984 3702 3122 3756 Filio
3151 3718 3366 3771 semper
3394 3709 3497 3763 est,
3531 3711 3583 3754 et
3620 3702 3732 3769 ipse

485 3792 679 3849 fectus.
712 3792 815 3845 iste
844 3792 896 3845 in
930 3801 1220 3860 conspectu
1254 3791 1464 3845 Domini
1504 3806 1718 3859 semper
1748 3791 1820 3862 (ὅ)
1851 3807 2058 3861 poncu-
2166 3799 2300 3852 facit
2323 3812 2487 3868 opera
2519 3812 2613 3852 sua
2646 3813 2660 3850 :
2694 3796 2778 3849 vel
2806 3798 2968 3851 etiam
3002 3796 3046 3849 si
3078 3795 3266 3849 dixero
3325 3794 3449 3863 quia
3492 3792 3651 3849 Pater
3677 3795 3728 3848 iu

484 3886 585 3939 dus
614 3893 719 3947 est.
755 3894 809 3939 el
845 3898 1007 3952 super
1062 3898 1303 3938 mensam
1360 3883 1615 3937 mundam
1656 3885 2053 3952 proponemus.
2161 3891 2300 3944 Filio
2329 3900 2430 3953 est,
2458 3899 2513 3942 et
2538 3887 2705 3942 Filius
2738 3888 2789 3940 in
2819 3887 3001 3952 Patre,
3028 3894 3079 3941 et
3112 3887 3203 3953 qui
3232 3886 3375 3939 videt
3399 3886 3617 3951 Filium,
3651 3888 3732 3939 vi-

483 3974 590 4030 lste
642 3975 772 4029 solis
820 3976 1201 4029 sacerdotibus
1253 3983 1638 4042 sequestralus
1681 3984 1784 4039 est.
1835 3984 1886 4028 cl
1937 3976 2058 4030 tiliis
2161 3984 2250 4038 det
2278 3991 2333 4035 et
2358 3982 2599 4045 Patrem,
2633 3989 2685 4033 et
2716 3980 2839 4048 quia
2872 3978 3035 4033 Pater
3059 3988 3112 4032 et
3142 3978 3310 4033 Filius
3337 3993 3501 4032 unum
3542 3988 3665 4032 sunt
3709 3992 3725 4030 :

482 4068 664 4122 Aaron
698 4075 901 4121 aeterno
944 4081 1170 4120 munere
1208 4066 1775 4120 condonattts.Verunx
1810 4082 1875 4121 ne
1903 4078 2058 4136 putes
2162 4087 2229 4127 ex
2255 4071 2462 4125 duabus
2501 4069 2729 4123 decimis
2763 4069 2954 4123 similae
2985 4069 3196 4122 munda:
3233 4067 3398 4122 obtuli
3428 4084 3591 4123 unum
3632 4084 3729 4138 pa-

483 4157 604 4211 hmc
652 4172 749 4209 nos
788 4158 1022 4224 propriis
1077 4155 1327 4211 sensibus
1381 4156 1692 4225 excogitata
1740 4172 1983 4220 narrare,
2006 4166 2059 4210 et
2161 4178 2283 4217 nem
2326 4179 2341 4215 :
2390 4176 2583 4231 panem
2629 4176 2814 4215 verum
2868 4163 2958 4230 qui
3007 4160 3169 4213 vitam
3202 4160 3293 4214 dat
3340 4159 3467 4213 huic
3509 4159 3727 4212 mundo.

484 4263 590 4302 non
639 4248 691 4300 in
751 4248 948 4301 divinis
999 4248 1321 4302 observasse
1358 4247 1745 4315 voluminibus,
1784 4247 2055 4317 proferam
2160 4251 2408 4306 Hazrelici
2437 4266 2539 4305 non
2575 4250 2779 4304 faciunt
2810 4250 2876 4304 de
2907 4249 3114 4303 duabus
3162 4250 3387 4304 decimis
3431 4265 3594 4303 unum
3631 4265 3727 4317 pa-

486 4337 579 4392 tibi
612 4340 676 4392 de
707 4337 1002 4408 Scripturis
1040 4338 1310 4407 quomodo
1352 4341 1493 4409 apud
1520 4339 1765 4393 diversos
1789 4340 1933 4394 viros
1966 4353 2057 4408 ρει-
2160 4356 2285 4397 nem
2319 4359 2334 4396 :
2366 4350 2564 4411 negant
2594 4340 2739 4395 enim
2772 4348 3069 4393 creatorem
3098 4340 3265 4392 Deum
3293 4338 3508 4393 Patrem
3531 4338 3727 4393 Christi

483 4431 567 4484 nis
601 4430 885 4484 diversitas
916 4446 1014 4500 pro
1050 4432 1241 4484 merito
1265 4430 1687 4500 uniuscujusque
1712 4440 1923 4486 servata
1949 4440 2052 4487 est.
2086 4447 2134 4506 ι)
2164 4449 2305 4499 esse,
2343 4448 2517 4502 neque
2554 4432 2721 4487 Vetus
2769 4443 2822 4487 et
2856 4432 3065 4487 Novum
3109 4431 3516 4485 Testamentum
3565 4446 3727 4484 unum

481 4516 733 4573 Refertur
764 4521 813 4572 in
845 4520 1042 4576 Genesi
1078 4522 1120 4552 “
1145 4522 1284 4589 quod
1314 4521 1585 4575 Abraham
1622 4522 1925 4589 patriarcha
1959 4538 2051 4577 an-
2158 4523 2362 4577 faciunt
2400 4537 2618 4591 panem,
2648 4537 2746 4576 nec
2785 4537 2949 4575 unum
2982 4520 3240 4589 Spiritum
3282 4520 3335 4574 itt
3381 4530 3612 4588 utroque
3648 4523 3721 4574 in-

481 4610 629 4678 gelos
688 4613 926 4680 suscepit
975 4612 1228 4680 hospitio,
1285 4612 1536 4665 similiter
1596 4625 1777 4665 autem
1818 4623 1867 4667 et
1924 4612 2046 4670 Lot.
2158 4624 2465 4671 strumento
2487 4614 2833 4684 profitentur.
2867 4613 2973 4668 Nos
3019 4625 3197 4668 autem
3232 4615 3283 4667 iu
3316 4614 3430 4683 lege
3469 4624 3521 4667 et
3556 4615 3732 4667 Evan-

481 4700 585 4754 Sed
610 4702 902 4765 Abraham,
930 4703 1018 4771 qui
1050 4704 1256 4757 meritis
1283 4704 1645 4772 prmccllebat,
1686 4721 1850 4772 panes
1875 4720 1940 4759 ex
1972 4706 2048 4759 si-
2159 4707 2315 4776 geliis
2348 4723 2511 4761 unum
2544 4717 2705 4775 atque
2728 4705 2976 4760 eumdem
3007 4706 3183 4761 inesse
3201 4716 3448 4761 sanctum
3467 4706 3727 4773 Spiritum

478 4794 606 4847 mila
641 4798 956 4864 apposuisse
981 4797 1335 4860 describitur,
1378 4812 1514 4865 quos
1548 4807 1601 4851 et
1632 4798 1953 4869 ἐγκρυφίας,
1996 4796 2047 4850 id
2159 4800 2412 4864 dicimus,
2445 4809 2499 4853 et
2538 4799 2642 4853 isto
2689 4813 2904 4867 quoque
2956 4792 3115 4854 modo
3147 4815 3212 4853 ex
3256 4799 3466 4855 duabus
3506 4798 3731 4852 decimis

475 4896 559 4938 cst
587 4889 823 4941 occultos
867 4903 927 4941 ac
966 4888 1272 4941 reconditos
1312 4888 1629 4940 nominavit.
1675 4887 1770 4940 Lot
1807 4903 1934 4939 vero
1984 4902 2049 4941 eo
2158 4907 2322 4945 unum
2368 4907 2562 4962 panem
2611 4893 2998 4961 propositionis
3026 4890 3328 4946 offerimus.
3365 4892 3466 4958 Qui
3492 4905 3621 4958 ergo
3649 4894 3728 4959 (9)

475 4976 617 5044 quod
653 4992 755 5030 non
789 4978 978 5031 habuit
1027 4978 1285 5044 similam,
1319 4992 1385 5032 ex
1421 4977 1592 5032 farina
1629 4994 1793 5047 pancs
1826 4979 2048 5047 ltospiti-
2158 4990 2411 5050 separant
2434 4981 2708 5037 Christum
2746 4998 2777 5037 a
2808 4994 3054 5039 creatore
3094 4984 3200 5038 Deo
3235 4984 3393 5038 Patre
3434 4998 3530 5038 suo
3558 4984 3733 5035 haere-

545 5116 737 5175 “Luc.
763 5139 894 5184 χχιι,
922 5123 1005 5177 19.
1084 5119 1128 5150 ⁸⁵
1169 5119 1304 5175 Gen.
1344 5137 1496 5176 xvm.
1579 5125 1621 5154 ¹⁸
1657 5123 1815 5188 ibid.,
1847 5122 1932 5176 l7.
2010 5124 2051 5154 ιθ
2084 5123 2166 5177 Lc*

1451 5138 1496 5175 Ἰ.
1579 5125 1621 5154 ¹⁸
1657 5123 1815 5188 ibid.,
1847 5122 1932 5176 l7.
2010 5124 2051 5154 ιθ
2084 5123 2253 5177 chit.
2295 5141 2445 5190 χχιιι,
2476 5125 2528 5179 5.
2609 5126 2650 5157 ¹⁷
2678 5124 2833 5180 Joan.
2865 5141 2973 5191 xw,
3019 5126 3072 5182 7.

547 5228 624 5368 (ἓξ
662 5231 843 5286 Codex
883 5231 1197 5303 Sangerm.,
1239 5253 1255 5286 ι
1292 5237 1572 5291 azternale.
1609 5257 1627 5289 ι
2226 5239 2301 5308 (5)
2334 5239 2665 5295 Adverbium
2710 5261 2727 5292 ι
2764 5256 2999 5311 semper,
3041 5259 3059 5292 ι
3097 5243 3249 5297 deest
3274 5242 3327 5295 in
3372 5240 3504 5295 libb.
3546 5239 3723 5303 editis,

547 5300 601 5367 (5
655 5301 822 5366 Idem,
860 5320 877 5353 ι
914 5305 1344 5368 propitiatorem.
1392 5326 1411 5357 ι
2154 5312 2245 5362 sed
2276 5310 2553 5368 suppletur
2584 5327 2612 5365 e
2643 5327 2772 5365 mss.

654 5301 822 5376 idem,
860 5300 1344 5376 rpro'pitialorem.
1392 5326 1411 5357 ι
2154 5300 2245 5362 sed
2276 5300 2553 5376 suppletur
2584 5327 2612 5365 ε
2643 5327 2772 5365 mss.

547 5369 746 5454 (sised
765 5369 931 5454 deliis
961 5369 1064 5454 non
1091 5385 1165 5427 est
1197 5375 1348 5443 plura
1371 5377 1646 5454 disserere,
1675 5386 1779 5430 etc.
1804 5376 1958 5430 Plura
1982 5378 2048 5431 de
2226 5380 2306 5454 ((i,_
2339 5369 2674 5454 Libbaediti,
2713 5400 2730 5433 ι
2768 5396 2871 5436 non
2907 5382 3179 5450 habuerit,
3229 5401 3248 5435 ι
3279 5382 3372 5437 εει]
3414 5397 3571 5445 ηιεε..
3615 5400 3633 5433 ι
3671 5388 3729 5435 ιιι

478 5442 736 5517 mysterio
765 5441 1117 5517 Ettrltaristim
1162 5441 1269 5498 non
1297 5441 1804 5501 sermocinabantur
1836 5460 2047 5502 veteres
2158 5441 2261 5501 non
2286 5441 2565 5502 habuerit.
2600 5470 2617 5502 ι

476 5512 527 5560 in
552 5512 907 5591 conctouibus
934 5514 1002 5565 ob
1039 5516 1381 5578 praesentiant
1425 5519 1940 5591 catecltutnenornm
1992 5530 2048 5591 et
2224 5516 2501 5591 (7)C_odex
2546 5519 2853 5591 Sangerm.,
2890 5540 2908 5574 ι
2948 5521 3102 5590 cujus
3140 5536 3409 5579 mensurae
3454 5523 3664 5579 modus.
3701 5537 3723 5573 ο

475 5577 775 5655 gentilium.
815 5582 943 5655 Vide
977 5598 1139 5654 supra
1187 5596 1369 5640 nOtaut
1414 5587 1480 5641 ad
1519 5587 1706 5643 ltomil.
1740 5588 1773 5644 9
1801 5590 1850 5643 in
1887 5586 2047 5644 Levi-
2224 5577 2299 5655 (ὃ)
2351 5586 2519 5654 idem,
2557 5609 2575 5640 ι
2608 5577 3028 5647 ειῖυιιιετὸνειοῖ
3066 5611 3086 5644 ι

476 5650 662 5707 ticum,
702 5664 846 5703 nutu.
882 5651 969 5705 10.
1044 5650 1059 5654 ’
2326 5650 2545 5728 1όεηι,ἰ
2586 5662 2710 5730 quia
2750 5675 2900 5731 ergo,
2940 5680 2957 5712 ι
2984 5669 3090 5718 etc.
