4106 6246
334 304 440 363 διιι

1463 294 1530 349 l.\'
1572 292 1947 349 LEVITICUM
1988 291 2269 349 HOMILIA
2301 292 2437 348 XIII.

3494 299 3599 353 530

336 423 453 484 tiei,
482 417 533 473 c't
563 416 731 472 Judaei
760 418 847 485 qui
880 417 1050 470 solum
1096 414 1307 468 Patrem
1352 416 1642 485 recipiunt,
1681 424 1734 467 et
1774 415 1909 469 Ver-
1938 416 1983 473 Α
2015 412 2433 481 intelligibiliter
2461 411 2702 483 intellige
2731 428 2848 483 qua:
2880 423 3223 483 apponuntur
3252 414 3372 471 tibi.
3407 436 3424 469 ι
3466 416 3597 484 Quae

340 516 468 568 bum
517 523 570 564 et
625 512 952 579 sapientiam
986 511 1103 578 ejus
1143 510 1417 563 Christum
1472 524 1579 563 non
1614 508 1907 575 recipiunt,

340 620 448 658 non
485 603 691 657 faciunt
730 617 794 655 ex
837 602 1044 655 duabus
1076 600 1298 654 decimis
1335 615 1498 653 unum
1550 614 1765 667 panem.
1805 598 1912 653 Nos

340 704 521 747 autem
572 706 837 745 mensura:
871 691 1085 759 quidem
1125 690 1319 757 ipsius,
1373 689 1423 741 id
1463 700 1544 743 est
1591 688 1912 742 substantiae

344 798 539 837 nomen
590 781 670 835 vel
713 781 973 835 rationem
1025 780 1484 849 comprehendere
1528 787 1621 831 aut
1668 777 1912 832 invenire

342 889 446 925 non
478 884 764 939 possumus
800 885 815 922 :
846 872 1170 922 conﬁtentes
1219 878 1395 921 tamen
1440 867 1680 929 Patrem,
1720 876 1774 919 et
1820 866 1910 919 Fi-

338 963 492 1023 lium,
539 976 705 1013 unum
762 958 991 1012 facimus
1032 974 1222 1027 partem
1275 974 1338 1013 ex
1378 959 1585 1012 duabus
1635 957 1907 1011 decimis:

339 1069 444 1108 non
477 1063 533 1106 ιιι
567 1053 721 1121 panis
747 1068 885 1105 unus
910 1068 976 1107 ex
1032 1069 1136 1105 una
1178 1053 1387 1106 decima
1432 1052 1547 1117 fiat,
1583 1062 1636 1105 et
1685 1053 1820 1105 alius
1844 1067 1911 1106 ex

338 1143 465 1207 alia,
513 1154 568 1196 ut
618 1144 727 1197 sint
780 1145 911 1212 ipsa:
943 1146 1062 1197 dua:
1096 1146 1321 1199 decima:
1355 1155 1640 1213 separatte,
1670 1144 1762 1198 sed
1803 1146 1911 1198 sint

336 1236 457 1289 dum
487 1236 600 1289 ista:
629 1236 853 1289 decima?
889 1252 994 1289 una
1048 1252 1247 1299 massa,
1291 1246 1345 1291 et
1372 1252 1509 1289 unus
1540 1237 1713 1305 panis.
1760 1236 1909 1303 Quo-

339 1323 500 1375 modo
540 1324 657 1375 dua!
683 1323 905 1378 decima:
937 1340 1042 1376 una
1081 1340 1261 1379 massa
1300 1325 1396 1378 fit?
1426 1328 1549 1395 quia
1585 1342 1689 1381 n0u
1718 1340 1912 1394 separo

336 1412 535 1466 Filium
587 1429 614 1465 a
648 1413 825 1477 Patre,
860 1430 961 1468 uec
1008 1415 1223 1469 Patrem
1261 1430 1291 1469 a
1340 1416 1475 1469 Filio
1511 1435 1523 1470 :
1563 1435 1581 1467 ι
1629 1418 1730 1483 Qui
1769 1418 1910 1471 enim

336 1506 469 1557 vidit
498 1518 601 1569 me,
648 1507 823 1573 inquit
869 1506 932 1570 ",
981 1507 1116 1559 vidit
1144 1517 1197 1560 et
1247 1508 1482 1561 Patrem.
1522 1526 1539 1558 ι
1577 1508 1742 1562 Fiunt
1782 1524 1913 1577 ergo

338 1610 506 1665 panes
541 1597 735 1665 singuli
777 1613 842 1651 ex
899 1598 1107 1651 duabus
1160 1598 1412 1663 decimis,
1440 1610 1493 1653 et
1538 1610 1913 1669 proponuntur

337 1688 547 1739 duabus
595 1686 981 1753 positionibus,
1018 1689 1067 1742 id
1126 1697 1211 1743 est
1250 1686 1458 1744 duobus
1510 1691 1807 1745 ordinibus.
1853 1693 1907 1746 Si

342 1778 492 1833 enim
525 1793 630 1830 una
665 1779 859 1846 positio
892 1780 1067 1846 ﬁeret,
1099 1782 1361 1837 confusus
1396 1792 1448 1836 et
1486 1784 1778 1851 permistus
1824 1799 1911 1838 es-

339 1879 426 1923 set
461 1883 640 1922 sermo
668 1870 731 1923 de
760 1869 920 1926 Patre
947 1886 1008 1926 ac
1042 1872 1198 1926 Filio.
1234 1872 1383 1926 Nunc
1405 1885 1580 1928 autem
1623 1890 1761 1929 unus
1794 1878 1913 1945 qui-

341 1959 467 2012 dem
498 1969 581 2013 est
612 1960 785 2027 panis,
816 1977 922 2015 una
969 1964 1115 2017 enim
1151 1964 1403 2019 voluntas
1447 1976 1527 2020 est
1565 1977 1619 2021 et
1652 1983 1753 2021 una
1785 1969 1911 2023 sub-

342 2050 543 2103 stantia
588 2066 601 2100 :
637 2050 728 2103 sed
761 2051 881 2104 dua:
913 2060 1040 2105 sunt
1089 2054 1403 2121 positiones,
1454 2056 1505 2109 id
1532 2066 1613 2110 est
1646 2058 1762 2111 dua:
1793 2074 1913 2128 per-

339 2155 596 2194 souarum
632 2143 1015 2211 proprietates.
1043 2142 1193 2197 Illum
1224 2146 1373 2199 enim
1410 2147 1651 2212 Patrem,
1684 2149 1774 2217 qui
1808 2165 1911 2203 non

338 2232 409 2285 sit
449 2232 638 2297 Filius,
663 2245 715 2287 et
743 2235 883 2288 hunc
907 2235 1100 2289 Filium
1130 2237 1361 2292 dicimus
1384 2240 1472 2308 qui
1498 2254 1603 2293 nou
1630 2241 1699 2294 sit
1730 2241 1909 2297 Pater.

338 2322 406 2376 Et
430 2324 529 2377 hoc
563 2329 719 2377 modo
757 2326 892 2380 duas
920 2327 1157 2381 decimas
1194 2328 1245 2381 in
1299 2346 1405 2383 uno
1441 2346 1577 2397 pane
1611 2345 1911 2395 servamus,

339 2424 392 2468 et
421 2414 554 2469 duas
590 2416 893 2485 positiones
924 2430 1051 2474 ante
1086 2420 1369 2473 Dominum
1416 2421 1754 2489 profitemur.
1806 2422 1911 2476 Sed

342 2521 530 2560 revera
564 2510 769 2577 magni,
803 2521 864 2564 ut
900 2510 973 2563 ita
1011 2512 1209 2576 dicam,
1257 2511 1537 2581 cujusdam
1591 2516 1813 2584 pistoris
1859 2525 1913 2570 et

340 2598 486 2652 docti
525 2599 753 2654 artificis
780 2609 883 2664 est,
913 2602 1068 2656 valde
1092 2604 1501 2673 diligenter(lO)
1530 2606 1661 2659 istas
1697 2622 1915 2662 servare

342 2705 647 2755 mensuras,
697 2702 749 2746 et
781 2694 853 2746 ita
884 2702 1190 2763 temperare
1224 2697 1287 2749 de
1328 2696 1490 2751 Patre
1528 2707 1581 2751 et
1614 2697 1751 2751 Filio
1794 2715 1911 2754 ser-

341 2795 579 2848 monem,
631 2784 958 2854 conjungere
1018 2787 1105 2840 ubi
1165 2797 1397 2855 oportet,
1443 2798 1497 2843 et
1558 2805 1771 2844 rursum
1824 2791 1912 2845 ubi

341 2876 602 2943 competit
648 2890 929 2945 separare,
984 2888 1043 2931 ut
1112 2894 1287 2947 neque
1322 2880 1443 2934 dum
1482 2896 1751 2935 mensurae
1813 2882 1913 2936 ali-

340 2968 559 3035 quando
591 2967 790 3033 desint,
834 2984 1008 3038 ueque
1043 2964 1279 3039 unquam
1314 2971 1418 3026 nisi
1457 2988 1596 3027 unus
1632 2973 1785 3041 panis
1820 2988 1915 3043 ap-

2015 512 2099 556 est
2136 518 2264 571 ergo
2301 518 2485 556 mensa
2530 507 2766 574 potentis
2796 548 2809 572 ,
2842 506 2945 559 nisi
2981 522 3133 561 meus
3171 507 3283 577 (ll)
3317 509 3461 561 illius
3500 524 3594 578 qm

2016 596 2329 649 dicebat“:
2370 615 2387 647 ι
2409 595 2602 651 Omnia
2634 614 2857 668 possum
2890 600 2944 651 in
2975 612 3041 653 eo
3070 599 3162 667 qui
3197 614 3282 653 me
3315 602 3595 655 confortat

2014 688 2255 751 Christo,
2283 708 2300 739 ι
2330 700 2381 742 et
2411 690 2485 743 ":
2526 708 2542 741 ι
2571 690 2701 743 Cum
2730 691 3003 753 infirmor,‘
3025 700 3151 745 tunc
3179 700 3371 759 potens
3391 693 3549 745 sum?
3572 712 3589 744 ι

2014 782 2069 836 ιιι
2118 782 2273 835 istius
2323 781 2558 850 potentis
2594 797 2777 853 mensa
2821 760 3015 853 mundis
3045 820 3061 848 ,
3093 783 3195 837 hoc
3232 793 3313 837 est
3350 784 3400 835 in
3441 784 3597 839 istius

2013 877 2197 939 corde,
2237 876 2287 927 iu
2324 876 2492 943 ipsius
2540 885 2741 937 mente,
2775 850 3007 928 Domino
3043 875 3201 944 panis
3234 874 3481 932 oﬂ'ertur.
3513 876 3595 931 Ad

2016 966 2176 1035 hujus
2202 967 2439 1033 potentis
2465 966 2706 1033 Apostoli
2741 981 2982 1018 mensam
3013 967 3055 1020 si
3084 968 3239 1020 sedes
3260 975 3595 1031 cmnaturus,

2014 1030 2423 1123 inteilig‘ibiliter
2466 1030 2709 1125 intelligo
2759 1071 2877 1124 qua:
2916 1066 3268 1124 apponuntur
3323 1056 3417 1110 tibi
3448 1096 3463 1120 ,
3495 1030 3598 1110 hoc

2015 1156 2096 1199 est
2136 1144 2452 1212 spiritaliter
2497 1145 2718 1200 adverte
2765 1161 2883 1213 qua:
2924 1146 3181 1198 dicuntur
3214 1148 3281 1200 ab
3312 1160 3378 1200 eo
3405 1185 3419 1208 ,
3453 1156 3509 1199 ut
3542 1155 3598 1199 et

2018 1244 2070 1287 tu
2106 1233 2284 1287 facere
2314 1238 2487 1301 possis
2518 1236 2659 1303 quod
2691 1236 2926 1289 additur.
2950 1235 3038 1288 Ait
3065 1235 3211 1289 enim
3242 1236 3318 1284 “z
3355 1252 3373 1285 ι
3406 1234 3597 1289 Sciens

2015 1324 2141 1392 quia
2175 1324 2299 1376 talia
2337 1333 2388 1378 te
2420 1333 2633 1393 Oportet
2677 1340 3004 1393 prmparare.
3038 1342 3056 1376 ι

2087 1416 2142 1469 5.
2181 1414 2287 1469 Sed
2342 1415 2623 1469 videamus
2669 1416 2946 1485 quomodo
2998 1417 3051 1470 hi
3091 1416 3376 1470 duodecim
3426 1430 3599 1485 panes

2017 1518 2424 1575 proponantur:
2466 1525 2483 1557 ι
2520 1507 2663 1571 Dine,
2699 1508 2894 1575 inquit,
2927 1508 3246 1576 positiones,
3282 1507 3331 1559 in
3361 1521 3465 1558 una
3497 1520 3597 1574 po-

2014 1599 2211 1652 sitione
2242 1614 2334 1652 sex
2366 1613 2554 1667 panes.
2588 1617 2606 1648 ι
2646 1598 2904 1661 Putasne,
2939 1598 3111 1651 otiosa
3135 1607 3216 1651 est
3244 1596 3345 1651 ista
3370 1597 3601 1651 divisio?

2014 1692 2150 1759 Quid
2182 1703 2261 1747 est
2288 1693 2431 1762 quod
2459 1691 2810 1745 duodecimus
2841 1704 3104 1743 nmucrus
3137 1688 3333 1743 iterum
3363 1688 3599 1757 partitur

2015 1786 2065 1838 in
2097 1784 2232 1838 sex?
2262 1783 2429 1837 Ilabet
2461 1782 2605 1835 enim
2640 1780 3106 1850 propinquitatem
3143 1780 3435 1847 quamdam
3470 1794 3594 1833 cum
3664 1826 3667 1827 ν

2012 1876 2118 1930 hoc
2151 1875 2350 1928 mundo
2382 1874 2632 1927 senarius
2676 1886 2954 1926 numerus.
2989 1871 3043 1925 ln
3086 1886 3179 1925 sex
3214 1871 3358 1924 enim
3407 1871 3599 1925 dit-bus

2014 1967 2188 2021 factus
2234 1978 2317 2020 est
2348 1966 2452 2019 iste
2482 1964 2713 2019 visibilis
2742 1966 3001 2019 mundus.
3036 1966 3152 2019 Duo
3184 1964 3346 2033 igitur
3378 1964 3599 2019 ordines

2018 2062 2285 2115 habentur
2316 2059 2369 2112 in
2406 2059 2509 2111 hoc
2540 2056 2761 2121 mundo,
2794 2056 2846 2109 id
2901 2065 2984 2109 est
3023 2055 3130 2109 duo
3172 2054 3371 2125 populi,
3404 2056 3493 2123 qui
3530 2053 3598 2106 fi-

2015 2151 2135 2205 dem
2167 2150 2345 2204 Patris
2376 2164 2440 2203 ac
2467 2146 2587 2201 Filii
2622 2147 2673 2200 in
2716 2162 2820 2199 una
2851 2145 3089 2199 Echesia
3127 2155 3381 2212 tanquam
3412 2144 3464 2196 in
3494 2158 3599 2197 una

2015 2257 2198 2296 mensa
2257 2241 2454 2295 munda
2493 2238 2834 2294 custodiunt.
2888 2256 2905 2289 ι
2933 2236 3000 2290 Ει
3054 2234 3481 2305 superponitur.
3515 2236 3601 2286 in-

2015 2332 2130 2402 quit
2160 2331 2227 2394 ”,
2267 2346 2430 2399 super
2470 2329 2799 2399 positionem
2842 2328 2972 2381 thus
3010 2328 3297 2382 mundum.
3334 2347 3352 2381 ι
3397 2328 3600 2386 Thuris

2015 2424 2225 2494 species
2258 2424 2487 2476 fortnam
2526 2429 2672 2474 teuet
2706 2419 3037 2475 orationum.
3075 2417 3301 2487 Oportet
3337 2435 3464 2489 ergo
3499 2437 3598 2489 pa-

2016 2516 2176 2569 nibus
2243 2514 2365 2568 fidei
2427 2513 2737 2567 orationum
2795 2510 3138 2580 vigilantiam
3194 2511 3601 2581 puritatemque

2016 2605 2367 2674 conjungere.
2403 2603 2543 2657 Pura
2572 2615 2749 2657 autem
2776 2602 2955 2656 Oratio
2986 2609 3104 2666 est,
3139 2602 3280 2656 sicut
3307 2602 3597 2672 Apostolus

2014 2699 2147 2753 dicit
2186 2697 2268 2748 “:
2316 2716 2332 2748 ι
2362 2695 2631 2750 Levantes
2674 2710 2835 2762 puras
2869 2708 3062 2748 manus
3093 2694 3210 2749 sine
3243 2694 3322 2748 ira
3350 2704 3405 2749 et
3430 2695 3601 2749 disce-

2016 2790 2277 2861 ptatione.
2319 2808 2337 2841 ι
2391 2787 2564 2841 Simul
2604 2798 2660 2842 et
2708 2787 2895 2841 odoris
2928 2786 3171 2840 suavitas
3222 2786 3431 2855 impleri
3486 2786 3598 2858 (l2)

2015 2882 2148 2937 facit
2181 2882 2310 2935 illud
2341 2881 2484 2949 quod
2520 2879 2784 2948 scriptum
2818 2886 2901 2933 est
2928 2878 3003 2931 πε
3056 2895 3076 2928 ι
3099 2878 3381 2948 Dirigatur
3423 2880 3601 2934 oratio

2017 2989 2135 3028 mea
2182 2974 2324 3027 sicut
2381 2972 2662 3025 incensum
2715 2970 2767 3023 in
2821 2978 3118 3038 conspectu
3176 2979 3334 3025 tuo.»
3382 2970 3436 3024 Si
3481 2971 3602 3040 quis

341 3066 552 3127 pareat.
604 3059 899 3114 Duodecim
953 3076 1084 3132 ergo
1134 3078 1302 3131 panes
1339 3079 1403 3118 ex
1451 3064 1552 3119 ista
1591 3065 1763 3120 simila
1798 3066 1910 3121 fieri
1939 3078 1989 3142 ε
2018 3081 2147 3137 ergo
2174 3066 2451 3120 orationes
2477 3063 2697 3132 quidem
2729 3061 2922 3116 oll‘erat
2958 3063 3069 3116 Deo
3091 3101 3108 3127 ,
3140 3077 3245 3116 non
3292 3070 3470 3116 tamen
3503 3064 3601 3116 ha-

345 3150 675 3203 ntaudantur
712 3153 1011 3205 secundum
1045 3168 1331 3208 numerum
1370 3154 1605 3210 tribuum
1632 3172 1753 3225 qua:
1786 3166 1915 3213 tunc

347 3257 503 3298 erant
555 3245 792 3300 carnalis
842 3247 1032 3303 Israel.
1071 3248 1127 3301 In
1163 3265 1271 3318 quo
1308 3250 1442 3304 mihi
1480 3252 1691 3306 videtur
1738 3252 1913 3308 forma

343 3335 508 3389 totius
528 3346 791 3391 creatura:
811 3339 1089 3395 rationalis
1119 3342 1406 3399 contineri.
1438 3342 1729 3399 Duodecim
1760 3360 1913 3398 nam-

346 3437 453 3489 que
481 3432 738 3492 putantur
757 3441 874 3480 esse
901 3431 1183 3497 generales
1204 3432 1422 3486 ordines
1454 3433 1735 3488 rationalis
1760 3449 1916 3487 crea-

348 3522 504 3580 turar,
534 3529 762 3584 quorum
788 3517 951 3587 figura
970 3531 1086 3573 erat
1129 3522 1178 3574 in
1215 3522 1317 3576 illis
1342 3522 1623 3578 duodecim
1645 3524 1912 3581 tribubus.

345 3608 401 3661 lu
433 3610 630 3676 quibus
661 3620 778 3664 erat
809 3628 945 3665 unus
978 3613 1195 3682 quidam
1225 3615 1358 3669 ordo
1394 3616 1609 3686 regalis,
1635 3618 1723 3686 qui
1747 3616 1916 3672 Judas

341 3696 505 3769 257
554 3699 879 3755 nominatur.
920 3703 1071 3755 Alius
1108 3712 1226 3756 erat
1274 3704 1405 3757 ordo
1437 3707 1792 3761 sacerdotalis
1816 3748 1831 3773 ,
1863 3716 1919 3761 et

342 3788 470 3843 Levi
503 3790 823 3860 appellatur.
873 3793 1003 3847 Erat
1034 3804 1089 3847 ct
1123 3794 1260 3848 alius
1304 3796 1439 3851 ordo
1469 3795 1620 3851 JuJa:
1664 3798 1873 3853 vicinus
1896 3839 1911 3861 ,

343 3882 435 3949 qui
494 3881 769 3949 Benjamin
802 3884 1001 3939 dicitur
1027 3925 1042 3950 ,
1096 3886 1146 3938 iu
1184 3903 1291 3956 quo
1323 3888 1513 3943 ordine
1550 3898 1605 3943 et
1660 3890 1913 3959 templum

344 3972 459 4037 Dei,
492 3983 547 4028 et
577 3974 747 4030 altare
783 3976 1105 4031 collocatum
1138 3988 1237 4032 est.
1269 3979 1423 4035 Alius
1460 3981 1590 4036 ordo
1622 3982 1874 4036 Issachar
1898 4022 1913 4047 ,

344 4072 397 4118 et
424 4066 685 4130 Zabulou,
716 4077 767 4122 et
798 4069 1052 4138 Ephrem,
1088 4071 1288 4141 aliique
1315 4088 1453 4142 quos
1476 4074 1796 4129 nominatim
1825 4078 1917 4129 de-

344 4159 521 4228 signat
567 4161 846 4229 Scriptura
884 4163 1090 4227 divina,
1125 4180 1351 4232 quorum
1402 4168 1666 4223 rationem
1696 4183 1799 4222 uou
1832 4179 1916 4224 est

348 4266 490 4306 nunc
529 4254 785 4321 temporis
816 4254 1110 4322 explicare.
1146 4255 1243 4310 Est
1279 4270 1457 4313 tamen
1487 4260 1915 4330 uniuscujusque

348 4343 539 4409 tribus,
570 4344 650 4398 vel
676 4345 880 4400 ordinis
914 4347 1067 4415 panis
1095 4356 1219 4402 ante
1251 4350 1559 4405 Dominum.
1595 4352 1658 4406 Et
1687 4355 1817 4408 licet
1842 4356 1914 4408 sit

2019 3160 2143 3214 beat
2186 3156 2440 3212 mundam
2474 3154 2864 3209 conscientiam
2906 3153 2973 3207 ab
3009 3153 3263 3222 operibus
3293 3154 3481 3208 malis:
3513 3155 3601 3207 hic

2019 3251 2143 3304 thus
2169 3249 2384 3318 quidem
2417 3247 2639 3300 videtur
2680 3246 2913 3314 panibus
2946 3259 3335 3314 superponere,
3366 3248 3459 3300 sed
3494 3261 3601 3299 non

2018 3342 2233 3413 penitus
2268 3339 2381 3409 (15)
2413 3339 2691 3392 mundum.
2732 3336 2867 3391 Nam
2896 3336 2942 3391 si
2982 3350 3143 3391 omne
3179 3338 3305 3391 tbus
3338 3338 3599 3390 mundum

2017 3442 2199 3498 esset,
2230 3446 2333 3484 non
2366 3430 2553 3496 utique
2587 3428 2887 3482 addidisset
2920 3426 3227 3496 Scriptura,
3266 3428 3390 3481 thus
3440 3442 3603 3481 mun~

2017 3522 2143 3576 dum
2168 3536 2330 3589 super
2364 3533 2528 3589 panes
2575 3518 2963 3586 prepositionis
2994 3518 3304 3586 ponendum
3341 3528 3467 3572 ante
3501 3517 3603 3571 Do-

2019 3616 2247 3669 minum.
2279 3613 2386 3666 Nec
2414 3612 2559 3665 enim
2591 3620 2747 3678 putes
2778 3612 2919 3677 quod
2950 3610 3299 3677 omnipotens
3327 3612 3469 3665 Deus
3499 3610 3602 3665 hoc

2020 3705 2335 3765 mandabat,
2358 3712 2409 3755 et
2442 3702 2545 3755 hoc
2574 3701 2689 3769 lege
2717 3700 3023 3764 sanciebat,
3054 3712 3113 3754 ut
3143 3700 3265 3754 thus
3290 3701 3342 3756 ei
3374 3716 3439 3755 ex
3465 3701 3603 3755 Ara-

2018 3800 2105 3854 bia
2138 3795 2464 3851 deferretur.
2499 3794 2604 3849 Sed
2649 3794 2751 3847 hoc
2782 3803 2865 3847 est
2897 3792 3023 3846 thus
3054 3797 3195 3861 quod
3233 3794 3371 3849 Deus
3401 3794 3468 3847 ab
3499 3794 3601 3848 ho-

2020 3890 2254 3945 minibus
2305 3888 2405 3943 sibi
2442 3887 2637 3956 quaarit
2669 3884 2851 3939 otl'crri
2877 3923 2892 3948 ,
2930 3899 2995 3939 ex
3028 3900 3137 3953 quo
3175 3886 3320 3955 capit
3375 3885 3599 3939 odorem

2018 3982 2305 4036 suavitatis
2332 4020 2346 4044 ,
2387 3980 2665 4034 orationes
2701 3992 2767 4031 ex
2805 3978 2967 4032 corde
3000 3992 3139 4046 puro
3167 3987 3225 4031 et
3263 3977 3599 4032 conscientia

2017 4076 2155 4129 bona
2184 4113 2199 4137 ,
2235 4073 2288 4126 in
2358 4072 2555 4140 quibus
2595 4086 2720 4125 vere
2774 4071 2913 4124 Deus
2968 4071 3196 4141 suscipit
3235 4069 3597 4140 fragrantiam

2016 4166 2323 4220 suavitatis.
2368 4182 2385 4214 ι
2416 4163 2482 4217 Ει
2513 4172 2695 4225 erunt,
2730 4162 2908 4231 inquit
2943 4162 3011 4229 ",
3057 4176 3228 4233 panes
3263 4163 3317 4217 in
3356 4177 3597 4217 comme-

2019 4259 2371 4315 morationem
2400 4256 2660 4326 propositi
2692 4265 2815 4309 ante
2845 4256 3151 4309 Dominum.
3185 4255 3242 4310 lu
3268 4257 3354 4309 die
3388 4256 3604 4309 Sabba-

2017 4356 2199 4402 torum
2235 4344 2549 4416 proponetis
2579 4358 2662 4397 ea.
2697 4364 2715 4397 ι
2756 4344 2813 4399 Si
2846 4346 3082 4399 nondum
3118 4345 3215 4399 tibi
3247 4346 3599 4400 manifestum

344 4435 524 4504 aliqua
558 4435 749 4502 tribus,
780 4452 899 4507 qua:
931 4453 1037 4492 non
1070 4453 1133 4493 ex
1168 4440 1358 4506 libera,
1392 4443 1485 4497 sed
1518 4458 1583 4497 ex
1612 4448 1914 4500 concubina
1946 4416 1993 4473 ί)
2018 4451 2100 4494 est
2124 4440 2237 4509 (14)
2266 4440 2392 4506 quia
2427 4451 2599 4507 panes
2634 4437 2724 4491 isti
2749 4438 2972 4491 verbum
2998 4436 3091 4490 Dei
3119 4445 3226 4497 est,
3260 4451 3324 4489 ex
3354 4436 3437 4491 his
3460 4451 3602 4491 nunc

345 4529 509 4584 Israel
546 4530 875 4595 descendat,
904 4542 958 4585 et
993 4547 1057 4586 ex
1091 4543 1243 4602 parte
1276 4534 1443 4589 libera
1468 4577 1482 4602 ,
1520 4552 1584 4591 ex
1618 4547 1769 4605 parte
1799 4554 1917 4593 ser-

347 4621 469 4677 vilis
499 4622 606 4687 sit,
641 4632 819 4677 tamen
871 4638 968 4693 pro
1014 4625 1267 4681 omnibus
1314 4640 1381 4680 ex
1434 4627 1645 4681 duabus
1694 4628 1918 4684 decimis

347 4714 503 4784 panis
549 4716 871 4785 proponitur
914 4728 1039 4770 ante
1093 4717 1416 4783 Dominum,
1458 4726 1513 4771 et
1554 4719 1606 4771 in
1654 4720 1920 4775 universis

345 4805 467 4859 dua:
503 4805 727 4860 decimae
778 4807 1104 4875 similaginis
1142 4819 1411 4863 constant.
1446 4808 1679 4877 Pr0poni
1732 4821 1910 4865 autem

338 4896 601 4965 jubeutur
632 4912 795 4967 supra
832 4914 1069 4953 mensam
1113 4901 1392 4954 mundam.
1440 4899 1572 4966 Quis
1606 4910 1785 4954 autem
1819 4916 1917 4954 uo-

346 4998 519 5043 strum
556 4998 656 5053 est,
688 4990 776 5059 qui
814 4991 883 5043 ita
912 4991 1108 5045 habeat
1140 5006 1383 5046 mensam
1416 4992 1695 5056 mundam,
1731 5002 1788 5045 ut
1822 5010 1915 5062 pa-

346 5094 446 5134 ucs
504 5096 661 5150 super
708 5097 826 5135 eam
874 5081 1101 5135 Domino
1154 5083 1497 5137 olferantur?
1549 5102 1567 5135 ι
1612 5084 1666 5138 Si
1712 5087 1917 5141 sederis

344 5170 545 5239 (inquit
592 5170 844 5227 Salomon
882 5174 966 5239 ¹⁹)
1002 5187 1221 5228 caenare
1260 5174 1327 5227 ad
1360 5190 1604 5228 mensam
1639 5178 1874 5244 potentis
1900 5218 1916 5243 ,

419 5312 461 5343 ιε
482 5308 863 5384 Joan._ittv,_9.
942 5312 982 5341 ¹⁹
1015 5310 1170 5384 Prov.
1202 5328 1366 5384 parun,
1410 5313 1460 5366 t.
1538 5315 1582 5344 ²⁰
1628 5315 1819 5384 Philip.
1855 5332 1928 5380 tv,
1961 5316 2048 5370 1⁸5.

1175 5382 1219 5413 ’⁸
1247 5382 1388 5438 Psal.
1423 5396 1570 5449 cm,
1599 5384 1651 5437 2.
1725 5382 1781 5417 ἐή
1805 5388 1979 5441 Levit.
2011 5399 2160 5447 χχιι,
2198 5382 2250 5447 7,
2284 5382 2340 5434 8ο

648 5381 694 5412 ’⁵
727 5380 745 5434 l
775 5382 913 5436 Tim.
948 5396 1009 5445 ll,
1045 5380 1094 5433 8.

418 5497 528 5572 (10)
555 5500 707 5553 Libh.
730 5502 890 5574 editi,
916 5518 933 5551 ι
966 5508 1018 5551 et
1047 5500 1201 5554 valde
1231 5501 1539 5569 artificiosi,
1568 5504 1908 5574 diligenter,»

348 5573 440 5625 sed
477 5570 605 5624 mss.
636 5582 695 5624 ut
729 5570 779 5623 in
814 5581 1000 5625 nostro
1037 5581 1207 5623 textu.

420 5639 530 5709 (ll)
570 5640 723 5704 Mss.,
761 5658 778 5690 ι
807 5656 977 5694 mens.
1015 5658 1032 5689 ι
1073 5638 1227 5693 Lihb.
1266 5640 1439 5709 editi,
1495 5661 1513 5693 ι
1546 5657 1749 5699 mensa.
1780 5664 1797 5695 ι

417 5709 530 5779 (ιῖ)
579 5709 730 5765 Libb.
781 5711 953 5776 editi,
1010 5727 1027 5759 ι
1061 5710 1310 5766 similiter
1353 5723 1408 5765 et
1453 5714 1632 5768 odoris
1670 5714 1910 5768 suavitas

344 5397 493 5445 xxtv,
519 5380 573 5432 7.

2020 4532 2365 4587 sermonibus
2399 4533 2742 4584 continuare.
2786 4528 2925 4594 Quid
2959 4537 3043 4582 est
3082 4528 3227 4583 enim
3274 4528 3415 4597 quod
3448 4526 3603 4581 nobis

2021 4623 2597 4679 commemorationem
2641 4621 2735 4675 Dei
2777 4619 2992 4675 faciat?
3029 4620 3169 4687 Quid
3208 4630 3291 4676 est
3327 4623 3470 4689 quod
3506 4635 3603 4673 nos

2024 4717 2091 4770 ad
2126 4715 2440 4769 memoriam
2471 4713 2697 4783 justitiae
2723 4752 2737 4777 ,
2766 4721 2820 4767 et
2853 4712 3017 4767 totius
3053 4712 3179 4768 boui
3215 4721 3468 4774 revocet,
3497 4709 3602 4763 nisi

2023 4807 2244 4863 verbum
2280 4806 2422 4861 Dei?
2460 4806 2585 4859 Ideo
2636 4819 2763 4873 ergo
2797 4805 2971 4867 dicit,
3001 4805 3127 4872 quia
3163 4812 3323 4857 erunt
3354 4802 3405 4855 in
3450 4815 3602 4855 com-

2024 4898 2470 4955 memoratiouem
2508 4896 2769 4965 propositi
2810 4904 2937 4948 ante
2990 4893 3296 4948 Dominum.
3345 4889 3509 4945 Addit
3545 4898 3602 4944 et

2026 4992 2078 5045 in
2112 4991 2195 5045 die
2223 4990 2607 5049 Sabbatorum,
2640 4988 2691 5039 id
2740 4993 2823 5040 est
2868 4986 2923 5039 in
2956 4985 3144 5054 requie
3173 4983 3498 5038 animarum.
3538 4982 3604 5035 Et

2025 5099 2144 5155 quae
2170 5082 2341 5149 major
2372 5079 2512 5134 fideli
2543 5078 2737 5131 anima:
2762 5077 2976 5145 requies
3000 5091 3160 5146 quam
3192 5074 3450 5130 memoria
3483 5073 3605 5129 Dei?

2028 5192 2188 5248 quam
2226 5175 2277 5229 in
2308 5178 2599 5242 conspectu
2631 5170 2725 5224 Dei
2748 5169 2991 5224 versari?
3015 5182 3178 5238 quam
3204 5167 3258 5223 in
3290 5166 3394 5223 fide
3424 5165 3605 5221 Putris

3350 5305 3395 5337 ”
3424 5302 3602 5360 Levit.

2153 5313 2196 5344 ²¹
2230 5310 2269 5364 11
2308 5311 2432 5364 Cor.
2466 5322 2567 5374 χιι,
2607 5306 2691 5362 10.
2768 5308 2812 5338 "
2830 5305 2989 5361 Prov.
3022 5321 3179 5373 mn,
3216 5304 3271 5360 2.

2024 5500 2287 5577 implere,
2312 5499 2634 5577 r_sed_mss.
2672 5506 2729 5551 ut
2765 5498 2816 5551 in
2853 5508 3039 5577 nostro
3075 5506 3243 5577 textu:

2094 5566 2204 5647 (13)
2251 5569 2429 5647 (iudex
2468 5567 2780 5637 Sangerm.,
2834 5567 3114 5637 «penitus.
3147 5586 3165 5621 ι
3225 5566 3377 5623 Libb.
3432 5566 3598 5632 editi,

2027 5644 2213 5709 «ponit
2248 5641 2391 5695 thus.
2420 5656 2438 5687 ι

2096 5710 2205 5780 (lt)
2238 5709 2392 5763 Libb.
2442 5708 2606 5777 editi,
2645 5727 2663 5759 ‹
2695 5718 2813 5763 erat
2866 5723 2889 5755 ι
