4086 6218
557 215 656 271 551
2036 224 2093 279 01

2204 227 2359 282 ΕΝῐὸ
3726 240 3823 293 ῧω

3797 276 3825 292 Α

554 344 617 381 ac
653 326 773 381 Filii
827 333 1197 397 permanere?
1240 347 1401 402 quam
1436 334 1712 392 orationes
1756 336 1985 393 Domino
2013 347 2130 393 lan-
2162 345 2205 399 Α
2236 345 2511 411 parabolis
2537 387 2551 411 ,
2585 349 2674 415 qui
2719 354 3025 408 communis
3072 363 3159 408 est
3202 355 3365 426 vulgi.
3417 373 3438 406 ι
3497 349 3817 421 Legitiuumi

551 432 711 484 quam
764 420 986 474 odorem
1024 423 1313 479 suavitatis
1348 424 1582 481 oli'errei
1620 446 1639 479 ι
1680 428 2126 495 Testamentum,
2230 431 2487 484 aeternale
2511 433 2613 487 hoc
2650 436 2754 489 erit
2781 437 2846 492 ³³.
2880 457 2900 491 ι
2951 437 3273 511 Legitimum
3298 420 3565 511 namque
3594 420 3654 493 et
3678 447 3819 492 atter-

550 509 730 578 inquit
760 511 827 575 ’⁷,
852 524 1118 567 aeternum
1147 517 1251 568 erit
1276 517 1454 569 Aaron
1483 526 1534 570 et
1566 518 1691 573 ﬁliis
1722 521 1858 585 ejus,
1895 530 1949 574 et
1980 537 2129 575 man-
2232 535 2358 572 num
2390 532 2473 575 est
2510 538 2671 579 omne
2704 529 2848 596 quod
2885 509 3178 600 mysticum
3216 544 3320 588 est.
3354 509 3498 589 Nam
3538 538 3817 602 praesentia

550 597 830 652 dncabunt
856 616 917 653 ea
950 602 1001 654 in
1033 602 1148 656 loco
1176 616 1385 659 sancto.
1416 624 1435 657 ι
1479 607 1655 661 Aaron
1687 618 1740 662 et
1767 610 1859 664 filii
1890 611 2005 680 ejus
2040 628 2130 681 ge-
2232 611 2348 666 haec
2395 625 2448 667 et
2480 617 2679 684 passim
2710 597 2974 686 visibilia',
3008 627 3326 694 temporalia
3360 634 3496 680 sunt
3522 597 3556 687 ,ν
3575 632 3637 676 ει
3673 620 3826 675 ﬁnem

552 702 653 743 nus
687 702 769 744 est
820 694 1049 749 electum
1081 736 1094 759 ,
1140 712 1309 765 genus
1350 701 1686 756 sacerdotale
1713 742 1726 766 ,
1761 706 1961 771 quibus
2015 707 2130 763 haec
2230 707 2341 759 cito
2395 709 2703 777 accipiunt:
2744 730 2761 763 ι
2788 711 3032 771 Prmterit
3058 718 3199 770 enim
3230 718 3449 771 habitus
3480 714 3659 780 hujus
3684 726 3829 764 mnu.

552 782 731 847 portio
787 797 1095 839 sant-torum
1152 791 1383 842 donatur
1434 805 1461 841 a
1527 791 1636 845 Deo
1664 831 1679 857 ,
1731 796 1872 861 quod
1938 812 2125 853 sumus
2230 796 2283 848 di
2321 797 2384 849 ³³.
2410 816 2427 848 ι
2464 799 2615 864 Quod
2647 801 2689 854 si
2724 802 2882 870 hujus
2908 808 3092 859 mundi
3123 808 3383 875 przeterit.
3413 806 3547 860 sine
3580 801 3757 857 dubio
3787 808 3841 853 et

551 886 742 924 otnnes
782 874 871 941 qui
907 876 1175 929 credimus
1210 876 1260 928 in
1290 878 1528 931 Christo.
1556 879 1757 933 Locum
1791 892 1968 937 autem
2000 901 2125 939 san-
2228 887 2419 941 littera:
2449 889 2663 946 habitus
2698 898 2958 961 prreterit,
2982 908 3037 951 et
3075 874 3296 952 manent
3331 899 3422 951 illa
3468 909 3607 964 qua:
3632 903 3842 946 πίει-ιη

548 972 692 1015 ctum
727 980 824 1031 ego
864 967 913 1016 in
969 967 1130 1019 terris
1175 981 1276 1020 non
1331 972 1550 1037 requiro
1604 973 1876 1039 positum,
1925 976 2017 1029 sed
2068 977 2120 1030 in
2226 988 2374 1045 sunt,
2401 996 2517 1047 qua:
2541 998 2735 1037 sensus
2760 988 3008 1041 continet
3026 989 3309 1057 spiritalis.
3340 986 3396 1041 Si
3428 1002 3580 1057 ergo
3621 982 3847 1037 intelle-

548 1054 726 1105 corde.
765 1054 935 1106 Locus
969 1057 1108 1109 enim
1148 1058 1351 1112 dicitur
1382 1071 1606 1115 sanctus
1629 1102 1643 1125 ,
1678 1065 1964 1119 rationalis
2003 1066 2121 1120 ani-
2223 1069 2403 1124 ximus
2433 1073 2610 1139 primo
2643 1081 2917 1146 quomodo
2951 1054 3090 1134 Deus
3118 1080 3443 1150 loquebatur
3472 1054 3551 1133 ad
3584 1077 3845 1147 Moysen,

547 1161 650 1208 ma,
685 1155 900 1237 propter
930 1148 1070 1214 quod
1103 1159 1153 1202 ct
1180 1152 1470 1219 Apostolus
1497 1153 1631 1205 dicit
1661 1153 1745 1206 '9:
1785 1172 1803 1205 ι
1830 1156 2009 1211 Nolite
2042 1159 2120 1211 lo-
2220 1168 2271 1212 et
2305 1160 2515 1233 Moyses
2548 1166 2672 1220 [iliis
2702 1167 2888 1237 Israel,
2921 1173 3158 1226 secundo
3186 1148 3346 1226 etiam
3383 1174 3685 1227 rationem
3718 1184 3851 1225 can-

544 1253 662 1289 cum
687 1236 815 1288 dare
835 1238 1071 1292 diabolo.
1092 1239 1315 1292 iAnima
1330 1254 1583 1311 crgomea
1609 1244 1759 1300 locus
1781 1258 1882 1311 est,
1905 1248 1947 1301 si
1980 1251 2116 1306 male
2221 1253 2427 1308 delubri
2469 1260 2674 1321 mundi,
2702 1271 2756 1316 et
2788 1236 3161 1331 lucernarum,
3199 1276 3359 1335 atque
3387 1268 3501 1321 olei
3540 1266 3701 1334 ejus,
3740 1273 3852 1315 ter-

537 1343 659 1427 ago,
689 1327 887 1382 diaboli
926 1348 938 1382 :
972 1331 1013 1384 si
1047 1332 1202 1397 bene,
1236 1334 1352 1387 Dei.
1385 1334 1626 1405 Denique
1654 1348 1707 1392 et
1738 1340 1962 1408 spiritus
1996 1359 2111 1395 ma-
2222 1346 2294 1398 tio
2322 1361 2538 1417 quoque
2577 1368 2744 1418 panes
2800 1327 3188 1427 propositionis
3237 1327 3297 1410 es
3332 1327 3849 1413 duabus'dec'unis

535 1416 713 1485 lignus
757 1437 773 1468 ι
801 1435 920 1472 cum
948 1461 963 1485 ,
999 1423 1170 1491 inquit
1200 1424 1265 1488 ",
1302 1427 1498 1481 exierit
1539 1428 1605 1482 ab
1641 1429 1855 1484 homine
1880 1471 1895 1494 ,
1925 1442 1978 1486 et
2007 1433 2112 1486 (-ir-
2218 1437 2466 1507 singulos
2507 1416 2784 1499 confectos
2802 1416 3119 1502 secundum
3171 1447 3279 1519 (ιε)
3316 1449 3685 1503 voluntatem
3735 1444 3851 1512 spi-

534 1511 734 1609 cuierit
766 1510 879 1564 loca
916 1513 1064 1565 arida
1089 1554 1102 1576 ,
1136 1524 1187 1566 et
1221 1516 1461 1582 requiem
1496 1533 1601 1570 non
1643 1519 1913 1573 invenerit
1937 1560 1951 1582 .
1986 1531 2112 1576 tunc
2220 1527 2359 1582 ritus
2400 1530 2788 1600 intelleximus,
2828 1539 3019 1593 demus
3057 1510 3274 1609 operam
3304 1540 3593 1609 quomodo
3630 1547 3693 1592 et
3745 1510 3852 1586 nos

533 1597 690 1651 dicit:
722 1599 983 1653 Revertar
1011 1600 1075 1653 ad
1112 1602 1284 1655 locmn
1317 1618 1492 1657 meum
1524 1608 1665 1659 unde
1694 1608 1857 1662 exivi.
1886 1628 1905 1659 ι
1937 1608 2111 1664 Locus
2218 1616 2321 1672 hoc
2358 1630 2509 1677 tanto
2540 1637 2592 1679 et
2632 1636 2741 1681 tam
2776 1597 3000 1685 sublimi
3045 1597 3335 1686 intellectu.
3369 1644 3471 1683 non
3509 1626 3854 1683 elﬁciallmf

529 1702 657 1785 ergo
690 1701 911 1745 sanctus
944 1693 1119 1744 anima
1147 1704 1229 1747 est
1255 1710 1412 1763 pura.
1448 1694 1500 1749 In
1538 1712 1644 1766 quo
1673 1697 1790 1753 loco
1822 1700 1985 1756 edere
2014 1719 2110 1757 no-
2145 1693 2186 1747 Β
2219 1706 2423 1777 indigni
2454 1729 2468 1765 :
2499 1715 2593 1769 sed
2643 1728 2702 1770 ut
2744 1720 2924 1774 anima
2960 1732 3140 1775 nostra
3181 1721 3331 1785 prius
3362 1720 3453 1773 fiat
3494 1720 3666 1773 locus
3712 1730 3853 1769 san-

530 1778 612 1832 bis
644 1782 926 1833 mandatur
957 1783 1135 1836 cibum
1173 1786 1323 1839 verbi
1359 1785 1474 1842 Dei.
1513 1787 1698 1859 Neque
1734 1790 1882 1846 enim
1916 1807 2113 1849 conve-

529 1868 611 1921 nit
660 1878 718 1922 ut
762 1879 947 1925 sancta
990 1876 1154 1927 verba
1195 1876 1376 1929 anima
1426 1893 1535 1933 non
1567 1890 1755 1936 sancta
1807 1884 2110 1954 suscipiat;

529 1960 621 2013 sed
650 1977 769 2014 cum
798 1963 1170 2031 puriﬁcaverit
1200 1982 1257 2023 se
1283 1974 1349 2021 ab
1372 1970 1520 2024 omni
1556 1971 1967 2041 inquinamento
1996 1990 2113 2029 ear-

530 2054 615 2105 nis
647 2062 701 2107 et
754 2070 965 2109 morum
1000 2099 1013 2123 ,
1069 2070 1198 2114 tunc
1249 2060 1400 2116 locus
1448 2075 1670 2119 sanctus
1702 2062 1891 2118 ell‘ecta
1926 2065 2105 2119 cibum

531 2144 711 2212 capiat
738 2148 891 2215 panis
917 2149 1057 2203 illius
1080 2152 1192 2220 (15)
1213 2154 1303 2222 qui
1328 2155 1393 2206 de
1414 2154 1555 2208 caelo
1583 2156 1884 2209 descendit.
1914 2152 2104 2206 Nonne

529 2236 722 2290 melius
756 2238 833 2290 sic
868 2240 1190 2309 intelligitur
1235 2244 1381 2295 locus
1415 2254 1651 2308 sanctus,
1685 2258 1844 2309 quam
1872 2244 1914 2295 si
1948 2252 2101 2308 pute-

527 2341 648 2379 mus
681 2334 1015 2381 structuram
1057 2330 1288 2397 lapidum
1322 2332 1713 2385 insensibilium
1760 2332 1935 2383 locum
1968 2345 2095 2382 san-

523 2428 671 2472 ctum
712 2419 1019 2471 nominari?
1064 2420 1215 2475 Unde
1264 2422 1427 2474 simili
1481 2422 1638 2474 modo
1671 2419 1831 2473 etiam
1883 2421 1975 2474 tibi
2010 2421 2092 2474 lex

524 2508 622 2557 ista
657 2505 991 2572 proponitur,
1034 2516 1090 2557 ut
1121 2524 1244 2560 cum
1278 2513 1557 2576 acceperis
1585 2522 1775 2577 panem
1807 2509 2094 2579 mysticum

522 2595 573 2648 in
609 2594 725 2649 loco
776 2596 976 2649 mundo
1013 2599 1302 2653 manduces
1333 2614 1490 2652 eum:
1525 2600 1626 2653 hoc
1659 2608 1761 2661 est,
1793 2614 1860 2653 ne
1891 2600 1941 2653 in
1974 2603 2095 2656 ani-

2221 1808 2344 1853 ctus
2371 1840 2385 1866 ,
2423 1813 2475 1856 et
2511 1806 2564 1857 itt
2610 1806 2729 1858 loco
2767 1817 2951 1858 sancto
2986 1809 3263 1864 capiamus
3309 1822 3503 1862 sancta
3538 1806 3850 1878 mysteria

2216 1904 2312 1959 per
2353 1893 2581 1957 gratiam
2638 1891 2871 1952 Spiritus
2902 1883 3112 1943 sancti,
3157 1896 3223 1936 ex
3256 1899 3362 1952 quo
3404 1898 3855 1949 sanctificatur

2213 1994 2375 2033 omne
2400 1977 2541 2045 quod
2572 1981 2817 2025 sanctum
2848 1978 2949 2021 est.
2984 1967 3090 2040 Ipsi
3124 1972 3297 2043 gloria
3328 1984 3380 2029 et
3407 1976 3734 2047 imperium
3774 1985 3845 2039 in

2210 2066 2399 2121 szecula
2436 2060 2774 2115 smculorum.
2800 2059 2995 2115 Amen.

2752 2175 3035 2232 ilOMlLlA
3078 2178 3218 2236 XIV.

2198 2285 2275 2341 De
2310 2287 2419 2367 ﬁlio
2453 2286 2688 2340 mulieris
2721 2289 3071 2367 lsraelitidis,
3093 2303 3142 2367 et
3176 2292 3419 2363 ngyptii
3458 2297 3623 2364 patris
3653 2338 3671 2357 ,
3714 2296 3829 2367 qui

2272 2363 2549 2481 imminens
2582 2377 2771 2414 nomen
2801 2401 2816 2427 ,
2850 2363 3160 2431 maledixit,
3208 2374 3255 2417 ei
3288 2372 3352 2419 de
3392 2363 3655 2419 sententia
3707 2365 3826 2419 Dei

2294 2436 2382 2480 (tta
2414 2446 2466 2481 in
2494 2446 2635 2482 eum.

2272 2520 2324 2573 l.
2360 2517 2599 2573 llisloria
2634 2522 2786 2575 nobis
2818 2523 3042 2577 recitata
3077 2533 3183 2588 est,
3223 2523 3379 2592 cujus
3417 2524 3676 2592 quamvis
3720 2524 3819 2577 vi-

518 2700 604 2738 ma
638 2685 1004 2738 contaminata
1056 2696 1110 2740 et
1154 2689 1391 2756 peccatis
1424 2689 1625 2758 polluta
1659 2686 1925 2746 Dominici
1973 2708 2097 2748 cor-

518 2776 666 2845 poris
714 2786 1055 2831 sacramenta
1118 2780 1435 2849 percipias:
1511 2800 1529 2830 ε
1586 2781 1906 2851 Quicunque
1952 2786 2094 2840 enim

516 2870 952 2931 manducaverit,
997 2871 1169 2941 inquit
1198 2873 1263 2937 ³⁸,
1301 2878 1601 2943 ρειιειιι,ἐι
1628 2872 1827 2927 biberit
1871 2875 2096 2931 calicem

516 2959 725 3013 Domini
762 2959 1002 3030 indigne,
1036 2977 1161 3016 reus
1186 2965 1291 3018 erit
1324 2964 1570 3030 corporis
1604 2974 1657 3017 et
1688 2966 1968 3034 sanguinis
2002 2967 2097 3021 Do-

515 3052 669 3106 mini.
706 3052 903 3107 Probet
932 3064 1111 3108 autem
1147 3070 1204 3108 se
1235 3054 1626 3127 unusquisque,
1662 3066 1717 3109 et
1752 3065 1877 3112 tunc
1904 3059 1969 3112 de
1996 3074 2094 3129 pa-

513 3161 583 3202 ne
615 3149 921 3211 manducet,
952 3159 1005 3201 et
1037 3148 1101 3201 de
1133 3148 1305 3202 calice
1338 3147 1502 3203 bibat.
1534 3166 1554 3200 ι

583 3239 635 3292 6.
681 3257 699 3291 ι
727 3238 923 3293 Sancta
959 3238 1101 3292 enim
1132 3247 1444 3292 sanctorum
1469 3246 1598 3292 sunt
1627 3239 1693 3291 ⁸⁸.
1715 3257 1735 3290 ι
1769 3237 1930 3294 Vides
1959 3254 2092 3308 quo-

514 3332 674 3385 modo
719 3346 821 3384 nou
874 3330 1009 3384 dixit
1057 3338 1243 3382 sancta
1286 3330 1696 3398 tantummodo,
1749 3330 1845 3383 sed
1890 3332 2091 3387 Sancta

512 3431 858 3475 sanctorum:
902 3432 959 3471 ut
1005 3420 1051 3473 si
1105 3420 1346 3483 diceret,
1382 3421 1534 3475 cibus
1590 3422 1692 3474 iste
1726 3430 1947 3476 sanctus
1981 3437 2090 3475 non

512 3524 595 3565 est
627 3513 931 3566 cmumunis
962 3513 1205 3565 omnium
1237 3527 1338 3566 nec
1368 3512 1739 3582 cujuscunque
1765 3516 1930 3586 258
1952 3516 2091 3570 indi-

509 3604 596 3671 gni
626 3643 640 3665 ,
690 3603 784 3656 sed
829 3612 1138 3657 sanctorum
1183 3613 1287 3657 est.
1321 3603 1537 3668 Quanto
1585 3606 1760 3674 magis
1791 3607 1895 3660 hoc
1938 3615 1993 3661 et
2024 3607 2091 3660 de

507 3696 676 3748 verbo
710 3696 802 3748 Dei
834 3710 981 3749 recte
1014 3696 1321 3764 meritoque
1360 3696 1623 3764 dicemus,
1656 3697 1745 3753 hic
1774 3712 1953 3753 sermo
1985 3713 2088 3753 non

506 3798 587 3841 est
620 3789 862 3841 omnium
897 3826 910 3851 ,
942 3804 1044 3842 nec
1075 3787 1447 3857 cujuscunque
1472 3829 1487 3854 ,
1516 3789 1609 3842 sed
1641 3801 1951 3845 sanctorum
1984 3802 2087 3846 est.

506 3878 627 3935 Non
659 3881 888 3949 quilibet
919 3881 1066 3933 verbi
1108 3880 1268 3948 hujus
1307 3890 1487 3949 potest
1523 3881 1713 3936 audire
1748 3884 2088 3952 mysterium,

509 3987 633 4028 nam
665 3972 1036 4024 tantummodo
1061 3970 1177 4043 (l6)
1202 3972 1292 4040 qui
1317 3971 1585 4041 puriﬁcati
1614 3983 1740 4026 sunt
1767 3983 1968 4039 mente,
1999 3975 2089 4043 qui

509 4059 693 4114 mundi
738 4068 863 4112 sunt
907 4060 1105 4126 corde,
1139 4061 1231 4129 qui
1280 4060 1558 4128 simplices
1592 4063 1773 4115 animo
1801 4102 1816 4129 ,
1861 4065 1951 4131 qui
1982 4065 2089 4118 vita

510 4150 1016 4220 irreprebensibiles
1041 4192 1056 4218 ,
1101 4155 1191 4221 qui
1239 4154 1583 4207 conscientia
1622 4154 1775 4209 liberi
1802 4195 1818 4217 ,
1851 4157 2089 4225 ipsorum

510 4253 592 4296 est
628 4243 692 4297 de
726 4244 827 4298 hoc
853 4244 1045 4298 audire
1079 4258 1388 4299 sermonem
1417 4283 1432 4309 ,
1484 4245 1618 4313 ipsis
1646 4258 1874 4315 possunt
1908 4248 2091 4316 expla-

510 4338 625 4391 nari
654 4338 757 4392 ista
782 4339 1060 4410 mysteria.
1091 4356 1109 4389 ι
1134 4338 1297 4394 Vobis
1319 4340 1461 4394 enim
1488 4341 1671 4394 datum
1696 4348 1800 4404 est,
1826 4340 2001 4410 inquit
2021 4340 2089 4405 ³³,

509 4445 669 4485 nosse
700 4432 955 4501 mysteria
988 4432 1099 4502 (l7)
1126 4432 1276 4500 regni
1310 4431 1439 4497 Dei;
1476 4451 1494 4484 ι
1531 4433 1637 4485 illis
1668 4443 1872 4497 autem,
1905 4433 1957 4487 id
2008 4443 2091 4488 est

507 4523 600 4591 qui
635 4538 739 4575 non
779 4532 1058 4576 merentur
1092 4562 1106 4587 ,
1146 4524 1236 4591 qui
1271 4539 1375 4576 non
1408 4535 1535 4577 sunt
1576 4525 1711 4578 tales
1744 4535 1799 4577 ut
1836 4540 2088 4579 mercan-

478 4618 634 4679 ‘tur,
673 4631 773 4669 nec
798 4630 1023 4684 capaces
1044 4630 1163 4669 esse
1195 4625 1420 4685 possunt
1457 4616 1521 4669 ad
1555 4617 1963 4687 intelligentiam
1997 4632 2087 4673 se-

507 4719 829 4773 cretorum;
883 4707 991 4761 illis
1022 4722 1127 4759 non
1182 4715 1357 4775 potest
1408 4708 1523 4761 dari
1588 4707 1678 4763 ille
1732 4710 2089 4765 sacerdotalis

508 4799 684 4872 panis,
724 4799 815 4868 qui
850 4809 931 4853 est
961 4807 1221 4862 secretus,
1253 4808 1308 4852 et
1344 4800 1606 4868 mysticus
1654 4814 1864 4866 sermo,
1908 4804 2000 4857 sed
2036 4802 2088 4855 in

578 4943 623 4982 ’τ
642 4941 775 5000 Lev.
794 4957 943 4995 xxw.
964 4942 1014 5001 8.
1037 4943 1087 4995 9.
1168 4941 1211 4972 ’⁸
1236 4940 1466 5008 Eplmv,
1501 4942 1591 4995 27.

509 5029 632 5075 xm,
662 5014 747 5066 ll.
814 5013 857 5044 ³³
885 5012 1056 5067 Levit.
1093 5028 1239 5076 sxw,
1281 5014 1333 5067 9.
1408 5014 1451 5043 δι
1483 5013 1499 5067 1
1534 5014 1658 5068 Cor.
1691 5028 1789 5078 vn,
1818 5013 1908 5067 51.

579 5133 688 5201 (Ιῦ)
724 5131 875 5186 Libb.
912 5132 1072 5196 editi,
1112 5149 1129 5182 ι
1161 5131 1339 5200 eapiat
1367 5146 1561 5200 panem
1607 5132 1777 5196 illum,
1812 5150 1828 5183 ι
1868 5148 2000 5187 mss.
2032 5142 2091 5187 ut

509 5203 564 5256 in
600 5212 783 5256 nostro
819 5213 987 5255 textu.

582 5275 692 5340 (lti)
724 5272 902 5324 Codex
951 5271 1266 5339 Sangcrm.,
1318 5289 1336 5321 ι
1368 5287 1467 5327 nec
1493 5272 1720 5340 quilibet
1748 5273 1890 5326 verbi
1925 5272 2084 5339 hujus

511 5354 689 5406 potest
713 5342 900 5394 audire
929 5344 1263 5411 mysterium.
1292 5341 1710 5405 Tantummodo,
1738 5362 1755 5394 ι
1788 5351 1893 5400 etc.
1917 5343 2084 5408 lul’ra,

516 5426 535 5457 ι
564 5412 659 5475 ipsi
691 5422 911 5480 possunt
946 5413 1239 5478 explanare
1269 5412 1369 5464 ista
1403 5414 1683 5480 mysteria.
1716 5433 1735 5465 ι

584 5481 694 5558 (1.7)
725 5479 880 5536 Libb.
912 5481 1071 5547 editi,
1116 5500 1133 5531 ι
1166 5479 1507 5553 mysterium,
1536 5504 1553 5534 ι
1589 5484 1681 5536 sed
1714 5497 1867 5547 mss.,
1911 5498 1929 5531 ι
1967 5496 2083 5551 my-

513 5556 696 5602 steria.
730 5567 747 5597 ι

587 5618 696 5687 (t8)
725 5618 875 5673 Libb.
911 5620 1071 5684 editi,
1114 5639 1132 5671 ι
1168 5619 1414 5691 singulos
1445 5637 1691 5692 quosque
1724 5618 2003 5678 confectos
2036 5619 2083 5675 si

2122 3022 2164 3079 C

1672 4942 1919 4999 "Matth.
1947 4960 2042 5001 xu.
2080 4944 2169 5005 45.
2206 4942 2294 4995 44.

1987 5015 2037 5054 ³11
2061 5014 2234 5069 Levit.
2270 5028 2417 5078 xxiv,
2452 5014 2517 5065 10
2551 5022 2604 5066 ει
2638 5030 2787 5082 seqq.

2199 2610 2392 2665 deatur
2422 2620 2606 2679 aperta
2638 2612 2904 2673 narratio,
2942 2621 3120 2666 tamen
3164 2613 3268 2667 nisi
3305 2613 3624 2682 diligentius
3656 2629 3815 2667 con-

2205 2703 2489 2756 tinentiam
2544 2702 2662 2771 ejus
2693 2719 2812 2770 quae
2851 2712 2933 2757 est
2972 2704 3269 2757 secundum
3314 2704 3548 2758 litteram
3592 2719 3816 2759 conse-

2200 2811 2454 2864 quamur,
2500 2795 2731 2849 interior
2763 2796 2919 2851 nobis
2961 2811 3158 2850 sensus
3194 2798 3335 2851 haud
3371 2797 3528 2852 facile
3556 2798 3806 2866 patebit.

2202 2887 2293 2941 Est
2332 2902 2459 2957 ergo
2496 2886 2793 2955 Scripturae
2834 2902 3015 2942 sermo
3045 2888 3110 2941 de
3141 2904 3249 2957 quo
3281 2889 3654 2943 disserendum
3711 2896 3809 2941 est

2200 2982 2291 3039 hic
2316 2998 2329 3033 :
2372 2999 2389 3029 ι
2422 2979 2487 3032 Et
2514 2980 2672 3044 exiit,
2700 2979 2875 3046 inquit
2899 2979 2965 3041 ³⁵,
2992 2978 3135 3032 [ilius
3162 2979 3408 3033 mulieris
3436 2978 3803 3048 lsraelitidis,

2202 3081 2255 3126 et
2287 3068 2376 3124 hic
2410 3078 2529 3123 erat
2562 3069 2703 3123 ﬁlius
2733 3068 2974 3138 Egyptii
3007 3069 3152 3122 inter
3183 3069 3322 3123 lilios
3351 3069 3555 3124 Israel:
3584 3081 3635 3125 et
3671 3071 3803 3124 liti-

2200 3170 2466 3231 gaverunt
2497 3161 2548 3213 in
2577 3158 2799 3223 castris,
2824 3157 2871 3211 is
2897 3157 3127 3228 quierat
3147 3173 3213 3212 ex
3236 3159 3539 3214 lsraclitide
3572 3160 3710 3232 (l9),
3744 3169 3803 3214 ει

2200 3252 2364 3306 homo
2390 3250 2663 3305 Israelita.
2703 3249 2770 3304 Et
2795 3252 3085 3306 nominans
3116 3253 3261 3306 tilius
3294 3251 3539 3306 mulieris
3570 3251 3798 3305 Israeli-

2201 3343 2328 3396 tidis
2356 3355 2551 3395 nomen
2586 3341 2899 3395 maledixit:
2934 3352 2985 3395 et
3016 3343 3358 3397 adduxerunt
3384 3357 3506 3396 eum
3542 3344 3607 3396 ad
3644 3342 3800 3414 Moy.

2200 3447 2296 3487 sen
2324 3451 2337 3487 :
2381 3443 2434 3487 et
2465 3448 2662 3487 nomen
2695 3434 2885 3488 matris
2909 3434 3027 3503 ejus
3057 3434 3327 3489 Salomith
3354 3435 3463 3489 [ilia
3500 3435 3688 3497 Dabri,
3720 3450 3794 3488 ex

2205 3526 2346 3579 tribu
2384 3524 2496 3577 Dan
2526 3546 2537 3578 :
2574 3534 2631 3578 et
2662 3524 2925 3579 miserunt
2969 3541 3091 3579 eum
3123 3527 3174 3579 in
3201 3540 3501 3590 carcerem,
3534 3536 3597 3579 ut
3632 3526 3791 3595 judi-

2200 3624 2390 3669 carent
2419 3616 2485 3670 de
2510 3615 2599 3669 illo
2626 3629 2721 3685 per
2748 3624 3079 3684 praeceptum
3106 3616 3341 3670 Domini.
3378 3616 3442 3670 Et
3466 3618 3680 3670 locutus
3704 3627 3792 3670 est

2202 3707 2461 3761 Dominus
2495 3709 2559 3761 ad
2592 3708 2810 3779 Moysen
2846 3710 3075 3763 dicens:
3110 3709 3257 3776 Ejice
3288 3709 3441 3763 illum
3470 3710 3561 3778 qui
3611 3712 3789 3761 male-

2208 3802 2346 3856 dixit
2376 3811 2530 3855 extra
2568 3812 2783 3863 castra,
2830 3812 2883 3855 et
2940 3804 3215 3872 imponent
3268 3816 3458 3857 omnes
3491 3801 3581 3869 qui
3628 3804 3789 3854 audi-

2199 3899 2362 3944 erunt
2377 3903 2570 3943 manus
2591 3906 2717 3944 suas
2730 3906 2891 3960 super
2909 3902 3077 3960 caput
3097 3891 3235 3960 ejus,
3260 3900 3313 3946 et
3329 3891 3643 3961 lapidabunt
3665 3890 3784 3961 (20)

2199 3995 2321 4033 eum
2366 3980 2543 4034 omnis
2569 3995 2863 4051 synagoga.
2895 4002 2914 4036 ι
2952 3982 3252 4037 Videamus
3297 3998 3427 4052 ergo
3453 3984 3625 4051 primo
3651 3982 3784 4049 quid

2199 4073 2305 4128 sibi
2332 4068 2464 4128 velit
2501 4072 2734 4128 historia
2774 4090 2937 4143 quam
2971 4076 3354 4145 proposuimus
3379 4117 3393 4142 ,
3424 4090 3477 4129 et
3525 4075 3778 4143 quamvis

2200 4164 2359 4233 plana
2394 4164 2644 4218 videatur
2671 4203 2686 4228 ,
2725 4177 2903 4220 tamen
2935 4165 3114 4220 adhuc
3158 4166 3460 4219 evidentius
3489 4180 3610 4220 eam
3656 4174 3781 4217 teu-

2203 4260 2377 4306 temus
2416 4253 2517 4307 sub
2548 4254 2722 4308 oculis
2767 4269 2992 4325 ponere.
3039 4254 3315 4309 Ponamus
3355 4270 3486 4325 ergo
3516 4270 3680 4308 unum
3713 4270 3776 4309 ex

2124 4380 2170 4435 ι)
2199 4356 2353 4416 patre
2383 4356 2437 4399 et
2469 4356 2643 4401 matre
2675 4346 2963 4401 lsraelitici
2992 4348 3231 4401 nominis
3261 4350 3627 4417 generositate
3651 4361 3783 4415 gau-

2200 4439 2415 4494 dentem
2440 4457 2453 4492 :
2488 4438 2653 4491 alium
2683 4453 2752 4491 ex
2784 4448 2957 4492 matre
2987 4448 3195 4492 tantum
3222 4478 3237 4503 ,
3265 4453 3372 4492 non
3404 4438 3565 4491 etiam
3594 4453 3657 4493 ex
3689 4453 3782 4506 pa-

2201 4538 2303 4596 tre,
2330 4539 2385 4585 ει
2417 4529 2563 4583 velut
2597 4543 2664 4583 ex
2710 4540 2867 4599 parte
2891 4531 3152 4595 nobilem,
3187 4540 3239 4585 et
3269 4546 3335 4585 ex
3370 4542 3521 4599 parte
3550 4546 3654 4584 non
3684 4547 3778 4599 pa-

2200 4622 2335 4686 tris,
2367 4636 2489 4690 quie
2526 4623 2714 4689 utique
2744 4622 2935 4676 melior
2965 4624 3182 4677 videtur
3207 4662 3223 4685 ,
3254 4623 3349 4677 sed
3395 4622 3585 4676 matris
3614 4661 3630 4686 ,
3664 4635 3782 4688 mue

2198 4714 2425 4768 inferior
2464 4722 2566 4766 est.
2613 4712 2668 4767 Si
2700 4714 2842 4768 enim
2874 4723 3029 4784 pater
3058 4715 3251 4769 fuisset
3284 4714 3549 4777 lsraelita,
3582 4726 3635 4768 et
3667 4730 3781 4769 ma-

2200 4818 2280 4860 ter
2310 4803 2589 4875 IEgyptia,
2623 4815 2767 4860 esset
2796 4806 3003 4875 aliquid
3041 4807 3293 4875 amplius.
3340 4806 3451 4860 lloc
3488 4806 3631 4859 enim
3667 4806 3781 4859 fue~

2373 4941 2418 4973 ³ο
2447 4941 2463 4993 1
2491 4941 2615 4995 Cor.
2652 4959 2727 5007 χι,
2756 4941 2847 4995 27.
2924 4943 2965 4973 ³¹
2999 4942 3169 4998 Levit.
3201 4958 3349 5009 χειν,
3380 4942 3433 4997 9.
3510 4942 3554 4973 ³³
3590 4940 3779 4994 Matth.

2202 5132 2545 5195 secundum,
2582 5150 2601 5183 ι
2657 5140 2789 5195 etc.,
2840 5131 2935 5184 sed
2989 5129 3341 5197 manuscripti
3394 5139 3452 5182 ut
3507 5129 3557 5182 in
3596 5138 3778 5182 nostro

2192 5213 2367 5257 textu.

2267 5273 2380 5340 (19)
2421 5271 2580 5340 Libb.
2616 5269 2782 5334 editi,
2817 5288 2835 5320 ‹
2860 5284 2923 5323 ex
2955 5267 3257 5340 lsraelitide
3291 5269 3545 5331 muliere,
3569 5286 3587 5318 ι
3619 5268 3714 5321 sed
3748 5283 3778 5324 a

2194 5358 2327 5396 mss.
2362 5337 2426 5395 ἐι
2481 5360 2507 5393 a
2556 5339 2745 5395 Grazco
2797 5340 3137 5410 septuaginta
3212 5337 3569 5405 luterpretuin
3630 5347 3777 5391 textu

2196 5413 2345 5466 abest
2388 5430 2404 5461 ί
2438 5410 2687 5464 muliere.
2722 5428 2740 5461 ι

2267 5481 2377 5547 (20)
2407 5481 2586 5534 Codex
2625 5481 2911 5547 Sangerm.
2948 5498 2964 5529 ι
2989 5477 3329 5548 lapidabunt,
3364 5497 3382 5528 ι
3415 5476 3560 5532 LXX
3575 5474 3777 5545 lnterp.

2196 5550 2627 5620 λιθοϐολήσουσι.
2662 5550 2820 5605 Libb.
2858 5550 3013 5618 editi,
3058 5566 3075 5598 ι
3104 5548 3387 5619 lapidabit.
3420 5566 3438 5601 ι
