4086 6218
346 301 447 353 555

1462 283 1527 344 IN.
1563 277 1934 336 LEVITICUM
1980 275 2265 332 IIOMILIA
2293 274 2432 328 XIV.

3484 271 3589 325 5354

345 427 468 472 rant
497 415 770 469 Manasses
792 420 846 466 ct
869 410 1119 479 Ephrem.
1156 405 1309 460 Nunc
1347 417 1478 456 vero
1521 403 1782 469 scriptum
1809 409 1916 462 est,
1945 399 1986 452 Α
2022 411 2152 450 "cro
2189 393 2528 464 professione
2559 391 2775 461 quidem
2809 390 3144 445 Christianus
3171 400 3272 453 est,
3314 388 3586 442 intellectu

347 510 475 579 quia
513 506 651 560 lilins
697 504 768 559 sit
797 501 1037 555 mulieris
1066 495 1386 552 lsraclitidis
1408 535 1421 557 ,
1454 508 1507 547 et
1536 493 1775 562 [Egyptii
1817 507 1914 560 pa-

353 601 471 656 tris.
507 599 562 652 Si
599 610 728 666 ergo
759 593 1049 663 diligenter
1078 599 1296 645 secutus
1326 603 1386 642 cs
1413 587 1549 640 duos
1582 585 1716 638 istos
1748 585 1914 646 viros,

351 704 515 743 unum
555 703 620 741 ex
649 687 858 752 integro
888 684 1120 737 nobilem
1151 721 1164 741 ,
1195 681 1357 734 alium
1383 695 1445 733 ex
1481 685 1637 747 parte
1663 715 1676 736 ,
1707 677 1917 727 intuere

352 795 495 835 nunc
542 792 635 832 eos
681 776 961 843 litigantes
1005 773 1342 825 adiuvicem:
1393 771 1445 822 in
1482 784 1584 836 qua
1614 768 1705 820 lite
1750 767 1796 820 is
1825 767 1918 834 qtti

350 883 502 941 patre
531 869 788 940 Egyptio
815 877 870 923 et
899 876 1079 921 matre
1112 865 1222 920 sola
1251 864 1547 918 Israelitide
1588 861 1802 931 genitus
1835 862 1918 914 vi-

349 965 526 1026 detur,
565 961 852 1016 nominans
882 957 1248 1020 maledixerit,
1280 968 1334 1010 et
1378 956 1449 1009 ob
1492 955 1598 1009 hoc
1629 953 1920 1021 perductus

345 1055 414 1108 sit
447 1055 492 1108 is
531 1053 622 1123 qui
660 1049 1009 1106 maledixerat
1048 1048 1115 1102 ad
1146 1047 1386 1118 Moysen.
1416 1045 1630 1116 Moyses
1665 1060 1793 1098 vero
1825 1059 1917 1098 ne-

345 1161 450 1215 que
490 1144 773 1199 absolvere
821 1156 944 1196 eum
981 1154 1145 1194 ausus
1174 1149 1256 1193 est
1281 1178 1295 1204 ,
1331 1153 1508 1206 neque
1555 1136 1920 1190 condemnare

345 1241 464 1293 sine
508 1238 634 1291 Dco.
681 1234 928 1289 Tradidit
958 1233 1104 1286 enim
1137 1248 1260 1286 eum
1293 1229 1550 1286 custodiat
1579 1243 1855 1298 usquequo
1890 1245 1918 1281 a

348 1331 460 1385 Deo
487 1331 757 1398 acciperet
786 1343 1104 1398 responsum
1134 1327 1262 1397 quid
1295 1324 1422 1379 velit
1453 1322 1568 1376 ﬁeri
1596 1323 1661 1375 de
1687 1336 1770 1375 eo.
1795 1321 1922 1374 Hrcc

345 1431 432 1476 est
464 1422 708 1476 historize
733 1421 1088 1485 continentia,
1124 1435 1266 1474 nunc
1296 1428 1474 1470 autem
1504 1415 1781 1467 videamus
1805 1429 1922 1480 quae

345 1515 416 1566 sit
469 1514 521 1567 in
556 1529 619 1568 ea
657 1513 915 1583 spiritalis
963 1512 1100 1566 ratio
1127 1552 1142 1576 ,
1186 1526 1303 1580 quae
1335 1506 1606 1562 aediﬁcare
1635 1505 1792 1559 debet
1823 1505 1922 1559 Ec-

345 1607 589 1662 clcsiam.

415 1700 470 1752 2.
527 1697 708 1752 Primo
745 1694 988 1748 omnium
1025 1708 1207 1747 sermo
1242 1690 1414 1754 dicit,
1453 1689 1577 1758 quia
1610 1689 1745 1742 exiit
1778 1688 1920 1742 Illius

347 1786 596 1841 mulieris
618 1785 934 1840 lsraclitidis
962 1794 1016 1838 et
1049 1783 1286 1854 Egyptii
1341 1782 1510 1852 patris
1532 1821 1546 1843 ,
1576 1788 1630 1834 et
1664 1781 1805 1833 unde
1835 1779 1916 1834 vel

346 1893 456 1944 quo
483 1887 705 1941 exterit,
738 1893 841 1930 non
877 1878 1067 1932 refert.
1102 1875 1459 1929 Inveniuntur
1489 1875 1630 1926 enim
1665 1875 1826 1926 ambo
1867 1873 1918 1926 in

347 1973 546 2027 castris
571 1971 754 2040 positi,
785 1971 923 2024 sicut
944 1970 1142 2023 imlicat
1175 1982 1354 2022 sermo
1375 1966 1610 2029 Domini,
1643 1964 1828 2018 dicens
1851 1965 1918 2019 ἐς

354 2084 372 2114 ι
404 2063 549 2118 Ednc
575 2063 842 2117 hominem
869 2062 956 2130 qui
991 2059 1270 2114 maledixit
1305 2057 1448 2111 foras
1477 2067 1630 2110 extra
1659 2065 1859 2111 castra.
1897 2075 1914 2107 ι

347 2154 407 2208 Si
453 2170 579 2223 ergo
613 2155 678 2207 de
707 2153 903 2207 castris
936 2152 1218 2214 educitur,
1259 2149 1570 2204 necessario
1620 2149 1672 2202 in
1726 2149 1921 2204 castris

345 2253 486 2296 crat.
531 2243 666 2308 Quid
696 2256 824 2312 ergo
863 2249 943 2294 cst
975 2240 1119 2309 quod
1157 2255 1279 2292 cum
1337 2239 1573 2292 nondum
1619 2239 1822 2294 exisset
1857 2239 1923 2292 de

343 2335 541 2388 castris
564 2374 580 2399 ,
617 2333 746 2387 dicit
794 2331 859 2385 de
887 2346 954 2385 eo
1008 2330 1292 2398 Scriptura
1334 2330 1513 2383 divina
1547 2329 1589 2360 ³⁷
1613 2370 1626 2393 ,
1663 2347 1681 2380 ι
1710 2340 1763 2385 et
1790 2330 1924 2383 exiit

346 2427 490 2480 filius
532 2424 773 2478 mulieris
817 2422 1180 2477 lsraelitidis?
1208 2441 1226 2472 ι
1267 2421 1379 2492 Ego
1409 2431 1539 2490 puto
1573 2422 1697 2491 quia
1725 2423 1921 2477 docere

344 2534 446 2572 nos
474 2517 583 2570 vult
619 2530 794 2571 sermo
829 2514 1066 2576 divinus,
1103 2512 1243 2580 quod
1273 2512 1362 2580 qui
1397 2521 1606 2581 peccat,
1637 2511 1924 2579 dupliciter

341 2607 500 2662 exire
526 2607 743 2661 dicitur.
770 2607 953 2660 Primo
981 2604 1122 2659 enim
1153 2604 1264 2657 exit
1295 2621 1322 2655 a
1361 2605 1639 2672 preposito
1677 2605 1836 2667 bono,
1871 2613 1925 2658 et

346 2709 501 2753 recta
536 2698 804 2752 sententia
834 2739 848 2761 ,
872 2698 986 2752 exit
1013 2711 1043 2748 a
1073 2695 1156 2748 via
1186 2695 1424 2761 justititc,
1455 2697 1564 2749 exit
1595 2713 1622 2749 a
1661 2696 1776 2766 lege
1809 2697 1922 2751 Dei.

337 2787 696 2841 Postmodum
722 2801 849 2841 vero
865 2801 990 2841 cum
1016 2787 1329 2841 confutatus
1363 2787 1524 2838 fuerit
1555 2801 1652 2854 pro
1679 2795 1921 2853 peccato,

337 2877 461 2932 exit
487 2877 652 2930 etiam
679 2877 744 2929 de
775 2885 917 2930 caatu
955 2883 1009 2928 et
1040 2875 1457 2946 congregatione
1488 2885 1822 2928 sanctorum.
1857 2874 1926 2928 Ut

336 2974 381 3026 si
428 2971 582 3026 verbi
616 2988 776 3026 causa
810 2973 1055 3027 dicamus
1090 2991 1102 3024 :
1152 2971 1402 3026 Peccavit
1439 2971 1632 3038 aliquis
1669 2971 1921 3037 fidelium,

2022 494 2199 539 autem
2227 483 2347 537 Iidei
2380 483 2663 535 haereticus
2698 490 2752 534 et
2779 496 3062 548 perversus
3091 493 3194 544 est,
3224 480 3327 534 iste
3360 489 3584 532 matrem

2017 578 2234 646 quidem
2261 575 2387 630 Isra.
2414 576 2637 637 litidem,
2673 586 2881 642 patrem
2910 589 3036 626 vero
3063 571 3372 642 [Egyptian]
3401 571 3582 625 habet.

2017 672 2297 738 Quomodo
2345 685 2476 738 ergo
2530 669 2630 720 hoc
2661 665 2895 719 accidit?
2939 663 3072 717 Cum
3122 661 3432 732 Scripturas
3464 666 3586 732 quis

2017 767 2164 836 legit,
2213 773 2267 818 ct
2296 764 2530 818 litteram
2565 761 2781 830 quidem
2814 761 3079 829 sequitur,
3129 757 3460 812 intellectum
3493 773 3586 809 att-

2020 871 2125 914 tem
2158 858 2403 926 repudiat
2434 855 2757 924 spiritalem,
2787 855 2871 908 hic
2910 863 3136 907 matrem
3171 852 3386 920 quidem
3414 849 3591 903 Israe-

2018 953 2225 1007 liticam
2265 951 2449 1012 habet,
2486 950 2536 1003 id
2567 957 2670 1012 est,
2723 946 2959 1000 litteram
3000 959 3015 997 :
3046 960 3267 998 sensum
3301 959 3427 996 vero
3465 944 3591 1012 quia

2020 1041 2318 1112 spiritalem
2355 1055 2460 1093 non
2496 1039 2763 1108 sequitur,
2797 1037 2888 1090 sed
2937 1035 3227 1092 carnalem,
3270 1035 3353 1088 isti
3387 1045 3467 1088 est
3497 1034 3596 1088 1E-

2021 1135 2238 1203 gyptins
2284 1141 2470 1200 pater;
2524 1139 2579 1183 et
2611 1129 2730 1182 ideo
2760 1129 3045 1182 adversum
3083 1125 3504 1179 ecclesiasticum
3542 1137 3594 1175 et

2021 1222 2344 1278 catholicum
2391 1221 2590 1289 litigat,
2645 1219 2694 1272 id
2740 1229 2823 1272 est
2847 1226 3034 1271 contra
3079 1229 3201 1269 cum
3235 1216 3324 1284 qni
3355 1231 3418 1267 ex
3452 1227 3590 1267 utra-

2021 1329 2127 1383 que
2163 1323 2316 1381 parte
2350 1311 2593 1365 Israelita
2633 1319 2737 1371 est,
2788 1309 2876 1377 qui
2919 1319 2973 1361 et
3011 1309 3313 1366 secundum
3365 1306 3592 1360 litteram

2022 1405 2265 1458 Israelita
2319 1412 2422 1465 est,
2477 1413 2529 1455 ct
2558 1403 2849 1456 secundum
2881 1399 3153 1467 spiritum,
3204 1400 3327 1470 quia
3362 1399 3476 1467 ipse
3509 1413 3594 1452 sc-

2024 1497 2258 1551 cnudum
2310 1495 2543 1549 litteram
2601 1494 2814 1561 quidem
2860 1490 3098 1545 Israelita
3149 1500 3251 1555 est,
3300 1493 3594 1545 scentulum

2024 1588 2270 1656 spiritum
2304 1601 2432 1640 vero
2479 1582 2790 1654 IEgyptins.
2854 1584 2992 1648 Quid
3043 1599 3174 1651 ergo
3223 1595 3301 1637 est
3355 1585 3598 1650 utrisque

2027 1678 2398 1750 litigantibus?
2434 1676 2753 1730 Necessario
2795 1675 2880 1729 ille
2908 1676 2994 1744 qui
3042 1675 3316 1728 carnalem
3353 1676 3600 1744 sequitur

2023 1787 2262 1835 sensum,
2300 1781 2557 1839 tanquam
2587 1769 2655 1821 de
2681 1766 2936 1837 Egyptio
2967 1780 3137 1836 genus
3164 1767 3369 1820 ducens
3404 1783 3596 1819 nomen

2026 1866 2287 1929 nominat,
2335 1874 2390 1918 et
2426 1863 2723 1917 maledicit.
2761 1861 3018 1915 Nominat
3070 1863 3212 1915 enim
3248 1878 3443 1915 IIOIIICII
3483 1863 3596 1925 Dei,

2023 1967 2076 2009 et
2105 1972 2226 2011 cum
2264 1955 2546 2010 maledicto
2579 1955 2823 2008 nominat
2861 1972 2874 2007 :
2913 1962 3072 2022 negat
3102 1957 3246 2007 enim
3278 1969 3400 2006 eum
3434 1953 3593 2007 Crea-

2025 2059 2198 2104 torem
2236 2064 2360 2104 esse
2389 2048 2598 2113 mundi,
2636 2058 2796 2116 negat
2826 2061 2948 2101 esse
2979 2044 3195 2099 Patrem
3227 2046 3446 2100 Christi.
3493 2045 3600 2098 Nos

2027 2160 2153 2199 vero
2188 2144 2276 2212 qui
2307 2159 2371 2196 ex
2403 2151 2630 2210 utroque
2662 2155 2858 2211 genere
2889 2141 3141 2196 Israelita:
3180 2157 3390 2207 smnus,
3434 2153 3486 2197 et
3517 2143 3601 2196 lit-

2027 2245 2200 2289 teram
2229 2245 2283 2288 et
2313 2234 2562 2302 spiritum
2597 2232 2648 2284 in
2673 2230 2970 2300 Scripturis
3003 2234 3204 2286 sanctis
3235 2232 3597 2296 defendimus,

2025 2337 2077 2381 et
2114 2327 2392 2396 litigamus
2427 2327 2712 2380 adversum
2748 2339 2866 2389 eos,
2903 2325 2992 2392 qui
3027 2339 3090 2378 ex
3129 2325 3300 2378 media
3334 2337 3485 2394 parte
3521 2326 3599 2379 ls-

2033 2419 2238 2474 raelitze
2265 2421 2541 2482 videntur,
2575 2427 2626 2472 ct
2661 2419 2889 2474 dicimus
2928 2419 3052 2486 quia
3092 2434 3264 2486 neque
3303 2419 3598 2473 secundum

2027 2511 2260 2564 litteram
2287 2508 2537 2564 maledici
2573 2518 2811 2576 oportet,
2844 2524 3020 2578 neque
3051 2511 3349 2564 secundum
3381 2511 3602 2580 spirita-

2026 2603 2129 2658 lem
2182 2603 2591 2673 intelligentiam
2655 2603 3044 2671 hlaspltemari.
3116 2603 3410 2659 Maledicus
3458 2607 3601 2659 enim

2027 2712 2134 2750 non
2171 2695 2343 2748 solum
2396 2694 2447 2747 in
2483 2695 2668 2756 Deum,
2704 2695 2796 2748 sed
2829 2695 2992 2748 etiam
3044 2695 3094 2748 in
3125 2696 3428 2763 proximum
3467 2713 3601 2766 apu-

2027 2788 2148 2843 stoli
2182 2787 2328 2839 Pauli
2379 2787 2652 2841 sententia
2701 2801 2732 2839 a
2764 2801 2928 2857 regno
2973 2786 3066 2840 Dei
3100 2787 3424 2842 excluditur.
3478 2789 3608 2843 Vide

2027 2880 2172 2934 enim
2211 2879 2484 2946 quomodo
2518 2879 2652 2933 dicit
2701 2878 2990 2947 Apostolus
3017 2879 3059 2910 ’9
3089 2895 3103 2932 :
3141 2898 3158 2928 t
3185 2877 3356 2933 Nolite
3399 2895 3603 2945 errare,

2030 2987 2200 3041 neque
2233 2970 2535 3040 fornicarii,
2568 2986 2741 3041 neque
2772 2971 3023 3037 adulteri,
3060 2987 3231 3040 neque
3261 2973 3469 3037 titulles,
3512 2991 3605 3028 nc-

336 3063 452 3116 istc
476 3062 693 3116 etiamsi
731 3064 969 3116 nondum
1001 3061 1290 3130 abjiciatur
1321 3077 1416 3128 per
1443 3063 1678 3131 episcopi
1708 3077 1926 3116 semen-
1953 3070 1995 3128 (ζ
2029 3079 2136 3132 que
2169 3063 2531 3118 masculorum
2564 3064 2959 3128 concubitores,
3015 3078 3190 3132 neque
3229 3063 3393 3129 fures,
3431 3081 3606 3133 neque

340 3156 502 3219 tiam,
529 3155 636 3224 jam
672 3165 849 3208 tamen
881 3169 974 3223 per
1004 3156 1174 3222 ipsum
1208 3162 1486 3222 pcccatmu
1521 3154 1662 3222 quod
1687 3154 1925 3220 admisit,

345 3244 556 3314 ejectus
587 3253 706 3309 est;
759 3255 812 3297 et
863 3246 1113 3312 quamvis
1149 3245 1315 3297 intret
1369 3245 1692 3309 ecclesiam,
1747 3254 1926 3300 tamen

346 3337 556 3403 ejectus
584 3345 686 3402 est,
707 3345 757 3389 et
782 3335 911 3389 foris
931 3346 1013 3389 est
1043 3347 1359 3406 Segregatns
1378 3351 1406 3388 a
1421 3337 1694 3389 consortio
1716 3345 1768 3390 et
1799 3351 1930 3389 nna-

351 3429 600 3482 nintitate
636 3429 896 3482 tidelimn.
942 3430 1081 3482 Exiit
1119 3443 1250 3496 ergo
1285 3429 1429 3483 (ilius
1476 3431 1644 3498 patris
1682 3428 1926 3500 [Egyptii

350 3531 406 3572 ct
439 3521 626 3572 matris
675 3520 1010 3575 Israelitidis.
1047 3521 1145 3586 Qui
1180 3522 1396 3588 penitus
1419 3532 1574 3574 extra
1615 3521 1773 3574 Iidem
1807 3531 1924 3586 est,

353 3620 504 3664 totus
549 3610 837 3681 Egyptius
879 3621 980 3665 est.
1034 3610 1139 3676 Qui
1185 3621 1366 3664 autem
1418 3612 1560 3665 inter
1593 3628 1688 3666 nos
1736 3622 1837 3679 est,
1875 3623 1929 3666 et

349 3711 578 3771 peccat,
629 3717 696 3756 ex
756 3718 861 3755 una
915 3702 1135 3771 quidem
1187 3713 1342 3772 parte
1398 3718 1504 3770 qua
1559 3702 1668 3757 Deo
1714 3704 1926 3769 credit,

347 3791 848 3863 25915raeliticte
888 3795 1102 3849 videtur
1130 3795 1360 3864 originis
1392 3815 1404 3849 :
1430 3809 1494 3848 ex
1523 3809 1586 3848 ea
1621 3810 1750 3851 vero
1778 3807 1932 3865 parte

346 3901 457 3953 qua
507 3894 719 3952 peccat,
770 3883 836 3938 de
869 3882 1128 3956 Egyptio
1173 3901 1347 3956 genus
1385 3887 1558 3941 ducit.
1621 3886 1766 3942 Duos
1798 3903 1931 3960 ergo

348 3979 637 4046 Scriptura
695 3979 976 4046 proposuit
1032 3977 1331 4048 litigantes,
1383 3995 1548 4033 unutn
1597 3994 1661 4033 ex
1719 3981 1932 4051 integro

348 4071 679 4133 Israclitam,
736 4070 825 4137 qni
871 4068 1104 4138 litigavit
1135 4069 1354 4137 quidem
1383 4071 1477 4131 sed
1510 4086 1618 4126 non
1649 4074 1927 4140 peccavit:

351 4164 519 4216 istum
568 4176 694 4214 vero
722 4159 878 4230 cujus
926 4169 1207 4227 peccatum
1265 4160 1535 4232 designat,
1587 4162 1824 4217 maxima
1864 4178 1930 4218 ex

348 4265 512 4324 parte
569 4257 790 4306 mistnm
848 4269 968 4308 esse
1020 4253 1278 4323 Aigyptio
1331 4253 1516 4322 generi
1572 4253 1928 4320 indicat,ad-

347 4362 571 4402 versum
637 4361 796 4413 quem
851 4345 1026 4416 litigat
1073 4347 1337 4410 Israelita,
1389 4354 1446 4400 et
1503 4346 1644 4402 forte
1706 4363 1925 4419 compe-

349 4449 536 4494 tenter
573 4447 627 4490 et
673 4437 1066 4492 rationabiliter
1124 4439 1318 4507 litigat.
1375 4438 1509 4492 Nam
1561 4449 1615 4492 et
1668 4439 1720 4492 in
1781 4441 1924 4496 Exo-

349 4535 420 4588 do
473 4532 718 4588 Israelita
771 4543 824 4588 et
875 4533 1170 4607 Egyptius
1245 4537 1480 4605 litigant,
1543 4538 1633 4592 ubi
1682 4537 1926 4592 Israelita

349 4635 595 4695 superat,
646 4625 935 4697 [Egyptius
985 4629 1132 4683 cadit
1163 4628 1232 4682 ⁸⁸.
1296 4628 1464 4698 Igitur
1513 4638 1568 4685 et
1616 4646 1716 4701 ego
1769 4632 1929 4685 hodie

349 4721 398 4772 si
459 4719 739 4771 veritatem
795 4717 1101 4782 defendam,
1157 4717 1204 4772 si
1255 4733 1486 4788 pugnem
1537 4734 1634 4788 pro
1669 4721 1931 4776 ecclesia-

350 4809 492 4863 stica
526 4807 628 4861 lide
657 4808 940 4862 adversum
975 4824 1121 4873 eum,
1155 4809 1246 4877 qui
1288 4824 1353 4864 ex
1383 4819 1538 4879 parte
1564 4811 1784 4879 quidem
1814 4827 1934 4865 cre-

352 4903 440 4955 dit
465 4899 700 4962 Christo,
747 4909 799 4953 et
837 4900 1028 4970 recipit
1059 4899 1391 4968 Scripturas,
1447 4903 1540 4956 sed
1591 4917 1696 4957 non
1727 4902 1936 4972 integre

354 5005 579 5046 sensum
629 5004 815 5044 earnm
849 5007 946 5047 nec
982 4992 1215 5047 tideliter
1261 4992 1452 5062 recipit
1487 5009 1500 5044 :
1544 4992 1695 5062 litigo
1741 4993 1935 5046 adver-

353 5100 477 5140 sum
505 5098 651 5149 eum,
701 5082 789 5152 qui
836 5098 901 5137 ex
947 5092 1121 5138 matre
1173 5083 1390 5154 quidem
1442 5082 1685 5152 Israelita
1731 5094 1836 5148 est,
1867 5100 1935 5139 ex

355 5190 518 5250 patre
540 5196 670 5236 vero
703 5181 1015 5253 ngyptius.
1069 5178 1125 5234 Si
1167 5181 1288 5248 quis
1317 5194 1448 5247 ergo
1483 5188 1538 5232 et
1586 5179 1708 5233 tidei
1741 5180 1936 5234 credu-

357 5275 534 5340 litate,
575 5284 630 5329 ct
683 5275 922 5330 nominis
973 5271 1314 5346 professione
1360 5273 1706 5328 Christianus
1755 5283 1840 5329 est
1883 5285 1937 5329 et

357 5370 687 5433 catholicus,
723 5367 828 5422 iste
857 5383 920 5421 ex
959 5377 1188 5437 utraque
1214 5376 1371 5436 parte
1401 5367 1640 5420 Israelita
1677 5375 1781 5424 est.
1821 5368 1924 5433 Qui

1096 5532 1138 5565 ³⁷
1171 5532 1299 5588 ibid.
1333 5532 1418 5586 10.

437 5533 481 5564 ³⁸
514 5532 689 5588 chit.
743 5549 894 5599 xxiv,
927 5533 1018 5588 I4.
1096 5532 1138 5565 ³⁷
1171 5532 1299 5588 ibid.
1333 5532 1418 5586 10.
1497 5531 1541 5562 ³⁸
1567 5531 1738 5585 Exod.
1768 5547 1858 5584 xx.

2032 3157 2180 3210 avari
2227 3155 2361 3228 (il),
2418 3171 2589 3224 neque
2640 3157 2890 3210 maledici
2943 3173 3167 3224 regnum
3226 3159 3316 3212 Dei
3366 3161 3606 3226 posside-

2031 3247 2185 3301 bunt.
2211 3266 2228 3297 ι
2279 3248 2467 3302 Videte
2502 3246 2643 3301 inter
2679 3261 2798 3313 quae
2833 3247 3084 3311 crimina,
3138 3249 3278 3302 inter
3312 3249 3602 3308 adulteros.

2032 3339 2174 3392 inter
2204 3338 2563 3392 masculorum
2605 3337 3005 3402 concubitores,
3037 3339 3178 3392 inter
3208 3355 3425 3404 avaros,
3470 3358 3605 3406 «pios

2031 3431 2161 3484 alibi
2193 3432 2324 3484 dicit
2356 3429 2514 3484 idolis
2545 3421 2865 3491 servientes,
2893 3430 3056 3482 etiam
3087 3430 3374 3484 maledicos
3406 3431 3605 3498 posuit,

2031 3535 2086 3576 et
2117 3538 2145 3576 a
2186 3538 2348 3588 regno
2382 3523 2470 3575 Dei
2528 3521 2734 3589 pariter
2771 3536 2892 3574 cum
2929 3521 3033 3575 illis
3080 3522 3331 3576 exclusit.
3377 3523 3606 3576 Videant

2032 3630 2162 3684 ergo
2197 3615 2237 3668 si
2271 3615 2362 3683 qui
2395 3629 2456 3669 os
2501 3629 2657 3668 suum
2693 3614 3008 3684 quotidiana
3045 3629 3178 3682 pene
3218 3618 3607 3671 couSnetndine

2035 3709 2136 3763 hoc
2167 3709 2297 3761 vitio
2347 3708 2680 3775 insuescunt,
2719 3709 2844 3776 quid
2898 3708 2977 3761 eis
3025 3707 3247 3776 periculi
3301 3708 3603 3762 immineat.

2032 3799 2292 3853 Pntantcs
2319 3798 2465 3852 enim
2495 3798 2613 3853 leve
2634 3808 2688 3852 et
2716 3799 2873 3854 facile
2901 3800 3003 3853 hoc
3027 3814 3150 3853 esse
3181 3812 3458 3867 peccatum
3498 3817 3606 3855 non

2037 3890 2196 3944 facile
2223 3899 2443 3954 cavent,
2473 3890 2565 3944 sed
2591 3890 2940 3944 considerent
2989 3890 3306 3959 Apostolnn:
3335 3894 3607 3959 quomodo

2035 3981 2358 4036 maledicum
2387 3996 2416 4033 a
2457 3994 2624 4049 regno
2659 3979 2750 4034 Dei
2793 3981 3051 4049 excludit,
3085 3995 3137 4036 et
3165 3981 3304 4036 Dens
3334 3997 3428 4050 per
3461 3982 3608 4052 Moy-

2034 4095 2128 4134 sen
2157 4079 2424 4148 quomodo
2455 4077 2776 4132 maledicum
2813 4077 2990 4145 puniri
3015 4076 3190 4144 jubet.
3252 4078 3403 4132 Unde
3432 4087 3485 4133 et
3507 4095 3609 4148 ego

2036 4171 2192 4225 valde
2214 4171 2515 4224 admiratus
2546 4184 2689 4232 sum,
2724 4170 2867 4236 quod
2901 4170 2951 4222 in
2981 4168 3082 4223 hoc
3110 4169 3226 4222 Ioco
3253 4185 3408 4238 quem
3440 4170 3600 4224 italic-

2036 4277 2157 4316 mus
2199 4262 2250 4314 in
2299 4261 2572 4324 manibus,
2609 4260 2889 4328 Scriptura
2929 4275 3034 4313 non
3062 4271 3247 4328 aperte
3287 4261 3608 4330 designavit,

2037 4354 2162 4422 quia
2190 4352 2292 4406 iste
2333 4353 2426 4421 qui
2467 4367 2530 4404 ex
2566 4349 2821 4419 )Egyptio
2849 4364 3017 4418 genus
3067 4351 3240 4415 ducit,
3269 4353 3610 4406 maledixerit

2031 4446 2221 4509 Deum,
2243 4445 2336 4498 sed
2370 4450 2574 4496 tantum
2600 4441 2776 4510 posuit
2800 4441 2925 4509 quia
2946 4440 3608 4510 nominansmaledixerit,

2036 4550 2088 4594 et
2120 4536 2337 4606 reliquit
2370 4535 2423 4590 in
2453 4535 2630 4589 medio
2662 4534 2742 4588 vel
2775 4533 2842 4588 de
2881 4534 3009 4599 Deo,
3053 4533 3135 4588 vel
3165 4534 3231 4589 de
3267 4537 3482 4592 homine
3514 4553 3608 4590 su-

2035 4630 2382 4702 spicandum.
2452 4627 2606 4684 Unde
2656 4628 2785 4682 mihi
2839 4630 3052 4685 videtur
3120 4629 3326 4684 idcirco
3375 4631 3613 4684 uoluisse

2039 4732 2226 4791 aperte
2251 4721 2317 4776 de
2366 4719 2476 4774 Deo
2503 4719 2879 4787 pronuntiare,
2931 4735 2998 4776 ne
3026 4720 3092 4775 de
3125 4720 3437 4777 hominilms
3466 4722 3612 4773 vide-

2042 4821 2193 4866 retur
2221 4812 2435 4868 dedisse
2469 4810 2772 4874 licentiam,
2825 4821 2881 4866 et
2910 4812 3030 4865 ideo
3065 4810 3146 4864 vel
3195 4813 3259 4864 de
3291 4811 3400 4864 Deo
3433 4809 3513 4863 vel
3546 4812 3613 4864 de

2043 4904 2262 4958 homine
2288 4902 2526 4963 siluisse,
2563 4911 2622 4955 ut
2655 4901 2722 4956 de
2747 4910 2981 4970 utroque
3006 4909 3310 4955 caveretur.

2112 4995 2167 5049 5.
2208 4994 2403 5048 Verum
2431 4992 2688 5062 quoniam
2712 4990 3036 5045 sententiam
3065 4990 3306 5059 Apostoli
3338 4991 3612 5060 proposui.

2045 5100 2190 5150 mus,
2225 5085 2317 5155 qui
2348 5084 2482 5138 dicit
2509 5083 2798 5138 maledicos
2829 5095 2860 5135 a
2891 5095 3058 5150 regno
3101 5082 3193 5136 Dei
3229 5082 3613 5149 excludendos,

2043 5181 2250 5251 aliquid
2284 5180 2530 5250 exposcit
2577 5178 2678 5232 iste
2732 5189 2913 5230 sermo
2947 5173 3126 5229 solatii
3162 5191 3228 5229 ne
3272 5175 3492 5229 omnino
3522 5176 3612 5227 de-

2043 5272 2406 5342 sperationem
2454 5270 2731 5323 videamur
2761 5266 3001 5321 indicere
3047 5267 3134 5332 iis,
3172 5267 3262 5337 qni
3298 5266 3612 5336 quotidiana

2030 5380 2171 5436 pene
2195 5361 2550 5418 maledicendi
2574 5357 2965 5416 consuetudine
2986 5361 3292 5430 rapiuntur,
3318 5368 3373 5415 et
3398 5359 3481 5412 ori
3516 5373 3612 5415 suo

1949 5529 1994 5562 ⁸⁵
2018 5529 2034 5583 I
2057 5528 2184 5584 Cor.
2211 5541 2285 5594 Vl,
2314 5523 2369 5592 9,
2401 5525 2488 5582 I0.

437 5672 540 5744 (ﬁll)
575 5677 630 5732 In
663 5677 847 5730 eudice
877 5677 1156 5747 Sangerm.
1182 5675 1354 5737 deest,
1392 5693 1409 5723 ‹
1437 5689 1610 5742 neque
1639 5673 1804 5738 fures,
1840 5685 2011 5739 neque
2039 5670 2207 5725 avari.
2235 5687 2252 5724 .-

683 5771 951 5829 PA'I‘BOL.
1001 5771 1118 5829 (in.
1171 5769 1308 5827 XII.

3237 5763 3305 5816 I8
