4086 6218
549 293 657 349 555

2012 286 2168 343 ORIG
2179 284 2330 341 F.le
3700 297 3823 354 556s

548 410 807 465 adbibere
858 408 1161 463 custodiam
1197 406 1275 460 vel
1305 406 1503 461 ostium
1551 407 1847 477 negligunt.
1889 405 2126 460 Promis-
2158 408 2200 463 A
2233 402 2421 457 xisset.
2463 401 2778 457 Exiitcnim
2805 419 2833 456 a
2870 404 3124 469 veritate,
3163 404 3297 459 exiit
3332 421 3364 459 ει
3400 406 3597 461 timore
3629 409 3748 478 Dei,
3778 428 3821 465 δ

548 501 722 556 sionis
769 499 959 553 futurae
994 512 1097 551 non
1136 512 1278 550 unus
1307 504 1391 550 est
1442 495 1654 559 modus,
1690 509 1865 563 neque
1895 494 2125 563 simplex

548 591 759 660 species
794 606 809 656 ;
840 579 933 644 sed
968 586 1111 642 sicut
1143 585 1326 640 docuit
1375 585 1485 654 ipse
1512 585 1772 640 Dominus
1796 586 1850 639 in
1881 584 2127 653 Evange-

548 683 622 737 Iio
645 681 711 745 ⁸⁸,
761 695 883 734 cum
934 679 1123 734 beatos
1170 678 1302 732 dicit
1334 693 1600 747 pauperes
1627 678 1845 747 Spiritu,
1886 687 1944 731 et
1980 677 2129 747 ipso-

547 788 668 825 rum
702 770 836 825 dicit
870 783 993 824 esse
1045 778 1268 838 regnum
1318 769 1605 822 caelorum.
1662 768 1726 821 Et
1772 768 1901 823 item
1937 769 2128 823 beatos

545 862 678 915 dicit
732 862 914 929 mites,
975 876 1075 917 nec
1124 864 1309 915 tamen
1362 862 1442 916 eis
1495 861 1755 916 caelorum
1798 874 1985 932 regna,
2030 864 2126 917 sed

549 964 707 1008 terra:
742 954 1113 1009 hmreditatem
1164 952 1453 1022 promittit.
1512 952 1649 1008 Dicit
1684 955 1871 1010 beatos
1899 965 1954 1010 et
1982 955 2129 1024 paci-

548 1046 700 1107 ﬁcos,
730 1044 825 1099 sed
857 1058 925 1098 ue
957 1042 1089 1111 ipsis
1115 1041 1334 1111 quidem
1382 1042 1645 1096 caelorum
1698 1050 1923 1113 regnum
1952 1044 2124 1109 dedit,

547 1136 687 1190 tilios
715 1144 895 1189 tamen
926 1148 1019 1188 eos
1051 1133 1142 1187 Dei
1173 1147 1294 1189 esse
1328 1134 1664 1203 pronuatiat.
1702 1134 1767 1188 Et
1790 1150 1917 1189 ‘crrtn
1948 1135 2130 1190 diver-

543 1228 620 1280 sis
650 1226 866 1280 diversa
900 1226 1267 1295 repromittat,
1322 1240 1512 1281 omnes
1560 1232 1747 1282 beatos
1777 1228 1906 1282 dicit
1936 1227 2025 1297 qui
2052 1229 2124 1282 ad

546 1316 812 1385 promissa
863 1318 1237 1386 pervenerint,
1293 1330 1398 1371 non
1455 1325 1634 1371 tamen
1670 1320 1923 1373 omnibus
1956 1319 2122 1374 C(BIO-

546 1422 665 1460 rum
699 1422 864 1476 regna
913 1406 1163 1475 promisit
1197 1405 1331 1479 (22).
1378 1406 1565 1461 Potest
1601 1423 1734 1478 ergo
1768 1409 1908 1473 ﬁeri,
1940 1420 1997 1464 ut
2021 1411 2123 1463 ali-

541 1497 665 1565 quis
696 1497 748 1551 in
776 1497 995 1552 czeteris
1027 1497 1162 1551 forte
1191 1497 1448 1566 operibus
1478 1506 1532 1552 et
1564 1502 1777 1554 actibus
1802 1502 2123 1556 emendatus

539 1591 611 1643 sit
646 1601 701 1645 et
724 1591 1017 1661 perfectus,
1046 1592 1382 1660 subripiatur
1408 1594 1455 1646 ei
1490 1603 1666 1647 tamen
1691 1594 1985 1664 aliquando
2011 1596 2124 1652 oris

537 1682 694 1750 vitio,
751 1681 1013 1752 lapsuque
1045 1683 1315 1738 sermonis
1353 1701 1366 1737 :
1407 1684 1534 1739 huic
1576 1686 1791 1741 etiamsi
1820 1689 2116 1742 secundum
2152 1728 2156 1745 .

2234 495 2358 559 iide,
2396 512 2423 546 a
2462 495 2755 561 charitate,
2797 496 2940 550 sicut
2965 496 3215 565 superius
3245 497 3499 561 diximus,
3536 506 3826 569 ψιοιιιοιιο

2230 602 2327 655 per
2359 587 2475 640 hch
2506 587 2629 654 quis
2649 596 2807 640 exeat
2840 589 2905 639 de
2927 588 3121 641 castris
3156 584 3432 652 Ecclesia},
3461 591 3676 646 etiamsi
3718 610 3831 664 per

2228 679 2465 746 episcopi
2506 691 2694 730 vocem
2725 676 2948 731 minime
2973 677 3281 746 abiiciatur.
3322 678 3825 741 Sicutecontrario

2230 770 2497 825 interdum
2530 768 2608 833 ﬁt,
2637 777 2695 821 ut
2725 767 2921 837 aliquis
2953 783 3057 821 non
3094 782 3240 824 recto
3263 771 3473 839 judicio
3493 788 3680 826 eorum
3718 777 3821 845 qui

2230 871 2471 931 prmsunt
2524 860 2782 915 Ecclesiae
2834 859 3164 928 depellatur,
3212 872 3267 916 et
3320 862 3468 919 foras
3533 867 3812 925 mittatur.

2230 955 2337 1009 Sed
2386 954 2503 1023 ipse
2549 967 2655 1006 non
2697 960 2823 1005 ante
2873 952 3025 1016 exiit,
3062 952 3175 1008 hoc
3207 963 3313 1017 est,
3370 956 3413 1008 si
3448 971 3553 1010 non
3587 958 3659 1010 ita
3700 960 3817 1031 egi:

2230 1057 2288 1099 nt
2322 1052 2623 1099 mereretur
2652 1042 2826 1104 exire,
2876 1042 3009 1096 nihil
3059 1042 3273 1097 laeditur
3321 1045 3373 1099 in
3407 1060 3492 1109 eo,
3526 1050 3667 1116 quod
3701 1066 3811 1105 non

2230 1144 2379 1190 recto
2404 1132 2612 1201 judicio
2646 1132 2714 1186 ab
2735 1130 3055 1189 hominibus
3089 1134 3304 1189 videtur
3330 1137 3607 1205 expulsus.
3639 1139 3705 1193 Et
3735 1141 3809 1197 ita

2230 1224 2290 1278 iit
2337 1232 2393 1276 ut
2424 1222 2696 1277 interdum
2746 1219 2837 1274 ille
2875 1222 2966 1291 qui
3022 1222 3168 1277 foras
3202 1225 3454 1289 mittitur,
3507 1228 3653 1283 intus
3692 1231 3807 1287 sit:

2225 1326 2282 1371 et
2310 1316 2400 1371 ille
2423 1314 2671 1385 foris,qui
2698 1317 2845 1370 intus
2869 1314 3094 1369 retineri
3122 1316 3354 1370 videtur.
3390 1317 3483 1372 Vis
3510 1319 3603 1373 tibi
3630 1331 3809 1376 ostena

2227 1409 2349 1464 dam
2394 1418 2449 1465 et
2484 1407 2675 1475 alium,
2714 1408 2809 1478 qui
2855 1422 2884 1461 a
2923 1407 3070 1461 nullo
3093 1407 3298 1475 ejectns
3340 1409 3542 1464 exiisse
3571 1413 3807 1468 dicitur?

2227 1496 2500 1567 Scriptum
2532 1508 2616 1553 est
2649 1500 2717 1553 de
2738 1498 2878 1553 Cain
2904 1497 2971 1563 "‘,
3012 1502 3137 1567 quia
3190 1517 3208 1548 ι
3234 1499 3366 1552 exiit
3400 1515 3429 1552 a
3465 1501 3603 1555 facie
3635 1504 3752 1559 Dei.
3775 1522 3798 1557 ι

2226 1589 2341 1655 Quo
2377 1588 2510 1643 exiit
2554 1604 2582 1643 a
2633 1587 2769 1643 facie
2800 1588 2933 1643 Dei?
2988 1587 3087 1643 Ubi
3139 1592 3287 1643 enim
3325 1608 3431 1644 non
3483 1604 3597 1645 erat
3623 1595 3799 1651 facies

2228 1680 2365 1734 Dei?
2398 1681 2503 1735 Sed
2534 1679 2733 1735 exiisse
2765 1680 2985 1744 dicitur,
3033 1694 3130 1749 pro
3164 1695 3228 1734 eo
3256 1682 3398 1750 quod
3437 1681 3595 1749 legem
3630 1694 3797 1739 natu-

536 1772 783 1841 Apostoli
832 1772 1160 1825 sententiam
1200 1782 1467 1840 negantur
1496 1788 1660 1843 regna
1696 1773 1979 1839 calorum,
2013 1792 2116 1829 non
2151 1762 2192 1818 Β
2227 1786 2299 1826 ιω
2340 1786 2595 1842 egressus
2641 1782 2751 1837 est,
2794 1780 2851 1826 et
2895 1773 3141 1842 ignaram
3172 1774 3312 1827 tanti
3347 1774 3563 1828 sceleris
3578 1784 3785 1831 terram

540 1873 720 1918 tamen
748 1863 976 1918 alterius
1025 1864 1377 1919 beatitudinis
1415 1863 1753 1919 abscinditur
1803 1865 1973 1921 locus.
2018 1867 2120 1922 Ve-

539 1964 843 2011 rumtamen
894 1970 961 2010 eo
1006 1956 1182 2026 magis
1230 1957 1275 2010 si
1318 1956 1449 2025 quis
1498 1957 1551 2009 in
1588 1956 1801 2012 caeteris
1846 1958 2118 2027 perfectus

534 2057 643 2112 est,
674 2048 960 2103 elaborare
994 2050 1157 2103 etiam
1195 2049 1245 2102 in
1276 2048 1381 2102 hoc
1420 2047 1608 2115 debet,
1641 2064 1710 2103 ne
1738 2050 1790 2105 ei
1819 2052 2118 2120 subrepens

535 2152 716 2205 pravae
746 2139 1157 2193 consuetudinis
1204 2139 1401 2192 vitium
1440 2139 1703 2194 caelorum
1754 2155 1944 2210 regna,
1975 2143 2117 2212 quod

535 2238 618 2282 est
668 2228 908 2282 omnium
943 2226 1337 2282 beatitudinum
1388 2229 1629 2293 culmen,
1672 2230 1891 2299 eripiat,
1927 2246 2117 2300 quam-

534 2319 617 2374 vis
651 2319 910 2375 Dominus
939 2320 1138 2374 dixerit
1161 2320 1205 2351 “
1246 2340 1259 2375 :
1290 2332 1318 2372 ἰ
1340 2321 1403 2375 In
1424 2321 1595 2375 domo
1618 2318 1931 2378 Patrismei
1963 2340 2116 2378 man-

534 2412 716 2466 siones
745 2411 926 2465 multae
952 2421 1099 2464 sunt.
1131 2428 1150 2463 ι
1188 2410 1485 2467 Possumus
1516 2411 1693 2466 adhuc
1727 2414 1925 2469 addere
1947 2415 2111 2469 etiam

538 2502 691 2567 illud,
742 2500 886 2570 quod
920 2511 1108 2555 natura
1126 2503 1341 2571 peccati
1378 2502 1571 2557 similis
1590 2513 1683 2558 test
1723 2506 1963 2559 materia:
1993 2516 2113 2575 quiat

538 2594 644 2663 igni
672 2592 1034 2659 consumitur,
1066 2608 1227 2661 quam
1256 2594 1514 2648 aediﬁcari
1555 2593 1748 2651 Paulus
1776 2599 2049 2665 apostolus
2080 2608 2108 2651 ιι

535 2686 911 2755 peccatoribus
942 2685 1094 2750 dicit,
1148 2687 1238 2756 qui
1267 2701 1426 2755 supra
1475 2686 1881 2744 fundamentum
1911 2683 2108 2745 Christi

536 2777 806 2832 :ediiicattt
840 2777 1006 2844 ligna,
1043 2775 1250 2842 fenum,
1304 2776 1555 2846 stipulam
1582 2778 1650 2832 δ’.
1706 2779 1762 2834 1η
1797 2794 1907 2851 quo
1926 2783 2110 2836 uitaui-

522 2871 673 2925 ’ῐεειε
712 2870 1013 2926 ostenditur
1064 2883 1186 2924 esse
1233 2871 1477 2939 qmedam
1498 2881 1729 2941 peccata
1758 2875 1830 2926 ita
1862 2873 2021 2941 levia,
2044 2884 2110 2929 «ut

529 2961 743 3032 stipulae
765 2962 1164 3030 camparedtur,
1201 2962 1287 3015 cui
1319 2962 1505 3030 utique
1531 2964 1669 3033 ignis
1692 2963 1871 3019 illatus
1891 2966 2105 3021 diunon

2224 1863 2466 1919 fraterno
2518 1866 2786 1936 sanguine
2840 1869 3051 1936 primus
3084 1864 3294 1921 infecit.
3357 1866 3497 1920 Sunt
3535 1878 3704 1921 tamen
3733 1880 3786 1924 et

2222 1956 2311 2024 qui
2343 1956 2482 2009 bene
2505 1966 2727 2025 exeunt,
2756 1966 2815 2013 et
2858 1957 3001 2012 beati
3035 1967 3165 2012 sunt
3198 1957 3289 2028 qui
3339 1969 3562 2012 exeunt.
3604 1958 3791 2013 Osten-

2219 2045 2344 2097 dam
2396 2045 2559 2098 etiam
2599 2045 2699 2100 hoc
2752 2047 2817 2100 de
2851 2045 3165 2117 Scripturis.
3208 2047 3262 2101 In
3296 2046 3482 2101 Exodo
3535 2050 3794 2119 scriptum

2218 2143 2299 2187 est
2324 2132 2369 2165 "
2408 2150 2422 2186 :
2462 2151 2480 2185 ι
2505 2133 2725 2198 Omnes,
2755 2135 2952 2203 inquit,
2993 2137 3081 2205 qui
3116 2138 3432 2206 qurerebant
3464 2154 3661 2192 nomen
3694 2137 3796 2194 Do—

2221 2226 2370 2287 mini,
2408 2226 2659 2279 exierunt
2688 2224 2832 2280 foras
2883 2228 2947 2280 ad
2981 2227 3194 2298 Moysen
3221 2236 3371 2283 extra
3404 2237 3604 2282 castra.
3639 2248 3656 2280 ι
3704 2229 3795 2284 Isti

2216 2316 2356 2369 bene
2384 2316 2634 2369 exierunt
2674 2327 2826 2370 extra
2860 2327 3064 2382 castra,
3102 2318 3191 2387 qui
3243 2319 3617 2384 sequebantur
3647 2320 3793 2393 Moy-

2210 2422 2335 2471 sen,
2371 2409 2555 2473 idest,
2588 2408 2756 2479 legem
2780 2410 2897 2466 Dei.
2940 2410 3007 2465 Et
3036 2411 3102 2466 de
3128 2411 3250 2466 aliis
3278 2412 3478 2465 dicitur
3501 2412 3546 2443 “
3572 2430 3586 2466 ;
3624 2431 3642 2464 ι
3669 2413 3794 2467 Exi-

2218 2510 2296 2565 te,
2328 2502 2559 2570 populus
2590 2518 2763 2567 meus,
2793 2503 2861 2558 de
2886 2504 3066 2558 medio
3106 2519 3315 2569 eorum,
3366 2513 3418 2558 et
3451 2506 3791 2560 inunundnn

2208 2592 2382 2647 nolite
2414 2594 2750 2664 contingere.
2780 2613 2800 2647 ι
2831 2594 2978 2650 Exiit
3002 2610 3154 2666 ergo,
3196 2596 3387 2664 inquit.
3428 2597 3566 2652 illius
3599 2599 3792 2652 mule-

2215 2692 2290 2744 ris
2324 2689 2662 2755 lsraelitidis,
2695 2700 2747 2745 et
2779 2691 2864 2745 hic
2892 2699 3013 2745 erat
3062 2692 3204 2745 [ilius
3236 2690 3497 2761 Egyptii,
3545 2692 3687 2747 inter
3723 2695 3789 2747 ii-

2204 2784 2315 2837 .lios
2346 2782 2532 2846 Israel,
2556 2792 2619 2836 et
2670 2783 3022 2852 litigaverunt
3055 2782 3107 2836 in
3158 2783 3373 2849 castris,
3426 2783 3515 2839 ille
3547 2786 3637 2854 qui
3668 2795 3789 2839 erat

2202 2874 2326 2946 (2'5)
2361 2890 2426 2928 ex
2459 2873 2758 2928 Israelitide
2809 2873 3033 2928 muliere
3067 2883 3121 2927 et
3158 2874 3318 2928 homo
3351 2874 3612 2929 Israelita.
3657 2876 3786 2930 \‘ide

2209 2977 2408 3037 quanta
2464 2966 2673 3021 cautela
2705 2967 3002 3036 Scriptum
3054 2967 3272 3033 divinae,
3323 2968 3365 3022 si
3395 2977 3573 3023 tamen
3604 2971 3787 3023 inlen-

530 3053 1037 3123 potest'immorari.
1081 3052 1194 3107 Alia
1221 3064 1354 3108 vero
1398 3054 1525 3109 feuo
1559 3070 1682 3111 esse
1714 3056 1935 3123 similia,
1984 3073 2174 3153 quac
2198 3063 2328 3120 edas.
2357 3060 2402 3114 si
2425 3060 2711 3125 diligenter
2740 3059 2997 3127 inspicias
3025 3076 3039 3113 :
3073 3059 3219 3114 illu.n
3257 3061 3349 3130 qui
3386 3062 3449 3115 de
3479 3061 3781 3117 Israelitide

529 3147 643 3216 ipsa
674 3162 781 3201 non
811 3144 1100 3200 diﬂiculter
1130 3144 1271 3216 ignis
1306 3146 1582 3213 absumat,
1614 3161 1799 3202 verum
1829 3149 2105 3219 aliquanto

531 3240 741 3295 tardius
766 3254 929 3311 quam
960 3240 1012 3294 in
1028 3238 1250 3308 stipulis
1268 3240 1618 3297 ‘imtnoretur.
1657 3242 1775 3297 Alia
1804 3258 1936 3300 vero
1950 3256 2103 3311 esse,

525 3346 646 3401 quae
679 3330 839 3402 lignis
868 3329 1239 3398 conferantur,
1274 3333 1324 3387 in
1356 3334 1672 3404 quibbspro
1700 3336 1965 3405 qualitte
1986 3338 2103 3393 cri-

526 3422 733 3475 minum
760 3420 1029 3476 diutinum
1050 3430 1114 3477 et
1145 3424 1352 3493 grande
1372 3424 1634 3493 pabulum
1668 3427 1806 3497 ignis
1838 3427 2102 3483 inveniat.

525 3513 602 3567 Ita
670 3527 807 3582 ergo
847 3514 1269 3583 unumquodque
1323 3524 1615 3583 ’peccatum
1669 3531 1769 3586 pro
1816 3518 2101 3587 qualitate,

524 3607 689 3679 260
719 3609 804 3663 vel
838 3608 1145 3677 quantitate
1190 3610 1296 3676 sui,
1330 3624 1613 3680 pcenarum
1640 3610 1787 3680 justa
1822 3613 2101 3682 persolvit.

530 3699 909 3756 Verumtamen
939 3702 1067 3771 quid
1103 3703 1652 3771 upuscst‘lidelibus,
1687 3714 1742 3760 ει
1779 3706 1862 3761 his
1889 3706 1979 3775 qui
2005 3721 2102 3762 co-

526 3801 827 3861 gnoverunt
868 3792 1066 3853 Deum,
1120 3794 1186 3846 de
1221 3802 1506 3863 pinnarum
1557 3796 1908 3865 qualitatibus
1954 3798 2103 3865 cogi-

527 3885 687 3939 tare?
732 3886 886 3952 Quid
926 3901 1061 3953 opus
1090 3896 1172 3941 est
1223 3887 1392 3957 ligna,
1420 3889 1549 3955 quid
1600 3888 1807 3954 fenum,
1855 3890 1984 3958 quid
2019 3892 2100 3946 uel

526 3980 697 4047 ipsam
748 3978 1004 4048 stipulam
1050 3978 1415 4033 fundamento
1444 3981 1648 4036 Christi
1700 3984 2101 4051 superponere?

524 4072 634 4124 Cur
664 4086 769 4123 non
800 4070 971 4137 magis
1001 4085 1219 4132 aurum,
1251 4069 1334 4125 vel
1364 4079 1670 4140 argentum,
1717 4072 1800 4125 vel
1832 4073 2100 4140 pretiosos

524 4161 753 4233 lapides,
801 4162 1037 4230 pretioso
1080 4160 1500 4229 superponimus
1570 4162 1940 4225 fundamento,
2004 4163 2093 4217 ubi

524 4264 646 4307 enm
682 4254 823 4323 ignis
852 4251 1168 4316 accesserit,
1200 4252 1331 4305 nihil
1365 4251 1605 4306 inveniat
1635 4252 1776 4321 quod
1809 4252 2098 4307 absumat?

524 4348 655 4401 Nam
689 4348 732 4401 si
766 4347 1057 4402 accesserit
1108 4347 1173 4399 ad
1220 4345 1498 4415 stipulam,
1549 4360 1615 4399 ex
1642 4345 1835 4412 stipula
1884 4346 2096 4403 favillas

2212 3163 2385 3207 matre
2436 3160 2491 3206 et
2534 3152 2602 3207 de
2662 3151 2917 3224 Egyptio
2962 3161 3115 3221 patre
3165 3162 3323 3207 natus
3353 3163 3458 3215 εει,
3504 3170 3607 3207 non
3646 3155 3781 3209 dixit

2212 3245 2489 3298 hominem
2525 3260 2539 3308 ;
2572 3242 2725 3297 illum
2761 3258 2890 3297 vero
2922 3244 3013 3312 qui
3042 3258 3107 3297 ex
3141 3253 3367 3313 utroque
3388 3258 3584 3313 genere
3608 3243 3783 3299 Israe-

2208 3336 2303 3389 lita
2334 3345 2451 3389 erat
2486 3333 2759 3388 hominem
2799 3335 3117 3388 nominavit.
3161 3333 3416 3388 Putamus
3445 3336 3560 3390 bazc
3591 3335 3782 3392 fon-tui.

2206 3438 2261 3481 tu
2288 3427 2536 3495 scripta?
2576 3426 2833 3481 Putemus
2862 3441 2991 3480 casu
3027 3425 3323 3495 adjectum,
3356 3436 3413 3480 ut
3444 3426 3531 3480 ille
3561 3444 3665 3480 non
3693 3427 3785 3482 dio

2206 3528 2421 3574 ceretur
2453 3518 2637 3582 homo,
2676 3526 2740 3571 ει
2772 3518 2859 3572 Ιιίε
2892 3517 3203 3571 diceretur?
3239 3514 3355 3571 Non
3384 3527 3506 3570 sunt
3535 3518 3633 3570 ista
3664 3517 3773 3572 ἴοι·-

2206 3612 2361 3673 tuila,
2422 3610 2561 3664 ratio
2612 3620 2717 3665 est.
2761 3607 2905 3663 Nihil
2930 3608 3074 3663 enim
3126 3610 3179 3663 in
3220 3609 3401 3663 verbis
3432 3609 3523 3662 Dei
3573 3611 3776 3679 absque

2205 3702 2472 3774 profunda
2502 3702 2713 3756 ratione
2740 3700 3108 3770 conscriptum
3152 3710 3256 3755 est.
3300 3700 3390 3755 Ille
3419 3716 3651 3769 namque
3682 3703 3773 3771 qui

2204 3812 2270 3851 ex
2308 3805 2461 3866 parte
2497 3793 2809 3865 Egyptius,
2861 3808 2926 3848 ex
2962 3802 3127 3863 parte
3174 3791 3419 3847 Israelita
3449 3802 3591 3857 erat,
3640 3808 3777 3847 non-

2190 3889 2330 3942 dum
2360 3887 2678 3941 merebatur
2704 3884 2890 3955 .homo
2942 3883 3237 3939 nominari.
3278 3880 3383 3936 iste
3415 3896 3541 3936 vero
3574 3884 3666 3953 qui
3704 3898 3769 3938 ex

2204 3979 2416 4049 integro
2440 3976 2690 4031 Israelita
2716 3985 2856 4038 erat,
2886 3974 2985 4029 hoc
3013 3984 3117 4040 est,
3164 3973 3254 4043 qui
3288 3982 3468 4028 mente
3496 3974 3660 4028 Deum
3692 3973 3773 4027 vi-

2202 4073 2382 4136 debat,
2430 4070 2542 4125 iste
2592 4071 2755 4124 homo
2798 4068 3128 4138 appellatur,
3176 4069 3265 4122 ille
3309 4070 3470 4122 homo
3520 4067 3770 4132 interior,

2201 4165 2292 4232 qui
2328 4168 2396 4217 ad
2441 4162 2730 4231 imaginem
2778 4162 2878 4217 Dei
2927 4160 3103 4216 factus
3133 4170 3239 4226 est,
3286 4169 3343 4214 et
3370 4170 3546 4227 potest
3587 4160 3772 4215 videre

2194 4255 2394 4309 Deum.

2269 4347 2325 4402 4.
2354 4345 2490 4401 Post
2526 4347 2639 4401 haec
2664 4344 2775 4414 jam
2807 4360 2926 4415 quae
2952 4344 3005 4398 in
3039 4341 3429 4412 posterioribus
3462 4338 3774 4394 referuntur

524 4436 709 4489 reddet
729 4443 781 4487 et
811 4434 1042 4488 cineres.
1086 4432 1141 4486 Si
1173 4447 1301 4485 vero
1333 4433 1626 4487 accesserit
1657 4433 1722 4485 ad
1750 4447 1965 4500 aurum,
1994 4442 2091 4487 au-
2124 4450 2167 4506 ο
2203 4456 2306 4496 non
2341 4442 2545 4509 absque
2576 4439 2811 4509 quadam
2843 4436 3144 4505 quaestione
3192 4442 3342 4498 sunt,
3376 4432 3441 4486 de
3483 4446 3587 4500 qua
3617 4431 3769 4483 multi

524 4544 641 4581 rnm
694 4526 880 4595 purius
928 4524 1132 4577 reddet.
1177 4521 1303 4578 Ilaec
1350 4523 1508 4577 nobis
1554 4526 1696 4577 dicta
1725 4524 1959 4593 sintvpro
1987 4524 2091 4589 his,

519 4620 610 4689 qui
641 4618 914 4688 negligant
934 4616 1046 4671 oris
1074 4615 1317 4669 maledici
1344 4616 1789 4671 consuetudinem
1810 4628 2091 4671 resecare:

517 4711 606 4777 qui
639 4708 855 4765 etiamsi
886 4722 992 4761 nou
1046 4720 1109 4759 ex
1144 4706 1307 4759 corde
1347 4706 1692 4770 maledicam,
1741 4708 1954 4763 etiamsi
1985 4724 2090 4762 non

521 4812 645 4856 voto
678 4810 732 4856 et
774 4799 967 4853 animo
1018 4797 1202 4865 iniquo
1240 4797 1532 4867 proferant
1574 4799 1880 4865 maledicta,
1913 4809 2089 4855 tamen

520 4894 914 4949 immunditiam
952 4889 1214 4945 Iahiorum
1250 4892 1557 4947 secundum
1585 4890 1735 4945 Isaiae
1769 4894 1993 4949 verbum
2017 4894 2087 4961 “,

517 4996 565 5040 et
599 4985 1009 5052 inquinamenta
1041 4982 1154 5036 oris
1206 4984 1511 5037 incurrunt.
1552 4980 1657 5036 Iste
1691 4990 1871 5038 tamen
1899 4985 1991 5054 qui
2026 4984 2093 5040 li-

516 5091 604 5137 cet
634 5090 806 5135 matre
830 5078 1166 5139 'Israelitide,
1215 5076 1469 5147 Egyptio
1507 5086 1685 5131 tamen
1710 5088 1870 5145 patre
1899 5092 2090 5148 proge-

519 5176 664 5227 nitus
697 5181 801 5235 est,
835 5169 969 5224 exiit
1015 5177 1070 5224 et
1101 5170 1387 5223 nominans
1436 5180 1634 5222 nomen
1673 5167 1972 5224 maledixit.
2012 5167 2091 5224 De

518 5276 625 5331 quo
656 5275 754 5332 ego
799 5270 929 5329 puto
977 5259 1119 5329 quod
1172 5257 1550 5321 nisi-exiisset,
1579 5272 1676 5313 nec
1706 5258 2093 5329 litigassetad-

519 5366 736 5408 versum
772 5364 961 5405 verum
1013 5349 1335 5415 Israelitam,
1392 5363 1493 5405 nec
1529 5349 1814 5407 nominans
1856 5349 2092 5406 maledi-

586 5516 631 5547 ⁸⁸
657 5514 843 5569 Matth.
866 5529 918 5577 γ,
941 5514 994 5567 5.
1105 5514 1146 5545 “
1172 5515 1329 5569 Joan.
1356 5530 1466 5580 xw,
1490 5515 1546 5570 ἓ.
1660 5516 1706 5548 ⁸³
1734 5514 1900 5571 ICer.
1927 5531 2010 5582 ιιι,
2040 5515 2129 5570 Ii.

514 5583 561 5617 “
583 5584 687 5639 Isa.
716 5601 810 5650 LII,
832 5585 918 5638 II.
990 5585 1034 5616 "
1063 5583 1236 5639 Levii.
1262 5600 1413 5649 xxiv,
1443 5586 1527 5639 15.

588 5700 697 5767 (23,)
724 5700 903 5770 codex
933 5701 1240 5770 Sangerm.,
1280 5721 1297 5753 ι
1323 5701 1608 5757 concessit.
1647 5720 1664 5753 ι

590 5770 700 5843 (εδ)
760 5768 915 5827 Erat.

2200 4542 2527 4604 quaerentes,
2577 4548 2682 4587 non
2732 4531 2900 4585 multa
2932 4528 3205 4598 explicare
3236 4532 3550 4596 p0tuerunt.
3590 4520 3694 4577 Sed
3725 4522 3769 4576 si

2198 4623 2394 4679 vestris
2428 4638 2514 4678 me
2552 4620 2897 4677 orationibus
2926 4617 3207 4687 iuveritis,
3248 4613 3580 4669 tentabimus
3606 4613 3770 4665 etiam

2198 4730 2300 4770 nos
2346 4715 2403 4770 in
2456 4712 2691 4767 medium
2742 4710 3008 4778 proferre.
3062 4723 3184 4777 quae
3231 4705 3491 4760 Dominus
3539 4703 3767 4758 dederit.

2201 4822 2218 4854 ι
2246 4800 2441 4868 Homo,
2488 4800 2751 4870 inquit",
2801 4799 2844 4853 si
2875 4797 3219 4852 maledixerit
3245 4796 3437 4859 Deum,
3487 4804 3766 4863 peccatqu

2196 4893 2449 4962 accipiet.
2490 4892 2592 4958 Qui
2634 4900 2815 4945 autem
2840 4890 3298 4944 nominatnomen
3334 4886 3567 4951 Domini,
3599 4898 3773 4943 morte

2195 4983 2479 5037 moriatur.
2509 5000 2529 5035 ι
2595 4980 2733 5048 Quid
2768 4987 2851 5032 est
2887 4978 3021 5032 hoc?
3076 4976 3179 5042 Qui
3226 4976 3568 5030 tnaledixerit
3602 4977 3768 5031 Deum

2194 5088 2301 5128 non
2334 5073 2499 5127 habet
2529 5086 2741 5141 pinnam
2771 5070 2983 5131 mortis,
3018 5068 3109 5122 sed
3141 5068 3230 5135 qui
3276 5065 3635 5121 nominaverit
3670 5081 3772 5119 no-

2195 5180 2317 5220 men
2352 5149 2612 5219 Domini?
2656 5162 2849 5217 Nonne
2876 5159 3043 5214 multo
3073 5160 3293 5229 gravius
3332 5167 3413 5213 est
3443 5156 3768 5211 maledicere

2196 5257 2385 5323 Deum,
2415 5270 2578 5326 quam
2628 5256 2929 5317 nominare,
2964 5250 3214 5320 quamvis
3243 5249 3310 5304 'in
3348 5254 3559 5302 'vanum
3595 5246 3769 5301 nomi-

2193 5363 2353 5404 nasse
2383 5346 2635 5404 dicatur?
2678 5345 2747 5401 Et
2793 5344 3064 5416 quomodo
3107 5342 3198 5413 qui
3250 5341 3540 5407 maledicit,
3576 5352 3769 5409 pecca-

2243 5510 2290 5542 "
2314 5509 2418 5566 Isa.
2441 5521 2518 5572 Vl,
2543 5505 2595 5560 5.
2709 5505 2756 5537 “
2773 5504 2913 5562 Gen.
2939 5520 3012 5573 tv,
3039 5502 3128 5558 I6.
3215 5500 3260 5532 “
3288 5500 3455 5557 Exod.
3486 5516 3681 5564 χχχιιι,
3706 5499 3761 5558 7.

1019 5757 1178 5828 Deest
1212 5757 1263 5828 in
1293 5772 1422 5847 libb.
1450 5770 1607 5827 antc'a
1633 5770 1814 5839 editis,
1848 5772 1942 5826 sed
1967 5768 2245 5840 suppletur
2272 5779 2302 5820 e
2340 5757 2747 5829 manuscriptts.
