4086 6218
417 321 525 375 551

1550 315 1617 370 ΙΝ
1655 313 2028 371 ιΕνιτιΟυΜ
2070 314 2355 371 llOMlLlA
2392 315 2509 371 XV.

3565 315 3668 369 558

419 450 535 495 tum
583 438 809 510 suscipit
857 448 1093 504 tantum;
1133 438 1222 507 qui
1275 445 1453 492 autem
1504 436 1770 502 nominat,
1820 446 1994 492 morte
2021 438 2070 495 Α
2098 436 2208 490 vita
2249 436 2381 490 nihil
2417 435 2700 505 patiuntur
2730 432 2967 496 adversi,
3000 434 3313 495 salcuncta
3362 434 3445 491 eis
3502 450 3667 505 .pros—

420 531 722 586 multatur?
773 531 898 585 Have
930 545 1059 601 ergo
1102 540 1248 596 sunt,
1294 545 1413 599 quae
1445 529 1497 583 in
1532 529 1634 583 hoc
1662 528 1784 584 loco
1814 529 1992 584 solent

422 623 778 691 quaestionem
841 636 1076 687 movere,
1139 636 1261 690 qua:
1321 620 1700 690 ignorantibus
1770 636 1993 676 sensum

424 713 861 783 Scripturarum,
917 712 1373 783 inconsequenter
1432 712 1574 767 dicta
1626 712 1879 767 videntur
1941 722 1997 768 et

426 801 738 875 incongrue.
774 799 977 855 Putant
1008 802 1151 856 enim
1185 803 1327 872 quod
1377 802 1465 856 ille
1514 801 1607 870 qui
1656 816 1853 856 nomen
1896 803 1991 858 Dei

428 893 720 958 maledicit,
769 894 951 947 statim
1007 895 1181 963 puniri
1217 894 1442 959 debeat;
1478 892 1567 948 ille
1606 907 1742 948 vero
1772 894 1864 963 qui
1895 909 1992 950 no-

426 985 739 1052 minaverit,
788 985 1016 1041 sulﬁciat
1060 985 1333 1055 accepisse
1378 994 1679 1056 peccatum.
1742 987 1851 1041 Sed
1897 1001 1995 1042 nos

425 1076 872 1145 consequentiam
921 1079 1187 1134 sermonis
1235 1079 1327 1134 tali
1362 1079 1596 1147 quodam
1625 1092 1789 1133 sensu
1825 1088 1997 1133 tente-

420 1182 542 1221 mus
567 1168 800 1235 aperire.
840 1168 1014 1238 Maius
1048 1184 1169 1224 esse
1212 1177 1492 1240 peccatum
1539 1170 1592 1224 in
1626 1185 1735 1239 quo
1765 1170 1992 1225 maledi-

423 1258 565 1311 citur
589 1258 751 1325 Deus,
802 1276 963 1331 quam
1013 1263 1066 1316 in
1102 1277 1208 1332 quo
1244 1263 1578 1327 nominatur,
1610 1262 1859 1318 dubitare
1887 1280 1992 1319 non

426 1362 731 1416 possumus.
791 1350 982 1408 Restat
1009 1362 1069 1407 ut
1117 1353 1467 1409 ostendamus
1516 1353 1685 1408 multo
1710 1367 1843 1410 esse
1871 1370 1997 1425 gra-

425 1439 545 1493 vius
588 1440 835 1508 accipere
887 1451 1188 1511 peccatum,
1242 1454 1295 1498 et
1330 1443 1533 1498 habere
1575 1457 1781 1505 secum,
1832 1459 1995 1513 quam

422 1540 597 1586 morte
644 1533 879 1588 multari.
942 1534 1085 1588 Mors
1140 1548 1481 1603 quae'pmnte
1548 1549 1711 1589 causa
1767 1534 1999 1589 infertur

419 1643 521 1697 pro
553 1633 796 1696 peccato,
827 1626 1078 1694 purgatio
1099 1634 1182 1679 est
1202 1626 1414 1694 peccati
1449 1624 1617 1693 ipsius
1647 1639 1744 1695 pro
1782 1640 1890 1695 quo
1911 1626 1997 1694 ju-

423 1720 584 1775 betur
618 1716 832 1773 inferri.
873 1717 1185 1771 Absolvitur
1218 1730 1349 1786 ergo
1405 1726 1684 1785 peccatum
1730 1731 1828 1785 per
1877 1731 1994 1786 pce-

424 1825 550 1863 nam
601 1807 812 1871 mortis,
870 1820 971 1860 nec
1019 1812 1268 1874 superest
1319 1804 1543 1873 aliquid,
1595 1805 1737 1874 quod
1765 1820 1862 1873 pro
1888 1805 1991 1861 hoc

423 1900 652 1953 crimine
696 1897 883 1968 iudicii
916 1898 1031 1951 dies
1061 1906 1118 1951 et
1143 1910 1303 1965 pcena
1343 1896 1528 1952 aeterni
1560 1896 1696 1966 ignis
1724 1897 1988 1953 inveniat.

427 1990 529 2045 Ubi
555 2004 683 2046 vero
715 1990 835 2058 quis
863 1990 1060 2060 accipit
1086 1999 1387 2059 peceatum,
1421 1989 1585 2045 habet
1614 1989 1744 2044 illud
1782 2005 1989 2059 secum,

424 2100 489 2138 ac
520 2094 800 2154 permanet
850 2085 1139 2153 cum‘ipso,
1179 2099 1280 2139 nec
1308 2082 1489 2153 aliquo
1539 2084 1804 2153 supplicio
1832 2099 1991 2154 poena

421 2191 543 2246 qua:
571 2177 791 2231 diluitur
820 2176 1034 2240 transit,
1066 2191 1187 2230 cum
1235 2176 1350 2246 ipso
1377 2188 1462 2231 est
1489 2175 1652 2229 etiam
1699 2185 1820 2246 post
1848 2190 1994 2231 mor-

425 2277 530 2322 tem
562 2287 575 2322 :
606 2277 661 2323 et
688 2268 812 2337 quia
860 2268 1175 2336 temporalia
1222 2268 1311 2323 hic
1343 2283 1447 2322 non
1478 2267 1758 2337 persolvit,
1794 2268 1865 2323 ibi
1898 2283 1994 2325 ex-

419 2359 607 2430 pendit
637 2369 836 2414 aeterna
870 2360 1153 2429 supplicia.
1192 2359 1356 2416 Vides
1382 2375 1513 2430 ergo
1542 2372 1743 2431 quanto
1771 2362 1992 2432 gravius

418 2452 494 2506 sit
525 2452 773 2522 accipere
816 2463 1122 2521 peccatum,
1161 2468 1323 2523 quam
1358 2464 1530 2508 morte
1579 2454 1850 2509 mulctari.
1892 2454 1992 2511 llic

417 2544 563 2598 enim
602 2559 746 2598 mors
772 2559 872 2614 pro
898 2544 1131 2598 vindicta
1163 2545 1341 2613 datur,
1370 2554 1425 2600 et
1450 2544 1592 2613 apud
1616 2545 1820 2613 justum
1840 2546 1989 2616 judi-

417 2648 539 2688 cent
570 2633 854 2688 Domiumn
886 2651 991 2688 non
1021 2635 1328 2690 vindicatur
1367 2638 1452 2692 bis
1483 2638 1535 2691 in
1572 2638 1823 2707 idipsuni,
1851 2640 1992 2695 sicut

421 2725 680 2794 propheta
704 2725 840 2779 dixit
859 2722 929 2777 ⁸⁸.
972 2724 1071 2779 Ubi
1096 2736 1274 2781 autem
1302 2742 1405 2782 non
1430 2728 1701 2784 estsoluta
1729 2730 1989 2797 vindicta,

422 2829 698 2886 peccatum
739 2828 923 2873 manet
964 2819 1071 2873 illis
1111 2822 1329 2877 aeternis
1378 2822 1591 2893 ignibus
1643 2827 1992 2894 exstinguen—

422 2911 567 2964 dum.
620 2910 769 2976 Quod
808 2921 985 2965 autem
1010 2910 1120 2983 (24)
1152 2914 1263 2967 haec
1301 2914 1371 2968 ita
1397 2931 1455 2971 se
1479 2916 1731 2980 habeant,
1770 2934 1990 2986 possum

417 3003 515 3057 tibi
543 3014 709 3061 testes
730 3022 794 3061 ex
818 3007 1017 3062 divinis
1041 3009 1405 3065 voluminibus
1424 3011 1694 3071 adhibere
1717 3012 1910 3068 Ruben
1938 3023 1991 3070 et

2092 528 2246 597 peris
2276 527 2619 583 successibus
2642 527 2865 589 cedunt,
2890 527 3149 592 honores,
3198 528 3420 594 divitiae,
3464 541 3667 599 poten-

2096 620 2193 681 tia,
2218 619 2427 674 sanitas
2450 634 2667 688 quoque
2690 619 2771 674 eis
2815 620 2936 687 ipsa
2990 628 3049 673 et
3103 620 3344 688 corporis
3394 622 3665 679 habitudo

2096 708 2480 764 famulantur?
2513 710 2749 765 Econtra
2776 710 3181 776 innocentibus,
3209 726 3274 766 ac
3303 713 3433 780 piis,
3476 723 3532 768 et
3569 730 3664 769 co-

2094 799 2330 857 lentibus
2382 802 2550 855 Deum
2611 801 3034 857 innumerabiles
3088 817 3345 859 earumne
3404 818 3665 874 superve-

2093 895 2274 961 niunt,
2297 892 2489 961 abiecti
2514 903 2570 948 et
2595 892 2864 956 humiles,
2895 895 3192 962 contempti
3240 903 3306 948 .et
3364 897 3465 950 sub
3515 897 3666 950 cola-

2095 985 2219 1055 phis
2248 987 2544 1055 potentium
2579 985 2789 1053 vivunt,
2823 1000 3209 1055 Itoununquam
3252 988 3425 1043 etiam
3464 990 3669 1042 saevius

2096 1075 2176 1129 eis
2203 1076 2376 1129 morbi
2407 1091 2623 1145 quoque
2650 1077 2820 1143 ipsius
2852 1078 3105 1145 corporis
3140 1079 3526 1134 dominantur.
3561 1078 3668 1133 Sed

2096 1166 2235 1231 liaac,
2262 1176 2321 1221 nt
2368 1168 2496 1232 dixi,
2551 1178 2954 1237 conqueruntur
2999 1170 3312 1239 ignorantes
3340 1170 3431 1237 qui
3463 1172 3535 1223 sit
3578 1184 3669 1223 or-

2097 1257 2167 1310 do
2202 1256 2254 1310 in
2286 1258 2486 1313 divinis
2519 1257 2762 1326 judieiis.
2817 1258 3033 1324 Quanto
3091 1260 3235 1319 enim
3290 1261 3516 1330 gravius
3573 1277 3668 1315 eos

2098 1348 2280 1415 puniri
2321 1348 2527 1412 volunt,
2562 1349 2628 1402 de
2647 1363 2879 1417 quorum
2913 1350 3151 1418 polentia
3186 1360 3243 1405 et
3276 1350 3667 1420 iniquitatibus

2103 1440 2486 1509 ingemiseunt,
2514 1449 2664 1495 tanto
2696 1442 3061 1497 necessarium
3090 1451 3181 1497 est
3217 1442 3419 1497 dill‘erri
3451 1457 3666 1511 pinnas,

2099 1545 2219 1600 quae
2244 1532 2288 1586 si
2324 1547 2428 1586 non
2456 1531 2829 1600 differrentur,
2852 1532 3179 1601 temporales
3200 1536 3469 1604 ntiqueet
3488 1535 3666 1591 levio-

2100 1636 2187 1677 res
2210 1632 2413 1688 essent,
2442 1626 2565 1692 quia
2598 1623 2759 1677 linem
2786 1639 2917 1678 eum
2942 1634 3118 1679 morte
3140 1627 3491 1695 reciperent;
3522 1643 3665 1681 nunc

2091 1725 2226 1765 vero
2282 1711 2406 1781 quia
2456 1712 2780 1767 diﬂ'eruntttt‘
2807 1753 2822 1777 ,
2856 1725 3079 1768 certina
3139 1725 3222 1770 est
3258 1718 3413 1787 quod
3440 1728 3669 1775 {818111113

2094 1811 2255 1855 erunt
2284 1815 2339 1859 et
2360 1818 2485 1857 cum
2509 1803 3135 1861 szeculisexteudentur.
3153 1807 3398 1871 [Ecuntna
3421 1807 3593 1879 igitur
3618 1812 3668 1863 si

2095 1892 2261 1946 velint
2299 1894 2465 1962 justis
2525 1904 2581 1950 et
2634 1896 3017 1959 innocentibus
3048 1898 3113 1952 «in
3158 1902 3415 1967 peaesenti
3460 1903 3669 1959 saeculo

2095 1985 2232 2039 bona
2260 1986 2431 2050 reddi,
2469 1996 2653 2044 essent
2684 1987 2853 2042 etiam
2886 1990 2999 2056 ipsa
3038 1991 3184 2055 .bqna
3232 1995 3561 2062 temporalia
3614 2006 3669 2051 ct

2090 2075 2257 2130 celeri
2288 2077 2522 2132 termino
2546 2077 3200 2145 concludeudauQuanto
3260 2089 3440 2141 autem
3492 2085 3669 2151 magis

2095 2165 2423 2222 dill‘eruntur
2457 2169 2508 2222 in
2535 2167 2799 2235 futurum,
2833 2179 2981 2224 tanto
3010 2171 3183 2239 magis
3208 2183 3363 2231 et:qu
3391 2185 3665 2244 .perpetua

2095 2268 2151 2313 et
2174 2259 2423 2315 nescient
2454 2258 2641 2314 ﬁnem.
2668 2259 2781 2314 Hoc
2809 2270 2893 2317 est
2913 2274 3080 2330 .exgo,
3106 2264 3254 2331 quod
3285 2281 3399 2321 nos
3418 2267 3667 2336 Scriptu-

2094 2370 2169 2409 ra:
2202 2353 2364 2422 hujus
2396 2355 2545 2417 locus
2602 2356 2793 2425 paucis
2835 2359 3191 2427 serntouibus.
3241 2355 3669 2430 comprehensus

2091 2440 2330 2505 edocuit,
2375 2450 2433 2496 ut
2461 2442 2701 2497 sciamus
2736 2444 2908 2498 multo
2946 2460 3082 2500 esse
3132 2449 3354 2516 gravius
3408 2452 3665 2519 accipere

2093 2542 2396 2603 peccatum,
2432 2535 2736 2601 el-habere,
2769 2548 2837 2589 ac
2859 2550 3043 2591 secum
3075 2540 3141 2592 ad
3186 2540 3393 2595 inferna
3426 2544 3663 2610 deferre,

2093 2638 2254 2693 quam
2286 2625 2338 2677 in
2378 2626 2630 2693 praesenti
2660 2640 2876 2695 pinnam
2913 2628 3043 2684 dare
3071 2632 3371 2686 commissi.
3420 2635 3486 2688 Et
3542 2637 3661 2692 ideo

2094 2717 2210 2770 haec
2229 2717 2414 2771 sciens
2429 2718 2699 2786 expedire
2750 2718 2999 2775 ﬁdelibus
3030 2722 3317 2789 apostolus
3344 2724 3551 2787 Paulus
3579 2730 3659 2782 di-

2093 2806 2257 2861 citde
2286 2822 2356 2861 eo
2378 2806 2470 2876 qni
2498 2816 2823 2875 peccaverat
2852 2823 2865 2861 :
2896 2827 2917 2861 ι
2950 2808 3121 2875 Quem
3154 2814 3372 2881 inludi,
3406 2817 3663 2886 inquit“.

2099 2890 2316 2946 Satanas
2381 2894 2432 2946 in
2486 2894 2774 2951 interitum
2848 2900 3058 2963 carnis,
3117 2919 3139 2953 ι
3176 2901 3291 2963 hoc
3336 2915 3430 2968 est
3489 2921 3665 2971 ﬂlQl‘lc

2096 2982 2378 3038 multasse.
2450 2983 2551 3050 Qui
2597 2993 2778 3046 autem
2828 2986 2911 3045 sit
2961 2986 3186 3059 ,fruetqs
3234 2995 3431 3051 mortis
3467 2998 3662 3067 ihnjus,

413 3101 608 3159 ludam
631 3105 963 3174 patriarchas
982 3107 1266 3178 loquentes
1287 3108 1355 3162 ad
1390 3117 1597 3178 patrem
1622 3125 1776 3163 suum
1797 3111 2059 3180 Jacob,£
2094 3078 2418 3180 ⁰³ιθ¹1άί¹,ί“
2449 3083 2828 3180 fe‘lfemfbf's'
2855 3081 3042 3180 dice"?
3070 3099 3083 3135 ³
3109 3103 3130 3136 ⁸
3170 3085 3236 3180 ψ
3289 3091 3513 3158 spi'ims
3548 3094 3661 3153 ³³1³

413 3215 539 3254 cum
562 3202 762 3256 vellent
781 3219 1059 3259 assumere
1078 3221 1260 3261 secum
1284 3206 1585 3275 Benjamin.
1610 3217 1665 3262 et
1699 3209 1898 3264 ducere
1920 3212 1987 3266 ad

402 3292 573 3364 .26].
632 3293 957 3365 Egyptum,
1008 3307 1230 3367 propter
1266 3300 1613 3368 sponsionem
1653 3317 1814 3370 quant
1862 3318 1986 3357 cum

424 3380 624 3449 Joscph
650 3383 818 3438 fratre
852 3386 1184 3456 pepigerant.
1218 3387 1291 3442 lbi
1328 3404 1459 3460 ergo
1516 3390 1704 3447 Ruben
1739 3394 1810 3447 ita
1858 3395 1991 3450 dicit

426 3472 492 3522 ad
522 3480 727 3539 patrem
757 3473 801 3505 ’δ’
842 3496 853 3528 :
884 3493 903 3525 ι
940 3475 1143 3529 Ambos
1176 3476 1315 3534 filios
1354 3494 1502 3534 meos
1529 3483 1734 3545 occide,
1769 3484 1990 3543 nisire-

425 3562 629 3618 duxero
663 3564 729 3619 ad
762 3573 813 3619 te
848 3566 1148 3633 Benjamin.
1189 3587 1209 3621 ι
1242 3567 1408 3626 Judas
1433 3586 1563 3625 vero
1590 3574 1665 3626 ait
1694 3575 1741 3607 ⁸ο
1773 3592 1787 3628 :
1826 3576 1990 3631 «Pec-

423 3662 577 3706 cator
598 3669 693 3709 ero
724 3655 777 3709 in
814 3665 866 3711 te
923 3657 1025 3712 nisi
1077 3661 1347 3714 reduxere
1400 3678 1523 3715 eum
1580 3663 1695 3718 tibi.
1744 3684 1763 3718 ι
1823 3666 1990 3724 Jacob

422 3760 552 3815 ergo
578 3756 736 3816 pater
762 3748 1003 3818 ipsorum
1035 3751 1214 3806 sciens
1250 3753 1417 3808 multo
1454 3769 1575 3810 esse
1602 3758 1819 3825 gravius
1845 3760 1988 3828 quod

423 3837 747 3904 promiserat
780 3840 968 3909 .ludas,
1001 3844 1091 3913 qui
1146 3844 1379 3907 dixerat,
1424 3863 1443 3897 σ
1477 3844 1740 3902 Peccator
1786 3865 1881 3903 ero
1933 3851 1989 3905 in

422 3938 496 3992 te,
534 3949 554 3983 ι
594 3932 662 3984 ab
687 3948 752 3987 eo
772 3935 863 4002 qui
889 3934 1119 4000 dixerat,
1159 3953 1178 3987 ι
1218 3936 1415 3993 Occide
1444 3939 1579 3995 filios
1611 3957 1785 4010 meos,
1819 3962 1838 3996 ι
1881 3944 1990 3998 Ru-

423 4020 526 4075 ben
556 4022 771 4090 quidem
804 4039 911 4078 non
940 4026 1173 4080 credidit
1205 4028 1374 4083 filium
1407 4011 1660 4099 tanquam
1692 4034 1781 4101 qui
1824 4033 1990 4089 levio-

420 4131 534 4168 rem
565 4115 786 4183 elegerit
812 4117 1212 4187 poenamJudze
1248 4137 1375 4176 vero
1398 4124 1637 4193 tradidit,
1672 4125 1849 4180 sriens
1873 4142 1991 4196 gra-

417 4208 542 4262 vius
570 4225 691 4265 esse
728 4212 868 4279 quod
895 4211 1154 4281 elegerat.
1212 4214 1327 4275 lloc
1388 4230 1518 4286 ergo
1573 4217 1736 4273 modo
1784 4234 1989 4274 conve-

417 4297 638 4351 nienter
664 4301 871 4367 aptavit
906 4301 1182 4370 Scriptura
1235 4302 1415 4359 divina
1460 4305 1509 4359 ei
1562 4307 1653 4374 qui
1711 4308 1990 4362 maledixit

417 4387 613 4452 Deum,
652 4397 709 4442 ut
734 4398 1029 4463 peccatum
1062 4402 1239 4446 sumat
1267 4411 1281 4457 ;
1318 4393 1368 4448 ei
1399 4408 1529 4448 vero
1566 4396 1656 4464 qui
1692 4395 1861 4451 levius
1891 4398 1987 4451 de-

414 4479 600 4546 liquit,
792 4491 967 4536 morte
1002 4456 1288 4538 moriatur.
1314 4485 1404 4540 Vis
1439 4496 1617 4540 autem
1646 4490 1783 4543 etde
1814 4488 1986 4543 Evan-
2016 4456 2062 4514 ο

412 4569 578 4639 geliis
605 4585 829 4626 noscere
858 4574 1004 4642 quod
1034 4574 1125 4643 qui
1158 4577 1425 4645 receperit
1471 4577 1521 4631 in
1575 4578 1680 4632 hac
1702 4579 1811 4633 vita
1842 4581 1981 4634 mala

409 4675 540 4724 sua,
570 4660 641 4715 ibi
663 4661 773 4729 jam
808 4679 910 4716 non
944 4666 1201 4735 recipiat;
1227 4668 1321 4737 qui
1352 4678 1532 4723 autem
1572 4669 1660 4724 hic
1693 4687 1797 4726 non
1831 4686 1984 4729 rece-

409 4752 580 4819 perit,
616 4754 683 4805 ibi
719 4766 1011 4809 serventur
1048 4756 1097 4811 ei
1127 4758 1368 4811 .omuia?
1427 4757 1597 4813 Docet
1650 4775 1747 4815 nos
1798 4776 1988 4816 exem-

410 4844 566 4912 plum
594 4843 784 4899 Lazari
816 4849 1090 4918 pauperis,
1114 4860 1168 4903 et
1198 4849 1341 4904 illius
1367 4851 1572 4916 divitis,
1603 4852 1669 4906 ad
1703 4868 1862 4921 quem
1903 4854 1988 4907 di-

411 4936 561 4991 citur
594 4936 649 4990 in
681 4937 907 4995 infernis
929 4955 957 4992 a
989 4941 1301 5010 patriarcha
1333 4941 1608 4997 Abraham
1643 4945 1685 4977 “
1720 4962 1733 4998 :
1795 4964 1813 4996 ι
1873 4944 1982 5005 Me-

413 5025 751 5090 mento,rtili,
780 5029 1035 5095 quoniam
1079 5039 1133 5083 tu
1152 5032 1413 5099 recepisti
1446 5033 1583 5088 bona
1616 5034 1667 5087 in
1724 5035 1829 5089 vita
1872 5046 1983 5101 tua,

411 5124 467 5167 et
500 5112 742 5170 Lazarus
770 5117 1019 5172 similiter
1042 5119 1207 5172 mala.
1240 5120 1395 5176 Nunc
1440 5132 1619 5176 autem
1660 5132 1712 5176 tu
1763 5125 1981 5193 quidem

412 5204 698 5271 cruciaris,
729 5205 818 5265 hic
842 5220 970 5261 vero
1010 5208 1320 5276 requiescit.
1370 5227 1389 5260 ι
1446 5210 1508 5263 Ει
1537 5211 1713 5265 solent
1740 5212 1986 5266 homines

412 5294 725 5363 ignorantes
756 5296 1124 5363 judiciaDei,
1161 5312 1279 5365 qua:
1331 5308 1459 5355 sunt
1509 5300 1741 5370 abyssus
1790 5303 1983 5367 multa,

410 5387 992 5454 cetupieri’adversum
1018 5388 1223 5458 Deum,
1250 5399 1305 5443 et
1325 5389 1512 5445 dicere
1548 5409 1560 5443 :
1592 5390 1702 5445 Cur
1724 5394 1983 5450 homines

413 5474 607 5545 iniqui,
634 5488 691 5537 et
714 5476 895 5547 iniusti
931 5489 1193 5549 raptores,
1245 5482 1419 5551 impii,
1460 5483 1701 5547 scelesti,
1761 5485 1812 5540 in
1881 5489 1984 5544 hac

485 5613 531 5645 “‘
552 5615 779 5684 Nalnnn,
804 5634 842 5685 ι,
867 5619 917 5687 8,
944 5621 997 5674 9.
1093 5620 1136 5652 δ’
1167 5621 1301 5676 Gen.
1336 5638 1467 5689 XLII,
1497 5623 1586 5680 '57.

1678 5626 1723 5657 ⁵ο
1751 5625 1885 5681 Gen.
1912 5642 2079 5696 xuii,
2102 5629 2155 5683 9.

2093 3186 2191 3225 vus
2223 3171 2316 3225 ﬁat
2344 3171 2394 3223 in
2428 3171 2513 3223 die
2542 3171 2761 3229 Domini
2802 3173 2978 3233 nostui
3004 3172 3398 3237 Jesu'CLhristi.
3438 3201 3457 3233 ι
3505 3182 3663 3240 Vides

2090 3262 2519 3332 ergo.quomodo
2551 3272 2736 3331 aperte
2784 3264 3076 3333 Apostolus
3128 3271 3414 3330 utilitatum
3460 3280 3665 3335 multis

2091 3351 2250 3420 huius
2279 3352 2548 3421 ειμοειιίι.
2583 3349 2735 3418 Quod
2772 3354 2915 3411 enim
2944 3356 3097 3418 dicit,
3133 3355 3352 3423 'lfradidi
3388 3363 3437 3417 in
3473 3365 3663 3421 interi»

2094 3451 2206 3497 tum
2236 3442 2441 3507 carnis,
2470 3440 2575 3497 hoc
2603 3450 2709 3505 est,
2748 3443 2801 3501 in
2836 3441 3183 3510 aﬂlietioueut
3214 3453 3489 3520 corporis.
3542 3470 3664 3524 Ilua:

2090 3532 2227 3587 solet
2246 3547 2276 3586 a
2312 3530 2696 3601 paenitentibus
2721 3533 2976 3600 expendi,
3002 3548 3235 3604 euuulue
3280 3541 3466 3601 carnis
3485 3542 3656 3600 ίηιειι-

2086 3623 2222 3679 itum
2296 3624 2618 3688 nominavit,
2649 3624 2738 3692 qui
2773 3633 2949 3683 tamen
2983 3627 3165 3685 carnis
3180 3628 3464 3696 interitus,
3497 3633 3660 3688 vitam

2076 3714 2301 3785 spiritui
2326 3716 2591 3773 conferat.
2614 3715 3019 3777 :Undeetnunc
3038 3719 3092 3779 ,si
3110 3720 3233 3789 quis
3257 3720 3397 3779 forte
3414 3736 3660 3781 nostrum

2092 3808 2408 3862 recordatur
2453 3808 2506 3862 in
2552 3810 2846 3877 semetipso
2876 3809 3107 3879 alicujus
3136 3814 3352 3881 peccati
3384 3819 3666 3877 conscia"-

2092 3898 2243 3962 tiam,
2270 3898 2315 3952 si
2350 3898 2477 3967 quis
2502 3913 2563 3954 se
2586 3900 2883 3961 obnoxium
2916 3902 3065 3956 novit
3094 3917 3218 3965 esse
3248 3905 3443 3965 delicto
3468 3947 3485 3973 ,
3530 3925 3661 3964 con-

2091 3990 2262 4059 fugiat
2286 3992 2365 4047 .ad
2422 3992 2801 4061 paenitentiam
2831 4031 2848 4058 ,
2897 4002 2952 4049 et
2989 4007 3348 4064 spontaneum
3402 4002 3664 4071 suscipiat

2089 4084 2597 4149 caruisiuteritum.
2647 4093 2706 4145 ut
2756 4095 3092 4157 expurgatus
3134 4090 3187 4145 in
3235 4096 3494 4159 praesenti
3548 4097 3659 4149 vita

2090 4176 2316 4243 spiritus
2354 4186 2559 4240 noster,
2597 4179 2831 4232 mundus
2882 4188 2939 4232 et
2968 4194 3134 4247 purus
3166 4195 3349 4251 pergat
3387 4187 3453 4239 ad
3502 4186 3662 4242 Chri-

2088 4276 2231 4321 stum
2262 4268 2547 4321 Dominum
2579 4278 2846 4333 nostrum,
2880 4271 2966 4324 cui
2991 4274 3269 4347 estgloria
3296 4287 3351 4331 et
3371 4280 3656 4347 imperium

2090 4358 2142 4412 in
2173 4360 2367 4413 smcula
2391 4359 2731 4414 saeculorum.
2761 4362 2952 4415 Amen.
3086 4346 3089 4349 I

2655 4537 2930 4597 llOMlLlA
2973 4539 3082 4597 XV.

2159 4669 2233 4723 De
2276 4671 2663 4727 venditionibus
2708 4673 2981 4735 domorum
3018 4687 3074 4737 et
3117 4680 3583 4750 redemptionibus.

2148 4763 2212 4816 tl.
2245 4763 2378 4819 Tres
2405 4766 2649 4820 diversas
2687 4766 2833 4835 leges
2882 4770 2950 4822 de
2999 4771 3285 4827 domorum
3331 4777 3662 4833 venditioni-

2088 4854 2189 4908 bus
2208 4863 2264 4909 et
2298 4856 2757 4926 redemptionibus
2783 4874 2877 4927 per
2900 4860 3117 4932 Moysen
3152 4865 3200 4916 in
3230 4863 3474 4921 chitico
3502 4869 3666 4924 datas

2093 4944 2364 5010 videmus,
2400 4961 2628 5014 quarum
2686 4948 3078 5003 continentiam
3134 4954 3308 5020 primo
3361 4961 3663 5013 secundum

2090 5037 2372 5095 historiam
2396 5049 2824 5106 pertractemus,
2857 5049 2916 5097 ut
2934 5052 3069 5107 post
3095 5043 3195 5101 hoc
3218 5044 3379 5100 etiam
3404 5048 3470 5101 ad
3493 5050 3665 5118 spiri-

2092 5127 2255 5179 talem
2285 5144 2503 5183 sensum
2534 5131 2807 5199 possimus
2847 5133 3162 5188 ascendere.
3198 5135 3489 5194 Domorutn
3511 5156 3663 5211 qua--

2092 5218 2211 5271 dam
2248 5229 2372 5273 sunt
2408 5221 2461 5273 in
2520 5221 2745 5275 urbibus
2781 5222 3040 5286 muralis,
3088 5227 3333 5292 quaedam
3390 5230 3443 5283 iu
3498 5234 3658 5296 vicis,

2091 5308 2173 5362 vel
2201 5309 2347 5376 agris
2370 5324 2481 5365 non
2511 5310 2839 5365 habentibus
2868 5326 3075 5366 muros.
3102 5315 3192 5369 Ait
3211 5330 3364 5386 ergo,
3407 5330 3467 5375 ut
3512 5323 3556 5377 si
3604 5323 3656 5376 in

2089 5398 2307 5452 civitate
2338 5409 2550 5453 murata
2591 5400 2893 5455 vendiderit
2913 5405 3035 5471 quis
3060 5406 3300 5475 domum,
3327 5424 3424 5479 per
3451 5426 3653 5468 annum

2092 5489 2364 5559 integrum
2395 5490 2592 5545 habeat
2643 5491 2856 5561 copiam
2901 5494 3224 5564 redimendi,
3281 5514 3400 5572 post
3453 5520 3657 5559 annum

2247 5630 2290 5662 ⁵⁸
2328 5629 2461 5684 Luc.
2486 5644 2598 5694 xvi,
2623 5625 2714 5685 25.
2791 5632 2836 5663 δ’
2876 5631 3036 5689 lCor.
3064 5649 3117 5699 v,
3142 5635 3194 5689 5.

486 5735 597 5807 (ξι)
628 5736 718 5794 Sic
753 5744 922 5798 codex
958 5742 1480 5812 Sangermauensis;
1514 5745 1633 5802 libri
1668 5762 1795 5803 vero
1823 5748 2004 5815 editi,t
2027 5750 2372 5820 exigendum.
2414 5752 2551 5818 Quia
2590 5759 2795 5819 autem,
2821 5769 2839 5802 ι
2874 5762 2980 5807 etc.
