  <div class='ocr_page' id='page_1' title='image "/cluster/home/n/w/nwhite01/storage/ocr_20150623/12/hvd.32044052796216/285.png"; bbox 0 0 4086 6218; ppageno 0'>
   <div class='ocr_carea' id='block_1_1' title="bbox 507 276 614 333">
    <p class='ocr_par' dir='ltr' id='par_1_1' title="bbox 507 276 614 333">
     <span class='ocr_line' id='line_1_1' title="bbox 507 276 614 333; baseline 0.009 -1"><span class='ocrx_word' id='word_1_1' title='bbox 507 276 614 333; x_wconf 78' lang='lat'><strong>559</strong></span> 
     </span>
    </p>
   </div>
   <div class='ocr_carea' id='block_1_2' title="bbox 1949 258 2264 338">
    <p class='ocr_par' dir='ltr' id='par_1_2' title="bbox 1949 258 2264 338">
     <span class='ocr_line' id='line_1_2' title="bbox 1949 258 2264 338; baseline -0.003 0"><span class='ocrx_word' id='word_1_2' title='bbox 1949 258 2264 338; x_wconf 81' lang='lat' dir='ltr'><strong>ORIGENIS</strong></span> 
     </span>
    </p>
   </div>
   <div class='ocr_carea' id='block_1_3' title="bbox 3641 289 3750 343">
    <p class='ocr_par' dir='ltr' id='par_1_3' title="bbox 3641 289 3750 343">
     <span class='ocr_line' id='line_1_3' title="bbox 3641 289 3750 343; baseline 0.018 -2"><span class='ocrx_word' id='word_1_3' title='bbox 3641 289 3750 343; x_wconf 79' lang='grc'><strong>560</strong></span> 
     </span>
    </p>
   </div>
   <div class='ocr_carea' id='block_1_4' title="bbox 507 395 3754 471">
    <p class='ocr_par' dir='ltr' id='par_1_4' title="bbox 507 395 3754 471">
     <span class='ocr_line' id='line_1_4' title="bbox 507 395 3754 471; baseline 0.002 -21"><span class='ocrx_word' id='word_1_4' title='bbox 507 412 640 452; x_wconf 84' lang='lat' dir='ltr'><strong>vero</strong></span> <span class='ocrx_word' id='word_1_5' title='bbox 680 403 924 467; x_wconf 89' lang='lat' dir='ltr'><strong>potestas</strong></span> <span class='ocrx_word' id='word_1_6' title='bbox 956 395 1307 465; x_wconf 80' lang='lat' dir='ltr'><strong>recuperandi</strong></span> <span class='ocrx_word' id='word_1_7' title='bbox 1343 395 1487 450; x_wconf 91' lang='lat' dir='ltr'><strong>nulla</strong></span> <span class='ocrx_word' id='word_1_8' title='bbox 1521 399 1855 453; x_wconf 74' lang='lat' dir='ltr'><strong>conceditur.</strong></span> <span class='ocrx_word' id='word_1_9' title='bbox 1904 417 1921 450; x_wconf 80' lang='grc' dir='ltr'><strong>ι</strong></span> <span class='ocrx_word' id='word_1_10' title='bbox 1958 400 2074 453; x_wconf 88' lang='lat' dir='ltr'><strong>Erit</strong></span> <span class='ocrx_word' id='word_1_11' title='bbox 2102 403 2147 459; x_wconf 82' lang='grc' dir='ltr'><strong>Α</strong></span> <span class='ocrx_word' id='word_1_12' title='bbox 2176 402 2435 469; x_wconf 90' lang='lat' dir='ltr'><strong>scriptum</strong></span> <span class='ocrx_word' id='word_1_13' title='bbox 2471 407 2553 454; x_wconf 89' lang='lat' dir='ltr'><strong>est</strong></span> <span class='ocrx_word' id='word_1_14' title='bbox 2581 400 2707 469; x_wconf 83' lang='lat' dir='ltr'><strong>quia</strong></span> <span class='ocrx_word' id='word_1_15' title='bbox 2732 398 3079 456; x_wconf 79' lang='lat' dir='ltr'><strong>aediﬁcaverit</strong></span> <span class='ocrx_word' id='word_1_16' title='bbox 3111 400 3212 457; x_wconf 85' lang='lat' dir='ltr'><strong>sibi</strong></span> <span class='ocrx_word' id='word_1_17' title='bbox 3246 402 3486 468; x_wconf 86' lang='lat' dir='ltr'><strong>domum,</strong></span> <span class='ocrx_word' id='word_1_18' title='bbox 3518 405 3605 471; x_wconf 85' lang='lat' dir='ltr'><strong>qui</strong></span> <span class='ocrx_word' id='word_1_19' title='bbox 3641 423 3754 458; x_wconf 79' lang='lat' dir='ltr'><strong>non</strong></span> 
     </span>
    </p>
   </div>
   <div class='ocr_carea' id='block_1_5' title="bbox 505 487 2073 560">
    <p class='ocr_par' dir='ltr' id='par_1_5' title="bbox 505 487 2073 560">
     <span class='ocr_line' id='line_1_5' title="bbox 505 487 2073 560; baseline 0.001 -15"><span class='ocrx_word' id='word_1_20' title='bbox 505 492 677 554; x_wconf 80' lang='lat' dir='ltr'><strong>enim,</strong></span> <span class='ocrx_word' id='word_1_21' title='bbox 708 488 973 559; x_wconf 81' lang='lat' dir='ltr'><strong>inquit&quot;,</strong></span> <span class='ocrx_word' id='word_1_22' title='bbox 1000 490 1189 543; x_wconf 91' lang='lat' dir='ltr'><strong>domus</strong></span> <span class='ocrx_word' id='word_1_23' title='bbox 1216 487 1385 556; x_wconf 89' lang='lat' dir='ltr'><strong>ipsius</strong></span> <span class='ocrx_word' id='word_1_24' title='bbox 1433 490 1694 558; x_wconf 87' lang='lat' dir='ltr'><strong>emptoris</strong></span> <span class='ocrx_word' id='word_1_25' title='bbox 1746 500 1895 544; x_wconf 90' lang='lat' dir='ltr'><strong>certa</strong></span> <span class='ocrx_word' id='word_1_26' title='bbox 1950 506 2073 560; x_wconf 87' lang='lat' dir='ltr'><strong>pos—</strong></span> 
     </span>
    </p>
   </div>
   <div class='ocr_carea' id='block_1_6' title="bbox 513 580 2070 650">
    <p class='ocr_par' dir='ltr' id='par_1_6' title="bbox 513 580 2070 650">
     <span class='ocr_line' id='line_1_6' title="bbox 513 580 2070 650; baseline -0.003 -10"><span class='ocrx_word' id='word_1_27' title='bbox 513 586 703 645; x_wconf 84' lang='lat' dir='ltr'><strong>sessio,</strong></span> <span class='ocrx_word' id='word_1_28' title='bbox 735 582 778 636; x_wconf 90' lang='lat' dir='ltr'><strong>si</strong></span> <span class='ocrx_word' id='word_1_29' title='bbox 806 582 942 635; x_wconf 89' lang='lat' dir='ltr'><strong>intra</strong></span> <span class='ocrx_word' id='word_1_30' title='bbox 967 596 1165 633; x_wconf 89' lang='lat' dir='ltr'><strong>annum</strong></span> <span class='ocrx_word' id='word_1_31' title='bbox 1198 580 1432 635; x_wconf 90' lang='lat' dir='ltr'><strong>liberare</strong></span> <span class='ocrx_word' id='word_1_32' title='bbox 1460 596 1576 635; x_wconf 89' lang='lat' dir='ltr'><strong>eam</strong></span> <span class='ocrx_word' id='word_1_33' title='bbox 1640 596 1745 635; x_wconf 92' lang='lat' dir='ltr'><strong>non</strong></span> <span class='ocrx_word' id='word_1_34' title='bbox 1810 583 2070 650; x_wconf 87' lang='lat' dir='ltr'><strong>potuerit,</strong></span> 
     </span>
    </p>
   </div>
   <div class='ocr_carea' id='block_1_7' title="bbox 508 671 2075 743">
    <p class='ocr_par' dir='ltr' id='par_1_7' title="bbox 508 671 2075 743">
     <span class='ocr_line' id='line_1_7' title="bbox 508 671 2075 743; baseline 0.004 -20"><span class='ocrx_word' id='word_1_35' title='bbox 508 679 600 743; x_wconf 80' lang='lat' dir='ltr'><strong>qni</strong></span> <span class='ocrx_word' id='word_1_36' title='bbox 630 674 906 728; x_wconf 78' lang='lat' dir='ltr'><strong>distraxit.</strong></span> <span class='ocrx_word' id='word_1_37' title='bbox 948 691 969 724; x_wconf 68' lang='grc' dir='ltr'><strong>ι</strong></span> <span class='ocrx_word' id='word_1_38' title='bbox 1006 671 1252 727; x_wconf 89' lang='lat' dir='ltr'><strong>Secumla</strong></span> <span class='ocrx_word' id='word_1_39' title='bbox 1283 671 1362 727; x_wconf 85' lang='lat' dir='ltr'><strong>lex</strong></span> <span class='ocrx_word' id='word_1_40' title='bbox 1391 681 1491 738; x_wconf 89' lang='lat' dir='ltr'><strong>est,</strong></span> <span class='ocrx_word' id='word_1_41' title='bbox 1535 682 1595 727; x_wconf 92' lang='lat' dir='ltr'><strong>ut</strong></span> <span class='ocrx_word' id='word_1_42' title='bbox 1630 674 1674 727; x_wconf 89' lang='lat' dir='ltr'><strong>si</strong></span> <span class='ocrx_word' id='word_1_43' title='bbox 1716 676 1906 728; x_wconf 89' lang='lat' dir='ltr'><strong>domus</strong></span> <span class='ocrx_word' id='word_1_44' title='bbox 1955 690 2075 743; x_wconf 60' lang='lat' dir='ltr'><strong>qua!</strong></span> 
     </span>
    </p>
   </div>
   <div class='ocr_carea' id='block_1_8' title="bbox 506 761 2070 830">
    <p class='ocr_par' dir='ltr' id='par_1_8' title="bbox 506 761 2070 830">
     <span class='ocr_line' id='line_1_8' title="bbox 506 761 2070 830; baseline -0.001 -12"><span class='ocrx_word' id='word_1_45' title='bbox 506 768 764 819; x_wconf 88' lang='lat' dir='ltr'><strong>distracta</strong></span> <span class='ocrx_word' id='word_1_46' title='bbox 792 763 963 826; x_wconf 80' lang='lat' dir='ltr'><strong>est,in</strong></span> <span class='ocrx_word' id='word_1_47' title='bbox 995 762 1115 817; x_wconf 85' lang='lat' dir='ltr'><strong>vico</strong></span> <span class='ocrx_word' id='word_1_48' title='bbox 1152 761 1316 815; x_wconf 89' lang='lat' dir='ltr'><strong>fuerit</strong></span> <span class='ocrx_word' id='word_1_49' title='bbox 1345 763 1437 830; x_wconf 87' lang='lat' dir='ltr'><strong>qui</strong></span> <span class='ocrx_word' id='word_1_50' title='bbox 1480 778 1689 816; x_wconf 91' lang='lat' dir='ltr'><strong>murum</strong></span> <span class='ocrx_word' id='word_1_51' title='bbox 1723 778 1827 818; x_wconf 91' lang='lat' dir='ltr'><strong>non</strong></span> <span class='ocrx_word' id='word_1_52' title='bbox 1886 764 2070 829; x_wconf 83' lang='lat' dir='ltr'><strong>habet,</strong></span> 
     </span>
    </p>
   </div>
   <div class='ocr_carea' id='block_1_9' title="bbox 505 854 2075 924">
    <p class='ocr_par' dir='ltr' id='par_1_9' title="bbox 505 854 2075 924">
     <span class='ocr_line' id='line_1_9' title="bbox 505 854 2075 924; baseline 0 -14"><span class='ocrx_word' id='word_1_53' title='bbox 505 858 591 910; x_wconf 91' lang='lat' dir='ltr'><strong>cui</strong></span> <span class='ocrx_word' id='word_1_54' title='bbox 623 867 801 911; x_wconf 88' lang='lat' dir='ltr'><strong>tamen</strong></span> <span class='ocrx_word' id='word_1_55' title='bbox 845 856 969 910; x_wconf 84' lang='lat' dir='ltr'><strong>vico</strong></span> <span class='ocrx_word' id='word_1_56' title='bbox 1003 870 1137 924; x_wconf 80' lang='lat' dir='ltr'><strong>ager</strong></span> <span class='ocrx_word' id='word_1_57' title='bbox 1190 855 1455 923; x_wconf 89' lang='lat' dir='ltr'><strong>adjaceat,</strong></span> <span class='ocrx_word' id='word_1_58' title='bbox 1498 854 1660 909; x_wconf 87' lang='lat' dir='ltr'><strong>liceat</strong></span> <span class='ocrx_word' id='word_1_59' title='bbox 1710 856 1977 910; x_wconf 91' lang='lat' dir='ltr'><strong>venditori</strong></span> <span class='ocrx_word' id='word_1_60' title='bbox 2020 865 2075 910; x_wconf 90' lang='lat' dir='ltr'><strong>et</strong></span> 
     </span>
    </p>
   </div>
   <div class='ocr_carea' id='block_1_10' title="bbox 505 946 2073 1018">
    <p class='ocr_par' dir='ltr' id='par_1_10' title="bbox 505 946 2073 1018">
     <span class='ocr_line' id='line_1_10' title="bbox 505 946 2073 1018; baseline 0 -15"><span class='ocrx_word' id='word_1_61' title='bbox 505 959 626 1018; x_wconf 90' lang='lat' dir='ltr'><strong>post</strong></span> <span class='ocrx_word' id='word_1_62' title='bbox 657 963 879 1011; x_wconf 88' lang='lat' dir='ltr'><strong>annum,</strong></span> <span class='ocrx_word' id='word_1_63' title='bbox 910 956 964 1001; x_wconf 93' lang='lat' dir='ltr'><strong>et</strong></span> <span class='ocrx_word' id='word_1_64' title='bbox 996 946 1425 1015; x_wconf 88' lang='lat' dir='ltr'><strong>quandocunque</strong></span> <span class='ocrx_word' id='word_1_65' title='bbox 1458 947 1692 1014; x_wconf 89' lang='lat' dir='ltr'><strong>potuerit</strong></span> <span class='ocrx_word' id='word_1_66' title='bbox 1712 987 1726 1011; x_wconf 90' lang='lat'><strong>,</strong></span> <span class='ocrx_word' id='word_1_67' title='bbox 1789 947 2073 1003; x_wconf 86' lang='lat' dir='ltr'><strong>restituere</strong></span> 
     </span>
    </p>
   </div>
   <div class='ocr_carea' id='block_1_11' title="bbox 505 1038 2068 1107">
    <p class='ocr_par' dir='ltr' id='par_1_11' title="bbox 505 1038 2068 1107">
     <span class='ocr_line' id='line_1_11' title="bbox 505 1038 2068 1107; baseline -0.001 -13"><span class='ocrx_word' id='word_1_68' title='bbox 505 1041 762 1107; x_wconf 85' lang='lat' dir='ltr'><strong>pretium,</strong></span> <span class='ocrx_word' id='word_1_69' title='bbox 790 1050 846 1093; x_wconf 89' lang='lat' dir='ltr'><strong>et</strong></span> <span class='ocrx_word' id='word_1_70' title='bbox 869 1052 1193 1106; x_wconf 86' lang='lat' dir='ltr'><strong>recuperare</strong></span> <span class='ocrx_word' id='word_1_71' title='bbox 1227 1052 1390 1105; x_wconf 91' lang='lat' dir='ltr'><strong>quam</strong></span> <span class='ocrx_word' id='word_1_72' title='bbox 1441 1038 1766 1101; x_wconf 76' lang='lat' dir='ltr'><strong>distraxerat</strong></span> <span class='ocrx_word' id='word_1_73' title='bbox 1830 1041 2068 1093; x_wconf 90' lang='lat' dir='ltr'><strong>domum.</strong></span> 
     </span>
    </p>
   </div>
   <div class='ocr_carea' id='block_1_12' title="bbox 500 1129 2070 1196">
    <p class='ocr_par' dir='ltr' id='par_1_12' title="bbox 500 1129 2070 1196">
     <span class='ocr_line' id='line_1_12' title="bbox 500 1129 2070 1196; baseline 0.001 -12"><span class='ocrx_word' id='word_1_74' title='bbox 500 1132 684 1186; x_wconf 88' lang='lat' dir='ltr'><strong>Tertia</strong></span> <span class='ocrx_word' id='word_1_75' title='bbox 714 1131 795 1185; x_wconf 91' lang='lat' dir='ltr'><strong>lex</strong></span> <span class='ocrx_word' id='word_1_76' title='bbox 822 1140 925 1195; x_wconf 89' lang='lat' dir='ltr'><strong>est,</strong></span> <span class='ocrx_word' id='word_1_77' title='bbox 954 1140 1014 1183; x_wconf 89' lang='lat' dir='ltr'><strong>ut</strong></span> <span class='ocrx_word' id='word_1_78' title='bbox 1043 1130 1085 1183; x_wconf 87' lang='lat' dir='ltr'><strong>si</strong></span> <span class='ocrx_word' id='word_1_79' title='bbox 1120 1130 1259 1184; x_wconf 88' lang='lat' dir='ltr'><strong>forte</strong></span> <span class='ocrx_word' id='word_1_80' title='bbox 1286 1129 1477 1183; x_wconf 91' lang='lat' dir='ltr'><strong>domus</strong></span> <span class='ocrx_word' id='word_1_81' title='bbox 1498 1130 1564 1183; x_wconf 88' lang='lat' dir='ltr'><strong>sit</strong></span> <span class='ocrx_word' id='word_1_82' title='bbox 1589 1129 1807 1196; x_wconf 68' lang='lat' dir='ltr'><strong>Levitte,</strong></span> <span class='ocrx_word' id='word_1_83' title='bbox 1842 1131 1925 1184; x_wconf 85' lang='lat' dir='ltr'><strong>vel</strong></span> <span class='ocrx_word' id='word_1_84' title='bbox 1979 1146 2070 1185; x_wconf 89' lang='lat' dir='ltr'><strong>sa-</strong></span> 
     </span>
    </p>
   </div>
   <div class='ocr_carea' id='block_1_13' title="bbox 498 1218 2072 1288">
    <p class='ocr_par' dir='ltr' id='par_1_13' title="bbox 498 1218 2072 1288">
     <span class='ocr_line' id='line_1_13' title="bbox 498 1218 2072 1288; baseline -0.003 -11"><span class='ocrx_word' id='word_1_85' title='bbox 498 1222 759 1285; x_wconf 87' lang='lat' dir='ltr'><strong>cerdotis,</strong></span> <span class='ocrx_word' id='word_1_86' title='bbox 792 1221 1098 1288; x_wconf 83' lang='lat' dir='ltr'><strong>ubicunque</strong></span> <span class='ocrx_word' id='word_1_87' title='bbox 1126 1218 1288 1273; x_wconf 85' lang='lat' dir='ltr'><strong>fuerit</strong></span> <span class='ocrx_word' id='word_1_88' title='bbox 1321 1218 1445 1272; x_wconf 88' lang='lat' dir='ltr'><strong>talis</strong></span> <span class='ocrx_word' id='word_1_89' title='bbox 1478 1219 1688 1284; x_wconf 89' lang='lat' dir='ltr'><strong>domus,</strong></span> <span class='ocrx_word' id='word_1_90' title='bbox 1721 1220 1835 1274; x_wconf 83' lang='lat' dir='ltr'><strong>sive</strong></span> <span class='ocrx_word' id='word_1_91' title='bbox 1863 1221 1913 1274; x_wconf 93' lang='lat' dir='ltr'><strong>in</strong></span> <span class='ocrx_word' id='word_1_92' title='bbox 1940 1221 2072 1275; x_wconf 88' lang='lat' dir='ltr'><strong>civi-</strong></span> 
     </span>
    </p>
   </div>
   <div class='ocr_carea' id='block_1_14' title="bbox 502 1309 2073 1375">
    <p class='ocr_par' dir='ltr' id='par_1_14' title="bbox 502 1309 2073 1375">
     <span class='ocr_line' id='line_1_14' title="bbox 502 1309 2073 1375; baseline -0.001 -9"><span class='ocrx_word' id='word_1_93' title='bbox 502 1324 611 1367; x_wconf 90' lang='lat' dir='ltr'><strong>tate</strong></span> <span class='ocrx_word' id='word_1_94' title='bbox 644 1323 879 1375; x_wconf 90' lang='lat' dir='ltr'><strong>murata,</strong></span> <span class='ocrx_word' id='word_1_95' title='bbox 915 1310 1032 1365; x_wconf 87' lang='lat' dir='ltr'><strong>sive</strong></span> <span class='ocrx_word' id='word_1_96' title='bbox 1064 1311 1115 1364; x_wconf 91' lang='lat' dir='ltr'><strong>in</strong></span> <span class='ocrx_word' id='word_1_97' title='bbox 1142 1310 1261 1365; x_wconf 87' lang='lat' dir='ltr'><strong>vico</strong></span> <span class='ocrx_word' id='word_1_98' title='bbox 1290 1309 1376 1361; x_wconf 93' lang='lat' dir='ltr'><strong>cui</strong></span> <span class='ocrx_word' id='word_1_99' title='bbox 1414 1325 1599 1364; x_wconf 74' lang='lat' dir='ltr'><strong>murus</strong></span> <span class='ocrx_word' id='word_1_100' title='bbox 1626 1327 1729 1364; x_wconf 92' lang='lat' dir='ltr'><strong>non</strong></span> <span class='ocrx_word' id='word_1_101' title='bbox 1763 1321 1866 1374; x_wconf 90' lang='lat' dir='ltr'><strong>est,</strong></span> <span class='ocrx_word' id='word_1_102' title='bbox 1916 1312 2073 1367; x_wconf 88' lang='lat' dir='ltr'><strong>liceat</strong></span> 
     </span>
    </p>
   </div>
   <div class='ocr_carea' id='block_1_15' title="bbox 466 1402 2072 1474">
    <p class='ocr_par' dir='ltr' id='par_1_15' title="bbox 466 1402 2072 1474">
     <span class='ocr_line' id='line_1_15' title="bbox 466 1402 2072 1474; baseline 0 -15"><span class='ocrx_word' id='word_1_103' title='bbox 466 1444 467 1449; x_wconf 60' lang='grc' dir='ltr'><strong>η</strong></span> <span class='ocrx_word' id='word_1_104' title='bbox 498 1420 711 1474; x_wconf 79' lang='lat' dir='ltr'><strong>semper</strong></span> <span class='ocrx_word' id='word_1_105' title='bbox 732 1413 781 1458; x_wconf 91' lang='lat' dir='ltr'><strong>et</strong></span> <span class='ocrx_word' id='word_1_106' title='bbox 817 1403 869 1457; x_wconf 92' lang='lat' dir='ltr'><strong>itt</strong></span> <span class='ocrx_word' id='word_1_107' title='bbox 919 1402 1064 1457; x_wconf 91' lang='lat' dir='ltr'><strong>omni</strong></span> <span class='ocrx_word' id='word_1_108' title='bbox 1095 1411 1354 1470; x_wconf 89' lang='lat' dir='ltr'><strong>tempore,</strong></span> <span class='ocrx_word' id='word_1_109' title='bbox 1405 1414 1461 1454; x_wconf 79' lang='grc' dir='ltr'><strong>ιιι</strong></span> <span class='ocrx_word' id='word_1_110' title='bbox 1492 1406 1920 1473; x_wconf 70' lang='lat' dir='ltr'><strong>quandocumque</strong></span> <span class='ocrx_word' id='word_1_111' title='bbox 1978 1420 2072 1472; x_wconf 90' lang='lat' dir='ltr'><strong>po-</strong></span> 
     </span>
    </p>
   </div>
   <div class='ocr_carea' id='block_1_16' title="bbox 464 1495 2065 1551">
    <p class='ocr_par' dir='ltr' id='par_1_16' title="bbox 464 1495 2065 1551">
     <span class='ocr_line' id='line_1_16' title="bbox 464 1495 2065 1551; baseline 0 -1"><span class='ocrx_word' id='word_1_112' title='bbox 464 1526 467 1529; x_wconf 57' lang='grc' dir='ltr'><strong><em>ν</em></strong></span> <span class='ocrx_word' id='word_1_113' title='bbox 502 1498 665 1551; x_wconf 76' lang='lat' dir='ltr'><strong>tuerit</strong></span> <span class='ocrx_word' id='word_1_114' title='bbox 694 1496 877 1551; x_wconf 84' lang='lat' dir='ltr'><strong>Levita</strong></span> <span class='ocrx_word' id='word_1_115' title='bbox 903 1495 989 1551; x_wconf 92' lang='lat' dir='ltr'><strong>vel</strong></span> <span class='ocrx_word' id='word_1_116' title='bbox 1019 1495 1275 1549; x_wconf 84' lang='lat' dir='ltr'><strong>sacerdos</strong></span> <span class='ocrx_word' id='word_1_117' title='bbox 1304 1496 1536 1549; x_wconf 85' lang='lat' dir='ltr'><strong>redimat</strong></span> <span class='ocrx_word' id='word_1_118' title='bbox 1585 1498 1805 1551; x_wconf 87' lang='lat' dir='ltr'><strong>domum</strong></span> <span class='ocrx_word' id='word_1_119' title='bbox 1870 1514 2022 1551; x_wconf 90' lang='lat' dir='ltr'><strong>suam</strong></span> <span class='ocrx_word' id='word_1_120' title='bbox 2052 1514 2065 1550; x_wconf 93' lang='lat'><strong>:</strong></span> 
     </span>
    </p>
   </div>
   <div class='ocr_carea' id='block_1_17' title="bbox 499 1584 2071 1656">
    <p class='ocr_par' dir='ltr' id='par_1_17' title="bbox 499 1584 2071 1656">
     <span class='ocr_line' id='line_1_17' title="bbox 499 1584 2071 1656; baseline -0.001 -15"><span class='ocrx_word' id='word_1_121' title='bbox 499 1604 604 1644; x_wconf 87' lang='lat' dir='ltr'><strong>nec</strong></span> <span class='ocrx_word' id='word_1_122' title='bbox 624 1603 860 1656; x_wconf 90' lang='lat' dir='ltr'><strong>unquam</strong></span> <span class='ocrx_word' id='word_1_123' title='bbox 902 1586 986 1640; x_wconf 90' lang='lat' dir='ltr'><strong>vel</strong></span> <span class='ocrx_word' id='word_1_124' title='bbox 1032 1585 1431 1640; x_wconf 85' lang='lat' dir='ltr'><strong>sacerdotalem</strong></span> <span class='ocrx_word' id='word_1_125' title='bbox 1475 1584 1558 1639; x_wconf 88' lang='lat' dir='ltr'><strong>vel</strong></span> <span class='ocrx_word' id='word_1_126' title='bbox 1598 1585 1898 1642; x_wconf 87' lang='lat' dir='ltr'><strong>Leviticam</strong></span> <span class='ocrx_word' id='word_1_127' title='bbox 1952 1603 2071 1655; x_wconf 89' lang='lat' dir='ltr'><strong>pos-</strong></span> 
     </span>
    </p>
   </div>
   <div class='ocr_carea' id='block_1_18' title="bbox 458 1677 2068 1747">
    <p class='ocr_par' dir='ltr' id='par_1_18' title="bbox 458 1677 2068 1747">
     <span class='ocr_line' id='line_1_18' title="bbox 458 1677 2068 1747; baseline -0.002 -13"><span class='ocrx_word' id='word_1_128' title='bbox 458 1702 463 1707; x_wconf 82' lang='grc'><strong>·</strong></span> <span class='ocrx_word' id='word_1_129' title='bbox 497 1680 798 1735; x_wconf 89' lang='lat' dir='ltr'><strong>sessionem</strong></span> <span class='ocrx_word' id='word_1_130' title='bbox 818 1678 1134 1733; x_wconf 77' lang='lat' dir='ltr'><strong>conﬁrmari</strong></span> <span class='ocrx_word' id='word_1_131' title='bbox 1165 1678 1219 1732; x_wconf 92' lang='lat' dir='ltr'><strong>in</strong></span> <span class='ocrx_word' id='word_1_132' title='bbox 1247 1677 1412 1731; x_wconf 89' lang='lat' dir='ltr'><strong>alium</strong></span> <span class='ocrx_word' id='word_1_133' title='bbox 1444 1679 1533 1746; x_wconf 91' lang='lat' dir='ltr'><strong>qui</strong></span> <span class='ocrx_word' id='word_1_134' title='bbox 1572 1694 1674 1731; x_wconf 90' lang='lat' dir='ltr'><strong>non</strong></span> <span class='ocrx_word' id='word_1_135' title='bbox 1706 1679 1778 1732; x_wconf 93' lang='lat' dir='ltr'><strong>sit</strong></span> <span class='ocrx_word' id='word_1_136' title='bbox 1826 1679 2068 1747; x_wconf 70' lang='lat' dir='ltr'><strong>ejusdem</strong></span> 
     </span>
    </p>
   </div>
   <div class='ocr_carea' id='block_1_19' title="bbox 460 1769 2066 1838">
    <p class='ocr_par' dir='ltr' id='par_1_19' title="bbox 460 1769 2066 1838">
     <span class='ocr_line' id='line_1_19' title="bbox 460 1769 2066 1838; baseline -0.003 -11"><span class='ocrx_word' id='word_1_137' title='bbox 460 1810 463 1811; x_wconf 50' lang='grc' dir='ltr'><em>ν</em></span> <span class='ocrx_word' id='word_1_138' title='bbox 495 1774 727 1835; x_wconf 87' lang='lat' dir='ltr'><strong>ordinis,</strong></span> <span class='ocrx_word' id='word_1_139' title='bbox 753 1772 933 1826; x_wconf 89' lang='lat' dir='ltr'><strong>divina</strong></span> <span class='ocrx_word' id='word_1_140' title='bbox 952 1769 1073 1838; x_wconf 84' lang='lat' dir='ltr'><strong>jura</strong></span> <span class='ocrx_word' id='word_1_141' title='bbox 1096 1769 1436 1838; x_wconf 88' lang='lat' dir='ltr'><strong>permittunt.</strong></span> <span class='ocrx_word' id='word_1_142' title='bbox 1464 1770 1580 1824; x_wconf 63' lang='lat' dir='ltr'><strong>Ista:</strong></span> <span class='ocrx_word' id='word_1_143' title='bbox 1602 1778 1726 1823; x_wconf 88' lang='lat' dir='ltr'><strong>sunt</strong></span> <span class='ocrx_word' id='word_1_144' title='bbox 1745 1784 1874 1836; x_wconf 86' lang='lat' dir='ltr'><strong>ergo</strong></span> <span class='ocrx_word' id='word_1_145' title='bbox 1899 1769 2066 1837; x_wconf 81' lang='lat' dir='ltr'><strong>leges,</strong></span> 
     </span>
    </p>
   </div>
   <div class='ocr_carea' id='block_1_20' title="bbox 496 1858 2064 1933">
    <p class='ocr_par' dir='ltr' id='par_1_20' title="bbox 496 1858 2064 1933">
     <span class='ocr_line' id='line_1_20' title="bbox 496 1858 2064 1933; baseline -0.003 -16"><span class='ocrx_word' id='word_1_146' title='bbox 496 1865 694 1933; x_wconf 87' lang='lat' dir='ltr'><strong>quibus</strong></span> <span class='ocrx_word' id='word_1_147' title='bbox 723 1864 977 1919; x_wconf 86' lang='lat' dir='ltr'><strong>utebatur</strong></span> <span class='ocrx_word' id='word_1_148' title='bbox 1006 1860 1235 1930; x_wconf 88' lang='lat' dir='ltr'><strong>populus</strong></span> <span class='ocrx_word' id='word_1_149' title='bbox 1260 1858 1347 1914; x_wconf 90' lang='lat' dir='ltr'><strong>ille</strong></span> <span class='ocrx_word' id='word_1_150' title='bbox 1379 1860 1545 1928; x_wconf 90' lang='lat' dir='ltr'><strong>prior,</strong></span> <span class='ocrx_word' id='word_1_151' title='bbox 1579 1861 1744 1913; x_wconf 90' lang='lat' dir='ltr'><strong>etiam</strong></span> <span class='ocrx_word' id='word_1_152' title='bbox 1770 1860 2064 1913; x_wconf 88' lang='lat' dir='ltr'><strong>secundum</strong></span> 
     </span>
    </p>
   </div>
   <div class='ocr_carea' id='block_1_21' title="bbox 496 1949 2067 2024">
    <p class='ocr_par' dir='ltr' id='par_1_21' title="bbox 496 1949 2067 2024">
     <span class='ocr_line' id='line_1_21' title="bbox 496 1949 2067 2024; baseline -0.005 -15"><span class='ocrx_word' id='word_1_153' title='bbox 496 1957 599 2010; x_wconf 90' lang='lat' dir='ltr'><strong>hoc</strong></span> <span class='ocrx_word' id='word_1_154' title='bbox 628 1957 801 2024; x_wconf 90' lang='lat' dir='ltr'><strong>ipsum</strong></span> <span class='ocrx_word' id='word_1_155' title='bbox 826 1953 967 2022; x_wconf 90' lang='lat' dir='ltr'><strong>quod</strong></span> <span class='ocrx_word' id='word_1_156' title='bbox 999 1967 1095 2021; x_wconf 92' lang='lat' dir='ltr'><strong>per</strong></span> <span class='ocrx_word' id='word_1_157' title='bbox 1125 1950 1409 2005; x_wconf 88' lang='lat' dir='ltr'><strong>historiam</strong></span> <span class='ocrx_word' id='word_1_158' title='bbox 1446 1950 1779 2018; x_wconf 79' lang='lat' dir='ltr'><strong>designatur,</strong></span> <span class='ocrx_word' id='word_1_159' title='bbox 1822 1949 2067 2018; x_wconf 81' lang='lat' dir='ltr'><strong>religiose</strong></span> 
     </span>
    </p>
   </div>
   <div class='ocr_carea' id='block_1_22' title="bbox 494 2042 2065 2119">
    <p class='ocr_par' dir='ltr' id='par_1_22' title="bbox 494 2042 2065 2119">
     <span class='ocr_line' id='line_1_22' title="bbox 494 2042 2065 2119; baseline -0.004 -16"><span class='ocrx_word' id='word_1_160' title='bbox 494 2050 630 2103; x_wconf 91' lang='lat' dir='ltr'><strong>satis</strong></span> <span class='ocrx_word' id='word_1_161' title='bbox 656 2058 712 2102; x_wconf 91' lang='lat' dir='ltr'><strong>et</strong></span> <span class='ocrx_word' id='word_1_162' title='bbox 738 2048 829 2119; x_wconf 85' lang='lat' dir='ltr'><strong>pie</strong></span> <span class='ocrx_word' id='word_1_163' title='bbox 871 2044 1306 2102; x_wconf 82' lang='lat' dir='ltr'><strong>sacerdotalibus</strong></span> <span class='ocrx_word' id='word_1_164' title='bbox 1346 2043 1428 2098; x_wconf 85' lang='lat' dir='ltr'><strong>vel</strong></span> <span class='ocrx_word' id='word_1_165' title='bbox 1480 2042 1735 2097; x_wconf 85' lang='lat' dir='ltr'><strong>Leviticis</strong></span> <span class='ocrx_word' id='word_1_166' title='bbox 1781 2043 2065 2098; x_wconf 89' lang='lat' dir='ltr'><strong>ordinibus</strong></span> 
     </span>
    </p>
   </div>
   <div class='ocr_carea' id='block_1_23' title="bbox 491 2143 857 2197">
    <p class='ocr_par' dir='ltr' id='par_1_23' title="bbox 491 2143 857 2197">
     <span class='ocr_line' id='line_1_23' title="bbox 491 2143 857 2197; baseline -0.005 -1"><span class='ocrx_word' id='word_1_167' title='bbox 491 2143 857 2197; x_wconf 81' lang='lat' dir='ltr'><strong>consulentes.</strong></span> 
     </span>
    </p>
   </div>
   <div class='ocr_carea' id='block_1_24' title="bbox 559 2227 2063 2298">
    <p class='ocr_par' dir='ltr' id='par_1_24' title="bbox 559 2227 2063 2298">
     <span class='ocr_line' id='line_1_24' title="bbox 559 2227 2063 2298; baseline -0.006 -9"><span class='ocrx_word' id='word_1_168' title='bbox 559 2237 615 2291; x_wconf 74' lang='lat'><strong>2.</strong></span> <span class='ocrx_word' id='word_1_169' title='bbox 648 2234 754 2288; x_wconf 88' lang='lat' dir='ltr'><strong>Sed</strong></span> <span class='ocrx_word' id='word_1_170' title='bbox 785 2232 947 2286; x_wconf 85' lang='lat' dir='ltr'><strong>citius</strong></span> <span class='ocrx_word' id='word_1_171' title='bbox 983 2232 1096 2285; x_wconf 70' lang='lat' dir='ltr'><strong>ltazc</strong></span> <span class='ocrx_word' id='word_1_172' title='bbox 1128 2229 1430 2284; x_wconf 85' lang='lat' dir='ltr'><strong>referamus</strong></span> <span class='ocrx_word' id='word_1_173' title='bbox 1458 2228 1522 2283; x_wconf 81' lang='lat' dir='ltr'><strong>ad</strong></span> <span class='ocrx_word' id='word_1_174' title='bbox 1570 2244 1689 2295; x_wconf 86' lang='lat' dir='ltr'><strong>nos,</strong></span> <span class='ocrx_word' id='word_1_175' title='bbox 1726 2228 1923 2298; x_wconf 88' lang='lat' dir='ltr'><strong>quibus</strong></span> <span class='ocrx_word' id='word_1_176' title='bbox 1977 2227 2063 2280; x_wconf 87' lang='lat' dir='ltr'><strong>lex</strong></span> 
     </span>
    </p>
   </div>
   <div class='ocr_carea' id='block_1_25' title="bbox 490 2318 2061 2388">
    <p class='ocr_par' dir='ltr' id='par_1_25' title="bbox 490 2318 2061 2388">
     <span class='ocr_line' id='line_1_25' title="bbox 490 2318 2061 2388; baseline -0.005 -9"><span class='ocrx_word' id='word_1_177' title='bbox 490 2325 720 2387; x_wconf 82' lang='lat' dir='ltr'><strong>Christi,</strong></span> <span class='ocrx_word' id='word_1_178' title='bbox 756 2323 801 2376; x_wconf 93' lang='lat' dir='ltr'><strong>si</strong></span> <span class='ocrx_word' id='word_1_179' title='bbox 863 2336 982 2374; x_wconf 89' lang='lat' dir='ltr'><strong>eam</strong></span> <span class='ocrx_word' id='word_1_180' title='bbox 1038 2334 1372 2388; x_wconf 82' lang='lat' dir='ltr'><strong>sequamur,</strong></span> <span class='ocrx_word' id='word_1_181' title='bbox 1423 2333 1522 2373; x_wconf 91' lang='lat' dir='ltr'><strong>nec</strong></span> <span class='ocrx_word' id='word_1_182' title='bbox 1584 2318 1958 2387; x_wconf 84' lang='lat' dir='ltr'><strong>possessiones</strong></span> <span class='ocrx_word' id='word_1_183' title='bbox 2010 2320 2061 2371; x_wconf 90' lang='lat' dir='ltr'><strong>in</strong></span> 
     </span>
    </p>
   </div>
   <div class='ocr_carea' id='block_1_26' title="bbox 496 2409 2066 2479">
    <p class='ocr_par' dir='ltr' id='par_1_26' title="bbox 496 2409 2066 2479">
     <span class='ocr_line' id='line_1_26' title="bbox 496 2409 2066 2479; baseline -0.005 -10"><span class='ocrx_word' id='word_1_184' title='bbox 496 2429 660 2479; x_wconf 89' lang='lat' dir='ltr'><strong>terra,</strong></span> <span class='ocrx_word' id='word_1_185' title='bbox 699 2429 797 2467; x_wconf 89' lang='lat' dir='ltr'><strong>nec</strong></span> <span class='ocrx_word' id='word_1_186' title='bbox 856 2414 909 2465; x_wconf 88' lang='lat' dir='ltr'><strong>in</strong></span> <span class='ocrx_word' id='word_1_187' title='bbox 950 2409 1175 2463; x_wconf 87' lang='lat' dir='ltr'><strong>urbibus</strong></span> <span class='ocrx_word' id='word_1_188' title='bbox 1207 2410 1395 2463; x_wconf 90' lang='lat' dir='ltr'><strong>domos</strong></span> <span class='ocrx_word' id='word_1_189' title='bbox 1428 2409 1628 2463; x_wconf 88' lang='lat' dir='ltr'><strong>habere</strong></span> <span class='ocrx_word' id='word_1_190' title='bbox 1686 2410 1971 2478; x_wconf 87' lang='lat' dir='ltr'><strong>permittit.</strong></span> <span class='ocrx_word' id='word_1_191' title='bbox 2002 2409 2066 2462; x_wconf 87' lang='lat' dir='ltr'><strong>Et</strong></span> 
     </span>
    </p>
   </div>
   <div class='ocr_carea' id='block_1_27' title="bbox 492 2501 2060 2579">
    <p class='ocr_par' dir='ltr' id='par_1_27' title="bbox 492 2501 2060 2579">
     <span class='ocr_line' id='line_1_27' title="bbox 492 2501 2060 2579; baseline -0.003 -22"><span class='ocrx_word' id='word_1_192' title='bbox 492 2508 621 2579; x_wconf 81' lang='lat' dir='ltr'><strong>quid</strong></span> <span class='ocrx_word' id='word_1_193' title='bbox 655 2509 774 2561; x_wconf 89' lang='lat' dir='ltr'><strong>dico</strong></span> <span class='ocrx_word' id='word_1_194' title='bbox 803 2503 1040 2559; x_wconf 89' lang='lat' dir='ltr'><strong>domos?</strong></span> <span class='ocrx_word' id='word_1_195' title='bbox 1072 2502 1183 2556; x_wconf 78' lang='lat' dir='ltr'><strong>Nec</strong></span> <span class='ocrx_word' id='word_1_196' title='bbox 1212 2503 1396 2573; x_wconf 89' lang='lat' dir='ltr'><strong>plures</strong></span> <span class='ocrx_word' id='word_1_197' title='bbox 1439 2503 1670 2567; x_wconf 87' lang='lat' dir='ltr'><strong>tunicas,</strong></span> <span class='ocrx_word' id='word_1_198' title='bbox 1701 2516 1797 2555; x_wconf 89' lang='lat' dir='ltr'><strong>nec</strong></span> <span class='ocrx_word' id='word_1_199' title='bbox 1839 2501 2060 2554; x_wconf 88' lang='lat' dir='ltr'><strong>multam</strong></span> 
     </span>
    </p>
   </div>
   <div class='ocr_carea' id='block_1_28' title="bbox 492 2591 2060 2666">
    <p class='ocr_par' dir='ltr' id='par_1_28' title="bbox 492 2591 2060 2666">
     <span class='ocr_line' id='line_1_28' title="bbox 492 2591 2060 2666; baseline -0.006 -12"><span class='ocrx_word' id='word_1_200' title='bbox 492 2599 748 2655; x_wconf 89' lang='lat' dir='ltr'><strong>concedit</strong></span> <span class='ocrx_word' id='word_1_201' title='bbox 802 2596 1085 2666; x_wconf 84' lang='lat' dir='ltr'><strong>possidere</strong></span> <span class='ocrx_word' id='word_1_202' title='bbox 1117 2595 1400 2663; x_wconf 84' lang='lat' dir='ltr'><strong>pecuniam</strong></span> <span class='ocrx_word' id='word_1_203' title='bbox 1439 2612 1452 2647; x_wconf 89' lang='lat'>:</span> <span class='ocrx_word' id='word_1_204' title='bbox 1510 2611 1528 2645; x_wconf 80' lang='grc' dir='ltr'><strong>ι</strong></span> <span class='ocrx_word' id='word_1_205' title='bbox 1570 2591 1845 2646; x_wconf 90' lang='lat' dir='ltr'><strong>llabentes</strong></span> <span class='ocrx_word' id='word_1_206' title='bbox 1894 2593 2060 2659; x_wconf 89' lang='lat' dir='ltr'><strong>enim,</strong></span> 
     </span>
    </p>
   </div>
   <div class='ocr_carea' id='block_1_29' title="bbox 495 2686 2058 2763">
    <p class='ocr_par' dir='ltr' id='par_1_29' title="bbox 495 2686 2058 2763">
     <span class='ocr_line' id='line_1_29' title="bbox 495 2686 2058 2763; baseline -0.006 -18"><span class='ocrx_word' id='word_1_207' title='bbox 495 2694 669 2763; x_wconf 89' lang='lat' dir='ltr'><strong>inquit</strong></span> <span class='ocrx_word' id='word_1_208' title='bbox 699 2690 767 2752; x_wconf 75' lang='lat'><strong>“,</strong></span> <span class='ocrx_word' id='word_1_209' title='bbox 807 2690 1004 2743; x_wconf 90' lang='lat' dir='ltr'><strong>victum</strong></span> <span class='ocrx_word' id='word_1_210' title='bbox 1029 2697 1083 2742; x_wconf 92' lang='lat' dir='ltr'><strong>et</strong></span> <span class='ocrx_word' id='word_1_211' title='bbox 1113 2687 1387 2751; x_wconf 89' lang='lat' dir='ltr'><strong>vestitum,</strong></span> <span class='ocrx_word' id='word_1_212' title='bbox 1425 2686 1510 2740; x_wconf 91' lang='lat' dir='ltr'><strong>his</strong></span> <span class='ocrx_word' id='word_1_213' title='bbox 1542 2686 1782 2739; x_wconf 90' lang='lat' dir='ltr'><strong>contenti</strong></span> <span class='ocrx_word' id='word_1_214' title='bbox 1819 2687 2006 2740; x_wconf 90' lang='lat' dir='ltr'><strong>simus.</strong></span> <span class='ocrx_word' id='word_1_215' title='bbox 2039 2703 2058 2736; x_wconf 73' lang='grc' dir='ltr'><strong>ι</strong></span> 
     </span>
    </p>
   </div>
   <div class='ocr_carea' id='block_1_30' title="bbox 494 2777 2066 2850">
    <p class='ocr_par' dir='ltr' id='par_1_30' title="bbox 494 2777 2066 2850">
     <span class='ocr_line' id='line_1_30' title="bbox 494 2777 2066 2850; baseline -0.004 -14"><span class='ocrx_word' id='word_1_216' title='bbox 494 2782 779 2849; x_wconf 84' lang='lat' dir='ltr'><strong>Quomodo</strong></span> <span class='ocrx_word' id='word_1_217' title='bbox 803 2795 933 2850; x_wconf 81' lang='lat' dir='ltr'><strong>ergo</strong></span> <span class='ocrx_word' id='word_1_218' title='bbox 970 2794 1069 2833; x_wconf 89' lang='lat' dir='ltr'><strong>nos</strong></span> <span class='ocrx_word' id='word_1_219' title='bbox 1097 2778 1251 2832; x_wconf 88' lang='lat' dir='ltr'><strong>datas</strong></span> <span class='ocrx_word' id='word_1_220' title='bbox 1277 2778 1341 2831; x_wconf 90' lang='lat' dir='ltr'><strong>de</strong></span> <span class='ocrx_word' id='word_1_221' title='bbox 1362 2778 1633 2843; x_wconf 89' lang='lat' dir='ltr'><strong>domibus,</strong></span> <span class='ocrx_word' id='word_1_222' title='bbox 1666 2777 1780 2832; x_wconf 91' lang='lat' dir='ltr'><strong>sive</strong></span> <span class='ocrx_word' id='word_1_223' title='bbox 1813 2778 1952 2831; x_wconf 89' lang='lat' dir='ltr'><strong>intra</strong></span> <span class='ocrx_word' id='word_1_224' title='bbox 1993 2777 2066 2830; x_wconf 84' lang='lat' dir='ltr'><strong>ci-</strong></span> 
     </span>
    </p>
   </div>
   <div class='ocr_carea' id='block_1_31' title="bbox 494 2869 2061 2942">
    <p class='ocr_par' dir='ltr' id='par_1_31' title="bbox 494 2869 2061 2942">
     <span class='ocr_line' id='line_1_31' title="bbox 494 2869 2061 2942; baseline -0.003 -14"><span class='ocrx_word' id='word_1_225' title='bbox 494 2878 713 2931; x_wconf 88' lang='lat' dir='ltr'><strong>vitatem</strong></span> <span class='ocrx_word' id='word_1_226' title='bbox 747 2881 1012 2928; x_wconf 86' lang='lat' dir='ltr'><strong>moratam</strong></span> <span class='ocrx_word' id='word_1_227' title='bbox 1049 2871 1265 2942; x_wconf 86' lang='lat' dir='ltr'><strong>positis,</strong></span> <span class='ocrx_word' id='word_1_228' title='bbox 1300 2872 1413 2923; x_wconf 85' lang='lat' dir='ltr'><strong>sive</strong></span> <span class='ocrx_word' id='word_1_229' title='bbox 1437 2871 1489 2924; x_wconf 93' lang='lat' dir='ltr'><strong>in</strong></span> <span class='ocrx_word' id='word_1_230' title='bbox 1524 2872 1658 2926; x_wconf 90' lang='lat' dir='ltr'><strong>vicis</strong></span> <span class='ocrx_word' id='word_1_231' title='bbox 1698 2870 1896 2939; x_wconf 84' lang='lat' dir='ltr'><strong>quibus</strong></span> <span class='ocrx_word' id='word_1_232' title='bbox 1924 2869 2061 2923; x_wconf 91' lang='lat' dir='ltr'><strong>muri</strong></span> 
     </span>
    </p>
   </div>
   <div class='ocr_carea' id='block_1_32' title="bbox 490 2962 2060 3041">
    <p class='ocr_par' dir='ltr' id='par_1_32' title="bbox 490 2962 2060 3041">
     <span class='ocr_line' id='line_1_32' title="bbox 490 2962 2060 3041; baseline -0.005 -18"><span class='ocrx_word' id='word_1_233' title='bbox 490 2983 601 3025; x_wconf 90' lang='lat' dir='ltr'><strong>non</strong></span> <span class='ocrx_word' id='word_1_234' title='bbox 630 2967 790 3039; x_wconf 73' lang='lat'><strong>262</strong></span> <span class='ocrx_word' id='word_1_235' title='bbox 817 2973 964 3030; x_wconf 91' lang='lat' dir='ltr'><strong>sunt,</strong></span> <span class='ocrx_word' id='word_1_236' title='bbox 996 2963 1409 3018; x_wconf 66' lang='lat' dir='ltr'><strong>observabimu:</strong></span> <span class='ocrx_word' id='word_1_237' title='bbox 1444 2962 1626 3032; x_wconf 81' lang='lat' dir='ltr'><strong>leges?</strong></span> <span class='ocrx_word' id='word_1_238' title='bbox 1683 2963 1985 3041; x_wconf 85' lang='lat' dir='ltr'><strong>invenimus</strong></span> <span class='ocrx_word' id='word_1_239' title='bbox 2011 2963 2060 3015; x_wconf 91' lang='lat' dir='ltr'><strong>in</strong></span> 
     </span>
    </p>
   </div>
   <div class='ocr_carea' id='block_1_33' title="bbox 492 3052 2132 3138">
    <p class='ocr_par' dir='ltr' id='par_1_33' title="bbox 492 3052 2132 3138">
     <span class='ocr_line' id='line_1_33' title="bbox 492 3052 2132 3138; baseline -0.003 -26"><span class='ocrx_word' id='word_1_240' title='bbox 492 3059 616 3112; x_wconf 90' lang='lat' dir='ltr'><strong>aliis</strong></span> <span class='ocrx_word' id='word_1_241' title='bbox 643 3058 939 3127; x_wconf 70' lang='lat' dir='ltr'><strong>Scriptura:</strong></span> <span class='ocrx_word' id='word_1_242' title='bbox 969 3053 1127 3118; x_wconf 92' lang='lat' dir='ltr'><strong>locis,</strong></span> <span class='ocrx_word' id='word_1_243' title='bbox 1173 3052 1314 3122; x_wconf 90' lang='lat' dir='ltr'><strong>quod</strong></span> <span class='ocrx_word' id='word_1_244' title='bbox 1348 3068 1529 3107; x_wconf 83' lang='lat' dir='ltr'><strong>sermo</strong></span> <span class='ocrx_word' id='word_1_245' title='bbox 1587 3054 1801 3106; x_wconf 87' lang='lat' dir='ltr'><strong>divinus</strong></span> <span class='ocrx_word' id='word_1_246' title='bbox 1863 3058 2064 3122; x_wconf 80' lang='lat' dir='ltr'><strong>majore</strong></span> <span class='ocrx_word' id='word_1_247' title='bbox 2090 3081 2132 3138; x_wconf 69' lang='grc' dir='ltr'>ο</span> 
     </span>
    </p>
   </div>
   <div class='ocr_carea' id='block_1_34' title="bbox 491 3146 2061 3221">
    <p class='ocr_par' dir='ltr' id='par_1_34' title="bbox 491 3146 2061 3221">
     <span class='ocr_line' id='line_1_34' title="bbox 491 3146 2061 3221; baseline -0.002 -17"><span class='ocrx_word' id='word_1_248' title='bbox 491 3152 723 3221; x_wconf 80' lang='lat' dir='ltr'><strong>quodam</strong></span> <span class='ocrx_word' id='word_1_249' title='bbox 754 3159 1103 3203; x_wconf 88' lang='lat' dir='ltr'><strong>sacramento</strong></span> <span class='ocrx_word' id='word_1_250' title='bbox 1141 3146 1383 3201; x_wconf 88' lang='lat' dir='ltr'><strong>nominet</strong></span> <span class='ocrx_word' id='word_1_251' title='bbox 1405 3148 1647 3209; x_wconf 89' lang='lat' dir='ltr'><strong>dommn,</strong></span> <span class='ocrx_word' id='word_1_252' title='bbox 1674 3156 1730 3200; x_wconf 93' lang='lat' dir='ltr'><strong>ut</strong></span> <span class='ocrx_word' id='word_1_253' title='bbox 1762 3162 1884 3201; x_wconf 91' lang='lat' dir='ltr'><strong>cum</strong></span> <span class='ocrx_word' id='word_1_254' title='bbox 1930 3148 2061 3201; x_wconf 89' lang='lat' dir='ltr'><strong>dicit</strong></span> 
     </span>
    </p>
   </div>
   <div class='ocr_carea' id='block_1_35' title="bbox 489 3235 2062 3308">
    <p class='ocr_par' dir='ltr' id='par_1_35' title="bbox 489 3235 2062 3308">
     <span class='ocr_line' id='line_1_35' title="bbox 489 3235 2062 3308; baseline -0.003 -13"><span class='ocrx_word' id='word_1_255' title='bbox 489 3244 557 3295; x_wconf 90' lang='lat' dir='ltr'><strong>de</strong></span> <span class='ocrx_word' id='word_1_256' title='bbox 588 3240 779 3303; x_wconf 80' lang='lat' dir='ltr'><strong>Jacob,</strong></span> <span class='ocrx_word' id='word_1_257' title='bbox 808 3249 863 3294; x_wconf 93' lang='lat' dir='ltr'><strong>et</strong></span> <span class='ocrx_word' id='word_1_258' title='bbox 886 3238 1039 3308; x_wconf 90' lang='lat' dir='ltr'><strong>quasi</strong></span> <span class='ocrx_word' id='word_1_259' title='bbox 1089 3253 1187 3305; x_wconf 91' lang='lat' dir='ltr'><strong>pro</strong></span> <span class='ocrx_word' id='word_1_260' title='bbox 1232 3237 1390 3291; x_wconf 86' lang='lat' dir='ltr'><strong>laude</strong></span> <span class='ocrx_word' id='word_1_261' title='bbox 1422 3235 1539 3304; x_wconf 88' lang='lat' dir='ltr'><strong>ejus</strong></span> <span class='ocrx_word' id='word_1_262' title='bbox 1599 3239 1798 3305; x_wconf 88' lang='lat' dir='ltr'><strong>ponit:</strong></span> <span class='ocrx_word' id='word_1_263' title='bbox 1859 3256 1876 3288; x_wconf 78' lang='grc' dir='ltr'><strong>ι</strong></span> <span class='ocrx_word' id='word_1_264' title='bbox 1933 3238 2062 3292; x_wconf 84' lang='lat' dir='ltr'><strong>Erat</strong></span> 
     </span>
    </p>
   </div>
   <div class='ocr_carea' id='block_1_36' title="bbox 489 3329 2063 3401">
    <p class='ocr_par' dir='ltr' id='par_1_36' title="bbox 489 3329 2063 3401">
     <span class='ocr_line' id='line_1_36' title="bbox 489 3329 2063 3401; baseline -0.004 -12"><span class='ocrx_word' id='word_1_265' title='bbox 489 3335 655 3397; x_wconf 87' lang='lat' dir='ltr'><strong>enim,</strong></span> <span class='ocrx_word' id='word_1_266' title='bbox 684 3331 940 3401; x_wconf 81' lang='lat' dir='ltr'><strong>inquit&quot;,</strong></span> <span class='ocrx_word' id='word_1_267' title='bbox 973 3329 1141 3386; x_wconf 80' lang='lat' dir='ltr'><strong>Jacob</strong></span> <span class='ocrx_word' id='word_1_268' title='bbox 1170 3330 1330 3384; x_wconf 89' lang='lat' dir='ltr'><strong>homo</strong></span> <span class='ocrx_word' id='word_1_269' title='bbox 1378 3329 1603 3398; x_wconf 87' lang='lat' dir='ltr'><strong>simplex</strong></span> <span class='ocrx_word' id='word_1_270' title='bbox 1664 3330 1915 3384; x_wconf 87' lang='lat' dir='ltr'><strong>habitans</strong></span> <span class='ocrx_word' id='word_1_271' title='bbox 1965 3331 2063 3383; x_wconf 86' lang='lat' dir='ltr'><strong>do-</strong></span> 
     </span>
    </p>
   </div>
   <div class='ocr_carea' id='block_1_37' title="bbox 492 3421 2062 3481">
    <p class='ocr_par' dir='ltr' id='par_1_37' title="bbox 492 3421 2062 3481">
     <span class='ocr_line' id='line_1_37' title="bbox 492 3421 2062 3481; baseline -0.002 -3"><span class='ocrx_word' id='word_1_272' title='bbox 492 3442 660 3481; x_wconf 84' lang='lat' dir='ltr'><strong>mum.</strong></span> <span class='ocrx_word' id='word_1_273' title='bbox 699 3443 719 3477; x_wconf 78' lang='grc' dir='ltr'><strong>ι</strong></span> <span class='ocrx_word' id='word_1_274' title='bbox 760 3424 828 3478; x_wconf 84' lang='lat' dir='ltr'><strong>Et</strong></span> <span class='ocrx_word' id='word_1_275' title='bbox 854 3424 1048 3479; x_wconf 88' lang='lat' dir='ltr'><strong>iterum</strong></span> <span class='ocrx_word' id='word_1_276' title='bbox 1113 3423 1333 3477; x_wconf 88' lang='lat' dir='ltr'><strong>invenio</strong></span> <span class='ocrx_word' id='word_1_277' title='bbox 1388 3421 1457 3476; x_wconf 88' lang='lat' dir='ltr'><strong>de</strong></span> <span class='ocrx_word' id='word_1_278' title='bbox 1515 3422 1904 3476; x_wconf 86' lang='lat' dir='ltr'><strong>obstetricibus</strong></span> <span class='ocrx_word' id='word_1_279' title='bbox 1956 3421 2062 3476; x_wconf 87' lang='lat' dir='ltr'><strong>lle-</strong></span> 
     </span>
    </p>
   </div>
   <div class='ocr_carea' id='block_1_38' title="bbox 489 3515 2061 3586">
    <p class='ocr_par' dir='ltr' id='par_1_38' title="bbox 489 3515 2061 3586">
     <span class='ocr_line' id='line_1_38' title="bbox 489 3515 2061 3586; baseline -0.001 -14"><span class='ocrx_word' id='word_1_280' title='bbox 489 3522 757 3574; x_wconf 77' lang='lat' dir='ltr'><strong>brzrorum</strong></span> <span class='ocrx_word' id='word_1_281' title='bbox 785 3518 1046 3586; x_wconf 88' lang='lat' dir='ltr'><strong>scriptum</strong></span> <span class='ocrx_word' id='word_1_282' title='bbox 1084 3533 1098 3570; x_wconf 87' lang='lat'><strong>:</strong></span> <span class='ocrx_word' id='word_1_283' title='bbox 1148 3535 1166 3568; x_wconf 83' lang='grc' dir='ltr'><strong>ι</strong></span> <span class='ocrx_word' id='word_1_284' title='bbox 1213 3517 1275 3570; x_wconf 77' lang='lat' dir='ltr'><strong>Et</strong></span> <span class='ocrx_word' id='word_1_285' title='bbox 1312 3516 1456 3585; x_wconf 89' lang='lat' dir='ltr'><strong>quia,</strong></span> <span class='ocrx_word' id='word_1_286' title='bbox 1492 3515 1755 3584; x_wconf 76' lang='lat' dir='ltr'><strong>inquit“,</strong></span> <span class='ocrx_word' id='word_1_287' title='bbox 1800 3516 2061 3570; x_wconf 89' lang='lat' dir='ltr'><strong>timebant</strong></span> 
     </span>
    </p>
   </div>
   <div class='ocr_carea' id='block_1_39' title="bbox 494 3605 2062 3671">
    <p class='ocr_par' dir='ltr' id='par_1_39' title="bbox 494 3605 2062 3671">
     <span class='ocr_line' id='line_1_39' title="bbox 494 3605 2062 3671; baseline -0.001 -10"><span class='ocrx_word' id='word_1_288' title='bbox 494 3610 661 3663; x_wconf 83' lang='lat' dir='ltr'><strong>Deum</strong></span> <span class='ocrx_word' id='word_1_289' title='bbox 698 3608 1040 3671; x_wconf 81' lang='lat' dir='ltr'><strong>obstetrices,</strong></span> <span class='ocrx_word' id='word_1_290' title='bbox 1079 3605 1325 3660; x_wconf 88' lang='lat' dir='ltr'><strong>fecerunt</strong></span> <span class='ocrx_word' id='word_1_291' title='bbox 1350 3606 1452 3660; x_wconf 88' lang='lat' dir='ltr'><strong>sibi</strong></span> <span class='ocrx_word' id='word_1_292' title='bbox 1497 3608 1709 3659; x_wconf 90' lang='lat' dir='ltr'><strong>domos.</strong></span> <span class='ocrx_word' id='word_1_293' title='bbox 1753 3624 1770 3656; x_wconf 73' lang='grc' dir='ltr'><strong>ι</strong></span> <span class='ocrx_word' id='word_1_294' title='bbox 1804 3605 2062 3661; x_wconf 81' lang='lat' dir='ltr'><strong>Videmus</strong></span> 
     </span>
    </p>
   </div>
   <div class='ocr_carea' id='block_1_40' title="bbox 490 3696 2063 3769">
    <p class='ocr_par' dir='ltr' id='par_1_40' title="bbox 490 3696 2063 3769">
     <span class='ocr_line' id='line_1_40' title="bbox 490 3696 2063 3769; baseline -0.002 -16"><span class='ocrx_word' id='word_1_295' title='bbox 490 3716 619 3769; x_wconf 85' lang='lat' dir='ltr'><strong>ergo</strong></span> <span class='ocrx_word' id='word_1_296' title='bbox 650 3701 790 3768; x_wconf 91' lang='lat' dir='ltr'><strong>quod</strong></span> <span class='ocrx_word' id='word_1_297' title='bbox 821 3698 1200 3752; x_wconf 87' lang='lat' dir='ltr'><strong>obstetricibus</strong></span> <span class='ocrx_word' id='word_1_298' title='bbox 1228 3698 1443 3765; x_wconf 90' lang='lat' dir='ltr'><strong>quidem</strong></span> <span class='ocrx_word' id='word_1_299' title='bbox 1476 3696 1846 3751; x_wconf 88' lang='lat' dir='ltr'><strong>faciendarum</strong></span> <span class='ocrx_word' id='word_1_300' title='bbox 1879 3698 2063 3751; x_wconf 89' lang='lat' dir='ltr'><strong>domo-</strong></span> 
     </span>
    </p>
   </div>
   <div class='ocr_carea' id='block_1_41' title="bbox 493 3787 2063 3858">
    <p class='ocr_par' dir='ltr' id='par_1_41' title="bbox 493 3787 2063 3858">
     <span class='ocr_line' id='line_1_41' title="bbox 493 3787 2063 3858; baseline -0.003 -10"><span class='ocrx_word' id='word_1_301' title='bbox 493 3810 610 3848; x_wconf 89' lang='lat' dir='ltr'><strong>rum</strong></span> <span class='ocrx_word' id='word_1_302' title='bbox 657 3806 819 3846; x_wconf 91' lang='lat' dir='ltr'><strong>causa</strong></span> <span class='ocrx_word' id='word_1_303' title='bbox 856 3790 1020 3844; x_wconf 89' lang='lat' dir='ltr'><strong>fuerit</strong></span> <span class='ocrx_word' id='word_1_304' title='bbox 1052 3790 1210 3843; x_wconf 90' lang='lat' dir='ltr'><strong>timor</strong></span> <span class='ocrx_word' id='word_1_305' title='bbox 1241 3790 1367 3853; x_wconf 85' lang='lat' dir='ltr'><strong>Dei;</strong></span> <span class='ocrx_word' id='word_1_306' title='bbox 1394 3787 1561 3842; x_wconf 83' lang='lat' dir='ltr'><strong>Jaeob</strong></span> <span class='ocrx_word' id='word_1_307' title='bbox 1586 3804 1716 3843; x_wconf 91' lang='lat' dir='ltr'><strong>vero</strong></span> <span class='ocrx_word' id='word_1_308' title='bbox 1742 3789 2063 3858; x_wconf 86' lang='lat' dir='ltr'><strong>simplicitas</strong></span> 
     </span>
    </p>
   </div>
   <div class='ocr_carea' id='block_1_42' title="bbox 487 3878 2060 3940">
    <p class='ocr_par' dir='ltr' id='par_1_42' title="bbox 487 3878 2060 3940">
     <span class='ocr_line' id='line_1_42' title="bbox 487 3878 2060 3940; baseline -0.005 -2"><span class='ocrx_word' id='word_1_309' title='bbox 487 3896 545 3938; x_wconf 88' lang='lat' dir='ltr'><strong>et</strong></span> <span class='ocrx_word' id='word_1_310' title='bbox 596 3881 900 3936; x_wconf 88' lang='lat' dir='ltr'><strong>innocentia</strong></span> <span class='ocrx_word' id='word_1_311' title='bbox 934 3894 1151 3934; x_wconf 87' lang='lat' dir='ltr'><strong>causam</strong></span> <span class='ocrx_word' id='word_1_312' title='bbox 1183 3878 1409 3940; x_wconf 87' lang='lat' dir='ltr'><strong>dederit,</strong></span> <span class='ocrx_word' id='word_1_313' title='bbox 1439 3890 1496 3932; x_wconf 91' lang='lat' dir='ltr'><strong>ut</strong></span> <span class='ocrx_word' id='word_1_314' title='bbox 1523 3880 1790 3933; x_wconf 82' lang='lat' dir='ltr'><strong>habitaret</strong></span> <span class='ocrx_word' id='word_1_315' title='bbox 1818 3881 2060 3933; x_wconf 91' lang='lat' dir='ltr'><strong>domum.</strong></span> 
     </span>
    </p>
   </div>
   <div class='ocr_carea' id='block_1_43' title="bbox 489 3970 2061 4044">
    <p class='ocr_par' dir='ltr' id='par_1_43' title="bbox 489 3970 2061 4044">
     <span class='ocr_line' id='line_1_43' title="bbox 489 3970 2061 4044; baseline -0.004 -13"><span class='ocrx_word' id='word_1_316' title='bbox 489 3976 730 4044; x_wconf 88' lang='lat' dir='ltr'><strong>Denique</strong></span> <span class='ocrx_word' id='word_1_317' title='bbox 756 3973 921 4037; x_wconf 84' lang='lat' dir='ltr'><strong>Esau,</strong></span> <span class='ocrx_word' id='word_1_318' title='bbox 953 3973 1079 4041; x_wconf 89' lang='lat' dir='ltr'><strong>quia</strong></span> <span class='ocrx_word' id='word_1_319' title='bbox 1116 3973 1291 4025; x_wconf 88' lang='lat' dir='ltr'><strong>malus</strong></span> <span class='ocrx_word' id='word_1_320' title='bbox 1323 3970 1444 4034; x_wconf 88' lang='lat' dir='ltr'><strong>fuit,</strong></span> <span class='ocrx_word' id='word_1_321' title='bbox 1494 3985 1599 4024; x_wconf 92' lang='lat' dir='ltr'><strong>non</strong></span> <span class='ocrx_word' id='word_1_322' title='bbox 1660 3980 1745 4025; x_wconf 83' lang='lat' dir='ltr'><strong>est</strong></span> <span class='ocrx_word' id='word_1_323' title='bbox 1798 3971 2061 4040; x_wconf 90' lang='lat' dir='ltr'><strong>scriptum</strong></span> 
     </span>
    </p>
   </div>
   <div class='ocr_carea' id='block_1_44' title="bbox 487 4064 2064 4135">
    <p class='ocr_par' dir='ltr' id='par_1_44' title="bbox 487 4064 2064 4135">
     <span class='ocr_line' id='line_1_44' title="bbox 487 4064 2064 4135; baseline -0.003 -12"><span class='ocrx_word' id='word_1_324' title='bbox 487 4070 556 4122; x_wconf 90' lang='lat' dir='ltr'><strong>de</strong></span> <span class='ocrx_word' id='word_1_325' title='bbox 586 4082 653 4123; x_wconf 89' lang='lat' dir='ltr'><strong>eo</strong></span> <span class='ocrx_word' id='word_1_326' title='bbox 687 4067 812 4135; x_wconf 90' lang='lat' dir='ltr'><strong>quia</strong></span> <span class='ocrx_word' id='word_1_327' title='bbox 847 4064 1171 4119; x_wconf 85' lang='lat' dir='ltr'><strong>habitaverit</strong></span> <span class='ocrx_word' id='word_1_328' title='bbox 1203 4064 1444 4127; x_wconf 87' lang='lat' dir='ltr'><strong>domum,</strong></span> <span class='ocrx_word' id='word_1_329' title='bbox 1476 4077 1575 4117; x_wconf 89' lang='lat' dir='ltr'><strong>nec</strong></span> <span class='ocrx_word' id='word_1_330' title='bbox 1624 4064 1691 4117; x_wconf 89' lang='lat' dir='ltr'><strong>de</strong></span> <span class='ocrx_word' id='word_1_331' title='bbox 1719 4064 1825 4117; x_wconf 90' lang='lat' dir='ltr'><strong>alio</strong></span> <span class='ocrx_word' id='word_1_332' title='bbox 1883 4065 2064 4132; x_wconf 88' lang='lat' dir='ltr'><strong>aliquo</strong></span> 
     </span>
    </p>
   </div>
   <div class='ocr_carea' id='block_1_45' title="bbox 559 4212 1593 4277">
    <p class='ocr_par' dir='ltr' id='par_1_45' title="bbox 559 4212 1593 4277">
     <span class='ocr_line' id='line_1_45' title="bbox 559 4212 1593 4277; baseline -0.007 -5"><span class='ocrx_word' id='word_1_333' title='bbox 559 4220 603 4251; x_wconf 82' lang='grc'><strong>⁸³</strong></span> <span class='ocrx_word' id='word_1_334' title='bbox 630 4217 802 4271; x_wconf 87' lang='lat' dir='ltr'><strong>Levit.</strong></span> <span class='ocrx_word' id='word_1_335' title='bbox 838 4231 962 4276; x_wconf 81' lang='lat' dir='ltr'><strong>xxv,</strong></span> <span class='ocrx_word' id='word_1_336' title='bbox 985 4216 1073 4268; x_wconf 78' lang='grc'><strong>50.</strong></span> <span class='ocrx_word' id='word_1_337' title='bbox 1152 4214 1195 4245; x_wconf 62' lang='grc'><strong>⁵³</strong></span> <span class='ocrx_word' id='word_1_338' title='bbox 1228 4212 1242 4264; x_wconf 93' lang='lat' dir='ltr'><strong>l</strong></span> <span class='ocrx_word' id='word_1_339' title='bbox 1276 4213 1419 4269; x_wconf 67' lang='lat' dir='ltr'><strong>&#39;l‘im.</strong></span> <span class='ocrx_word' id='word_1_340' title='bbox 1448 4229 1516 4277; x_wconf 67' lang='grc' dir='ltr'><strong>γι,</strong></span> <span class='ocrx_word' id='word_1_341' title='bbox 1544 4216 1593 4268; x_wconf 91' lang='lat'><strong>8.</strong></span> 
     </span>
    </p>
   </div>
   <div class='ocr_carea' id='block_1_46' title="bbox 487 4285 1419 4352">
    <p class='ocr_par' dir='ltr' id='par_1_46' title="bbox 487 4285 1419 4352">
     <span class='ocr_line' id='line_1_46' title="bbox 487 4285 1419 4352; baseline -0.009 -9"><span class='ocrx_word' id='word_1_342' title='bbox 487 4290 534 4322; x_wconf 75' lang='grc'><strong>⁸³</strong></span> <span class='ocrx_word' id='word_1_343' title='bbox 561 4290 576 4343; x_wconf 89' lang='grc' dir='ltr'><strong>Ι</strong></span> <span class='ocrx_word' id='word_1_344' title='bbox 616 4291 746 4343; x_wconf 83' lang='lat' dir='ltr'><strong>Cor.</strong></span> <span class='ocrx_word' id='word_1_345' title='bbox 777 4303 858 4352; x_wconf 88' lang='grc' dir='ltr'>ιιι,</span> <span class='ocrx_word' id='word_1_346' title='bbox 886 4286 938 4340; x_wconf 89' lang='grc'><strong>9.</strong></span> <span class='ocrx_word' id='word_1_347' title='bbox 988 4285 1033 4316; x_wconf 71' lang='grc'><strong>⁶⁰</strong></span> <span class='ocrx_word' id='word_1_348' title='bbox 1064 4285 1250 4337; x_wconf 76' lang='lat' dir='ltr'><strong>Matth.</strong></span> <span class='ocrx_word' id='word_1_349' title='bbox 1282 4300 1330 4347; x_wconf 91' lang='lat' dir='ltr'><strong>v,</strong></span> <span class='ocrx_word' id='word_1_350' title='bbox 1367 4285 1419 4336; x_wconf 72' lang='grc'><strong>4.</strong></span> 
     </span>
    </p>
   </div>
   <div class='ocr_carea' id='block_1_47' title="bbox 558 4397 2051 4470">
    <p class='ocr_par' dir='ltr' id='par_1_47' title="bbox 558 4397 2051 4470">
     <span class='ocr_line' id='line_1_47' title="bbox 558 4397 2051 4470; baseline -0.004 -16"><span class='ocrx_word' id='word_1_351' title='bbox 558 4400 672 4470; x_wconf 68' lang='grc' dir='ltr'><strong>(ἳὸ)</strong></span> <span class='ocrx_word' id='word_1_352' title='bbox 711 4400 866 4453; x_wconf 85' lang='lat' dir='ltr'><strong>Libb.</strong></span> <span class='ocrx_word' id='word_1_353' title='bbox 899 4398 1050 4461; x_wconf 88' lang='lat' dir='ltr'><strong>editi,</strong></span> <span class='ocrx_word' id='word_1_354' title='bbox 1079 4397 1246 4450; x_wconf 74' lang='lat' dir='ltr'><strong>thauc</strong></span> <span class='ocrx_word' id='word_1_355' title='bbox 1267 4397 1643 4451; x_wconf 82' lang='lat' dir='ltr'><strong>crudelissimo</strong></span> <span class='ocrx_word' id='word_1_356' title='bbox 1702 4398 2051 4461; x_wconf 64' lang='lat' dir='ltr'><strong>feneratori,»</strong></span> 
     </span>
    </p>
   </div>
   <div class='ocr_carea' id='block_1_48' title="bbox 486 4470 1356 4527">
    <p class='ocr_par' dir='ltr' id='par_1_48' title="bbox 486 4470 1356 4527">
     <span class='ocr_line' id='line_1_48' title="bbox 486 4470 1356 4527; baseline -0.01 0"><span class='ocrx_word' id='word_1_357' title='bbox 486 4477 581 4527; x_wconf 79' lang='lat' dir='ltr'><strong>sed</strong></span> <span class='ocrx_word' id='word_1_358' title='bbox 617 4488 746 4522; x_wconf 88' lang='lat' dir='ltr'><strong>mss.</strong></span> <span class='ocrx_word' id='word_1_359' title='bbox 781 4479 837 4521; x_wconf 90' lang='grc' dir='ltr'><strong>ιιι</strong></span> <span class='ocrx_word' id='word_1_360' title='bbox 870 4470 921 4521; x_wconf 91' lang='lat' dir='ltr'><strong>in</strong></span> <span class='ocrx_word' id='word_1_361' title='bbox 957 4478 1144 4521; x_wconf 88' lang='lat' dir='ltr'><strong>nostro</strong></span> <span class='ocrx_word' id='word_1_362' title='bbox 1185 4478 1356 4519; x_wconf 71' lang='lat' dir='ltr'><strong>teXtu.</strong></span> 
     </span>
    </p>
   </div>
   <div class='ocr_carea' id='block_1_49' title="bbox 559 4536 2051 4611">
    <p class='ocr_par' dir='ltr' id='par_1_49' title="bbox 559 4536 2051 4611">
     <span class='ocr_line' id='line_1_49' title="bbox 559 4536 2051 4611; baseline -0.001 -18"><span class='ocrx_word' id='word_1_363' title='bbox 559 4540 671 4611; x_wconf 74' lang='lat'>(26)</span> <span class='ocrx_word' id='word_1_364' title='bbox 704 4537 764 4592; x_wconf 90' lang='lat' dir='ltr'><strong>Si</strong></span> <span class='ocrx_word' id='word_1_365' title='bbox 796 4554 887 4611; x_wconf 80' lang='lat' dir='ltr'><strong>uos</strong></span> <span class='ocrx_word' id='word_1_366' title='bbox 912 4536 1285 4611; x_wconf 36' lang='lat' dir='ltr'><strong>aliqua.“po</strong></span> <span class='ocrx_word' id='word_1_367' title='bbox 1322 4536 1896 4611; x_wconf 69' lang='lat' dir='ltr'><strong>utor-talis_invenerit_,</strong></span> <span class='ocrx_word' id='word_1_368' title='bbox 1941 4546 2051 4611; x_wconf 80' lang='lat' dir='ltr'><strong>etc.</strong></span> 
     </span>
    </p>
   </div>
   <div class='ocr_carea' id='block_1_50' title="bbox 486 4603 2055 4675">
    <p class='ocr_par' dir='ltr' id='par_1_50' title="bbox 486 4603 2055 4675">
     <span class='ocr_line' id='line_1_50' title="bbox 486 4603 2055 4675; baseline -0.005 -8"><span class='ocrx_word' id='word_1_369' title='bbox 486 4603 755 4667; x_wconf 73' lang='lat' dir='ltr'><strong>Antonius</strong></span> <span class='ocrx_word' id='word_1_370' title='bbox 785 4607 1051 4659; x_wconf 86' lang='lat' dir='ltr'><strong>Arualdus</strong></span> <span class='ocrx_word' id='word_1_371' title='bbox 1084 4604 1220 4657; x_wconf 89' lang='lat' dir='ltr'><strong>libro</strong></span> <span class='ocrx_word' id='word_1_372' title='bbox 1247 4603 1455 4675; x_wconf 81' lang='lat' dir='ltr'><strong>Gallice</strong></span> <span class='ocrx_word' id='word_1_373' title='bbox 1478 4606 1684 4675; x_wconf 85' lang='lat' dir='ltr'><strong>scripto</strong></span> <span class='ocrx_word' id='word_1_374' title='bbox 1715 4607 1800 4658; x_wconf 91' lang='lat' dir='ltr'><strong>cui</strong></span> <span class='ocrx_word' id='word_1_375' title='bbox 1849 4606 2055 4671; x_wconf 88' lang='lat' dir='ltr'><strong>titulus,</strong></span> 
     </span>
    </p>
   </div>
   <div class='ocr_carea' id='block_1_51' title="bbox 486 4674 2054 4748">
    <p class='ocr_par' dir='ltr' id='par_1_51' title="bbox 486 4674 2054 4748">
     <span class='ocr_line' id='line_1_51' title="bbox 486 4674 2054 4748; baseline -0.003 -17"><span class='ocrx_word' id='word_1_376' title='bbox 486 4684 562 4735; x_wconf 79' lang='lat' dir='ltr'><strong>De</strong></span> <span class='ocrx_word' id='word_1_377' title='bbox 588 4678 845 4748; x_wconf 73' lang='lat' dir='ltr'><strong>frequenti</strong></span> <span class='ocrx_word' id='word_1_378' title='bbox 868 4676 1252 4748; x_wconf 71' lang='lat' dir='ltr'><strong>communione,</strong></span> <span class='ocrx_word' id='word_1_379' title='bbox 1284 4689 1403 4748; x_wconf 82' lang='lat' dir='ltr'><strong>cap.</strong></span> <span class='ocrx_word' id='word_1_380' title='bbox 1433 4674 1488 4734; x_wconf 78' lang='grc'><strong>4,</strong></span> <span class='ocrx_word' id='word_1_381' title='bbox 1520 4674 1821 4748; x_wconf 78' lang='lat' dir='ltr'><strong>scribarum</strong></span> <span class='ocrx_word' id='word_1_382' title='bbox 1868 4676 2054 4748; x_wconf 85' lang='lat' dir='ltr'><strong>vitium</strong></span> 
     </span>
    </p>
   </div>
   <div class='ocr_carea' id='block_1_52' title="bbox 486 4744 2050 4812">
    <p class='ocr_par' dir='ltr' id='par_1_52' title="bbox 486 4744 2050 4812">
     <span class='ocr_line' id='line_1_52' title="bbox 486 4744 2050 4812; baseline -0.006 -7"><span class='ocrx_word' id='word_1_383' title='bbox 486 4744 715 4805; x_wconf 61' lang='lat' dir='ltr'><strong>ascribit</strong></span> <span class='ocrx_word' id='word_1_384' title='bbox 747 4748 871 4802; x_wconf 85' lang='lat' dir='ltr'><strong>huic</strong></span> <span class='ocrx_word' id='word_1_385' title='bbox 903 4745 1140 4808; x_wconf 88' lang='lat' dir='ltr'><strong>lectioni,</strong></span> <span class='ocrx_word' id='word_1_386' title='bbox 1172 4753 1226 4796; x_wconf 90' lang='lat' dir='ltr'><strong>et</strong></span> <span class='ocrx_word' id='word_1_387' title='bbox 1284 4744 1420 4806; x_wconf 90' lang='lat' dir='ltr'><strong>loco,</strong></span> <span class='ocrx_word' id='word_1_388' title='bbox 1453 4762 1470 4794; x_wconf 75' lang='grc' dir='ltr'><strong>ι</strong></span> <span class='ocrx_word' id='word_1_389' title='bbox 1506 4745 1665 4812; x_wconf 87' lang='lat' dir='ltr'><strong>culpa</strong></span> <span class='ocrx_word' id='word_1_390' title='bbox 1729 4745 1992 4807; x_wconf 89' lang='lat' dir='ltr'><strong>mortalis,</strong></span> <span class='ocrx_word' id='word_1_391' title='bbox 2032 4763 2050 4795; x_wconf 79' lang='grc' dir='ltr'><strong>ι</strong></span> 
     </span>
    </p>
   </div>
   <div class='ocr_carea' id='block_1_53' title="bbox 488 4813 2055 4889">
    <p class='ocr_par' dir='ltr' id='par_1_53' title="bbox 488 4813 2055 4889">
     <span class='ocr_line' id='line_1_53' title="bbox 488 4813 2055 4889; baseline -0.006 -14"><span class='ocrx_word' id='word_1_392' title='bbox 488 4826 500 4875; x_wconf 95' lang='lat' dir='ltr'><strong>l</strong></span> <span class='ocrx_word' id='word_1_393' title='bbox 541 4821 771 4889; x_wconf 81' lang='lat' dir='ltr'><strong>gendum</strong></span> <span class='ocrx_word' id='word_1_394' title='bbox 804 4832 925 4889; x_wconf 81' lang='lat' dir='ltr'><strong>esse</strong></span> <span class='ocrx_word' id='word_1_395' title='bbox 945 4833 974 4889; x_wconf 79' lang='lat' dir='ltr'><strong>_t_</strong></span> <span class='ocrx_word' id='word_1_396' title='bbox 1012 4814 1167 4889; x_wconf 72' lang='lat' dir='ltr'><strong>culpa</strong></span> <span class='ocrx_word' id='word_1_397' title='bbox 1191 4813 1431 4889; x_wconf 79' lang='lat' dir='ltr'><strong>moralis.</strong></span> <span class='ocrx_word' id='word_1_398' title='bbox 1455 4835 1480 4889; x_wconf 68' lang='grc' dir='ltr'><strong>Δι</strong></span> <span class='ocrx_word' id='word_1_399' title='bbox 1516 4814 1846 4889; x_wconf 62' lang='lat' dir='ltr'><strong>contendit;</strong></span> <span class='ocrx_word' id='word_1_400' title='bbox 1885 4815 2055 4889; x_wconf 69' lang='lat' dir='ltr'><strong>l°_lSr--</strong></span> 
     </span>
    </p>
   </div>
   <div class='ocr_carea' id='block_1_54' title="bbox 491 4883 2055 4957">
    <p class='ocr_par' dir='ltr' id='par_1_54' title="bbox 491 4883 2055 4957">
     <span class='ocr_line' id='line_1_54' title="bbox 491 4883 2055 4957; baseline -0.006 -10"><span class='ocrx_word' id='word_1_401' title='bbox 491 4883 601 4957; x_wconf 54' lang='lat' dir='ltr'><strong>ro},</strong></span> <span class='ocrx_word' id='word_1_402' title='bbox 631 4889 826 4956; x_wconf 91' lang='lat' dir='ltr'><strong>inquit,</strong></span> <span class='ocrx_word' id='word_1_403' title='bbox 856 4885 1012 4957; x_wconf 82' lang='lat' dir='ltr'><strong>facile</strong></span> <span class='ocrx_word' id='word_1_404' title='bbox 1067 4883 1277 4937; x_wconf 84' lang='lat' dir='ltr'><strong>admitti</strong></span> <span class='ocrx_word' id='word_1_405' title='bbox 1319 4886 1491 4953; x_wconf 89' lang='lat' dir='ltr'><strong>potuit</strong></span> <span class='ocrx_word' id='word_1_406' title='bbox 1522 4888 1687 4957; x_wconf 76' lang='lat' dir='ltr'><strong>unius</strong></span> <span class='ocrx_word' id='word_1_407' title='bbox 1752 4883 2055 4950; x_wconf 87' lang='lat' dir='ltr'><strong>adjectione</strong></span> 
     </span>
    </p>
   </div>
   <div class='ocr_carea' id='block_1_55' title="bbox 486 4954 2054 5020">
    <p class='ocr_par' dir='ltr' id='par_1_55' title="bbox 486 4954 2054 5020">
     <span class='ocr_line' id='line_1_55' title="bbox 486 4954 2054 5020; baseline -0.006 -5"><span class='ocrx_word' id='word_1_408' title='bbox 486 4954 796 5016; x_wconf 39' lang='lat' dir='ltr'><strong>litterasfﬂ&#39;</strong></span> <span class='ocrx_word' id='word_1_409' title='bbox 820 4954 1050 5009; x_wconf 84' lang='lat' dir='ltr'><strong>Evidetts</strong></span> <span class='ocrx_word' id='word_1_410' title='bbox 1078 4962 1181 5018; x_wconf 82' lang='lat' dir='ltr'><strong>est,</strong></span> <span class='ocrx_word' id='word_1_411' title='bbox 1213 4968 1332 5006; x_wconf 89' lang='lat' dir='ltr'><strong>cum</strong></span> <span class='ocrx_word' id='word_1_412' title='bbox 1392 4954 1673 5008; x_wconf 76' lang='lat' dir='ltr'><strong>manifeste</strong></span> <span class='ocrx_word' id='word_1_413' title='bbox 1710 4968 1892 5006; x_wconf 89' lang='lat' dir='ltr'><strong>secum</strong></span> <span class='ocrx_word' id='word_1_414' title='bbox 1952 4969 2054 5020; x_wconf 90' lang='lat' dir='ltr'><strong>pu-</strong></span> 
     </span>
    </p>
   </div>
   <div class='ocr_carea' id='block_1_56' title="bbox 487 5023 2055 5101">
    <p class='ocr_par' dir='ltr' id='par_1_56' title="bbox 487 5023 2055 5101">
     <span class='ocr_line' id='line_1_56' title="bbox 487 5023 2055 5101; baseline -0.004 -18"><span class='ocrx_word' id='word_1_415' title='bbox 487 5041 651 5101; x_wconf 83' lang='lat' dir='ltr'><strong>gnent</strong></span> <span class='ocrx_word' id='word_1_416' title='bbox 682 5031 794 5082; x_wconf 67' lang='lat' dir='ltr'><strong>haec</strong></span> <span class='ocrx_word' id='word_1_417' title='bbox 836 5044 913 5101; x_wconf 75' lang='lat' dir='ltr'><strong>:_r</strong></span> <span class='ocrx_word' id='word_1_418' title='bbox 945 5024 1101 5094; x_wconf 88' lang='lat' dir='ltr'><strong>culpa</strong></span> <span class='ocrx_word' id='word_1_419' title='bbox 1139 5026 1533 5101; x_wconf 51' lang='lat' dir='ltr'><strong>mortalisque:</strong></span> <span class='ocrx_word' id='word_1_420' title='bbox 1579 5040 1685 5078; x_wconf 90' lang='lat' dir='ltr'><strong>non</strong></span> <span class='ocrx_word' id='word_1_421' title='bbox 1735 5023 2055 5101; x_wconf 52' lang='lat' dir='ltr'><strong>itrcrimine</strong></span> 
     </span>
    </p>
   </div>
   <div class='ocr_carea' id='block_1_57' title="bbox 489 5091 2055 5160">
    <p class='ocr_par' dir='ltr' id='par_1_57' title="bbox 489 5091 2055 5160">
     <span class='ocr_line' id='line_1_57' title="bbox 489 5091 2055 5160; baseline -0.006 -7"><span class='ocrx_word' id='word_1_422' title='bbox 489 5091 1086 5157; x_wconf 57' lang='lat' dir='ltr'><strong>inor-taliconsistat;&#39;t</strong></span> <span class='ocrx_word' id='word_1_423' title='bbox 1123 5108 1221 5147; x_wconf 90' lang='lat' dir='ltr'><strong>nec</strong></span> <span class='ocrx_word' id='word_1_424' title='bbox 1273 5093 1413 5160; x_wconf 88' lang='lat' dir='ltr'><strong>apud</strong></span> <span class='ocrx_word' id='word_1_425' title='bbox 1469 5103 1679 5147; x_wconf 86' lang='lat' dir='ltr'><strong>veteres</strong></span> <span class='ocrx_word' id='word_1_426' title='bbox 1739 5091 1906 5146; x_wconf 89' lang='lat' dir='ltr'><strong>ullum</strong></span> <span class='ocrx_word' id='word_1_427' title='bbox 1956 5108 2055 5144; x_wconf 88' lang='lat' dir='ltr'><strong>un-</strong></span> 
     </span>
    </p>
   </div>
   <div class='ocr_carea' id='block_1_58' title="bbox 486 5162 2051 5239">
    <p class='ocr_par' dir='ltr' id='par_1_58' title="bbox 486 5162 2051 5239">
     <span class='ocr_line' id='line_1_58' title="bbox 486 5162 2051 5239; baseline -0.006 -16"><span class='ocrx_word' id='word_1_428' title='bbox 486 5186 648 5239; x_wconf 89' lang='lat' dir='ltr'><strong>quam</strong></span> <span class='ocrx_word' id='word_1_429' title='bbox 687 5169 990 5239; x_wconf 87' lang='lat' dir='ltr'><strong>reperiatur</strong></span> <span class='ocrx_word' id='word_1_430' title='bbox 1021 5165 1252 5239; x_wconf 82' lang='lat' dir='ltr'><strong>positum</strong></span> <span class='ocrx_word' id='word_1_431' title='bbox 1288 5164 1753 5239; x_wconf 81' lang='lat' dir='ltr'><strong>discrimen__inter</strong></span> <span class='ocrx_word' id='word_1_432' title='bbox 1786 5179 1804 5213; x_wconf 80' lang='grc' dir='ltr'><strong>ι</strong></span> <span class='ocrx_word' id='word_1_433' title='bbox 1840 5162 2051 5231; x_wconf 89' lang='lat' dir='ltr'><strong>culpam</strong></span> 
     </span>
    </p>
   </div>
   <div class='ocr_carea' id='block_1_59' title="bbox 491 5233 2053 5299">
    <p class='ocr_par' dir='ltr' id='par_1_59' title="bbox 491 5233 2053 5299">
     <span class='ocr_line' id='line_1_59' title="bbox 491 5233 2053 5299; baseline -0.004 -7"><span class='ocrx_word' id='word_1_434' title='bbox 491 5233 766 5292; x_wconf 76' lang='lat' dir='ltr'><strong>tiiortalem</strong></span> <span class='ocrx_word' id='word_1_435' title='bbox 798 5258 816 5288; x_wconf 75' lang='grc' dir='ltr'><strong>ι</strong></span> <span class='ocrx_word' id='word_1_436' title='bbox 855 5245 908 5289; x_wconf 91' lang='lat' dir='ltr'><strong>et</strong></span> <span class='ocrx_word' id='word_1_437' title='bbox 940 5253 959 5286; x_wconf 75' lang='grc' dir='ltr'><strong>ι</strong></span> <span class='ocrx_word' id='word_1_438' title='bbox 998 5237 1203 5289; x_wconf 89' lang='lat' dir='ltr'><strong>crimen</strong></span> <span class='ocrx_word' id='word_1_439' title='bbox 1236 5233 1483 5287; x_wconf 87' lang='lat' dir='ltr'><strong>mortale.</strong></span> <span class='ocrx_word' id='word_1_440' title='bbox 1525 5252 1544 5284; x_wconf 79' lang='grc' dir='ltr'><strong>ι</strong></span> <span class='ocrx_word' id='word_1_441' title='bbox 1577 5233 1810 5288; x_wconf 82' lang='lat' dir='ltr'><strong>Econtra</strong></span> <span class='ocrx_word' id='word_1_442' title='bbox 1832 5241 2053 5299; x_wconf 87' lang='lat' dir='ltr'><strong>apertus</strong></span> 
     </span>
    </p>
   </div>
   <div class='ocr_carea' id='block_1_60' title="bbox 486 5302 2049 5375">
    <p class='ocr_par' dir='ltr' id='par_1_60' title="bbox 486 5302 2049 5375">
     <span class='ocr_line' id='line_1_60' title="bbox 486 5302 2049 5375; baseline -0.004 -13"><span class='ocrx_word' id='word_1_443' title='bbox 486 5320 570 5363; x_wconf 89' lang='lat' dir='ltr'><strong>est</strong></span> <span class='ocrx_word' id='word_1_444' title='bbox 598 5324 809 5371; x_wconf 87' lang='lat' dir='ltr'><strong>sensus,</strong></span> <span class='ocrx_word' id='word_1_445' title='bbox 846 5311 888 5360; x_wconf 91' lang='lat' dir='ltr'><strong>si</strong></span> <span class='ocrx_word' id='word_1_446' title='bbox 918 5307 1150 5375; x_wconf 80' lang='lat' dir='ltr'><strong>legatur,</strong></span> <span class='ocrx_word' id='word_1_447' title='bbox 1188 5320 1217 5375; x_wconf 76' lang='lat' dir='ltr'><strong>t_</strong></span> <span class='ocrx_word' id='word_1_448' title='bbox 1246 5303 1399 5371; x_wconf 87' lang='lat' dir='ltr'><strong>culpa</strong></span> <span class='ocrx_word' id='word_1_449' title='bbox 1436 5307 1657 5358; x_wconf 89' lang='lat' dir='ltr'><strong>moralis</strong></span> <span class='ocrx_word' id='word_1_450' title='bbox 1682 5319 1800 5372; x_wconf 82' lang='lat' dir='ltr'><strong>qua:</strong></span> <span class='ocrx_word' id='word_1_451' title='bbox 1842 5318 1955 5375; x_wconf 10' lang='lat' dir='ltr'><strong>non?</strong></span> <span class='ocrx_word' id='word_1_452' title='bbox 1997 5302 2049 5356; x_wconf 89' lang='lat' dir='ltr'><strong>itt</strong></span> 
     </span>
    </p>
   </div>
   <div class='ocr_carea' id='block_1_61' title="bbox 486 5373 2053 5443">
    <p class='ocr_par' dir='ltr' id='par_1_61' title="bbox 486 5373 2053 5443">
     <span class='ocr_line' id='line_1_61' title="bbox 486 5373 2053 5443; baseline -0.004 -11"><span class='ocrx_word' id='word_1_453' title='bbox 486 5380 715 5432; x_wconf 82' lang='lat' dir='ltr'><strong>crimine</strong></span> <span class='ocrx_word' id='word_1_454' title='bbox 760 5373 998 5433; x_wconf 77' lang='lat' dir='ltr'><strong>mortali.</strong></span> <span class='ocrx_word' id='word_1_455' title='bbox 1030 5394 1046 5426; x_wconf 81' lang='grc' dir='ltr'><strong>ι</strong></span> <span class='ocrx_word' id='word_1_456' title='bbox 1085 5376 1141 5428; x_wconf 81' lang='grc' dir='ltr'><strong>5ο</strong></span> <span class='ocrx_word' id='word_1_457' title='bbox 1181 5373 1371 5428; x_wconf 82' lang='lat' dir='ltr'><strong>Verbis</strong></span> <span class='ocrx_word' id='word_1_458' title='bbox 1419 5375 1769 5443; x_wconf 85' lang='lat' dir='ltr'><strong>sequentibus</strong></span> <span class='ocrx_word' id='word_1_459' title='bbox 1816 5373 2053 5442; x_wconf 75' lang='lat' dir='ltr'><strong>explicat</strong></span> 
     </span>
    </p>
   </div>
   <div class='ocr_carea' id='block_1_62' title="bbox 488 5445 2048 5517">
    <p class='ocr_par' dir='ltr' id='par_1_62' title="bbox 488 5445 2048 5517">
     <span class='ocr_line' id='line_1_62' title="bbox 488 5445 2048 5517; baseline -0.005 -18"><span class='ocrx_word' id='word_1_460' title='bbox 488 5448 603 5515; x_wconf 84' lang='lat' dir='ltr'><strong>ipse</strong></span> <span class='ocrx_word' id='word_1_461' title='bbox 639 5450 895 5517; x_wconf 79' lang='lat' dir='ltr'><strong>Origenes</strong></span> <span class='ocrx_word' id='word_1_462' title='bbox 926 5447 1053 5516; x_wconf 89' lang='lat' dir='ltr'><strong>quid</strong></span> <span class='ocrx_word' id='word_1_463' title='bbox 1078 5446 1244 5513; x_wconf 81' lang='lat' dir='ltr'><strong>culpa:</strong></span> <span class='ocrx_word' id='word_1_464' title='bbox 1270 5446 1501 5517; x_wconf 80' lang='lat' dir='ltr'><strong>moralis</strong></span> <span class='ocrx_word' id='word_1_465' title='bbox 1528 5445 1744 5498; x_wconf 85' lang='lat' dir='ltr'><strong>nomine</strong></span> <span class='ocrx_word' id='word_1_466' title='bbox 1768 5446 2048 5517; x_wconf 72' lang='lat' dir='ltr'><strong>intelligat,</strong></span> 
     </span>
    </p>
   </div>
   <div class='ocr_carea' id='block_1_63' title="bbox 489 5513 2051 5584">
    <p class='ocr_par' dir='ltr' id='par_1_63' title="bbox 489 5513 2051 5584">
     <span class='ocr_line' id='line_1_63' title="bbox 489 5513 2051 5584; baseline -0.003 -16"><span class='ocrx_word' id='word_1_467' title='bbox 489 5513 609 5581; x_wconf 65' lang='lat' dir='ltr'><strong>qua:</strong></span> <span class='ocrx_word' id='word_1_468' title='bbox 643 5513 832 5584; x_wconf 76' lang='lat' dir='ltr'><strong>nempe</strong></span> <span class='ocrx_word' id='word_1_469' title='bbox 870 5535 887 5566; x_wconf 77' lang='grc' dir='ltr'><strong>ι</strong></span> <span class='ocrx_word' id='word_1_470' title='bbox 926 5513 1006 5569; x_wconf 74' lang='lat' dir='ltr'><strong>vel</strong></span> <span class='ocrx_word' id='word_1_471' title='bbox 1042 5518 1094 5569; x_wconf 88' lang='lat' dir='ltr'><strong>in</strong></span> <span class='ocrx_word' id='word_1_472' title='bbox 1124 5518 1390 5568; x_wconf 77' lang='lat' dir='ltr'><strong>sermonis</strong></span> <span class='ocrx_word' id='word_1_473' title='bbox 1426 5516 1505 5567; x_wconf 80' lang='lat' dir='ltr'><strong>vel</strong></span> <span class='ocrx_word' id='word_1_474' title='bbox 1566 5518 1615 5567; x_wconf 91' lang='lat' dir='ltr'><strong>in</strong></span> <span class='ocrx_word' id='word_1_475' title='bbox 1668 5531 1874 5567; x_wconf 88' lang='lat' dir='ltr'><strong>tnorttnt</strong></span> <span class='ocrx_word' id='word_1_476' title='bbox 1921 5513 2051 5564; x_wconf 77' lang='lat' dir='ltr'><strong>vnio</strong></span> 
     </span>
    </p>
   </div>
   <div class='ocr_carea' id='block_1_64' title="bbox 491 5585 2049 5654">
    <p class='ocr_par' dir='ltr' id='par_1_64' title="bbox 491 5585 2049 5654">
     <span class='ocr_line' id='line_1_64' title="bbox 491 5585 2049 5654; baseline -0.002 -17"><span class='ocrx_word' id='word_1_477' title='bbox 491 5588 778 5639; x_wconf 81' lang='lat' dir='ltr'><strong>Consistat.</strong></span> <span class='ocrx_word' id='word_1_478' title='bbox 818 5607 834 5637; x_wconf 76' lang='grc' dir='ltr'><strong>ι</strong></span> <span class='ocrx_word' id='word_1_479' title='bbox 872 5588 927 5638; x_wconf 71' lang='grc'><strong>4⁰</strong></span> <span class='ocrx_word' id='word_1_480' title='bbox 951 5586 1148 5654; x_wconf 73' lang='lat' dir='ltr'><strong>(lulpas</strong></span> <span class='ocrx_word' id='word_1_481' title='bbox 1191 5601 1325 5650; x_wconf 79' lang='lat' dir='ltr'><strong>quas</strong></span> <span class='ocrx_word' id='word_1_482' title='bbox 1365 5587 1687 5638; x_wconf 78' lang='lat' dir='ltr'><strong>criminibus</strong></span> <span class='ocrx_word' id='word_1_483' title='bbox 1731 5585 2049 5637; x_wconf 77' lang='lat' dir='ltr'><strong>mortalibus</strong></span> 
     </span>
    </p>
   </div>
   <div class='ocr_carea' id='block_1_65' title="bbox 489 5654 2046 5723">
    <p class='ocr_par' dir='ltr' id='par_1_65' title="bbox 489 5654 2046 5723">
     <span class='ocr_line' id='line_1_65' title="bbox 489 5654 2046 5723; baseline -0.003 -16"><span class='ocrx_word' id='word_1_484' title='bbox 489 5658 733 5723; x_wconf 83' lang='lat' dir='ltr'><strong>opponit,</strong></span> <span class='ocrx_word' id='word_1_485' title='bbox 767 5658 1022 5718; x_wconf 85' lang='lat' dir='ltr'><strong>veniales,</strong></span> <span class='ocrx_word' id='word_1_486' title='bbox 1053 5672 1152 5707; x_wconf 86' lang='lat' dir='ltr'><strong>non</strong></span> <span class='ocrx_word' id='word_1_487' title='bbox 1199 5656 1454 5707; x_wconf 85' lang='lat' dir='ltr'><strong>mortales</strong></span> <span class='ocrx_word' id='word_1_488' title='bbox 1496 5656 1658 5708; x_wconf 85' lang='lat' dir='ltr'><strong>fuisse</strong></span> <span class='ocrx_word' id='word_1_489' title='bbox 1709 5654 1830 5707; x_wconf 90' lang='lat' dir='ltr'><strong>inde</strong></span> <span class='ocrx_word' id='word_1_490' title='bbox 1881 5659 2046 5719; x_wconf 88' lang='lat' dir='ltr'><strong>patet,</strong></span> 
     </span>
    </p>
   </div>
   <div class='ocr_carea' id='block_1_66' title="bbox 493 5724 2044 5793">
    <p class='ocr_par' dir='ltr' id='par_1_66' title="bbox 493 5724 2044 5793">
     <span class='ocr_line' id='line_1_66' title="bbox 493 5724 2044 5793; baseline 0 -18"><span class='ocrx_word' id='word_1_491' title='bbox 493 5728 634 5793; x_wconf 80' lang='lat' dir='ltr'><strong>quod</strong></span> <span class='ocrx_word' id='word_1_492' title='bbox 658 5726 706 5778; x_wconf 83' lang='lat' dir='ltr'><strong>in</strong></span> <span class='ocrx_word' id='word_1_493' title='bbox 735 5727 833 5776; x_wconf 87' lang='lat' dir='ltr'><strong>line</strong></span> <span class='ocrx_word' id='word_1_494' title='bbox 862 5726 1135 5793; x_wconf 70' lang='lat' dir='ltr'><strong>hujusloci</strong></span> <span class='ocrx_word' id='word_1_495' title='bbox 1169 5736 1426 5777; x_wconf 82' lang='lat' dir='ltr'><strong>vocentur</strong></span> <span class='ocrx_word' id='word_1_496' title='bbox 1473 5741 1490 5774; x_wconf 84' lang='lat' dir='ltr'><strong>t</strong></span> <span class='ocrx_word' id='word_1_497' title='bbox 1529 5724 1831 5779; x_wconf 82' lang='lat' dir='ltr'><strong>communia</strong></span> <span class='ocrx_word' id='word_1_498' title='bbox 1859 5738 2044 5791; x_wconf 83' lang='lat' dir='ltr'><strong>pecca-</strong></span> 
     </span>
    </p>
   </div>
   <div class='ocr_carea' id='block_1_67' title="bbox 1700 4212 2184 4279">
    <p class='ocr_par' dir='ltr' id='par_1_67' title="bbox 1700 4212 2184 4279">
     <span class='ocr_line' id='line_1_67' title="bbox 1700 4212 2184 4279; baseline -0.004 -12"><span class='ocrx_word' id='word_1_499' title='bbox 1700 4216 1744 4245; x_wconf 78' lang='grc'>⁶³</span> <span class='ocrx_word' id='word_1_500' title='bbox 1775 4212 1911 4267; x_wconf 88' lang='lat' dir='ltr'><strong>Gen.</strong></span> <span class='ocrx_word' id='word_1_501' title='bbox 1945 4230 2069 4279; x_wconf 81' lang='lat' dir='ltr'><strong>xxv,</strong></span> <span class='ocrx_word' id='word_1_502' title='bbox 2093 4214 2184 4272; x_wconf 71' lang='lat'><strong>27.</strong></span> 
     </span>
    </p>
   </div>
   <div class='ocr_carea' id='block_1_68' title="bbox 2178 493 3753 563">
    <p class='ocr_par' dir='ltr' id='par_1_68' title="bbox 2178 493 3753 563">
     <span class='ocr_line' id='line_1_68' title="bbox 2178 493 3753 563; baseline 0.004 -17"><span class='ocrx_word' id='word_1_503' title='bbox 2178 493 2427 547; x_wconf 88' lang='lat' dir='ltr'><strong>habuerit</strong></span> <span class='ocrx_word' id='word_1_504' title='bbox 2462 494 2709 548; x_wconf 82' lang='lat' dir='ltr'><strong>timerent</strong></span> <span class='ocrx_word' id='word_1_505' title='bbox 2751 495 2867 548; x_wconf 90' lang='lat' dir='ltr'><strong>Dei.</strong></span> <span class='ocrx_word' id='word_1_506' title='bbox 2911 495 3040 560; x_wconf 73' lang='lat' dir='ltr'><strong>Qum</strong></span> <span class='ocrx_word' id='word_1_507' title='bbox 3094 505 3336 563; x_wconf 88' lang='lat' dir='ltr'><strong>estergo</strong></span> <span class='ocrx_word' id='word_1_508' title='bbox 3379 496 3479 549; x_wconf 88' lang='lat' dir='ltr'><strong>ista</strong></span> <span class='ocrx_word' id='word_1_509' title='bbox 3527 497 3753 563; x_wconf 85' lang='lat' dir='ltr'><strong>domus,</strong></span> 
     </span>
    </p>
   </div>
   <div class='ocr_carea' id='block_1_69' title="bbox 2175 582 3753 654">
    <p class='ocr_par' dir='ltr' id='par_1_69' title="bbox 2175 582 3753 654">
     <span class='ocr_line' id='line_1_69' title="bbox 2175 582 3753 654; baseline 0.004 -19"><span class='ocrx_word' id='word_1_510' title='bbox 2175 591 2227 635; x_wconf 87' lang='lat' dir='ltr'><strong>et</strong></span> <span class='ocrx_word' id='word_1_511' title='bbox 2256 583 2412 650; x_wconf 84' lang='lat' dir='ltr'><strong>quale</strong></span> <span class='ocrx_word' id='word_1_512' title='bbox 2443 582 2726 636; x_wconf 74' lang='lat' dir='ltr'><strong>:editicium</strong></span> <span class='ocrx_word' id='word_1_513' title='bbox 2759 593 2864 649; x_wconf 89' lang='lat' dir='ltr'><strong>est,</strong></span> <span class='ocrx_word' id='word_1_514' title='bbox 2888 584 3086 639; x_wconf 88' lang='lat' dir='ltr'><strong>Paulus</strong></span> <span class='ocrx_word' id='word_1_515' title='bbox 3114 586 3591 654; x_wconf 78' lang='lat' dir='ltr'><strong>exponitapertius</strong></span> <span class='ocrx_word' id='word_1_516' title='bbox 3623 603 3753 642; x_wconf 89' lang='lat' dir='ltr'><strong>cum</strong></span> 
     </span>
    </p>
   </div>
   <div class='ocr_carea' id='block_1_70' title="bbox 2176 674 3751 745">
    <p class='ocr_par' dir='ltr' id='par_1_70' title="bbox 2176 674 3751 745">
     <span class='ocr_line' id='line_1_70' title="bbox 2176 674 3751 745; baseline 0.001 -17"><span class='ocrx_word' id='word_1_517' title='bbox 2176 674 2419 728; x_wconf 78' lang='lat' dir='ltr'><strong>dicit&quot;:</strong></span> <span class='ocrx_word' id='word_1_518' title='bbox 2488 692 2507 726; x_wconf 74' lang='grc' dir='ltr'><strong>ι</strong></span> <span class='ocrx_word' id='word_1_519' title='bbox 2548 675 2773 728; x_wconf 89' lang='lat' dir='ltr'><strong>Domum</strong></span> <span class='ocrx_word' id='word_1_520' title='bbox 2833 676 3095 730; x_wconf 88' lang='lat' dir='ltr'><strong>habemus</strong></span> <span class='ocrx_word' id='word_1_521' title='bbox 3148 693 3255 730; x_wconf 87' lang='lat' dir='ltr'><strong>non</strong></span> <span class='ocrx_word' id='word_1_522' title='bbox 3305 693 3465 730; x_wconf 88' lang='lat' dir='ltr'><strong>tuanu</strong></span> <span class='ocrx_word' id='word_1_523' title='bbox 3523 678 3751 745; x_wconf 80' lang='lat' dir='ltr'><strong>factam,</strong></span> 
     </span>
    </p>
   </div>
   <div class='ocr_carea' id='block_1_71' title="bbox 2176 764 3747 838">
    <p class='ocr_par' dir='ltr' id='par_1_71' title="bbox 2176 764 3747 838">
     <span class='ocr_line' id='line_1_71' title="bbox 2176 764 3747 838; baseline 0.003 -20"><span class='ocrx_word' id='word_1_524' title='bbox 2176 772 2436 818; x_wconf 60' lang='lat' dir='ltr'><strong>attentam</strong></span> <span class='ocrx_word' id='word_1_525' title='bbox 2466 764 2715 820; x_wconf 73' lang='lat' dir='ltr'><strong>inctelis.</strong></span> <span class='ocrx_word' id='word_1_526' title='bbox 2760 785 2779 818; x_wconf 77' lang='grc' dir='ltr'><strong>ι</strong></span> <span class='ocrx_word' id='word_1_527' title='bbox 2818 765 2941 821; x_wconf 58' lang='lat' dir='ltr'><strong>Haec</strong></span> <span class='ocrx_word' id='word_1_528' title='bbox 2989 782 3120 836; x_wconf 88' lang='lat' dir='ltr'><strong>ergo</strong></span> <span class='ocrx_word' id='word_1_529' title='bbox 3169 779 3254 822; x_wconf 89' lang='lat' dir='ltr'><strong>est</strong></span> <span class='ocrx_word' id='word_1_530' title='bbox 3312 768 3527 831; x_wconf 83' lang='lat' dir='ltr'><strong>domus,</strong></span> <span class='ocrx_word' id='word_1_531' title='bbox 3582 787 3747 838; x_wconf 82' lang='lat' dir='ltr'><strong>quam</strong></span> 
     </span>
    </p>
   </div>
   <div class='ocr_carea' id='block_1_72' title="bbox 2174 852 3752 924">
    <p class='ocr_par' dir='ltr' id='par_1_72' title="bbox 2174 852 3752 924">
     <span class='ocr_line' id='line_1_72' title="bbox 2174 852 3752 924; baseline 0.006 -17"><span class='ocrx_word' id='word_1_532' title='bbox 2174 852 2443 909; x_wconf 58' lang='lat' dir='ltr'><strong>aedificare</strong></span> <span class='ocrx_word' id='word_1_533' title='bbox 2469 870 2628 909; x_wconf 89' lang='lat' dir='ltr'><strong>nemo</strong></span> <span class='ocrx_word' id='word_1_534' title='bbox 2670 865 2845 924; x_wconf 90' lang='lat' dir='ltr'><strong>potest</strong></span> <span class='ocrx_word' id='word_1_535' title='bbox 2888 858 2987 909; x_wconf 87' lang='lat' dir='ltr'><strong>nisi</strong></span> <span class='ocrx_word' id='word_1_536' title='bbox 3026 860 3213 913; x_wconf 85' lang='lat' dir='ltr'><strong>timeat</strong></span> <span class='ocrx_word' id='word_1_537' title='bbox 3257 858 3446 913; x_wconf 88' lang='lat' dir='ltr'><strong>Deum.</strong></span> <span class='ocrx_word' id='word_1_538' title='bbox 3504 859 3629 913; x_wconf 68' lang='grc' dir='ltr'><strong>Πωο</strong></span> <span class='ocrx_word' id='word_1_539' title='bbox 3663 872 3752 916; x_wconf 72' lang='grc' dir='ltr'><strong>εςι</strong></span> 
     </span>
    </p>
   </div>
   <div class='ocr_carea' id='block_1_73' title="bbox 2177 948 3743 1021">
    <p class='ocr_par' dir='ltr' id='par_1_73' title="bbox 2177 948 3743 1021">
     <span class='ocr_line' id='line_1_73' title="bbox 2177 948 3743 1021; baseline 0.004 -22"><span class='ocrx_word' id='word_1_540' title='bbox 2177 948 2367 1001; x_wconf 90' lang='lat' dir='ltr'><strong>domus</strong></span> <span class='ocrx_word' id='word_1_541' title='bbox 2390 961 2548 1015; x_wconf 89' lang='lat' dir='ltr'><strong>quam</strong></span> <span class='ocrx_word' id='word_1_542' title='bbox 2578 960 2878 1015; x_wconf 82' lang='lat' dir='ltr'><strong>exstruere,</strong></span> <span class='ocrx_word' id='word_1_543' title='bbox 2913 950 2995 1003; x_wconf 87' lang='lat' dir='ltr'><strong>vel</strong></span> <span class='ocrx_word' id='word_1_544' title='bbox 3032 950 3281 1005; x_wconf 86' lang='lat' dir='ltr'><strong>habitare</strong></span> <span class='ocrx_word' id='word_1_545' title='bbox 3332 968 3492 1006; x_wconf 92' lang='lat' dir='ltr'><strong>nemo</strong></span> <span class='ocrx_word' id='word_1_546' title='bbox 3539 965 3743 1021; x_wconf 85' lang='lat' dir='ltr'><strong>potest,</strong></span> 
     </span>
    </p>
   </div>
   <div class='ocr_carea' id='block_1_74' title="bbox 2176 1034 3744 1108">
    <p class='ocr_par' dir='ltr' id='par_1_74' title="bbox 2176 1034 3744 1108">
     <span class='ocr_line' id='line_1_74' title="bbox 2176 1034 3744 1108; baseline 0.006 -21"><span class='ocrx_word' id='word_1_547' title='bbox 2176 1034 2276 1088; x_wconf 87' lang='lat' dir='ltr'><strong>nisi</strong></span> <span class='ocrx_word' id='word_1_548' title='bbox 2306 1034 2356 1088; x_wconf 92' lang='lat' dir='ltr'><strong>in</strong></span> <span class='ocrx_word' id='word_1_549' title='bbox 2386 1037 2734 1105; x_wconf 81' lang='lat' dir='ltr'><strong>simplicitate</strong></span> <span class='ocrx_word' id='word_1_550' title='bbox 2765 1040 2963 1094; x_wconf 89' lang='lat' dir='ltr'><strong>mentis</strong></span> <span class='ocrx_word' id='word_1_551' title='bbox 3018 1051 3073 1095; x_wconf 89' lang='lat' dir='ltr'><strong>et</strong></span> <span class='ocrx_word' id='word_1_552' title='bbox 3110 1041 3340 1108; x_wconf 86' lang='lat' dir='ltr'><strong>puritate</strong></span> <span class='ocrx_word' id='word_1_553' title='bbox 3371 1042 3572 1095; x_wconf 89' lang='lat' dir='ltr'><strong>cordis.</strong></span> <span class='ocrx_word' id='word_1_554' title='bbox 3636 1044 3744 1097; x_wconf 88' lang='lat' dir='ltr'><strong>Sed</strong></span> 
     </span>
    </p>
   </div>
   <div class='ocr_carea' id='block_1_75' title="bbox 2174 1127 3742 1199">
    <p class='ocr_par' dir='ltr' id='par_1_75' title="bbox 2174 1127 3742 1199">
     <span class='ocr_line' id='line_1_75' title="bbox 2174 1127 3742 1199; baseline 0.006 -24"><span class='ocrx_word' id='word_1_555' title='bbox 2174 1127 2425 1193; x_wconf 89' lang='lat' dir='ltr'><strong>quoniam</strong></span> <span class='ocrx_word' id='word_1_556' title='bbox 2459 1128 2708 1182; x_wconf 89' lang='lat' dir='ltr'><strong>accidere</strong></span> <span class='ocrx_word' id='word_1_557' title='bbox 2735 1130 2897 1190; x_wconf 88' lang='lat' dir='ltr'><strong>solet.</strong></span> <span class='ocrx_word' id='word_1_558' title='bbox 2925 1140 2983 1183; x_wconf 91' lang='lat' dir='ltr'><strong>ut</strong></span> <span class='ocrx_word' id='word_1_559' title='bbox 3014 1131 3178 1185; x_wconf 88' lang='lat' dir='ltr'><strong>etiam</strong></span> <span class='ocrx_word' id='word_1_560' title='bbox 3205 1131 3295 1199; x_wconf 89' lang='lat' dir='ltr'><strong>qui</strong></span> <span class='ocrx_word' id='word_1_561' title='bbox 3326 1132 3463 1185; x_wconf 89' lang='lat' dir='ltr'><strong>bene</strong></span> <span class='ocrx_word' id='word_1_562' title='bbox 3503 1133 3742 1187; x_wconf 77' lang='lat' dir='ltr'><strong>aedifica-</strong></span> 
     </span>
    </p>
   </div>
   <div class='ocr_carea' id='block_1_76' title="bbox 2174 1217 3747 1290">
    <p class='ocr_par' dir='ltr' id='par_1_76' title="bbox 2174 1217 3747 1290">
     <span class='ocr_line' id='line_1_76' title="bbox 2174 1217 3747 1290; baseline 0.008 -23"><span class='ocrx_word' id='word_1_563' title='bbox 2174 1217 2329 1279; x_wconf 82' lang='lat' dir='ltr'><strong>verit,</strong></span> <span class='ocrx_word' id='word_1_564' title='bbox 2353 1226 2406 1270; x_wconf 92' lang='lat' dir='ltr'><strong>et</strong></span> <span class='ocrx_word' id='word_1_565' title='bbox 2429 1218 2644 1272; x_wconf 92' lang='lat' dir='ltr'><strong>domum</strong></span> <span class='ocrx_word' id='word_1_566' title='bbox 2680 1219 2783 1274; x_wconf 89' lang='lat' dir='ltr'><strong>sibi</strong></span> <span class='ocrx_word' id='word_1_567' title='bbox 2810 1218 3088 1275; x_wconf 72' lang='lat' dir='ltr'><strong>etelestem</strong></span> <span class='ocrx_word' id='word_1_568' title='bbox 3122 1220 3257 1275; x_wconf 85' lang='lat' dir='ltr'><strong>bene</strong></span> <span class='ocrx_word' id='word_1_569' title='bbox 3291 1225 3497 1290; x_wconf 85' lang='lat' dir='ltr'><strong>agendo</strong></span> <span class='ocrx_word' id='word_1_570' title='bbox 3524 1235 3577 1278; x_wconf 91' lang='lat' dir='ltr'><strong>et</strong></span> <span class='ocrx_word' id='word_1_571' title='bbox 3606 1227 3747 1281; x_wconf 90' lang='lat' dir='ltr'><strong>bene</strong></span> 
     </span>
    </p>
   </div>
   <div class='ocr_carea' id='block_1_77' title="bbox 2172 1307 3743 1379">
    <p class='ocr_par' dir='ltr' id='par_1_77' title="bbox 2172 1307 3743 1379">
     <span class='ocr_line' id='line_1_77' title="bbox 2172 1307 3743 1379; baseline 0.008 -20"><span class='ocrx_word' id='word_1_572' title='bbox 2172 1307 2423 1372; x_wconf 89' lang='lat' dir='ltr'><strong>vivendo,</strong></span> <span class='ocrx_word' id='word_1_573' title='bbox 2461 1325 2523 1363; x_wconf 90' lang='lat' dir='ltr'><strong>ac</strong></span> <span class='ocrx_word' id='word_1_574' title='bbox 2557 1320 2703 1366; x_wconf 90' lang='lat' dir='ltr'><strong>recte</strong></span> <span class='ocrx_word' id='word_1_575' title='bbox 2732 1313 3004 1367; x_wconf 87' lang='lat' dir='ltr'><strong>credendo</strong></span> <span class='ocrx_word' id='word_1_576' title='bbox 3050 1316 3439 1379; x_wconf 74' lang='lat' dir='ltr'><strong>construxerit,</strong></span> <span class='ocrx_word' id='word_1_577' title='bbox 3501 1316 3743 1371; x_wconf 82' lang='lat' dir='ltr'><strong>incurrat</strong></span> 
     </span>
    </p>
   </div>
   <div class='ocr_carea' id='block_1_78' title="bbox 2173 1396 3743 1468">
    <p class='ocr_par' dir='ltr' id='par_1_78' title="bbox 2173 1396 3743 1468">
     <span class='ocr_line' id='line_1_78' title="bbox 2173 1396 3743 1468; baseline 0.01 -19"><span class='ocrx_word' id='word_1_578' title='bbox 2173 1396 2399 1465; x_wconf 85' lang='lat' dir='ltr'><strong>alicujus</strong></span> <span class='ocrx_word' id='word_1_579' title='bbox 2435 1401 2643 1467; x_wconf 87' lang='lat' dir='ltr'><strong>peccati</strong></span> <span class='ocrx_word' id='word_1_580' title='bbox 2695 1402 2960 1468; x_wconf 90' lang='lat' dir='ltr'><strong>debitum,</strong></span> <span class='ocrx_word' id='word_1_581' title='bbox 3019 1412 3072 1457; x_wconf 90' lang='lat' dir='ltr'><strong>et</strong></span> <span class='ocrx_word' id='word_1_582' title='bbox 3108 1405 3246 1457; x_wconf 92' lang='lat' dir='ltr'><strong>hanc</strong></span> <span class='ocrx_word' id='word_1_583' title='bbox 3280 1420 3308 1456; x_wconf 87' lang='lat' dir='ltr'><strong>a</strong></span> <span class='ocrx_word' id='word_1_584' title='bbox 3364 1406 3743 1464; x_wconf 72' lang='lat' dir='ltr'><strong>crudelissimo</strong></span> 
     </span>
    </p>
   </div>
   <div class='ocr_carea' id='block_1_79' title="bbox 2173 1488 3741 1565">
    <p class='ocr_par' dir='ltr' id='par_1_79' title="bbox 2173 1488 3741 1565">
     <span class='ocr_line' id='line_1_79' title="bbox 2173 1488 3741 1565; baseline 0.008 -25"><span class='ocrx_word' id='word_1_585' title='bbox 2173 1488 2484 1545; x_wconf 78' lang='lat' dir='ltr'><strong>feneratore</strong></span> <span class='ocrx_word' id='word_1_586' title='bbox 2546 1492 2660 1561; x_wconf 70' lang='lat'><strong>(25)</strong></span> <span class='ocrx_word' id='word_1_587' title='bbox 2713 1499 3023 1549; x_wconf 75' lang='lat' dir='ltr'><strong>venundare</strong></span> <span class='ocrx_word' id='word_1_588' title='bbox 3091 1507 3351 1565; x_wconf 79' lang='lat' dir='ltr'><strong>cogatur,</strong></span> <span class='ocrx_word' id='word_1_589' title='bbox 3410 1513 3473 1550; x_wconf 88' lang='lat' dir='ltr'><strong>ac</strong></span> <span class='ocrx_word' id='word_1_590' title='bbox 3527 1500 3741 1554; x_wconf 88' lang='lat' dir='ltr'><strong>labores</strong></span> 
     </span>
    </p>
   </div>
   <div class='ocr_carea' id='block_1_80' title="bbox 2174 1584 3734 1655">
    <p class='ocr_par' dir='ltr' id='par_1_80' title="bbox 2174 1584 3734 1655">
     <span class='ocr_line' id='line_1_80' title="bbox 2174 1584 3734 1655; baseline 0.006 -20"><span class='ocrx_word' id='word_1_591' title='bbox 2174 1595 2300 1636; x_wconf 88' lang='lat' dir='ltr'><strong>suos</strong></span> <span class='ocrx_word' id='word_1_592' title='bbox 2336 1584 2715 1638; x_wconf 82' lang='lat' dir='ltr'><strong>transfundere</strong></span> <span class='ocrx_word' id='word_1_593' title='bbox 2773 1587 2823 1638; x_wconf 90' lang='lat' dir='ltr'><strong>in</strong></span> <span class='ocrx_word' id='word_1_594' title='bbox 2877 1587 3064 1650; x_wconf 88' lang='lat' dir='ltr'><strong>alium,</strong></span> <span class='ocrx_word' id='word_1_595' title='bbox 3121 1586 3291 1655; x_wconf 88' lang='lat' dir='ltr'><strong>pietas</strong></span> <span class='ocrx_word' id='word_1_596' title='bbox 3340 1597 3396 1642; x_wconf 88' lang='lat' dir='ltr'><strong>et</strong></span> <span class='ocrx_word' id='word_1_597' title='bbox 3452 1589 3734 1644; x_wconf 83' lang='lat' dir='ltr'><strong>clementia</strong></span> 
     </span>
    </p>
   </div>
   <div class='ocr_carea' id='block_1_81' title="bbox 2174 1666 3733 1745">
    <p class='ocr_par' dir='ltr' id='par_1_81' title="bbox 2174 1666 3733 1745">
     <span class='ocr_line' id='line_1_81' title="bbox 2174 1666 3733 1745; baseline 0.004 -20"><span class='ocrx_word' id='word_1_598' title='bbox 2174 1673 2499 1742; x_wconf 85' lang='lat' dir='ltr'><strong>legislatoris</strong></span> <span class='ocrx_word' id='word_1_599' title='bbox 2534 1666 2835 1741; x_wconf 78' lang='lat' dir='ltr'><strong>succurrit,</strong></span> <span class='ocrx_word' id='word_1_600' title='bbox 2862 1688 2919 1730; x_wconf 92' lang='lat' dir='ltr'><strong>ut</strong></span> <span class='ocrx_word' id='word_1_601' title='bbox 2974 1677 3114 1730; x_wconf 90' lang='lat' dir='ltr'><strong>intra</strong></span> <span class='ocrx_word' id='word_1_602' title='bbox 3147 1689 3352 1731; x_wconf 89' lang='lat' dir='ltr'><strong>certum</strong></span> <span class='ocrx_word' id='word_1_603' title='bbox 3398 1687 3594 1745; x_wconf 87' lang='lat' dir='ltr'><strong>tempus</strong></span> <span class='ocrx_word' id='word_1_604' title='bbox 3643 1695 3733 1732; x_wconf 90' lang='lat' dir='ltr'><strong>rc-</strong></span> 
     </span>
    </p>
   </div>
   <div class='ocr_carea' id='block_1_82' title="bbox 2172 1764 3726 1837">
    <p class='ocr_par' dir='ltr' id='par_1_82' title="bbox 2172 1764 3726 1837">
     <span class='ocr_line' id='line_1_82' title="bbox 2172 1764 3726 1837; baseline 0.005 -22"><span class='ocrx_word' id='word_1_605' title='bbox 2172 1764 2298 1816; x_wconf 85' lang='lat' dir='ltr'><strong>dimi</strong></span> <span class='ocrx_word' id='word_1_606' title='bbox 2332 1765 2519 1832; x_wconf 90' lang='lat' dir='ltr'><strong>possit.</strong></span> <span class='ocrx_word' id='word_1_607' title='bbox 2561 1783 2578 1815; x_wconf 80' lang='grc' dir='ltr'><strong>ι</strong></span> <span class='ocrx_word' id='word_1_608' title='bbox 2607 1764 2663 1820; x_wconf 89' lang='lat' dir='ltr'><strong>Si</strong></span> <span class='ocrx_word' id='word_1_609' title='bbox 2697 1776 2874 1821; x_wconf 87' lang='lat' dir='ltr'><strong>tamen</strong></span> <span class='ocrx_word' id='word_1_610' title='bbox 2932 1767 3220 1831; x_wconf 89' lang='lat' dir='ltr'><strong>invenerit,</strong></span> <span class='ocrx_word' id='word_1_611' title='bbox 3246 1768 3415 1837; x_wconf 88' lang='lat' dir='ltr'><strong>inquit</strong></span> <span class='ocrx_word' id='word_1_612' title='bbox 3446 1769 3514 1831; x_wconf 77' lang='grc'><strong>⁵⁸,</strong></span> <span class='ocrx_word' id='word_1_613' title='bbox 3545 1786 3726 1823; x_wconf 66' lang='lat' dir='ltr'><strong>uanus</strong></span> 
     </span>
    </p>
   </div>
   <div class='ocr_carea' id='block_1_83' title="bbox 2174 1857 3729 1928">
    <p class='ocr_par' dir='ltr' id='par_1_83' title="bbox 2174 1857 3729 1928">
     <span class='ocr_line' id='line_1_83' title="bbox 2174 1857 3729 1928; baseline 0.006 -22"><span class='ocrx_word' id='word_1_614' title='bbox 2174 1862 2261 1906; x_wconf 91' lang='lat' dir='ltr'><strong>tua</strong></span> <span class='ocrx_word' id='word_1_615' title='bbox 2295 1857 2522 1922; x_wconf 84' lang='lat' dir='ltr'><strong>pretium</strong></span> <span class='ocrx_word' id='word_1_616' title='bbox 2565 1857 2707 1925; x_wconf 81' lang='lat' dir='ltr'><strong>quod</strong></span> <span class='ocrx_word' id='word_1_617' title='bbox 2741 1859 3022 1914; x_wconf 89' lang='lat' dir='ltr'><strong>restituas.</strong></span> <span class='ocrx_word' id='word_1_618' title='bbox 3056 1877 3075 1910; x_wconf 78' lang='grc' dir='ltr'><strong>ι</strong></span> <span class='ocrx_word' id='word_1_619' title='bbox 3108 1859 3278 1925; x_wconf 87' lang='lat' dir='ltr'><strong>Quale</strong></span> <span class='ocrx_word' id='word_1_620' title='bbox 3316 1861 3587 1928; x_wconf 81' lang='lat' dir='ltr'><strong>pretium?</strong></span> <span class='ocrx_word' id='word_1_621' title='bbox 3615 1862 3729 1915; x_wconf 74' lang='lat' dir='ltr'><strong>Pu:-</strong></span> 
     </span>
    </p>
   </div>
   <div class='ocr_carea' id='block_1_84' title="bbox 2171 1944 3737 2020">
    <p class='ocr_par' dir='ltr' id='par_1_84' title="bbox 2171 1944 3737 2020">
     <span class='ocr_line' id='line_1_84' title="bbox 2171 1944 3737 2020; baseline 0.003 -24"><span class='ocrx_word' id='word_1_622' title='bbox 2171 1944 2414 1998; x_wconf 72' lang='lat' dir='ltr'><strong>nitentizc</strong></span> <span class='ocrx_word' id='word_1_623' title='bbox 2446 1944 2564 1999; x_wconf 88' lang='lat' dir='ltr'><strong>sine</strong></span> <span class='ocrx_word' id='word_1_624' title='bbox 2589 1946 2750 2001; x_wconf 90' lang='lat' dir='ltr'><strong>dubio</strong></span> <span class='ocrx_word' id='word_1_625' title='bbox 2793 1946 3046 2018; x_wconf 80' lang='lat' dir='ltr'><strong>lacrymis</strong></span> <span class='ocrx_word' id='word_1_626' title='bbox 3082 1961 3493 2020; x_wconf 79' lang='lat' dir='ltr'><strong>congregatum,</strong></span> <span class='ocrx_word' id='word_1_627' title='bbox 3539 1961 3593 2004; x_wconf 91' lang='lat' dir='ltr'><strong>et</strong></span> <span class='ocrx_word' id='word_1_628' title='bbox 3627 1968 3737 2002; x_wconf 65' lang='lat' dir='ltr'><strong>ma-</strong></span> 
     </span>
    </p>
   </div>
   <div class='ocr_carea' id='block_1_85' title="bbox 2168 2034 3741 2108">
    <p class='ocr_par' dir='ltr' id='par_1_85' title="bbox 2168 2034 3741 2108">
     <span class='ocr_line' id='line_1_85' title="bbox 2168 2034 3741 2108; baseline 0.006 -22"><span class='ocrx_word' id='word_1_629' title='bbox 2168 2034 2349 2097; x_wconf 89' lang='lat' dir='ltr'><strong>nibus,</strong></span> <span class='ocrx_word' id='word_1_630' title='bbox 2411 2036 2461 2089; x_wconf 91' lang='lat' dir='ltr'><strong>id</strong></span> <span class='ocrx_word' id='word_1_631' title='bbox 2496 2046 2572 2089; x_wconf 88' lang='lat' dir='ltr'><strong>est</strong></span> <span class='ocrx_word' id='word_1_632' title='bbox 2628 2037 2815 2092; x_wconf 86' lang='lat' dir='ltr'><strong>labore</strong></span> <span class='ocrx_word' id='word_1_633' title='bbox 2844 2039 2970 2092; x_wconf 90' lang='lat' dir='ltr'><strong>boni</strong></span> <span class='ocrx_word' id='word_1_634' title='bbox 3014 2040 3193 2108; x_wconf 89' lang='lat' dir='ltr'><strong>operis</strong></span> <span class='ocrx_word' id='word_1_635' title='bbox 3229 2041 3521 2094; x_wconf 83' lang='lat' dir='ltr'><strong>inventum.</strong></span> <span class='ocrx_word' id='word_1_636' title='bbox 3558 2045 3741 2096; x_wconf 66' lang='lat' dir='ltr'><strong>Annus</strong></span> 
     </span>
    </p>
   </div>
   <div class='ocr_carea' id='block_1_86' title="bbox 2166 2126 3734 2199">
    <p class='ocr_par' dir='ltr' id='par_1_86' title="bbox 2166 2126 3734 2199">
     <span class='ocr_line' id='line_1_86' title="bbox 2166 2126 3734 2199; baseline 0.005 -22"><span class='ocrx_word' id='word_1_637' title='bbox 2166 2135 2344 2179; x_wconf 87' lang='lat' dir='ltr'><strong>autem</strong></span> <span class='ocrx_word' id='word_1_638' title='bbox 2380 2126 2480 2181; x_wconf 81' lang='lat' dir='ltr'><strong>iste</strong></span> <span class='ocrx_word' id='word_1_639' title='bbox 2510 2127 2733 2197; x_wconf 88' lang='lat' dir='ltr'><strong>intelligi</strong></span> <span class='ocrx_word' id='word_1_640' title='bbox 2770 2138 2944 2197; x_wconf 87' lang='lat' dir='ltr'><strong>potest</strong></span> <span class='ocrx_word' id='word_1_641' title='bbox 2970 2146 3129 2199; x_wconf 89' lang='lat' dir='ltr'><strong>quem</strong></span> <span class='ocrx_word' id='word_1_642' title='bbox 3155 2130 3298 2184; x_wconf 90' lang='lat' dir='ltr'><strong>venit</strong></span> <span class='ocrx_word' id='word_1_643' title='bbox 3325 2147 3520 2185; x_wconf 84' lang='lat' dir='ltr'><strong>vocare</strong></span> <span class='ocrx_word' id='word_1_644' title='bbox 3552 2132 3734 2185; x_wconf 88' lang='lat' dir='ltr'><strong>Domi-</strong></span> 
     </span>
    </p>
   </div>
   <div class='ocr_carea' id='block_1_87' title="bbox 2168 2222 3737 2290">
    <p class='ocr_par' dir='ltr' id='par_1_87' title="bbox 2168 2222 3737 2290">
     <span class='ocr_line' id='line_1_87' title="bbox 2168 2222 3737 2290; baseline 0.003 -18"><span class='ocrx_word' id='word_1_645' title='bbox 2168 2234 2495 2272; x_wconf 90' lang='lat' dir='ltr'><strong>nusannum</strong></span> <span class='ocrx_word' id='word_1_646' title='bbox 2535 2230 2838 2290; x_wconf 90' lang='lat' dir='ltr'><strong>acceptum,</strong></span> <span class='ocrx_word' id='word_1_647' title='bbox 2897 2236 3003 2290; x_wconf 90' lang='lat' dir='ltr'><strong>quo</strong></span> <span class='ocrx_word' id='word_1_648' title='bbox 3044 2222 3284 2276; x_wconf 90' lang='lat' dir='ltr'><strong>dimittat</strong></span> <span class='ocrx_word' id='word_1_649' title='bbox 3328 2224 3639 2280; x_wconf 85' lang='lat' dir='ltr'><strong>confractus</strong></span> <span class='ocrx_word' id='word_1_650' title='bbox 3686 2227 3737 2278; x_wconf 92' lang='lat' dir='ltr'><strong>in</strong></span> 
     </span>
    </p>
   </div>
   <div class='ocr_carea' id='block_1_88' title="bbox 2169 2310 3737 2375">
    <p class='ocr_par' dir='ltr' id='par_1_88' title="bbox 2169 2310 3737 2375">
     <span class='ocr_line' id='line_1_88' title="bbox 2169 2310 3737 2375; baseline 0.006 -12"><span class='ocrx_word' id='word_1_651' title='bbox 2169 2310 2572 2375; x_wconf 90' lang='lat' dir='ltr'><strong>remissionem,</strong></span> <span class='ocrx_word' id='word_1_652' title='bbox 2602 2320 2655 2365; x_wconf 90' lang='lat' dir='ltr'><strong>et</strong></span> <span class='ocrx_word' id='word_1_653' title='bbox 2681 2313 2910 2367; x_wconf 88' lang='lat' dir='ltr'><strong>salutem</strong></span> <span class='ocrx_word' id='word_1_654' title='bbox 2949 2312 3141 2367; x_wconf 90' lang='lat' dir='ltr'><strong>delicta</strong></span> <span class='ocrx_word' id='word_1_655' title='bbox 3203 2330 3296 2367; x_wconf 90' lang='lat' dir='ltr'><strong>sua</strong></span> <span class='ocrx_word' id='word_1_656' title='bbox 3348 2316 3737 2372; x_wconf 79' lang='lat' dir='ltr'><strong>confitentibus</strong></span> 
     </span>
    </p>
   </div>
   <div class='ocr_carea' id='block_1_89' title="bbox 2166 2400 3829 2471">
    <p class='ocr_par' dir='ltr' id='par_1_89' title="bbox 2166 2400 3829 2471">
     <span class='ocr_line' id='line_1_89' title="bbox 2166 2400 3829 2471; baseline 0.005 -18"><span class='ocrx_word' id='word_1_657' title='bbox 2166 2405 2421 2471; x_wconf 72' lang='lat' dir='ltr'><strong>prtebeat.</strong></span> <span class='ocrx_word' id='word_1_658' title='bbox 2453 2400 2606 2467; x_wconf 81' lang='lat' dir='ltr'><strong>Quod</strong></span> <span class='ocrx_word' id='word_1_659' title='bbox 2629 2412 2807 2456; x_wconf 89' lang='lat' dir='ltr'><strong>autem</strong></span> <span class='ocrx_word' id='word_1_660' title='bbox 2841 2404 2970 2457; x_wconf 89' lang='lat' dir='ltr'><strong>dicit</strong></span> <span class='ocrx_word' id='word_1_661' title='bbox 3007 2405 3224 2457; x_wconf 91' lang='lat' dir='ltr'><strong>domum</strong></span> <span class='ocrx_word' id='word_1_662' title='bbox 3266 2407 3314 2459; x_wconf 89' lang='lat' dir='ltr'><strong>in</strong></span> <span class='ocrx_word' id='word_1_663' title='bbox 3358 2408 3576 2462; x_wconf 86' lang='lat' dir='ltr'><strong>civitate</strong></span> <span class='ocrx_word' id='word_1_664' title='bbox 3622 2426 3737 2460; x_wconf 90' lang='lat' dir='ltr'><strong>mu-</strong></span> <span class='ocrx_word' id='word_1_665' title='bbox 3826 2416 3829 2419; x_wconf 68' lang='lat'><strong><em>‘</em></strong></span> 
     </span>
    </p>
   </div>
   <div class='ocr_carea' id='block_1_90' title="bbox 2171 2494 3737 2565">
    <p class='ocr_par' dir='ltr' id='par_1_90' title="bbox 2171 2494 3737 2565">
     <span class='ocr_line' id='line_1_90' title="bbox 2171 2494 3737 2565; baseline 0.006 -21"><span class='ocrx_word' id='word_1_666' title='bbox 2171 2501 2328 2546; x_wconf 87' lang='lat' dir='ltr'><strong>rata:</strong></span> <span class='ocrx_word' id='word_1_667' title='bbox 2368 2502 2532 2557; x_wconf 84' lang='lat' dir='ltr'><strong>recte,</strong></span> <span class='ocrx_word' id='word_1_668' title='bbox 2562 2502 2616 2545; x_wconf 91' lang='lat' dir='ltr'><strong>ut</strong></span> <span class='ocrx_word' id='word_1_669' title='bbox 2652 2509 2750 2562; x_wconf 81' lang='lat' dir='ltr'><strong>ego</strong></span> <span class='ocrx_word' id='word_1_670' title='bbox 2788 2494 3046 2558; x_wconf 87' lang='lat' dir='ltr'><strong>arbitror,</strong></span> <span class='ocrx_word' id='word_1_671' title='bbox 3077 2496 3269 2551; x_wconf 87' lang='lat' dir='ltr'><strong>domus</strong></span> <span class='ocrx_word' id='word_1_672' title='bbox 3318 2512 3436 2565; x_wconf 80' lang='lat' dir='ltr'><strong>quae</strong></span> <span class='ocrx_word' id='word_1_673' title='bbox 3484 2500 3536 2551; x_wconf 92' lang='lat' dir='ltr'><strong>in</strong></span> <span class='ocrx_word' id='word_1_674' title='bbox 3594 2500 3737 2553; x_wconf 83' lang='lat' dir='ltr'><strong>ccelo</strong></span> 
     </span>
    </p>
   </div>
   <div class='ocr_carea' id='block_1_91' title="bbox 2168 2585 3736 2663">
    <p class='ocr_par' dir='ltr' id='par_1_91' title="bbox 2168 2585 3736 2663">
     <span class='ocr_line' id='line_1_91' title="bbox 2168 2585 3736 2663; baseline 0.008 -29"><span class='ocrx_word' id='word_1_675' title='bbox 2168 2599 2287 2637; x_wconf 87' lang='lat' dir='ltr'><strong>csse</strong></span> <span class='ocrx_word' id='word_1_676' title='bbox 2341 2585 2557 2649; x_wconf 87' lang='lat' dir='ltr'><strong>dicitur,</strong></span> <span class='ocrx_word' id='word_1_677' title='bbox 2592 2586 2641 2638; x_wconf 91' lang='lat' dir='ltr'><strong>in</strong></span> <span class='ocrx_word' id='word_1_678' title='bbox 2691 2585 2910 2639; x_wconf 87' lang='lat' dir='ltr'><strong>civitate</strong></span> <span class='ocrx_word' id='word_1_679' title='bbox 2956 2599 3167 2641; x_wconf 89' lang='lat' dir='ltr'><strong>murata</strong></span> <span class='ocrx_word' id='word_1_680' title='bbox 3214 2606 3333 2644; x_wconf 81' lang='lat' dir='ltr'><strong>esse</strong></span> <span class='ocrx_word' id='word_1_681' title='bbox 3396 2592 3736 2663; x_wconf 84' lang='lat' dir='ltr'><strong>intelligitur.</strong></span> 
     </span>
    </p>
   </div>
   <div class='ocr_carea' id='block_1_92' title="bbox 2166 2672 3737 2750">
    <p class='ocr_par' dir='ltr' id='par_1_92' title="bbox 2166 2672 3737 2750">
     <span class='ocr_line' id='line_1_92' title="bbox 2166 2672 3737 2750; baseline 0.007 -25"><span class='ocrx_word' id='word_1_682' title='bbox 2166 2672 2351 2728; x_wconf 82' lang='lat' dir='ltr'><strong>Murus</strong></span> <span class='ocrx_word' id='word_1_683' title='bbox 2385 2684 2468 2729; x_wconf 90' lang='lat' dir='ltr'><strong>est</strong></span> <span class='ocrx_word' id='word_1_684' title='bbox 2491 2676 2631 2728; x_wconf 90' lang='lat' dir='ltr'><strong>enim</strong></span> <span class='ocrx_word' id='word_1_685' title='bbox 2659 2675 2966 2745; x_wconf 86' lang='lat' dir='ltr'><strong>hujusmodi</strong></span> <span class='ocrx_word' id='word_1_686' title='bbox 3001 2676 3251 2732; x_wconf 90' lang='lat' dir='ltr'><strong>domibus</strong></span> <span class='ocrx_word' id='word_1_687' title='bbox 3286 2682 3459 2750; x_wconf 87' lang='lat' dir='ltr'><strong>ipsum</strong></span> <span class='ocrx_word' id='word_1_688' title='bbox 3487 2685 3606 2737; x_wconf 68' lang='lat' dir='ltr'><strong>coeli</strong></span> <span class='ocrx_word' id='word_1_689' title='bbox 3644 2684 3737 2736; x_wconf 86' lang='lat' dir='ltr'><strong>lir-</strong></span> 
     </span>
    </p>
   </div>
   <div class='ocr_carea' id='block_1_93' title="bbox 2169 2752 3736 2845">
    <p class='ocr_par' dir='ltr' id='par_1_93' title="bbox 2169 2752 3736 2845">
     <span class='ocr_line' id='line_1_93' title="bbox 2169 2752 3736 2845; baseline 0.01 -29"><span class='ocrx_word' id='word_1_690' title='bbox 2169 2774 2521 2818; x_wconf 87' lang='lat' dir='ltr'><strong>mamentum.</strong></span> <span class='ocrx_word' id='word_1_691' title='bbox 2551 2766 2655 2819; x_wconf 88' lang='lat' dir='ltr'><strong>Sed</strong></span> <span class='ocrx_word' id='word_1_692' title='bbox 2701 2767 2862 2821; x_wconf 88' lang='lat' dir='ltr'><strong>talem</strong></span> <span class='ocrx_word' id='word_1_693' title='bbox 2898 2769 3112 2822; x_wconf 85' lang='lat' dir='ltr'><strong>demum</strong></span> <span class='ocrx_word' id='word_1_694' title='bbox 3150 2773 3256 2825; x_wconf 87' lang='lat' dir='ltr'><strong>rari</strong></span> <span class='ocrx_word' id='word_1_695' title='bbox 3298 2775 3495 2845; x_wconf 87' lang='lat' dir='ltr'><strong>quique</strong></span> <span class='ocrx_word' id='word_1_696' title='bbox 3537 2752 3736 2831; x_wconf 80' lang='lat' dir='ltr'><strong>habere</strong></span> 
     </span>
    </p>
   </div>
   <div class='ocr_carea' id='block_1_94' title="bbox 2168 2856 3736 2930">
    <p class='ocr_par' dir='ltr' id='par_1_94' title="bbox 2168 2856 3736 2930">
     <span class='ocr_line' id='line_1_94' title="bbox 2168 2856 3736 2930; baseline 0.008 -21"><span class='ocrx_word' id='word_1_697' title='bbox 2168 2866 2411 2927; x_wconf 88' lang='lat' dir='ltr'><strong>possunt,</strong></span> <span class='ocrx_word' id='word_1_698' title='bbox 2440 2856 2515 2910; x_wconf 90' lang='lat' dir='ltr'><strong>illi</strong></span> <span class='ocrx_word' id='word_1_699' title='bbox 2554 2858 2802 2913; x_wconf 78' lang='lat' dir='ltr'><strong>fortassis</strong></span> <span class='ocrx_word' id='word_1_700' title='bbox 2827 2863 2916 2929; x_wconf 88' lang='lat' dir='ltr'><strong>qui</strong></span> <span class='ocrx_word' id='word_1_701' title='bbox 2959 2878 3121 2930; x_wconf 84' lang='lat' dir='ltr'><strong>super</strong></span> <span class='ocrx_word' id='word_1_702' title='bbox 3164 2872 3361 2917; x_wconf 89' lang='lat' dir='ltr'><strong>terrant</strong></span> <span class='ocrx_word' id='word_1_703' title='bbox 3394 2867 3736 2922; x_wconf 81' lang='lat' dir='ltr'><strong>ambulantes</strong></span> 
     </span>
    </p>
   </div>
   <div class='ocr_carea' id='block_1_95' title="bbox 2167 2950 3735 3025">
    <p class='ocr_par' dir='ltr' id='par_1_95' title="bbox 2167 2950 3735 3025">
     <span class='ocr_line' id='line_1_95' title="bbox 2167 2950 3735 3025; baseline 0.006 -21"><span class='ocrx_word' id='word_1_704' title='bbox 2167 2950 2633 3004; x_wconf 89' lang='lat' dir='ltr'><strong>conversationem</strong></span> <span class='ocrx_word' id='word_1_705' title='bbox 2663 2950 2861 3006; x_wconf 89' lang='lat' dir='ltr'><strong>habent</strong></span> <span class='ocrx_word' id='word_1_706' title='bbox 2888 2954 2938 3005; x_wconf 91' lang='lat' dir='ltr'><strong>in</strong></span> <span class='ocrx_word' id='word_1_707' title='bbox 2968 2955 3140 3016; x_wconf 69' lang='lat' dir='ltr'><strong>cmlis,</strong></span> <span class='ocrx_word' id='word_1_708' title='bbox 3175 2967 3228 3010; x_wconf 91' lang='lat' dir='ltr'><strong>et</strong></span> <span class='ocrx_word' id='word_1_709' title='bbox 3264 2957 3328 3010; x_wconf 91' lang='lat' dir='ltr'><strong>dc</strong></span> <span class='ocrx_word' id='word_1_710' title='bbox 3372 2958 3568 3025; x_wconf 89' lang='lat' dir='ltr'><strong>quibus</strong></span> <span class='ocrx_word' id='word_1_711' title='bbox 3606 2962 3735 3014; x_wconf 89' lang='lat' dir='ltr'><strong>dicit</strong></span> 
     </span>
    </p>
   </div>
   <div class='ocr_carea' id='block_1_96' title="bbox 2168 3038 3734 3108">
    <p class='ocr_par' dir='ltr' id='par_1_96' title="bbox 2168 3038 3734 3108">
     <span class='ocr_line' id='line_1_96' title="bbox 2168 3038 3734 3108; baseline 0.008 -17"><span class='ocrx_word' id='word_1_712' title='bbox 2168 3039 2455 3108; x_wconf 86' lang='lat' dir='ltr'><strong>Apostolus</strong></span> <span class='ocrx_word' id='word_1_713' title='bbox 2492 3038 2574 3090; x_wconf 75' lang='grc' dir='ltr'><strong>⁵⁹ε</strong></span> <span class='ocrx_word' id='word_1_714' title='bbox 2613 3056 2631 3089; x_wconf 77' lang='grc' dir='ltr'><strong>ι</strong></span> <span class='ocrx_word' id='word_1_715' title='bbox 2670 3039 2759 3093; x_wconf 91' lang='lat' dir='ltr'><strong>Dei</strong></span> <span class='ocrx_word' id='word_1_716' title='bbox 2785 3042 3069 3098; x_wconf 69' lang='lat' dir='ltr'><strong>aedificatio</strong></span> <span class='ocrx_word' id='word_1_717' title='bbox 3096 3045 3245 3099; x_wconf 88' lang='lat' dir='ltr'><strong>estis.</strong></span> <span class='ocrx_word' id='word_1_718' title='bbox 3280 3063 3298 3097; x_wconf 75' lang='grc' dir='ltr'><strong>ι</strong></span> <span class='ocrx_word' id='word_1_719' title='bbox 3331 3045 3518 3102; x_wconf 64' lang='lat' dir='ltr'><strong>Cet-teri</strong></span> <span class='ocrx_word' id='word_1_720' title='bbox 3552 3059 3734 3104; x_wconf 76' lang='lat' dir='ltr'><strong>autem</strong></span> 
     </span>
    </p>
   </div>
   <div class='ocr_carea' id='block_1_97' title="bbox 2168 3127 3731 3205">
    <p class='ocr_par' dir='ltr' id='par_1_97' title="bbox 2168 3127 3731 3205">
     <span class='ocr_line' id='line_1_97' title="bbox 2168 3127 3731 3205; baseline 0.008 -24"><span class='ocrx_word' id='word_1_721' title='bbox 2168 3129 2258 3199; x_wconf 89' lang='lat' dir='ltr'><strong>qui</strong></span> <span class='ocrx_word' id='word_1_722' title='bbox 2299 3130 2350 3182; x_wconf 91' lang='lat' dir='ltr'><strong>in</strong></span> <span class='ocrx_word' id='word_1_723' title='bbox 2384 3127 2517 3181; x_wconf 90' lang='lat' dir='ltr'><strong>vicis</strong></span> <span class='ocrx_word' id='word_1_724' title='bbox 2546 3127 2741 3182; x_wconf 90' lang='lat' dir='ltr'><strong>habent</strong></span> <span class='ocrx_word' id='word_1_725' title='bbox 2770 3131 2981 3196; x_wconf 89' lang='lat' dir='ltr'><strong>domos,</strong></span> <span class='ocrx_word' id='word_1_726' title='bbox 3018 3133 3211 3202; x_wconf 89' lang='lat' dir='ltr'><strong>quibus</strong></span> <span class='ocrx_word' id='word_1_727' title='bbox 3260 3151 3367 3189; x_wconf 90' lang='lat' dir='ltr'><strong>non</strong></span> <span class='ocrx_word' id='word_1_728' title='bbox 3399 3146 3480 3190; x_wconf 88' lang='lat' dir='ltr'><strong>est</strong></span> <span class='ocrx_word' id='word_1_729' title='bbox 3521 3154 3731 3205; x_wconf 91' lang='lat' dir='ltr'><strong>murus,</strong></span> 
     </span>
    </p>
   </div>
   <div class='ocr_carea' id='block_1_98' title="bbox 2162 3224 3734 3295">
    <p class='ocr_par' dir='ltr' id='par_1_98' title="bbox 2162 3224 3734 3295">
     <span class='ocr_line' id='line_1_98' title="bbox 2162 3224 3734 3295; baseline 0.003 -18"><span class='ocrx_word' id='word_1_730' title='bbox 2162 3233 2247 3277; x_wconf 69' lang='lat' dir='ltr'><strong>est</strong></span> <span class='ocrx_word' id='word_1_731' title='bbox 2280 3233 2457 3277; x_wconf 83' lang='lat' dir='ltr'><strong>tamen</strong></span> <span class='ocrx_word' id='word_1_732' title='bbox 2492 3224 2571 3278; x_wconf 91' lang='lat' dir='ltr'><strong>eis</strong></span> <span class='ocrx_word' id='word_1_733' title='bbox 2605 3224 3017 3295; x_wconf 77' lang='lat' dir='ltr'><strong>adjacensagcr</strong></span> <span class='ocrx_word' id='word_1_734' title='bbox 3059 3224 3341 3288; x_wconf 87' lang='lat' dir='ltr'><strong>fecundus,</strong></span> <span class='ocrx_word' id='word_1_735' title='bbox 3377 3225 3449 3277; x_wconf 91' lang='lat' dir='ltr'><strong>illi</strong></span> <span class='ocrx_word' id='word_1_736' title='bbox 3489 3225 3734 3281; x_wconf 85' lang='lat' dir='ltr'><strong>fortassis</strong></span> 
     </span>
    </p>
   </div>
   <div class='ocr_carea' id='block_1_99' title="bbox 2161 3320 3728 3391">
    <p class='ocr_par' dir='ltr' id='par_1_99' title="bbox 2161 3320 3728 3391">
     <span class='ocr_line' id='line_1_99' title="bbox 2161 3320 3728 3391; baseline 0.003 -19"><span class='ocrx_word' id='word_1_737' title='bbox 2161 3320 2251 3389; x_wconf 90' lang='lat' dir='ltr'><strong>qui</strong></span> <span class='ocrx_word' id='word_1_738' title='bbox 2280 3338 2304 3374; x_wconf 89' lang='lat' dir='ltr'><strong>s</strong></span> <span class='ocrx_word' id='word_1_739' title='bbox 2330 3321 2381 3373; x_wconf 88' lang='lat' dir='ltr'><strong>bi</strong></span> <span class='ocrx_word' id='word_1_740' title='bbox 2413 3321 2772 3375; x_wconf 87' lang='lat' dir='ltr'><strong>habitaculum</strong></span> <span class='ocrx_word' id='word_1_741' title='bbox 2820 3332 3124 3391; x_wconf 80' lang='lat' dir='ltr'><strong>praeparant</strong></span> <span class='ocrx_word' id='word_1_742' title='bbox 3152 3322 3206 3375; x_wconf 90' lang='lat' dir='ltr'><strong>in</strong></span> <span class='ocrx_word' id='word_1_743' title='bbox 3238 3332 3377 3376; x_wconf 89' lang='lat' dir='ltr'><strong>terra</strong></span> <span class='ocrx_word' id='word_1_744' title='bbox 3407 3323 3728 3391; x_wconf 87' lang='lat' dir='ltr'><strong>viventium,</strong></span> 
     </span>
    </p>
   </div>
   <div class='ocr_carea' id='block_1_100' title="bbox 2161 3418 3725 3492">
    <p class='ocr_par' dir='ltr' id='par_1_100' title="bbox 2161 3418 3725 3492">
     <span class='ocr_line' id='line_1_100' title="bbox 2161 3418 3725 3492; baseline 0.004 -20"><span class='ocrx_word' id='word_1_745' title='bbox 2161 3426 2216 3472; x_wconf 88' lang='lat' dir='ltr'><strong>et</strong></span> <span class='ocrx_word' id='word_1_746' title='bbox 2247 3418 2298 3470; x_wconf 90' lang='lat' dir='ltr'><strong>in</strong></span> <span class='ocrx_word' id='word_1_747' title='bbox 2330 3418 2413 3471; x_wconf 86' lang='lat' dir='ltr'><strong>illa</strong></span> <span class='ocrx_word' id='word_1_748' title='bbox 2445 3428 2584 3473; x_wconf 88' lang='lat' dir='ltr'><strong>terra</strong></span> <span class='ocrx_word' id='word_1_749' title='bbox 2614 3436 2772 3489; x_wconf 90' lang='lat' dir='ltr'><strong>quam</strong></span> <span class='ocrx_word' id='word_1_750' title='bbox 2810 3422 3108 3475; x_wconf 89' lang='lat' dir='ltr'><strong>mansuetis</strong></span> <span class='ocrx_word' id='word_1_751' title='bbox 3138 3421 3395 3476; x_wconf 87' lang='lat' dir='ltr'><strong>Dominus</strong></span> <span class='ocrx_word' id='word_1_752' title='bbox 3438 3425 3725 3492; x_wconf 87' lang='lat' dir='ltr'><strong>promittit,</strong></span> 
     </span>
    </p>
   </div>
   <div class='ocr_carea' id='block_1_101' title="bbox 2160 3515 3729 3590">
    <p class='ocr_par' dir='ltr' id='par_1_101' title="bbox 2160 3515 3729 3590">
     <span class='ocr_line' id='line_1_101' title="bbox 2160 3515 3729 3590; baseline 0.005 -21"><span class='ocrx_word' id='word_1_753' title='bbox 2160 3515 2348 3569; x_wconf 86' lang='lat' dir='ltr'><strong>dicens</strong></span> <span class='ocrx_word' id='word_1_754' title='bbox 2373 3516 2458 3568; x_wconf 83' lang='grc'><strong>⁶⁰;</strong></span> <span class='ocrx_word' id='word_1_755' title='bbox 2499 3538 2516 3567; x_wconf 73' lang='grc' dir='ltr'><strong>ι</strong></span> <span class='ocrx_word' id='word_1_756' title='bbox 2554 3516 2700 3571; x_wconf 86' lang='lat' dir='ltr'><strong>Beati</strong></span> <span class='ocrx_word' id='word_1_757' title='bbox 2743 3518 2934 3581; x_wconf 88' lang='lat' dir='ltr'><strong>mites,</strong></span> <span class='ocrx_word' id='word_1_758' title='bbox 2980 3520 3236 3587; x_wconf 88' lang='lat' dir='ltr'><strong>quoniam</strong></span> <span class='ocrx_word' id='word_1_759' title='bbox 3284 3521 3383 3590; x_wconf 88' lang='lat' dir='ltr'><strong>ipsi</strong></span> <span class='ocrx_word' id='word_1_760' title='bbox 3416 3522 3729 3577; x_wconf 65' lang='lat' dir='ltr'><strong>hmreditate</strong></span> 
     </span>
    </p>
   </div>
   <div class='ocr_carea' id='block_1_102' title="bbox 2159 3608 3727 3681">
    <p class='ocr_par' dir='ltr' id='par_1_102' title="bbox 2159 3608 3727 3681">
     <span class='ocr_line' id='line_1_102' title="bbox 2159 3608 3727 3681; baseline 0.005 -21"><span class='ocrx_word' id='word_1_761' title='bbox 2159 3608 2513 3678; x_wconf 80' lang='lat' dir='ltr'><strong>possidebunt</strong></span> <span class='ocrx_word' id='word_1_762' title='bbox 2566 3619 2780 3663; x_wconf 86' lang='lat' dir='ltr'><strong>terram.</strong></span> <span class='ocrx_word' id='word_1_763' title='bbox 2831 3628 2847 3659; x_wconf 77' lang='grc' dir='ltr'><strong>ι</strong></span> <span class='ocrx_word' id='word_1_764' title='bbox 2893 3610 3027 3663; x_wconf 78' lang='lat' dir='ltr'><strong>Istas</strong></span> <span class='ocrx_word' id='word_1_765' title='bbox 3066 3628 3193 3681; x_wconf 87' lang='lat' dir='ltr'><strong>ergo</strong></span> <span class='ocrx_word' id='word_1_766' title='bbox 3242 3613 3460 3674; x_wconf 87' lang='lat' dir='ltr'><strong>domos,</strong></span> <span class='ocrx_word' id='word_1_767' title='bbox 3503 3615 3545 3667; x_wconf 81' lang='lat' dir='ltr'><strong>si</strong></span> <span class='ocrx_word' id='word_1_768' title='bbox 3591 3616 3727 3669; x_wconf 88' lang='lat' dir='ltr'><strong>forte</strong></span> 
     </span>
    </p>
   </div>
   <div class='ocr_carea' id='block_1_103' title="bbox 2169 3702 3733 3773">
    <p class='ocr_par' dir='ltr' id='par_1_103' title="bbox 2169 3702 3733 3773">
     <span class='ocr_line' id='line_1_103' title="bbox 2169 3702 3733 3773; baseline 0 -18"><span class='ocrx_word' id='word_1_769' title='bbox 2169 3702 2352 3767; x_wconf 89' lang='lat' dir='ltr'><strong>alicui,</strong></span> <span class='ocrx_word' id='word_1_770' title='bbox 2388 3702 2530 3758; x_wconf 92' lang='lat' dir='ltr'><strong>sicut</strong></span> <span class='ocrx_word' id='word_1_771' title='bbox 2587 3718 2752 3773; x_wconf 87' lang='lat' dir='ltr'><strong>supra</strong></span> <span class='ocrx_word' id='word_1_772' title='bbox 2809 3704 3179 3772; x_wconf 79' lang='lat' dir='ltr'><strong>exposuimus,</strong></span> <span class='ocrx_word' id='word_1_773' title='bbox 3233 3702 3415 3772; x_wconf 91' lang='lat' dir='ltr'><strong>lapsus</strong></span> <span class='ocrx_word' id='word_1_774' title='bbox 3454 3704 3733 3766; x_wconf 85' lang='lat' dir='ltr'><strong>acciderit,</strong></span> 
     </span>
    </p>
   </div>
   <div class='ocr_carea' id='block_1_104' title="bbox 2165 3795 3735 3863">
    <p class='ocr_par' dir='ltr' id='par_1_104' title="bbox 2165 3795 3735 3863">
     <span class='ocr_line' id='line_1_104' title="bbox 2165 3795 3735 3863; baseline 0.002 -17"><span class='ocrx_word' id='word_1_775' title='bbox 2165 3807 2379 3862; x_wconf 86' lang='lat' dir='ltr'><strong>semper</strong></span> <span class='ocrx_word' id='word_1_776' title='bbox 2400 3804 2480 3849; x_wconf 89' lang='lat' dir='ltr'><strong>est</strong></span> <span class='ocrx_word' id='word_1_777' title='bbox 2510 3796 2863 3863; x_wconf 80' lang='lat' dir='ltr'><strong>recuperandi</strong></span> <span class='ocrx_word' id='word_1_778' title='bbox 2896 3795 3146 3862; x_wconf 85' lang='lat' dir='ltr'><strong>facultas,</strong></span> <span class='ocrx_word' id='word_1_779' title='bbox 3176 3805 3232 3850; x_wconf 95' lang='lat' dir='ltr'><strong>ut</strong></span> <span class='ocrx_word' id='word_1_780' title='bbox 3259 3795 3404 3848; x_wconf 90' lang='lat' dir='ltr'><strong>verbi</strong></span> <span class='ocrx_word' id='word_1_781' title='bbox 3449 3796 3625 3863; x_wconf 79' lang='lat' dir='ltr'><strong>gratia</strong></span> <span class='ocrx_word' id='word_1_782' title='bbox 3652 3796 3735 3849; x_wconf 84' lang='lat' dir='ltr'><strong>di-</strong></span> 
     </span>
    </p>
   </div>
   <div class='ocr_carea' id='block_1_105' title="bbox 2167 3886 3730 3959">
    <p class='ocr_par' dir='ltr' id='par_1_105' title="bbox 2167 3886 3730 3959">
     <span class='ocr_line' id='line_1_105' title="bbox 2167 3886 3730 3959; baseline 0.001 -20"><span class='ocrx_word' id='word_1_783' title='bbox 2167 3901 2377 3951; x_wconf 91' lang='lat' dir='ltr'><strong>camus,</strong></span> <span class='ocrx_word' id='word_1_784' title='bbox 2410 3888 2454 3941; x_wconf 90' lang='lat' dir='ltr'><strong>si</strong></span> <span class='ocrx_word' id='word_1_785' title='bbox 2487 3902 2584 3941; x_wconf 89' lang='lat' dir='ltr'><strong>nos</strong></span> <span class='ocrx_word' id='word_1_786' title='bbox 2616 3887 2791 3955; x_wconf 85' lang='lat' dir='ltr'><strong>aliqua</strong></span> <span class='ocrx_word' id='word_1_787' title='bbox 2825 3888 2978 3957; x_wconf 89' lang='lat' dir='ltr'><strong>culpa</strong></span> <span class='ocrx_word' id='word_1_788' title='bbox 3012 3887 3258 3941; x_wconf 89' lang='lat' dir='ltr'><strong>mortalis</strong></span> <span class='ocrx_word' id='word_1_789' title='bbox 3301 3886 3564 3941; x_wconf 87' lang='lat' dir='ltr'><strong>invenerit</strong></span> <span class='ocrx_word' id='word_1_790' title='bbox 3596 3887 3730 3959; x_wconf 64' lang='grc' dir='ltr'><strong>(ΞΘ),</strong></span> 
     </span>
    </p>
   </div>
   <div class='ocr_carea' id='block_1_106' title="bbox 2168 3977 3733 4047">
    <p class='ocr_par' dir='ltr' id='par_1_106' title="bbox 2168 3977 3733 4047">
     <span class='ocr_line' id='line_1_106' title="bbox 2168 3977 3733 4047; baseline 0.003 -20"><span class='ocrx_word' id='word_1_791' title='bbox 2168 3991 2287 4043; x_wconf 69' lang='lat' dir='ltr'><strong>qua:</strong></span> <span class='ocrx_word' id='word_1_792' title='bbox 2340 3992 2446 4030; x_wconf 90' lang='lat' dir='ltr'><strong>non</strong></span> <span class='ocrx_word' id='word_1_793' title='bbox 2497 3977 2549 4030; x_wconf 88' lang='lat' dir='ltr'><strong>itt</strong></span> <span class='ocrx_word' id='word_1_794' title='bbox 2591 3979 2819 4031; x_wconf 73' lang='lat' dir='ltr'><strong>crimine</strong></span> <span class='ocrx_word' id='word_1_795' title='bbox 2866 3978 3106 4041; x_wconf 84' lang='lat' dir='ltr'><strong>mortali,</strong></span> <span class='ocrx_word' id='word_1_796' title='bbox 3138 3993 3241 4032; x_wconf 90' lang='lat' dir='ltr'><strong>non</strong></span> <span class='ocrx_word' id='word_1_797' title='bbox 3294 3977 3348 4030; x_wconf 89' lang='lat' dir='ltr'><strong>in</strong></span> <span class='ocrx_word' id='word_1_798' title='bbox 3404 3978 3733 4047; x_wconf 86' lang='lat' dir='ltr'><strong>blasphemia</strong></span> 
     </span>
    </p>
   </div>
   <div class='ocr_carea' id='block_1_107' title="bbox 2170 4067 3733 4139">
    <p class='ocr_par' dir='ltr' id='par_1_107' title="bbox 2170 4067 3733 4139">
     <span class='ocr_line' id='line_1_107' title="bbox 2170 4067 3733 4139; baseline 0.003 -20"><span class='ocrx_word' id='word_1_799' title='bbox 2170 4068 2315 4131; x_wconf 81' lang='lat' dir='ltr'><strong>fidei,</strong></span> <span class='ocrx_word' id='word_1_800' title='bbox 2347 4082 2466 4135; x_wconf 84' lang='lat' dir='ltr'><strong>quae</strong></span> <span class='ocrx_word' id='word_1_801' title='bbox 2517 4082 2671 4121; x_wconf 88' lang='lat' dir='ltr'><strong>umro</strong></span> <span class='ocrx_word' id='word_1_802' title='bbox 2700 4067 3054 4123; x_wconf 85' lang='lat' dir='ltr'><strong>ecclesiastici</strong></span> <span class='ocrx_word' id='word_1_803' title='bbox 3090 4078 3144 4122; x_wconf 92' lang='lat' dir='ltr'><strong>et</strong></span> <span class='ocrx_word' id='word_1_804' title='bbox 3194 4068 3474 4138; x_wconf 87' lang='lat' dir='ltr'><strong>apostolici</strong></span> <span class='ocrx_word' id='word_1_805' title='bbox 3510 4070 3733 4139; x_wconf 75' lang='lat' dir='ltr'><strong>dogma-</strong></span> 
     </span>
    </p>
   </div>
   <div class='ocr_carea' id='block_1_108' title="bbox 2264 4214 3729 4282">
    <p class='ocr_par' dir='ltr' id='par_1_108' title="bbox 2264 4214 3729 4282">
     <span class='ocr_line' id='line_1_108' title="bbox 2264 4214 3729 4282; baseline 0.001 -12"><span class='ocrx_word' id='word_1_806' title='bbox 2264 4215 2309 4246; x_wconf 80' lang='grc'><strong>⁵⁸</strong></span> <span class='ocrx_word' id='word_1_807' title='bbox 2335 4214 2506 4270; x_wconf 82' lang='lat' dir='ltr'><strong>Exod.</strong></span> <span class='ocrx_word' id='word_1_808' title='bbox 2542 4214 2685 4279; x_wconf 54' lang='lat' dir='ltr'><strong>tﬂl.</strong></span> <span class='ocrx_word' id='word_1_809' title='bbox 2759 4214 2802 4244; x_wconf 81' lang='grc'><strong>⁸⁷</strong></span> <span class='ocrx_word' id='word_1_810' title='bbox 2825 4215 2863 4268; x_wconf 90' lang='lat' dir='ltr'><strong>ll</strong></span> <span class='ocrx_word' id='word_1_811' title='bbox 2887 4217 3075 4281; x_wconf 63' lang='lat' dir='ltr'><strong>Conv,</strong></span> <span class='ocrx_word' id='word_1_812' title='bbox 3095 4215 3147 4272; x_wconf 79' lang='lat' dir='ltr'><strong>l.</strong></span> <span class='ocrx_word' id='word_1_813' title='bbox 3221 4214 3269 4246; x_wconf 81' lang='grc'><strong>⁸⁸</strong></span> <span class='ocrx_word' id='word_1_814' title='bbox 3292 4215 3466 4269; x_wconf 83' lang='lat' dir='ltr'><strong>Levit.</strong></span> <span class='ocrx_word' id='word_1_815' title='bbox 3492 4231 3618 4282; x_wconf 80' lang='lat' dir='ltr'><strong>xxv,</strong></span> <span class='ocrx_word' id='word_1_816' title='bbox 3639 4217 3729 4271; x_wconf 74' lang='lat'><strong>28.</strong></span> 
     </span>
    </p>
   </div>
   <div class='ocr_carea' id='block_1_109' title="bbox 2161 4398 3722 4467">
    <p class='ocr_par' dir='ltr' id='par_1_109' title="bbox 2161 4398 3722 4467">
     <span class='ocr_line' id='line_1_109' title="bbox 2161 4398 3722 4467; baseline 0.002 -18"><span class='ocrx_word' id='word_1_817' title='bbox 2161 4405 2210 4450; x_wconf 82' lang='lat' dir='ltr'><strong>ta</strong></span> <span class='ocrx_word' id='word_1_818' title='bbox 2236 4414 2354 4466; x_wconf 79' lang='lat' dir='ltr'><strong>quze</strong></span> <span class='ocrx_word' id='word_1_819' title='bbox 2390 4398 2701 4467; x_wconf 85' lang='lat' dir='ltr'><strong>frequenter</strong></span> <span class='ocrx_word' id='word_1_820' title='bbox 2724 4398 3076 4465; x_wconf 79' lang='lat' dir='ltr'><strong>incurrimus,</strong></span> <span class='ocrx_word' id='word_1_821' title='bbox 3102 4412 3318 4466; x_wconf 89' lang='lat' dir='ltr'><strong>semper</strong></span> <span class='ocrx_word' id='word_1_822' title='bbox 3348 4399 3722 4466; x_wconf 72' lang='lat' dir='ltr'><strong>paenitentiam</strong></span> 
     </span>
    </p>
   </div>
   <div class='ocr_carea' id='block_1_110' title="bbox 2090 4460 3731 4537">
    <p class='ocr_par' dir='ltr' id='par_1_110' title="bbox 2090 4460 3731 4537">
     <span class='ocr_line' id='line_1_110' title="bbox 2090 4460 3731 4537; baseline 0 -16"><span class='ocrx_word' id='word_1_823' title='bbox 2090 4460 2132 4512; x_wconf 76' lang='grc' dir='ltr'><strong>Ι)</strong></span> <span class='ocrx_word' id='word_1_824' title='bbox 2164 4460 2452 4537; x_wconf 85' lang='lat' dir='ltr'><strong>recipiunt,</strong></span> <span class='ocrx_word' id='word_1_825' title='bbox 2486 4460 2541 4521; x_wconf 76' lang='lat' dir='ltr'><strong>et</strong></span> <span class='ocrx_word' id='word_1_826' title='bbox 2570 4470 2686 4523; x_wconf 87' lang='lat' dir='ltr'><strong>sine</strong></span> <span class='ocrx_word' id='word_1_827' title='bbox 2740 4460 3143 4537; x_wconf 79' lang='lat' dir='ltr'><strong>intermissione</strong></span> <span class='ocrx_word' id='word_1_828' title='bbox 3196 4460 3554 4521; x_wconf 78' lang='lat' dir='ltr'><strong>redimuntur.</strong></span> <span class='ocrx_word' id='word_1_829' title='bbox 3592 4487 3611 4520; x_wconf 76' lang='grc' dir='ltr'><strong>ι</strong></span> <span class='ocrx_word' id='word_1_830' title='bbox 3663 4472 3731 4522; x_wconf 86' lang='lat' dir='ltr'><strong>At</strong></span> 
     </span>
    </p>
   </div>
   <div class='ocr_carea' id='block_1_111' title="bbox 2163 4536 3727 4607">
    <p class='ocr_par' dir='ltr' id='par_1_111' title="bbox 2163 4536 3727 4607">
     <span class='ocr_line' id='line_1_111' title="bbox 2163 4536 3727 4607; baseline 0.002 -20"><span class='ocrx_word' id='word_1_831' title='bbox 2163 4552 2291 4591; x_wconf 90' lang='lat' dir='ltr'><strong>vero</strong></span> <span class='ocrx_word' id='word_1_832' title='bbox 2314 4539 2433 4607; x_wconf 91' lang='lat' dir='ltr'><strong>quis</strong></span> <span class='ocrx_word' id='word_1_833' title='bbox 2474 4539 2737 4591; x_wconf 89' lang='lat' dir='ltr'><strong>tantillum</strong></span> <span class='ocrx_word' id='word_1_834' title='bbox 2766 4538 2817 4591; x_wconf 90' lang='lat' dir='ltr'><strong>in</strong></span> <span class='ocrx_word' id='word_1_835' title='bbox 2856 4540 3087 4592; x_wconf 90' lang='lat' dir='ltr'><strong>lectione</strong></span> <span class='ocrx_word' id='word_1_836' title='bbox 3126 4536 3345 4589; x_wconf 86' lang='lat' dir='ltr'><strong>Patrum</strong></span> <span class='ocrx_word' id='word_1_837' title='bbox 3376 4548 3623 4591; x_wconf 84' lang='lat' dir='ltr'><strong>versatus</strong></span> <span class='ocrx_word' id='word_1_838' title='bbox 3678 4547 3727 4591; x_wconf 87' lang='lat' dir='ltr'><strong>in</strong></span> 
     </span>
    </p>
   </div>
   <div class='ocr_carea' id='block_1_112' title="bbox 2159 4606 3727 4662">
    <p class='ocr_par' dir='ltr' id='par_1_112' title="bbox 2159 4606 3727 4662">
     <span class='ocr_line' id='line_1_112' title="bbox 2159 4606 3727 4662; baseline 0.001 -5"><span class='ocrx_word' id='word_1_839' title='bbox 2159 4606 2399 4659; x_wconf 82' lang='lat' dir='ltr'><strong>animum</strong></span> <span class='ocrx_word' id='word_1_840' title='bbox 2436 4608 2536 4661; x_wconf 87' lang='lat' dir='ltr'><strong>sibi</strong></span> <span class='ocrx_word' id='word_1_841' title='bbox 2586 4609 2802 4661; x_wconf 88' lang='lat' dir='ltr'><strong>inducat</strong></span> <span class='ocrx_word' id='word_1_842' title='bbox 2862 4609 3024 4662; x_wconf 85' lang='lat' dir='ltr'><strong>tertio</strong></span> <span class='ocrx_word' id='word_1_843' title='bbox 3075 4608 3328 4661; x_wconf 64' lang='lat' dir='ltr'><strong>Ecclesia!</strong></span> <span class='ocrx_word' id='word_1_844' title='bbox 3374 4608 3572 4661; x_wconf 74' lang='lat' dir='ltr'><strong>Sa&#39;culo</strong></span> <span class='ocrx_word' id='word_1_845' title='bbox 3623 4619 3727 4661; x_wconf 79' lang='lat' dir='ltr'><strong>tam</strong></span> 
     </span>
    </p>
   </div>
   <div class='ocr_carea' id='block_1_113' title="bbox 2158 4676 3731 4745">
    <p class='ocr_par' dir='ltr' id='par_1_113' title="bbox 2158 4676 3731 4745">
     <span class='ocr_line' id='line_1_113' title="bbox 2158 4676 3731 4745; baseline 0.003 -20"><span class='ocrx_word' id='word_1_846' title='bbox 2158 4676 2371 4745; x_wconf 74' lang='lat' dir='ltr'><strong>facilem</strong></span> <span class='ocrx_word' id='word_1_847' title='bbox 2411 4678 2576 4730; x_wconf 87' lang='lat' dir='ltr'><strong>fuisse</strong></span> <span class='ocrx_word' id='word_1_848' title='bbox 2606 4688 2949 4745; x_wconf 78' lang='lat' dir='ltr'><strong>peccatorum</strong></span> <span class='ocrx_word' id='word_1_849' title='bbox 2981 4677 3262 4731; x_wconf 84' lang='lat' dir='ltr'><strong>lethalium</strong></span> <span class='ocrx_word' id='word_1_850' title='bbox 3308 4678 3677 4730; x_wconf 85' lang='lat' dir='ltr'><strong>remissionem</strong></span> <span class='ocrx_word' id='word_1_851' title='bbox 3708 4677 3731 4730; x_wconf 70' lang='lat' dir='ltr'><strong>i</strong></span> 
     </span>
    </p>
   </div>
   <div class='ocr_carea' id='block_1_114' title="bbox 2156 4744 3726 4813">
    <p class='ocr_par' dir='ltr' id='par_1_114' title="bbox 2156 4744 3726 4813">
     <span class='ocr_line' id='line_1_114' title="bbox 2156 4744 3726 4813; baseline 0 -16"><span class='ocrx_word' id='word_1_852' title='bbox 2156 4744 2213 4797; x_wconf 75' lang='lat'><strong>5-</strong></span> <span class='ocrx_word' id='word_1_853' title='bbox 2244 4746 2457 4799; x_wconf 88' lang='lat' dir='ltr'><strong>Addere</strong></span> <span class='ocrx_word' id='word_1_854' title='bbox 2483 4744 2692 4813; x_wconf 79' lang='lat' dir='ltr'><strong>poterat</strong></span> <span class='ocrx_word' id='word_1_855' title='bbox 2722 4748 3015 4811; x_wconf 80' lang='lat' dir='ltr'><strong>Arnaldus,</strong></span> <span class='ocrx_word' id='word_1_856' title='bbox 3061 4750 3114 4799; x_wconf 88' lang='lat' dir='ltr'><strong>itt</strong></span> <span class='ocrx_word' id='word_1_857' title='bbox 3143 4747 3383 4800; x_wconf 87' lang='lat' dir='ltr'><strong>editione</strong></span> <span class='ocrx_word' id='word_1_858' title='bbox 3409 4746 3726 4809; x_wconf 77' lang='lat' dir='ltr'><strong>Basilreusi,</strong></span> 
     </span>
    </p>
   </div>
   <div class='ocr_carea' id='block_1_115' title="bbox 2156 4816 3723 4877">
    <p class='ocr_par' dir='ltr' id='par_1_115' title="bbox 2156 4816 3723 4877">
     <span class='ocr_line' id='line_1_115' title="bbox 2156 4816 3723 4877; baseline -0.001 -10"><span class='ocrx_word' id='word_1_859' title='bbox 2156 4828 2210 4867; x_wconf 91' lang='lat' dir='ltr'><strong>et</strong></span> <span class='ocrx_word' id='word_1_860' title='bbox 2238 4817 2287 4867; x_wconf 91' lang='lat' dir='ltr'><strong>in</strong></span> <span class='ocrx_word' id='word_1_861' title='bbox 2316 4816 2484 4869; x_wconf 87' lang='lat' dir='ltr'><strong>altera</strong></span> <span class='ocrx_word' id='word_1_862' title='bbox 2516 4816 2713 4870; x_wconf 65' lang='lat' dir='ltr'><strong>Grinmi</strong></span> <span class='ocrx_word' id='word_1_863' title='bbox 2749 4818 2923 4871; x_wconf 83' lang='lat' dir='ltr'><strong>locum</strong></span> <span class='ocrx_word' id='word_1_864' title='bbox 2964 4831 3085 4870; x_wconf 87' lang='lat' dir='ltr'><strong>esse</strong></span> <span class='ocrx_word' id='word_1_865' title='bbox 3115 4818 3300 4869; x_wconf 88' lang='lat' dir='ltr'><strong>datum</strong></span> <span class='ocrx_word' id='word_1_866' title='bbox 3333 4816 3454 4867; x_wconf 91' lang='lat' dir='ltr'><strong>huic</strong></span> <span class='ocrx_word' id='word_1_867' title='bbox 3487 4816 3723 4877; x_wconf 88' lang='lat' dir='ltr'><strong>lectioni,</strong></span> 
     </span>
    </p>
   </div>
   <div class='ocr_carea' id='block_1_116' title="bbox 2170 4884 3726 4953">
    <p class='ocr_par' dir='ltr' id='par_1_116' title="bbox 2170 4884 3726 4953">
     <span class='ocr_line' id='line_1_116' title="bbox 2170 4884 3726 4953; baseline 0.003 -19"><span class='ocrx_word' id='word_1_868' title='bbox 2170 4900 2188 4933; x_wconf 80' lang='grc' dir='ltr'><strong>ι</strong></span> <span class='ocrx_word' id='word_1_869' title='bbox 2224 4886 2268 4937; x_wconf 84' lang='lat' dir='ltr'><strong>si</strong></span> <span class='ocrx_word' id='word_1_870' title='bbox 2295 4900 2393 4938; x_wconf 88' lang='lat' dir='ltr'><strong>nos</strong></span> <span class='ocrx_word' id='word_1_871' title='bbox 2415 4885 2594 4953; x_wconf 88' lang='lat' dir='ltr'><strong>aliqua</strong></span> <span class='ocrx_word' id='word_1_872' title='bbox 2638 4886 2794 4952; x_wconf 88' lang='lat' dir='ltr'><strong>culpa</strong></span> <span class='ocrx_word' id='word_1_873' title='bbox 2824 4887 3044 4940; x_wconf 88' lang='lat' dir='ltr'><strong>moralis</strong></span> <span class='ocrx_word' id='word_1_874' title='bbox 3072 4884 3361 4944; x_wconf 89' lang='lat' dir='ltr'><strong>invenerit,</strong></span> <span class='ocrx_word' id='word_1_875' title='bbox 3402 4903 3421 4935; x_wconf 70' lang='grc' dir='ltr'><strong>ι</strong></span> <span class='ocrx_word' id='word_1_876' title='bbox 3452 4894 3559 4939; x_wconf 89' lang='lat' dir='ltr'><strong>etc.</strong></span> <span class='ocrx_word' id='word_1_877' title='bbox 3629 4884 3726 4938; x_wconf 79' lang='lat' dir='ltr'><strong>Ve—</strong></span> 
     </span>
    </p>
   </div>
   <div class='ocr_carea' id='block_1_117' title="bbox 2156 4954 3729 5009">
    <p class='ocr_par' dir='ltr' id='par_1_117' title="bbox 2156 4954 3729 5009">
     <span class='ocr_line' id='line_1_117' title="bbox 2156 4954 3729 5009; baseline 0.002 -4"><span class='ocrx_word' id='word_1_878' title='bbox 2156 4968 2272 5006; x_wconf 91' lang='lat' dir='ltr'><strong>rum</strong></span> <span class='ocrx_word' id='word_1_879' title='bbox 2312 4954 2440 5009; x_wconf 88' lang='lat' dir='ltr'><strong>licet</strong></span> <span class='ocrx_word' id='word_1_880' title='bbox 2474 4956 2605 5009; x_wconf 88' lang='lat' dir='ltr'><strong>mihi</strong></span> <span class='ocrx_word' id='word_1_881' title='bbox 2643 4956 2869 5009; x_wconf 90' lang='lat' dir='ltr'><strong>multum</strong></span> <span class='ocrx_word' id='word_1_882' title='bbox 2898 4954 3453 5009; x_wconf 81' lang='lat' dir='ltr'><strong>arrideatArnaldina</strong></span> <span class='ocrx_word' id='word_1_883' title='bbox 3512 4966 3729 5008; x_wconf 84' lang='lat' dir='ltr'><strong>correc-</strong></span> 
     </span>
    </p>
   </div>
   <div class='ocr_carea' id='block_1_118' title="bbox 2156 5023 3728 5092">
    <p class='ocr_par' dir='ltr' id='par_1_118' title="bbox 2156 5023 3728 5092">
     <span class='ocr_line' id='line_1_118' title="bbox 2156 5023 3728 5092; baseline 0.001 -18"><span class='ocrx_word' id='word_1_884' title='bbox 2156 5024 2252 5087; x_wconf 92' lang='lat' dir='ltr'><strong>tio,</strong></span> <span class='ocrx_word' id='word_1_885' title='bbox 2287 5026 2575 5091; x_wconf 76' lang='lat' dir='ltr'><strong>quentinus</strong></span> <span class='ocrx_word' id='word_1_886' title='bbox 2636 5035 2816 5078; x_wconf 87' lang='lat' dir='ltr'><strong>tamen</strong></span> <span class='ocrx_word' id='word_1_887' title='bbox 2847 5040 2967 5078; x_wconf 89' lang='lat' dir='ltr'><strong>eam</strong></span> <span class='ocrx_word' id='word_1_888' title='bbox 3028 5039 3246 5092; x_wconf 87' lang='lat' dir='ltr'><strong>sequar,</strong></span> <span class='ocrx_word' id='word_1_889' title='bbox 3310 5023 3477 5076; x_wconf 89' lang='lat' dir='ltr'><strong>multa</strong></span> <span class='ocrx_word' id='word_1_890' title='bbox 3546 5025 3728 5077; x_wconf 86' lang='lat' dir='ltr'><strong>deter-</strong></span> 
     </span>
    </p>
   </div>
   <div class='ocr_carea' id='block_1_119' title="bbox 2158 5093 3722 5163">
    <p class='ocr_par' dir='ltr' id='par_1_119' title="bbox 2158 5093 3722 5163">
     <span class='ocr_line' id='line_1_119' title="bbox 2158 5093 3722 5163; baseline 0.001 -19"><span class='ocrx_word' id='word_1_891' title='bbox 2158 5104 2279 5163; x_wconf 79' lang='lat' dir='ltr'><strong>rent</strong></span> <span class='ocrx_word' id='word_1_892' title='bbox 2308 5109 2321 5145; x_wconf 90' lang='lat'><strong>:</strong></span> <span class='ocrx_word' id='word_1_893' title='bbox 2358 5096 2411 5147; x_wconf 80' lang='lat' dir='ltr'><strong>l°</strong></span> <span class='ocrx_word' id='word_1_894' title='bbox 2435 5093 2588 5147; x_wconf 81' lang='lat' dir='ltr'><strong>Nulla</strong></span> <span class='ocrx_word' id='word_1_895' title='bbox 2620 5098 3110 5163; x_wconf 88' lang='lat' dir='ltr'><strong>manuscriptorum</strong></span> <span class='ocrx_word' id='word_1_896' title='bbox 3157 5096 3484 5163; x_wconf 88' lang='lat' dir='ltr'><strong>auctoritate</strong></span> <span class='ocrx_word' id='word_1_897' title='bbox 3510 5094 3722 5147; x_wconf 90' lang='lat' dir='ltr'><strong>nititur.</strong></span> 
     </span>
    </p>
   </div>
   <div class='ocr_carea' id='block_1_120' title="bbox 2155 5161 3723 5233">
    <p class='ocr_par' dir='ltr' id='par_1_120' title="bbox 2155 5161 3723 5233">
     <span class='ocr_line' id='line_1_120' title="bbox 2155 5161 3723 5233; baseline 0 -20"><span class='ocrx_word' id='word_1_898' title='bbox 2155 5161 2213 5213; x_wconf 74' lang='lat'><strong>2°</strong></span> <span class='ocrx_word' id='word_1_899' title='bbox 2246 5164 2303 5216; x_wconf 86' lang='lat' dir='ltr'><strong>Si</strong></span> <span class='ocrx_word' id='word_1_900' title='bbox 2333 5164 2493 5218; x_wconf 90' lang='lat' dir='ltr'><strong>lectio</strong></span> <span class='ocrx_word' id='word_1_901' title='bbox 2519 5180 2639 5233; x_wconf 86' lang='lat' dir='ltr'><strong>quae</strong></span> <span class='ocrx_word' id='word_1_902' title='bbox 2666 5161 2915 5219; x_wconf 74' lang='lat' dir='ltr'><strong>Arnaldd</strong></span> <span class='ocrx_word' id='word_1_903' title='bbox 2940 5164 3264 5233; x_wconf 89' lang='lat' dir='ltr'><strong>displicebat</strong></span> <span class='ocrx_word' id='word_1_904' title='bbox 3301 5162 3598 5231; x_wconf 87' lang='lat' dir='ltr'><strong>rejicienda</strong></span> <span class='ocrx_word' id='word_1_905' title='bbox 3645 5166 3723 5214; x_wconf 81' lang='lat' dir='ltr'><strong>t‘o-</strong></span> 
     </span>
    </p>
   </div>
   <div class='ocr_carea' id='block_1_121' title="bbox 2158 5233 3725 5302">
    <p class='ocr_par' dir='ltr' id='par_1_121' title="bbox 2158 5233 3725 5302">
     <span class='ocr_line' id='line_1_121' title="bbox 2158 5233 3725 5302; baseline 0 -18"><span class='ocrx_word' id='word_1_906' title='bbox 2158 5243 2261 5295; x_wconf 87' lang='lat' dir='ltr'><strong>ret,</strong></span> <span class='ocrx_word' id='word_1_907' title='bbox 2297 5233 2569 5287; x_wconf 89' lang='lat' dir='ltr'><strong>lubentius</strong></span> <span class='ocrx_word' id='word_1_908' title='bbox 2628 5234 2991 5300; x_wconf 79' lang='lat' dir='ltr'><strong>amplecterer</strong></span> <span class='ocrx_word' id='word_1_909' title='bbox 3017 5235 3243 5287; x_wconf 81' lang='lat' dir='ltr'><strong>alterunt</strong></span> <span class='ocrx_word' id='word_1_910' title='bbox 3274 5249 3436 5302; x_wconf 89' lang='lat' dir='ltr'><strong>quam</strong></span> <span class='ocrx_word' id='word_1_911' title='bbox 3484 5244 3725 5301; x_wconf 89' lang='lat' dir='ltr'><strong>quatuor</strong></span> 
     </span>
    </p>
   </div>
   <div class='ocr_carea' id='block_1_122' title="bbox 2153 5302 3721 5373">
    <p class='ocr_par' dir='ltr' id='par_1_122' title="bbox 2153 5302 3721 5373">
     <span class='ocr_line' id='line_1_122' title="bbox 2153 5302 3721 5373; baseline 0.002 -23"><span class='ocrx_word' id='word_1_912' title='bbox 2153 5317 2289 5368; x_wconf 84' lang='lat' dir='ltr'><strong>quos</strong></span> <span class='ocrx_word' id='word_1_913' title='bbox 2306 5304 2574 5367; x_wconf 75' lang='lat' dir='ltr'><strong>consului,</strong></span> <span class='ocrx_word' id='word_1_914' title='bbox 2604 5305 2959 5373; x_wconf 89' lang='lat' dir='ltr'><strong>manuscripti</strong></span> <span class='ocrx_word' id='word_1_915' title='bbox 2996 5304 3231 5367; x_wconf 88' lang='lat' dir='ltr'><strong>codices,</strong></span> <span class='ocrx_word' id='word_1_916' title='bbox 3256 5317 3393 5356; x_wconf 92' lang='lat' dir='ltr'><strong>unus</strong></span> <span class='ocrx_word' id='word_1_917' title='bbox 3412 5302 3721 5365; x_wconf 80' lang='lat' dir='ltr'><strong>Becceusis,</strong></span> 
     </span>
    </p>
   </div>
   <div class='ocr_carea' id='block_1_123' title="bbox 2154 5372 3720 5441">
    <p class='ocr_par' dir='ltr' id='par_1_123' title="bbox 2154 5372 3720 5441">
     <span class='ocr_line' id='line_1_123' title="bbox 2154 5372 3720 5441; baseline 0.002 -20"><span class='ocrx_word' id='word_1_918' title='bbox 2154 5372 2296 5441; x_wconf 80' lang='lat' dir='ltr'><strong>alter</strong></span> <span class='ocrx_word' id='word_1_919' title='bbox 2340 5373 2755 5441; x_wconf 86' lang='lat' dir='ltr'><strong>Gemeticensis,</strong></span> <span class='ocrx_word' id='word_1_920' title='bbox 2817 5372 3008 5429; x_wconf 84' lang='lat' dir='ltr'><strong>tertius</strong></span> <span class='ocrx_word' id='word_1_921' title='bbox 3067 5373 3443 5435; x_wconf 69' lang='lat' dir='ltr'><strong>tladomensis,</strong></span> <span class='ocrx_word' id='word_1_922' title='bbox 3492 5380 3720 5441; x_wconf 88' lang='lat' dir='ltr'><strong>quartus</strong></span> 
     </span>
    </p>
   </div>
   <div class='ocr_carea' id='block_1_124' title="bbox 2154 5440 3717 5511">
    <p class='ocr_par' dir='ltr' id='par_1_124' title="bbox 2154 5440 3717 5511">
     <span class='ocr_line' id='line_1_124' title="bbox 2154 5440 3717 5511; baseline 0.001 -17"><span class='ocrx_word' id='word_1_923' title='bbox 2154 5440 2642 5511; x_wconf 82' lang='lat' dir='ltr'><strong>Saugermanensis</strong></span> <span class='ocrx_word' id='word_1_924' title='bbox 2671 5457 2752 5498; x_wconf 91' lang='lat' dir='ltr'><strong>sat</strong></span> <span class='ocrx_word' id='word_1_925' title='bbox 2782 5461 2988 5509; x_wconf 88' lang='lat' dir='ltr'><strong>recens,</strong></span> <span class='ocrx_word' id='word_1_926' title='bbox 3024 5444 3279 5497; x_wconf 85' lang='lat' dir='ltr'><strong>exhibent</strong></span> <span class='ocrx_word' id='word_1_927' title='bbox 3330 5441 3443 5511; x_wconf 85' lang='lat' dir='ltr'><strong>his</strong></span> <span class='ocrx_word' id='word_1_928' title='bbox 3466 5440 3650 5495; x_wconf 79' lang='lat' dir='ltr'><strong>verbis</strong></span> <span class='ocrx_word' id='word_1_929' title='bbox 3702 5456 3717 5495; x_wconf 92' lang='lat'><strong>:</strong></span> 
     </span>
    </p>
   </div>
   <div class='ocr_carea' id='block_1_125' title="bbox 2158 5509 3719 5582">
    <p class='ocr_par' dir='ltr' id='par_1_125' title="bbox 2158 5509 3719 5582">
     <span class='ocr_line' id='line_1_125' title="bbox 2158 5509 3719 5582; baseline 0.001 -23"><span class='ocrx_word' id='word_1_930' title='bbox 2158 5527 2176 5559; x_wconf 74' lang='grc' dir='ltr'><strong>ι</strong></span> <span class='ocrx_word' id='word_1_931' title='bbox 2211 5509 2483 5580; x_wconf 50' lang='grc' dir='ltr'>διιηιψω</span> <span class='ocrx_word' id='word_1_932' title='bbox 2517 5516 2668 5582; x_wconf 86' lang='lat' dir='ltr'><strong>culpa</strong></span> <span class='ocrx_word' id='word_1_933' title='bbox 2704 5516 2994 5576; x_wconf 90' lang='lat' dir='ltr'><strong>invenitur,</strong></span> <span class='ocrx_word' id='word_1_934' title='bbox 3040 5529 3142 5567; x_wconf 91' lang='lat' dir='ltr'><strong>non</strong></span> <span class='ocrx_word' id='word_1_935' title='bbox 3188 5513 3240 5565; x_wconf 92' lang='lat' dir='ltr'><strong>in</strong></span> <span class='ocrx_word' id='word_1_936' title='bbox 3288 5509 3522 5582; x_wconf 89' lang='lat' dir='ltr'><strong>crimine</strong></span> <span class='ocrx_word' id='word_1_937' title='bbox 3575 5526 3719 5565; x_wconf 91' lang='lat' dir='ltr'><strong>mor-</strong></span> 
     </span>
    </p>
   </div>
   <div class='ocr_carea' id='block_1_126' title="bbox 2157 5581 3716 5649">
    <p class='ocr_par' dir='ltr' id='par_1_126' title="bbox 2157 5581 3716 5649">
     <span class='ocr_line' id='line_1_126' title="bbox 2157 5581 3716 5649; baseline 0.001 -18"><span class='ocrx_word' id='word_1_938' title='bbox 2157 5584 2268 5635; x_wconf 90' lang='lat' dir='ltr'><strong>tali.</strong></span> <span class='ocrx_word' id='word_1_939' title='bbox 2305 5601 2323 5633; x_wconf 76' lang='grc' dir='ltr'><strong>ι</strong></span> <span class='ocrx_word' id='word_1_940' title='bbox 2355 5584 2425 5636; x_wconf 86' lang='lat' dir='ltr'><strong>lbi</strong></span> <span class='ocrx_word' id='word_1_941' title='bbox 2458 5599 2555 5637; x_wconf 90' lang='lat' dir='ltr'><strong>nec</strong></span> <span class='ocrx_word' id='word_1_942' title='bbox 2594 5581 2759 5637; x_wconf 81' lang='lat' dir='ltr'><strong>moral</strong></span> <span class='ocrx_word' id='word_1_943' title='bbox 2785 5603 2829 5647; x_wconf 74' lang='grc' dir='ltr'><strong>δ,</strong></span> <span class='ocrx_word' id='word_1_944' title='bbox 2859 5601 2957 5637; x_wconf 88' lang='lat' dir='ltr'><strong>ttee</strong></span> <span class='ocrx_word' id='word_1_945' title='bbox 2997 5584 3235 5635; x_wconf 74' lang='lat' dir='ltr'><strong>mortalis</strong></span> <span class='ocrx_word' id='word_1_946' title='bbox 3294 5581 3451 5649; x_wconf 84' lang='lat' dir='ltr'><strong>culpa</strong></span> <span class='ocrx_word' id='word_1_947' title='bbox 3482 5581 3716 5648; x_wconf 80' lang='lat' dir='ltr'><strong>opponi-</strong></span> 
     </span>
    </p>
   </div>
   <div class='ocr_carea' id='block_1_127' title="bbox 2151 5652 3713 5721">
    <p class='ocr_par' dir='ltr' id='par_1_127' title="bbox 2151 5652 3713 5721">
     <span class='ocr_line' id='line_1_127' title="bbox 2151 5652 3713 5721; baseline 0.001 -20"><span class='ocrx_word' id='word_1_948' title='bbox 2151 5657 2238 5703; x_wconf 92' lang='lat' dir='ltr'><strong>tur</strong></span> <span class='ocrx_word' id='word_1_949' title='bbox 2263 5653 2469 5704; x_wconf 85' lang='lat' dir='ltr'><strong>crimiui</strong></span> <span class='ocrx_word' id='word_1_950' title='bbox 2514 5655 2741 5705; x_wconf 85' lang='lat' dir='ltr'><strong>mortali.</strong></span> <span class='ocrx_word' id='word_1_951' title='bbox 2776 5656 2845 5707; x_wconf 83' lang='lat' dir='ltr'><strong>At</strong></span> <span class='ocrx_word' id='word_1_952' title='bbox 2893 5652 3223 5721; x_wconf 86' lang='lat' dir='ltr'><strong>suspicionis</strong></span> <span class='ocrx_word' id='word_1_953' title='bbox 3274 5662 3452 5705; x_wconf 87' lang='lat' dir='ltr'><strong>notam</strong></span> <span class='ocrx_word' id='word_1_954' title='bbox 3501 5665 3609 5717; x_wconf 58' lang='lat' dir='ltr'><strong>prae</strong></span> <span class='ocrx_word' id='word_1_955' title='bbox 3652 5664 3713 5702; x_wconf 90' lang='lat' dir='ltr'><strong>se</strong></span> 
     </span>
    </p>
   </div>
   <div class='ocr_carea' id='block_1_128' title="bbox 2150 5722 3712 5792">
    <p class='ocr_par' dir='ltr' id='par_1_128' title="bbox 2150 5722 3712 5792">
     <span class='ocr_line' id='line_1_128' title="bbox 2150 5722 3712 5792; baseline 0.002 -21"><span class='ocrx_word' id='word_1_956' title='bbox 2150 5722 2254 5777; x_wconf 83' lang='lat' dir='ltr'><strong>fert</strong></span> <span class='ocrx_word' id='word_1_957' title='bbox 2283 5723 2547 5792; x_wconf 89' lang='lat' dir='ltr'><strong>ejusmodi</strong></span> <span class='ocrx_word' id='word_1_958' title='bbox 2583 5723 2740 5777; x_wconf 88' lang='lat' dir='ltr'><strong>lectio</strong></span> <span class='ocrx_word' id='word_1_959' title='bbox 2796 5739 2825 5777; x_wconf 92' lang='lat' dir='ltr'><strong>e</strong></span> <span class='ocrx_word' id='word_1_960' title='bbox 2864 5735 3095 5791; x_wconf 84' lang='lat' dir='ltr'><strong>quatuor</strong></span> <span class='ocrx_word' id='word_1_961' title='bbox 3154 5723 3275 5777; x_wconf 87' lang='lat' dir='ltr'><strong>licet</strong></span> <span class='ocrx_word' id='word_1_962' title='bbox 3326 5722 3712 5788; x_wconf 78' lang='lat' dir='ltr'><strong>manuscriptis</strong></span> 
     </span>
    </p>
   </div>
  </div>
