4086 6218
428 338 528 393 filii

1558 328 1622 381 ΙΝ
1666 321 2036 379 LEV'l'l‘lCUM
2079 318 2361 376 HOMILIA
2399 316 2535 372 XVI.

3563 313 3668 370 56‘).

433 461 503 513 tis
530 460 707 513 cincta
738 466 840 517 est,
870 456 967 510 sed
1001 455 1079 509 vel
1123 455 1176 507 in
1204 449 1474 507 sermonis
1507 450 1643 521 (2'7),
1680 451 1760 503 vel
1793 449 1844 503 in
1882 462 1999 502 mo-
2031 455 2076 510 Α
2106 459 2282 498 rerum
2319 442 2622 494 futurarum
2646 439 2713 501 “,
2735 453 2838 491 non
2870 438 3063 505 quibus
3089 443 3441 505 arguerentur
3465 433 3665 487 delicta

433 570 554 607 rum
580 552 713 604 vitio
738 550 1048 604 consistat:
1107 548 1206 599 hoc
1254 554 1337 599 est
1393 544 1698 599 vendidisse
1755 542 1995 602 domum,

433 657 554 711 qum
586 642 637 694 in
673 656 805 710 agro
839 648 941 703 est,
978 638 1059 690 vel
1089 638 1140 690 in
1170 637 1291 690 vico
1338 636 1424 689 cui
1491 650 1680 688 murus
1738 648 1845 686 non
1892 640 1996 684 est.

435 729 562 783 Hmc
619 743 749 797 ergo
787 727 1025 780 venditio
1060 733 1117 778 et
1168 723 1541 790 hujuscemodi
1580 722 1734 787 culpa
1786 735 2001 789 semper

438 820 679 887 reparari
713 827 910 887 potest,
945 832 1043 871 nec
1066 815 1360 885 aliquando
1399 815 1493 868 tibi
1542 812 1885 867 interdicitur
1934 812 1999 864 de

430 912 738 967 eummissis
766 908 1075 980 hujusmodi
1112 908 1505 973 paenitudinem
1541 920 1723 975 agere.
1775 907 1826 958 ln
1869 919 1996 973 gra-

428 1001 675 1055 vioribus
708 1000 858 1053 enim
893 996 1215 1052 criminibus
1239 995 1406 1051 semel
1454 1004 1661 1049 tantum
1730 994 1999 1065 paeniten-

427 1092 517 1145 tiae
553 1090 667 1160 (ιε)
717 1089 1041 1144 conceditur
1086 1088 1286 1153 locus;
1336 1088 1434 1141 ista
1480 1102 1608 1141 vero
1668 1086 1992 1147 communia,

418 1197 549 1251 quae
576 1181 888 1249 frequenter
943 1178 1313 1244 incurrimus,
1358 1192 1571 1246 semper
1623 1178 1995 1246 paenitentiam

429 1272 718 1341 recipiunt,
748 1279 803 1324 et
848 1270 966 1324 sine
994 1267 1393 1323 intermissione
1424 1268 1784 1322 redimuntur.

495 1363 549 1417 5.
575 1361 756 1429 «Ωιιοά
771 1361 817 1416 si
834 1357 1383 1423 sacerdotalisfuerit,
1412 1359 1586 1428 inquit
1601 1358 1667 1422 σί,
1687 1359 1785 1412 ista
1805 1358 1997 1412 domus

426 1456 508 1508 vel
532 1455 790 1517 Levitica,
830 1454 1138 1520 ubicunque
1166 1452 1355 1519 fuerit,
1389 1454 1507 1509 sive
1542 1452 1594 1506 in
1616 1451 1858 1514 civitate,
1883 1450 1999 1503 sive

424 1550 479 1602 in
512 1565 661 1619 agro,
695 1564 909 1617 semper
936 1548 1101 1602 habet
1133 1549 1615 1619 redemptionem.»
1643 1547 1697 1601 ln
1739 1549 1842 1603 hoc
1879 1546 1997 1603 loco

423 1640 820 1697 sacerdotalem
876 1653 1093 1692 sensum
1122 1648 1174 1692 et
1225 1639 1520 1693 Leviticam
1581 1639 1992 1708 intelligentiam

421 1752 625 1807 quaero.
660 1733 773 1788 Non
811 1734 953 1788 enim
993 1733 1218 1788 inferior
1243 1748 1361 1789 esse
1386 1734 1543 1789 debet
1571 1734 1783 1787 auditor
1800 1734 1990 1787 horum

2100 541 2431 595 sanctorum,
2483 530 2574 583 sed
2603 529 2799 598 quibus
2836 527 3209 583 ostenderetur
3252 536 3563 595 peccatores
3611 532 3668 575 et

2099 626 2290 694 impios
2306 625 2357 676 in
2383 633 2588 693 partem
2610 631 2916 677 sanctorum
2937 620 3358 687 societatemque
3373 619 3663 672 conscisci.

2099 712 2380 782 Nunquam
2421 727 2550 780 ergo
2599 710 2951 765 sacerdotalis
2976 710 3246 779 possessio
3298 722 3324 758 a
3380 707 3667 759 sacerdote

2096 814 2398 869 separatur,
2428 801 2639 856 etiamsi
2673 802 2738 854 ad
2778 812 2985 870 tempus
3027 799 3189 854 fuerit
3214 797 3416 860 ablata,
3451 796 3664 849 etiamsi

2096 894 2261 948 fuerit
2298 894 2582 958 distracta,
2609 906 2824 961 semper
2850 890 3153 954 redimitur,
3187 903 3400 957 semper
3447 901 3667 954 repara-

2099 992 2201 1046 tur,
2223 982 2365 1036 velut
2387 983 2430 1037 si
2464 984 2699 1037 diceret:
2728 1000 2747 1033 ι
2772 982 3045 1047 Charitas,
3074 999 3093 1031 ι
3137 994 3259 1050 qua:
3289 978 3527 1049 perfecta
3560 986 3665 1039 est,

2102 1093 2120 1126 ι
2155 1076 2335 1128 omnia
2372 1075 2593 1143 patitur,
2638 1075 2818 1129 omnia
2848 1081 3030 1143 sperat
3063 1070 3196 1142 (51),
3235 1069 3415 1123 omnia
3445 1069 3668 1130 tolerat,

2097 1164 2333 1219 charitas
2378 1179 2648 1234 nunquam
2680 1165 2827 1218 cadit
2864 1163 2929 1216 ⁸³.
2971 1181 2991 1215 ι
3033 1161 3124 1216 Sic
3161 1174 3291 1228 ergo
3315 1168 3368 1213 et
3399 1159 3668 1228 possessio

2096 1272 2161 1311 ac
2189 1257 2380 1311 domus
2412 1264 2727 1310 sanctorum
2758 1269 3031 1323 nunquam
3065 1253 3234 1318 cadit,
3271 1265 3549 1319 nunquam
3579 1265 3669 1301 au-

2098 1349 2289 1413 fertur,
2316 1364 2589 1417 nunquam
2612 1348 2679 1403 ab
2700 1363 2885 1403 eorum
2913 1348 3032 1417 jure
3055 1354 3355 1414 separatur.
3384 1344 3668 1410 Quomodo

2097 1438 2336 1509 separari
2372 1454 2401 1492 a
2425 1439 2799 1494 sacerdotibus
2830 1446 3005 1508 potest
3034 1438 3226 1492 domus
3253 1451 3371 1505 qua:
3396 1436 3663 1490 aedificata

2094 1540 2179 1585 est
2219 1545 2381 1598 supra
2433 1531 2838 1585 fundamentum
2885 1528 3257 1598 apostolorum
3290 1537 3344 1582 et
3371 1529 3666 1596 propheta-

2095 1636 2156 1675 ru
2167 1638 2238 1686 m,
2267 1623 2316 1675 in
2330 1637 2433 1692 qua
2456 1624 2571 1691 ipse
2594 1630 2677 1677 est
2700 1622 2892 1692 angnia
2903 1622 2975 1676 ris
2999 1621 3132 1690 lapis
3148 1618 3304 1675 Iesus
3320 1618 3567 1673 Christus
3586 1618 3669 1671 ‘6?

2095 1712 2245 1779 Quod
2276 1723 2451 1766 autem
2498 1715 2666 1783 possit
2697 1712 2987 1782 aliquando
3028 1713 3222 1766 domus
3256 1711 3360 1765 ista
3411 1710 3663 1774 distrahi,

423 1802 561 1898 ('29),
592 1828 634 1880 si
660 1826 772 1880 fieri
814 1834 1036 1893 potest,
1090 1825 1179 1880 illo
1212 1827 1327 1893 ipso
1361 1827 1450 1896 qui
1502 1827 1613 1880 haec
1663 1827 1881 1894 scripsit
1932 1838 1984 1881 et

2095 1804 2193 1857 hoc
2223 1813 2323 1869 est,
2354 1803 2655 1871 huiusmodi
2686 1803 2976 1858 :edilicatio
3008 1803 3247 1857 incidere
3274 1802 3324 1855 in
3354 1810 3663 1871 peccatum,

426 1919 632 1973 sanxit.
658 1916 791 1983 Quid
826 1926 908 1969 est
946 1931 1073 1985 ergo
1109 1918 1249 1984 quod
1286 1919 1546 1973 sacerdos
1578 1928 1632 1972 et
1678 1919 1861 1973 Levita
1894 1920 1989 1974 do-

428 2023 547 2062 mus
585 2022 693 2061 suae
722 2021 952 2075 semper,
994 2015 1048 2059 et
1096 2008 1403 2079 ubicunque
1452 2006 1636 2073 fuerit,
1685 2010 1847 2064 habet
1904 2025 1991 2065 re-

428 2095 841 2166 demptionem?
923 2092 1231 2148 Secundum
1302 2096 1603 2164 spiritalem
1687 2098 1991 2168 intelligen-

426 2185 552 2239 tiam
609 2186 862 2239 saeerdos
916 2199 1068 2238 mens
1122 2184 1230 2238 Deo
1289 2197 1610 2242 consecrata
1665 2189 1884 2253 dicitur,
1936 2200 1988 2245 et

418 2276 583 2346 263
632 2275 756 2330 Levi
812 2274 1109 2343 appellatur
1145 2276 1191 2329 is
1225 2276 1313 2345 qui
1378 2279 1744 2334 indesinenter
1782 2281 1991 2336 assistit

422 2367 531 2420 Deo
568 2375 621 2419 et
652 2366 911 2420 voluntati
955 2366 1071 2434 ejus
1104 2368 1396 2421 ministrat.
1442 2368 1709 2425 Perfeetio
1756 2386 1886 2441 ergo
1933 2374 1985 2428 in

417 2456 693 2510 intellectu
747 2465 799 2510 et
846 2472 1034 2525 opere,
1074 2458 1127 2511 iu
1161 2458 1261 2513 fide
1291 2468 1343 2513 et
1378 2460 1589 2515 actibus
1633 2464 1888 2519 sacerdos
1936 2473 1989 2519 et

421 2547 600 2603 Levita
638 2547 986 2617 accipiendos
1024 2557 1127 2602 est.
1164 2547 1298 2603 lluic
1331 2550 1511 2619 itaque
1540 2551 1793 2619 perfectte
1818 2554 1985 2608 menti

416 2640 462 2694 si
486 2639 747 2692 acciderit
777 2638 1067 2706 aliquando
1098 2638 1338 2704 domum,
1365 2654 1524 2708 quam
1552 2639 1711 2696 habet
1735 2657 1842 2697 non
1874 2658 1988 2697 ma—

417 2746 488 2782 nu
525 2727 718 2783 factam
754 2740 1011 2782 mternatn
1047 2729 1098 2783 iu
1151 2730 1324 2795 caelis,
1362 2730 1595 2786 vendere
1628 2732 1759 2786 etin
1796 2748 1987 2788 manus

416 2821 637 2873 alterius
676 2821 802 2873 dare
832 2836 847 2875 :
896 2821 1032 2873 sicut
1084 2822 1307 2889 contigit
1343 2822 1632 2890 aliquando
1667 2840 1859 2894 magno
1888 2841 1985 2895 pa-

419 2912 668 2963 triarcha:
714 2911 897 2973 David,
934 2927 1052 2962 cum
1089 2912 1152 2963 de
1182 2921 1320 2963 tet-to
1363 2926 1458 2964 suo
1501 2910 1640 2966 Uria:
1674 2912 1874 2967 Cethaei
1902 2929 1986 2967 as-

416 3003 562 3071 pexit
588 3018 808 3056 uxorem
846 3020 858 3052 :
900 3003 1083 3055 statim
1115 3018 1230 3055 eam
1272 3005 1504 3067 redimit,
1540 3007 1719 3058 statim
1749 3018 1981 3072 reparat,

414 3095 594 3149 statim
637 3096 777 3148 enim
818 3095 949 3147 dixit
983 3097 1066 3150 “:
1102 3114 1120 3146 ι
1152 3095 1403 3150 Peccavi.
1435 3117 1454 3149 ι
1497 3098 1604 3153 Iino
1634 3115 1759 3153 vero
1784 3101 1982 3169 aliquid

418 3186 589 3239 adhuc
628 3186 914 3239 sublimius
963 3187 1014 3239 in
1051 3189 1150 3240 hoc
1184 3203 1340 3240 sensu
1375 3187 1482 3259 (30)
1515 3190 1765 3243 debemus
1816 3192 1983 3258 inspi-

415 3292 562 3339 cere,
593 3278 865 3343 quomodo
894 3278 1083 3329 domus
1122 3279 1459 3331 sacerdotum
1487 3290 1538 3331 et
1569 3279 1897 3341 Levitarum,
1930 3281 1979 3333 id

414 3376 517 3427 e51,
549 3366 912 3431 perfecturum
938 3367 1221 3427 mentium,
1256 3384 1468 3436 semper
1484 3368 1674 3421 delicta
1712 3370 1984 3421 rediman-

419 3465 519 3515 tur,
571 3470 896 3522 semperque
952 3466 1263 3525 purgentur.
1316 3458 1370 3510 Si
1414 3458 1630 3525 quando
1663 3459 1980 3527 Scripturas

416 3547 625 3600 divinas
653 3546 905 3615 legimus,
936 3557 987 3599 et
1017 3556 1325 3600 sanctorum
1360 3547 1579 3601 Patrum
1611 3551 1661 3602 in
1690 3549 1757 3602 iis
1785 3550 1978 3604 delicta

414 3636 590 3705 aliqua
623 3651 968 3690 recensemus
1000 3654 1013 3690 :
1043 3637 1088 3690 si
1112 3638 1404 3690 secundum
1430 3638 1654 3705 apostoli
1681 3638 1829 3692 Pauli
1855 3655 1979 3693 sen-

414 3726 633 3779 tentiam
659 3725 888 3779 dicimus
912 3724 976 3785 ⁸³,
1011 3724 1135 3793 quia
1171 3742 1188 3773 ι
1227 3723 1339 3777 Ι]ωο
1362 3724 1541 3799 omnia
1576 3724 1625 3777 in
1655 3724 1823 3793 figura
1850 3740 1981 3779 cou-

410 3816 691 3885 tingebant
723 3815 847 3880 illis,
892 3816 1091 3883 scripta
1118 3822 1245 3869 sunt
1279 3823 1459 3868 autem
1489 3826 1708 3885 propter
1734 3830 1981 3869 commo-

407 3907 666 3961 nitionem
694 3915 961 3971 nostram;
991 3925 1009 3957 ι
1044 3906 1147 3961 hoc
1165 3906 1324 3960 modo
1352 3920 1569 3975 semper
1589 3907 1780 3962 domus
1796 3921 1982 3959 eorum

409 3996 715 4060 redimitur,
746 3998 869 4064 quia
918 4011 1133 4062 semper
1174 4011 1269 4064 pro
1299 3996 1472 4066 culpis
1507 4012 1695 4050 eorum
1729 3996 1982 4065 purgatio

406 4095 463 4138 et
501 4086 798 4139 satisfactio
829 4102 856 4139 a
890 4087 1201 4141 doctoribus
1231 4086 1538 4152 adhibetur,
1568 4086 1980 4141 ostendentibus

405 4192 477 4233 ex
505 4177 701 4233 divinis
737 4179 1036 4249 Scripturis
1062 4180 1263 4235 formas
1295 4179 1460 4234 fuisse
1488 4180 1602 4234 haec
1633 4191 1686 4235 et
1716 4180 1978 4250 imagines

1099 4292 1142 4321 ⁸³
1168 4290 1203 4343 Il
1236 4290 1369 4357 Reg.
1408 4306 1502 4356 xu,
1537 4290 1621 4345 15.

666 4360 751 4412 ⁸⁷1
783 4360 908 4413 Cor.
944 4376 1025 4425 ιιι,
1057 4361 1142 4427 10,
1171 4360 1260 4426 11,
1285 4361 1374 4419 12.

480 4292 520 4326 ⁶¹
564 4289 737 4343 Levil.
773 4304 901 4352 xxv,
931 4289 1020 4342 52.

402 4377 469 4427 ιι,
498 4360 587 4414 20.

1723 4289 1769 4323 ⁸³
1814 4289 1984 4345 lCor.
2014 4305 2068 4356 χ,
2098 4291 2186 4345 11.

2092 1898 2212 1949 audi
2248 1897 2520 1965 apostolus
2566 1896 2765 1951 Paulus
2815 1898 3084 1961 quomodo
3128 1896 3194 1950 de
3247 1894 3448 1949 talibus
3485 1894 3663 1947 dicit:

2097 2007 2113 2038 ι
2160 1987 2227 2041 Ut
2272 1988 2489 2055 sapiens
2527 1988 2857 2040 architectus
2894 1985 3321 2049 fundamentum,
3364 1983 3539 2052 inquit
3591 1983 3663 2046 "’,

2091 2079 2263 2147 posui,
2291 2079 2429 2131 alios
2445 2076 2860 2146 supertedilicat,
2888 2078 3261 2146 unusquisque
3282 2084 3462 2128 autem
3482 2074 3668 2127 videat

2091 2169 2358 2238 quomodo
2402 2169 2816 2237 superzedilicet.
2864 2167 3292 2221 Fundamentum
3330 2166 3477 2221 enim
3520 2165 3664 2219 aliud

2092 2276 2248 2314 nemo
2263 2269 2437 2326 poteSt
2456 2274 2653 2329 ponere
2682 2270 2879 2329 prazter
2904 2261 2952 2313 id
2977 2260 3117 2329 quod
3141 2260 3372 2328 positum
3391 2268 3497 2322 est,
3523 2258 3667 2326 quod

2088 2359 2171 2402 est
2207 2348 2455 2401 Christus
2485 2346 2662 2401 Jesus.
2707 2347 2761 2401 Si
2787 2349 2907 2417 quis
2937 2358 3114 2402 autem
3143 2363 3305 2417 supra
3340 2348 3662 2401 fundamen-

2092 2449 2200 2491 tum
2237 2438 2336 2491 hoc
2355 2439 2588 2493 mdificat
2618 2455 2832 2505 aurum,
2871 2450 3180 2509 argentum,
3212 2439 3419 2506 lapides
3453 2438 3659 2507 pretio-

2089 2546 2199 2593 sos,
2232 2530 2395 2600 ligna,
2421 2530 2624 2598 fenum,
2651 2532 2923 2600 stipulam.
2958 2550 2976 2583 ι
3012 2531 3171 2586 Vides
3197 2546 3326 2601 ergo
3347 2532 3472 2599 quia
3502 2541 3662 2598 potes

2090 2639 2250 2692 supra
2281 2624 2688 2679 fundamentum
2714 2626 2912 2680 Christi
2942 2626 3216 2681 aedificare
3257 2625 3424 2693 ligna,
3448 2623 3659 2689 fenum,

2089 2717 2362 2786 stipulam,
2388 2718 2489 2772 hoc
2512 2730 2613 2781 est,
2632 2734 2795 2787 opera
2827 2718 3065 2787 peccati:
3097 2732 3215 2789 quze
3240 2715 3465 2770 aedificat
3488 2715 3650 2786 (δι’),

2089 2808 2205 2863 sine
2256 2808 2417 2862 dubio
2447 2810 2685 2863 vendidit
2716 2810 2931 2864 domum
2977 2823 3128 2862 suam
3159 2807 3389 2876 emptori
3427 2806 3665 2875 pessimo

2089 2900 2322 2963 diabolo,
2349 2916 2376 2953 a
2410 2916 2516 2969 quo
2552 2901 2920 2970 unusquisque
2939 2901 3278 2971 peccantium
3313 2900 3662 2969 peccatipre-

2089 2994 2220 3046 tium
2270 2992 2380 3062 (52)
2423 2993 2773 3061 consequitur
2807 2993 3231 3046 satisfactionem
3271 2991 3520 3045 desiderii
3554 2992 3659 3046 sui.

2089 3082 2201 3136 lloc
2234 3084 2275 3137 si
2309 3083 2447 3137 forte
2475 3083 2770 3137 incurrerit
2795 3084 3010 3152 aliquis,
3044 3084 3186 3152 quod
3218 3083 3391 3137 absit!
3424 3083 3535 3137 cito
3576 3098 3662 3138 re-
3684 3154 3697 3169 ι

2012 3137 2053 3194 C
2085 3175 2276 3238 dimat,
2301 3177 2409 3229 cito
2438 3185 2669 3244 reparet,
2694 3177 2819 3229 dum
2853 3186 3059 3244 tempus
3084 3185 3163 3229 est
3188 3178 3494 3245 reparandi,
3530 3177 3658 3230 dum

2089 3267 2420 3336 pteniteutize
2456 3268 2600 3321 locus
2621 3275 2724 3331 est,
2769 3268 3119 3337 deprecantes
3150 3269 3202 3320 iu
3236 3282 3544 3329 commune,
3595 3284 3663 3321 ne

2086 3370 2299 3412 aeternae
2316 3358 2505 3412 domus
2528 3358 2860 3413 habitatione
2891 3359 3230 3423 frautlemur,
3265 3360 3358 3413 sed
3386 3358 3529 3427 digiti
3566 3360 3663 3412 ha-

2088 3452 2313 3505 beamur
2346 3450 2507 3519 recipi
2537 3451 2589 3505 in
2635 3461 2834 3504 acterna
2866 3450 3233 3513 tabernacula,
3263 3466 3359 3519 per
3383 3452 3658 3505 Christum

2086 3541 2372 3595 Dominum
2416 3551 2679 3603 nostrum,
2710 3542 2796 3596 cui
2838 3552 2920 3596 est.
2940 3541 3110 3612 gloria
3144 3552 3198 3597 et
3221 3542 3509 3612 imperium
3542 3542 3658 3613 (55)

2090 3632 2142 3687 in
2173 3633 2366 3688 saecula
2399 3633 2743 3688 saeculorum.
2782 3634 2972 3687 Amen.

2646 3722 2927 3776 llOMlLlA
2958 3721 3097 3777 X-Vl.

2448 3812 2522 3866 De
2578 3814 3033 3866 benedictionibus
3066 3811 3307 3865 Davitici.

2162 3904 2214 3957 1.
2267 3901 2323 3955 lu
2376 3902 2637 3970 agonibus
2681 3904 3054 3972 corporalibus
3098 3905 3298 3972 gradus
3327 3904 3548 3972 quidam
3605 3913 3672 3957 ιιι·

2088 3994 2408 4050 differentia:
2440 3996 2775 4065 singulorum
2819 4011 3160 4066 quorumque
3188 3997 3466 4051 observari
3509 3998 3657 4050 ordi~

2086 4103 2215 4142 Itum
2242 4086 2439 4152 solent,
2473 4098 2531 4140 ut
2558 4104 2656 4157 pro
2689 4088 2953 4158 qualitate
3006 4090 3390 4154 certaminum,
3432 4092 3669 4158 praemio-

2084 4189 2467 4234 remuneretur
2484 4182 2856 4250 unusquisque
2884 4182 3144 4237 victoriae.
3184 4181 3347 4236 Verbi
3383 4181 3576 4250 gratia,
3608 4180 3671 4236 si—

2267 4292 2313 4323 “
2337 4290 2502 4345 Ilcbr.
2528 4308 2583 4357 χ,
2624 4292 2674 4346 1.
2752 4292 2796 4324 ⁸⁸
2827 4291 2843 4345 l
2876 4292 3000 4347 Cor.
3030 4308 3151 4360 xm,
3177 4294 3230 4357 7,
3251 4297 3303 4347 8.
3383 4293 3427 4324 '°
3449 4292 3649 4364 Ephes.

397 4470 754 4539 consignata;
795 4484 927 4539 nam
965 4470 1015 4522 in
1050 4472 1221 4524 locum
1256 4471 1454 4523 veteris
1500 4469 1654 4539 cujus
1705 4470 1976 4539 scriptura
2010 4478 2053 4532 D
2084 4479 2167 4524 est
2196 4468 2459 4536 ejusmodi
2491 4468 2807 4536 particulam
2862 4468 3124 4537 adiectam
3175 4472 3342 4529 fuisse
3406 4490 3433 4527 a
3495 4475 3659 4531 Scuto

396 4538 573 4596 erasa
596 4549 696 4603 est,
738 4538 1047 4609 obtrttditur
1087 4539 1359 4609 inicodice
1391 4554 1512 4593 mox
1536 4538 1704 4595 citato
1739 4538 1977 4609 Sanger-

397 4609 670 4665 manensi.
702 4612 759 4663 5ο
788 4608 973 4663 Lectio
1016 4626 1029 4661 :
1071 4629 1089 4661 ι
1138 4608 1192 4662 Si
1226 4624 1325 4664 nos
1361 4610 1538 4678 aliqua
1575 4610 1733 4678 culpa
1770 4608 1978 4665 morta-

395 4682 470 4735 lis
508 4682 934 4748 invenerit,qu;e
969 4695 1074 4735 non
1106 4680 1160 4733 in
1210 4679 1446 4748 crimine
1476 4681 1716 4742 mortali,
1766 4700 1785 4731 ι
1846 4691 1976 4743 ete.,

396 4760 763 4819 praeterquam
807 4746 948 4815 quod
976 4752 1175 4803 citatur
1209 4746 1401 4802 iisdem
1436 4750 1619 4804 verbis
1652 4766 1681 4802 a
1724 4749 1980 4819 Magistro

396 4820 802 4874 sententiarum
825 4821 916 4872 lib.
949 4835 1024 4882 tv,
1047 4819 1288 4871 distinct.
1332 4819 1417 4877 14.
1448 4819 1719 4887 reperitur
1758 4820 1981 4887 insuper

397 4892 454 4943 in
496 4889 749 4959 omnibus
784 4890 1175 4943 vetustioribus
1221 4890 1628 4957 manuscriptis,
1666 4890 1817 4942 verbi
1852 4906 1980 4959 gra-

400 4961 477 5013 tia
511 4958 967 5026 Sangcrmaneusi
999 4959 1089 5027 qui
1124 4974 1188 5011 ex
1223 4959 1546 5013 charactere
1588 4959 1785 5011 unciali
1822 4958 1981 5013 sexto

396 5029 485 5082 vel
519 5030 749 5096 septimo
779 5028 1035 5082 Ecclesia:
1066 5028 1265 5081 saeculo
1298 5029 1535 5095 scriptus
1564 5030 1807 5093 videtur,
1840 5038 1895 5081 et
1925 5029 1976 5081 in

396 5099 577 5151 altero
612 5097 945 5159 Fossatensi,
985 5113 1127 5150 nunc
1161 5098 1622 5165 Sangermanensi
1673 5099 1762 5166 qui
1810 5100 1982 5151 etiam

392 5176 613 5221 a-tatent
654 5167 760 5221 800
785 5182 1053 5220 annorum
1089 5166 1287 5235 arguit.

470 5236 585 5308 (27)
608 5236 814 5308 Omnes
851 5252 1010 5308 mss.,
1042 5254 1058 5286 ι
1090 5236 1608 5308 sermonis.i_l.ibb.
1638 5237 1796 5300 editi,
1830 5253 1979 5291 «ser-

394 5305 672 5361 monibus.
720 5325 739 5358 ι
796 5305 938 5359 infra
972 5320 1149 5376 rmss.,
1212 5323 1231 5355 ‹
1295 5306 1688 5374 paenitudinem
1737 5324 1917 5376 agi-re.
1954 5326 1972 5358 ι

393 5377 559 5429 Libb.
590 5377 743 5446 editi,
778 5394 797 5425 ι
836 5375 1226 5444 paenitudinem
1257 5390 1464 5446 gerere.
1513 5395 1529 5426 ι

473 5446 587 5515 (9.8)
623 5445 797 5499 Semel
825 5458 1027 5497 tantum
1079 5445 1397 5510 poenitentia:
1426 5484 1440 5505 ,
1480 5458 1584 5497 etc.
1631 5446 1784 5499 Lihb.
1847 5448 1975 5501 editi

396 5515 625 5574 habent,
658 5533 674 5565 ι
716 5516 881 5569 semel
916 5524 1123 5567 tantutu
1158 5515 1237 5566 vel
1284 5531 1405 5567 raro
1438 5516 1822 5581 j’tmtiitcntite,i
1868 5528 1973 5570 etc.

395 5587 507 5637 Sed
537 5586 678 5637 istud
736 5603 752 5633 ι
791 5585 872 5637 vel
920 5600 1042 5638 raro
1084 5602 1101 5633 ›
1151 5585 1305 5637 abest
1369 5587 1433 5636 ab
1480 5586 1732 5638 Otttnibus
1782 5604 1976 5639 mauu-

396 5656 625 5721 srriptis
655 5656 934 5708 codicibus
967 5670 1065 5706 nec
1103 5655 1416 5722 agnoscitur
1456 5668 1485 5705 τι
1530 5653 1787 5719 Magistro
1845 5672 1975 5709 seu-

399 5726 694 5778 teutiarum
731 5724 826 5778 lib.
859 5741 931 5792 tv,
965 5724 1161 5779 distJ.
1197 5722 1347 5779 Unde
1402 5726 1687 5777 nonnullis
1731 5728 1975 5794 suspicio

2083 4540 2174 4613 qui
2206 4540 2404 4613 veteris
2420 4540 2671 4613 Ecclesigc
2694 4540 2948 4613 ignorans
2964 4542 3307 4611 disciplinam
3342 4561 3446 4613 qua
3480 4546 3656 4601 letha-

2082 4609 2534 4683 liumeritnintnn
2567 4610 2672 4663 reis
2704 4611 2873 4683 semel
2912 4609 3119 4666 tantum
3155 4609 3481 4683 paenitentia
3530 4635 3658 4671 cou-

2081 4679 2397 4741 cedebatur,
2428 4679 2875 4749 Origenislocutu
2907 4682 2973 4734 ad
3007 4679 3349 4739 conititttncut
3375 4687 3456 4737 sui
3520 4696 3658 4739 tem-

2082 4751 2229 4816 poris
2255 4750 2706 4821 scholasticorum
2740 4750 3046 4818 opinionem
3088 4756 3271 4821 paucis
3309 4755 3538 4821 adjectis
3573 4774 3628 4808 re

2084 4832 2276 4890 vocare
2309 4820 2554 4872 tentavit.
2581 4819 2748 4873 Porro
2774 4822 2859 4887 qui
2884 4821 3013 4872 olim
3041 4819 3158 4889 post
3178 4834 3351 4875 actam
3381 4819 3659 4890 paeniten-

2085 4889 2295 4960 tiamitt
2330 4890 2516 4960 eadem
2566 4899 2661 4942 aut
2711 4890 2906 4941 similia
2964 4891 3285 4943 labebantur
3325 4889 3545 4960 flagitia,
3588 4897 3656 4948 ab

2081 4959 2226 5011 omni
2258 4959 2518 5026 deinceps
2560 4960 2676 5012 sive
2715 4960 2929 5028 publica
2967 4960 3081 5012 sive
3122 4962 3332 5026 privata
3395 4965 3658 5028 pmnitcu-

2084 5030 2155 5080 tia
2210 5028 2450 5095 repulsos
2501 5027 2668 5080 fuisse
2729 5027 2943 5081 abunde
2983 5030 3361 5083 demonstrant
3397 5027 3653 5085 Morinos

2083 5097 2175 5149 lib.
2212 5114 2260 5157 v,
2293 5112 2414 5163 cap.
2441 5098 2530 5163 27,
2565 5110 2615 5150 et
2641 5096 2895 5148 Petavius
2925 5100 2974 5150 itt
3041 5101 3153 5153 suis
3204 5100 3652 5157 Adnotulionibus

2081 5166 2150 5218 ad
2193 5163 2570 5231 Epiphaniam,
2608 5166 2795 5219 lneres.
2846 5182 2957 5220 th.

2154 5236 2264 5306 (‘29)
2291 5240 2471 5288 tiodcx
2504 5239 2820 5303 Sangertn.,
2858 5257 2875 5287 ι
2919 5246 3106 5291 auctor
3133 5255 3348 5305 aurum,
3388 5260 3404 5293 ι
3443 5254 3551 5296 etc.

2151 5306 2261 5371 (50)
2296 5306 2488 5359 Sensn.
2526 5306 2690 5382 Deest
2725 5306 2776 5357 in
2812 5306 2939 5360 libb.
2980 5318 3138 5362 antea
3180 5312 3361 5373 editis,
3394 5318 3487 5366 sed
3527 5330 3654 5382 διῳ-

2080 5375 2261 5443 pletur
2289 5392 2317 5426 e
2343 5377 2745 5443 tnauttsrriptis.

2151 5444 2895 5521 @ljlllssncomniasperat.
2924 5447 3102 5521 iLihb.
3127 5448 3596 5521 ed.,iomniasup.
3628 5476 3647 5506 ι

2153 5512 2289 5581 (51³)
2310 5512 2440 5570 Fort
2462 5516 2618 5585 leg,,«
2646 5514 2742 5579 Qui
2780 5516 2893 5569 inec
2918 5519 3210 5573 aedificat.»

2154 5584 2269 5658 (52)
2304 5585 2451 5658 litos,
2474 5603 2490 5634 ι
2519 5584 2767 5658 pretium.
2813 5606 2829 5636 ι
2864 5588 3014 5641 Libb.
3048 5590 3199 5652 editi,
3231 5609 3249 5642 ι
3285 5593 3582 5658 praemium.
3626 5613 3643 5643 ι

2152 5648 2263 5725 (53)
2299 5648 2364 5705 Et
2391 5648 2705 5731 ἐρῆμα-11111111.-
2725 5655 2883 5709 Dcest
2920 5659 2971 5710 iu
3012 5660 3163 5711 libris
3188 5648 3376 5727 editis,
3405 5667 3497 5717 sed
3528 5680 3647 5731 sup-

2079 5725 2252 5794 pletur
2278 5740 2306 5780 e
2332 5741 2431 5781 ms.
2459 5726 2649 5780 codice
2678 5727 3155 5797 Sangcrmauensi.
