4086 6218
430 318 535 370 663

1870 318 2188 378 ORIGENIS

3567 316 3683 371 568·

434 429 577 482 intcr
610 446 811 498 pueros
831 435 953 502 quis
990 435 1184 489 habent
1224 453 1474 506 agonem,
1502 440 1545 493 si
1589 441 1726 494 inter
1749 439 1995 509 iuvenes,
2028 444 2075 501 Α
2105 454 2210 494 non
2256 446 2454 502 tamen,
2485 447 2539 491 ut
2570 435 2890 507 quibusdam
2918 434 3154 499 videtur,
3202 432 3274 487 ita
3308 432 3363 488 in
3386 430 3509 487 illos
3525 432 3680 489 solos

434 521 478 573 si
513 522 654 575 inter
698 525 866 588 viros,
897 540 1015 593 qua:
1039 541 1136 595 per
1179 529 1423 598 singulos
1447 530 1666 586 ordines
1692 531 1999 586 observatio

435 611 620 665 haberi
667 616 880 678 debeat,
913 618 1042 684 quid
1090 618 1203 672 lieri
1234 619 1411 687 liceat,
1442 623 1639 691 quidve
1665 638 1775 676 non
1815 622 1999 688 liccat,

434 714 488 753 et
517 719 637 770 quae
660 708 979 763 certaminis
1010 710 1193 779 regula
1230 712 1517 777 custodiri,
1541 714 1671 783 quid
1692 714 1856 768 etiam
1880 721 2003 783 post

436 793 549 845 lucc
574 799 1035 854 retmmerationis
1067 810 1343 856 mereatur
1362 803 1539 873 palma
1562 805 1848 867 vincentis,
1872 804 2002 873 ipsis

434 883 786 940 nihilominus
848 890 1093 957 agonicis
1141 892 1348 963 legibus
1401 903 1616 949 cautum
1659 905 1763 950 est.
1818 894 1895 948 lla
1948 906 2003 949 et

435 988 577 1027 nunc
591 977 933 1044 omnipotens
966 979 1111 1035 Deus
1132 983 1489 1040 observandae
1512 984 1649 1056 legis
1671 996 1780 1040 suae
1816 982 1868 1040 in
1902 987 2004 1041 boc

435 1067 634 1118 nzundo
650 1082 885 1137 agonem
915 1073 1234 1128 mertalibus
1256 1090 1483 1144 ponens,
1508 1084 1857 1148 posteaquam
1894 1088 2004 1132 tra-

433 1155 569 1209 didit
599 1159 941 1215 observanda
960 1164 1377 1235 qnat'nplurima,
1414 1179 1465 1223 et
1499 1169 1629 1238 quid
1666 1170 1780 1225 ﬁeri
1805 1171 2004 1240 quidve

435 1261 540 1300 non
562 1247 673 1301 ﬁeri
691 1250 908 1315 debeat,
937 1255 1190 1324 ascripsit
1222 1260 1644 1323 ;convenienter
1661 1262 1727 1315 ad
1756 1262 2005 1316 ultimum

428 1336 547 1403 jam
583 1338 810 1395 Levitici
858 1342 1077 1411 librum,
1112 1349 1163 1403 in
1195 1364 1303 1417 quo
1332 1351 1401 1406 de
1434 1350 1662 1423 singulis
1703 1355 2007 1423 quibusque

433 1428 907 1488 observationibus
947 1438 1300 1492 constitutum
1325 1451 1429 1505 est,
1462 1442 1595 1511 quid
1643 1444 1884 1498 muneris
1922 1456 2021 1497 re--

436 1525 614 1585 portet
636 1522 727 1588 qui
755 1522 1077 1592 impleverit,
1119 1539 1176 1581 et
1205 1531 1334 1597 quid
1355 1546 1528 1599 pcemc
1558 1533 1750 1587 subeat
1780 1534 1872 1602 qui
1900 1548 2008 1587 non

434 1609 832 1678 observaverit,
857 1618 1122 1671 enuntiat.
1156 1617 1263 1673 Sed
1309 1622 1353 1674 si
1388 1621 1473 1675 lex
1518 1624 1814 1677 secundum
1862 1627 2011 1693 quod

434 1698 599 1752 Judzei
628 1702 832 1768 volunt,
864 1716 918 1760 et
955 1709 1006 1761 bi
1046 1710 1135 1778 qui
1163 1725 1351 1767 eorum
1388 1725 1553 1767 sensu
1584 1713 1894 1783 Scripturas
1926 1715 2008 1768 in~

438 1790 754 1860 telligendas
788 1807 1000 1865 putant,
1042 1816 1149 1856 non
1200 1812 1286 1859 est
1315 1805 1594 1875 spiritalis,
1624 1806 1715 1861 sed
1749 1808 2004 1875 carnalis,

436 1885 654 1938 dubium
691 1903 794 1942 non
828 1901 910 1945 est
942 1892 1072 1959 quin
1106 1895 1390 1951 observata
1426 1897 1743 1963 carnaliter,
1786 1897 2008 1953 benedi-

436 1977 641 2032 ctiones
674 1993 890 2051 quoque
931 1984 1182 2039 carnales
1208 1988 1631 2043 observantibus
1673 1990 1897 2043 tribuat.
1950 1990 2005 2045 Si

432 2081 583 2132 vero,
615 2078 674 2123 ut
701 2070 869 2126 Paulo
906 2074 1123 2128 videtur
1158 2078 1423 2145 apostolo,
1463 2078 1549 2132 lex
1582 2080 1843 2149 spiritalis
1900 2092 2007 2149 est,

435 2159 552 2213 sine
571 2160 735 2215 dubio
769 2172 822 2216 et
855 2165 1176 2234 spiritaliter
1203 2166 1542 2224 observanda
1568 2181 1672 2234 est,
1704 2181 1759 2226 et
1787 2172 2008 2240 spirita-

437 2248 501 2301 lis
533 2264 596 2302 ea
625 2266 686 2304 ea
713 2252 1147 2309 benedictionum
1186 2262 1456 2328 speranda
1486 2264 1867 2317 remuneratio.
1896 2263 2005 2316 Tu-

437 2339 544 2393 tius
599 2357 833 2409 namqne
883 2350 1295 2415 consequentiae
1346 2360 1453 2415 est,
1500 2352 1800 2422 spiritalem
1837 2354 2005 2421 legem

434 2430 845 2487 benedictiones
876 2436 1008 2492 dare
1041 2440 1336 2509 spiritales,
1385 2452 1441 2497 et
1470 2442 1705 2512 ejusdem
1735 2446 2010 2501 nihilomi—

437 2537 539 2576 nus
590 2528 993 2594 consequentire
1024 2540 1127 2596 est,
1173 2533 1340 2587 etiam
1380 2535 1666 2589 maledicta
1709 2544 1762 2591 et
1805 2538 2009 2593 conde-

437 2614 740 2669 mutationes
766 2616 898 2685 legis
914 2620 1178 2688 spiritalis
1204 2638 1311 2676 non
1330 2637 1456 2678 esse
1475 2639 1792 2693 corporeas.
1817 2625 1923 2679 Sed
1953 2635 2011 2681 ut

437 2702 799 2759 indubitatum
841 2708 913 2761 sit
936 2711 1077 2778 quod
1104 2711 1358 2776 dicimus,
1389 2713 1560 2783 ipsius
1587 2713 1741 2769 Pauli
1778 2717 2008 2786 apostoli

437 2807 570 2848 voce
601 2804 840 2861 utamur,
870 2814 975 2867 qua
1006 2801 1072 2854 ad
1103 2801 1364 2871 Ephesios
1386 2806 1630 2861 scribens
1665 2807 1730 2862 de
1758 2808 2010 2878 spiritua-

438 2882 577 2938 libus
608 2882 1073 2943 benedictionibus
1098 2890 1198 2946 hoc
1217 2894 1374 2948 modo
1398 2895 1743 2963 pronuntiat:
1785 2915 1804 2948 ι
1836 2897 2007 2951 Bene-

437 2972 839 3047 dictus,-inquit
863 2979 929 3044 ‘3,
971 2980 1113 3037 Deus
1148 2991 1203 3036 et
1240 2983 1403 3039 Pater
1427 2986 1639 3040 Domini
1690 2988 1857 3041 nostri
1883 2986 2007 3043 Jesu

2099 529 2432 599 diriguntur,
2474 538 2533 582 ut
2564 528 2703 582 alius
2733 542 2799 582 ex
2825 526 2912 581 bis
2949 525 3281 596 participare
3315 538 3421 577 non
3460 524 3673 591 possit:

2102 621 2307 677 idcirco
2341 635 2434 675 eas
2471 618 2746 690 spiritales
2787 615 3076 687 Apostolus
3112 613 3432 675 nominavit,
3464 622 3521 667 ut
3553 614 3676 683 qni-

2101 726 2314 780 cunque
2365 710 2502 766 ellici
2557 709 2795 779 potuerit
2825 709 2877 762 in
2923 707 3126 761 virtute
3155 715 3211 759 et
3253 705 3466 773 spiritu,
3522 706 3681 760 verbi

2100 803 2299 871 gratia,
2340 801 2491 867 Sem,
2522 800 2605 854 vel
2634 798 2850 869 Japhet,
2890 796 2973 851 vel
3008 796 3230 865 Josepb,
3259 804 3353 849 aut
3378 792 3547 857 Isaac,
3580 804 3683 848 aut

2100 894 2289 960 Jacob,
2336 895 2478 949 sicut
2524 902 2580 946 et
2605 890 2841 947 Joannes
2887 888 2988 944 fuit
3036 889 3090 943 in
3141 887 3334 957 Spiritu
3388 896 3443 940 et
3476 885 3678 939 virtute

2102 987 2252 1051 Elite,
2279 986 2447 1056 possit
2467 985 2633 1040 etiam
2667 984 2786 1053 ipse
2814 979 3208 1037 benedictionis
3234 977 3377 1031 illius
3406 976 3683 1045 particeps

2111 1077 2250 1141 ﬁeri,
2278 1080 2433 1145 cuius
2469 1077 2724 1129 virtutem
2754 1081 2807 1128 et
2842 1071 3093 1142 spiritum
3126 1069 3372 1140 gesserit.

2173 1167 2230 1221 2.
2257 1168 2361 1224 Sed
2389 1166 2670 1221 videamus
2708 1178 2854 1218 nunc
2880 1164 2930 1216 in
2961 1159 3207 1216 Levitieo
3237 1158 3677 1214 benedictionum

2103 1259 2246 1329 quod
2266 1259 2336 1313 sit
2360 1256 2661 1311 exordium.
2691 1272 2709 1305 ι
2738 1253 2825 1317 Si,
2851 1252 3027 1322 inquit
3049 1252 3123 1317 θ’,
3145 1251 3203 1304 in
3231 1250 3516 1319 praeceptis
3541 1251 3682 1305 meis

2105 1347 2539 1411 ambulaveritis,
2568 1354 2623 1400 et
2650 1344 2907 1399 mandata
2940 1356 3057 1397 mea
3100 1340 3473 1396 custodieritis
3507 1350 3563 1394 et
3596 1340 3677 1395 fe-

2105 1442 2290 1497 ceritis
2321 1456 2406 1498 ea.
2436 1460 2455 1493 ι
2495 1438 2621 1494 Tria
2645 1445 2769 1493 sunt
2799 1449 2921 1504 qua
2944 1433 3080 1488 dicit
3108 1450 3123 1487 :
3153 1433 3204 1487 in
3241 1432 3530 1502 przeccptis
3562 1448 3680 1485 am-

2106 1531 2420 1592 bulandum,
2461 1530 2711 1584 mandata
2741 1524 3119 1587 custodienda,
3164 1531 3217 1577 et
3270 1521 3514 1577 facienda
3558 1538 3678 1591 qua:

2107 1622 2357 1676 mandata
2400 1630 2544 1676 sunt.
2590 1619 2744 1675 Unde
2768 1617 2981 1671 videtur
3008 1613 3137 1667 mihi
3179 1622 3500 1681 prmceptum
3526 1626 3671 1678 esse,

2107 1714 2256 1768 verbi
2282 1714 2478 1782 gratia,
2509 1726 2633 1766 eum
2658 1709 2879 1777 iubetur
2908 1714 2967 1762 ut
2997 1707 3088 1761 ille
3113 1706 3203 1774 qui
3236 1705 3529 1759 Sabbatutn
3558 1718 3663 1755 non

2109 1806 2371 1866 servavit,
2400 1806 2467 1858 ab
2494 1801 2639 1856 omni
2667 1814 2939 1872 synagoga
2976 1798 3243 1868 lapidetur
3271 1812 3285 1848 :
3319 1804 3413 1850 aut
3443 1795 3530 1864 qui
3560 1809 3668 1847 tua-

2110 1898 2297 1951 ledixit
2335 1895 2618 1950 Dominum
2659 1904 2716 1947 ut
2739 1892 3008 1962 lapidibus
3047 1890 3373 1960 perimatur,
3407 1896 3463 1942 et
3491 1886 3538 1942 si
3572 1902 3669 1955 qua

2103 1986 2362 2055 jubentur
2414 1983 2747 2053 lmiusmodi.
2803 1980 3054 2035 Mandata
3100 1993 3231 2033 vero
3275 1992 3418 2039 esse,
3483 1977 3680 2046 quibus

2104 2076 2345 2145 iubetur,
2395 2076 2542 2129 verbi
2598 2088 2784 2139 causa,
2827 2071 3068 2125 decimas
3104 2066 3288 2125 oll'erri
3316 2066 3544 2133 Levitis,
3596 2066 3679 2119 vel

2113 2167 2263 2220 terin
2293 2181 2435 2220 anno
2464 2179 2728 2234 apparere
2757 2163 3009 2226 Domino,
3041 2160 3128 2215 vel
3158 2175 3263 2214 non
3292 2175 3561 2230 apparere
3586 2175 3682 2211 va-

2109 2271 2267 2310 cmnn
2323 2257 2375 2307 in
2432 2263 2724 2323 conspectu
2785 2251 3019 2305 Domini.
3079 2250 3365 2304 Custodire
3417 2258 3502 2303 est
3549 2262 3687 2315 ergo

2112 2349 2449 2410 mandatum,
2477 2346 2783 2413 intelligere
2813 2342 2895 2395 vel
2926 2342 3210 2396 advertere
3242 2357 3360 2411 qua:
3391 2342 3679 2410 iubentur.

2111 2437 2310 2492 Facere
2338 2448 2511 2490 autem
2539 2435 2874 2500 mandatum,
2902 2442 2982 2488 est
3010 2433 3237 2503 implere
3262 2432 3678 2501 quariubentur.

2112 2527 2202 2581 Sic
2250 2542 2380 2595 ergo
2408 2526 2814 2596 intelligendum
2860 2534 2989 2593 puto
3028 2524 3172 2594 quod
3217 2524 3401 2576 dixit:
3446 2540 3466 2573 ο
3514 2521 3572 2576 Si
3626 2522 3678 2573 in

2110 2618 2391 2687 praeceptis
2428 2618 2564 2672 meis
2603 2616 3035 2679 atnbulaveritis,
3068 2625 3123 2671 et
3151 2615 3404 2668 mandata
3442 2628 3558 2668 mea
3584 2630 3681 2666 cu-

2112 2711 2428 2775 stodieritis,
2463 2720 2516 2763 et
2553 2708 2799 2763 feceritis
2831 2723 2916 2762 ea.
2956 2726 2976 2761 ι
3013 2707 3116 2762 Sed
3150 2708 3430 2761 videamus
3463 2720 3582 2773 quae
3610 2704 3681 2757 sit

2111 2802 2286 2872 prima
2319 2801 2623 2855 benedictio
2663 2800 2729 2854 iis
2755 2800 2845 2869 qui
2878 2815 2940 2854 ea
2978 2815 3100 2868 qua:
3133 2800 3459 2853 mandantur
3488 2796 3674 2866 impleo

2110 2894 2308 2948 verint.
2331 2911 2349 2944 ι
2382 2892 2550 2957 Dabo,
2587 2893 2759 2962 inquit
2784 2892 2851 2955 ⁷ο,
2882 2891 3118 2960 pluviam
3150 2888 3305 2943 vobis
3337 2889 3391 2942 in
3431 2898 3677 2955 tempore

2112 2998 2231 3038 suo.
2268 3002 2286 3035 ι
2330 2981 2496 3052 Igitur
2524 2982 2698 3051 primo
2726 2980 2791 3035 ad
2822 2978 3036 3034 Judteos
3079 2978 3343 3041 dicamus,
3386 2986 3442 3031 et
3467 2990 3561 3030 eos
3586 2975 3678 3043 qui

439 3064 663 3133 Christi,
687 3070 777 3138 qui
810 3070 1082 3126 benedixit
1113 3090 1209 3129 nos
1241 3074 1291 3128 in
1324 3078 1472 3130 onmi
1499 3078 1874 3133 benedictione
1900 3080 2010 3148 spi~
2036 3096 2079 3153 ρ
2111 3074 2429 3143 simpliciter
2474 3072 2558 3126 vel
2593 3070 2949 3142 corporaliter
3003 3070 3119 3123 base
3166 3068 3519 3138 intelligenda
3562 3067 3673 3135 epi-

442 3156 583 3210 ritali
623 3158 673 3211 in
702 3161 1015 3217 caelestibus
1056 3164 1108 3217 in
1147 3165 1388 3222 Christo.
1440 3187 1455 3219 ι
1494 3168 1760 3235 Quoniam
1791 3170 2007 3240 quidem

439 3248 645 3303 sciebat
666 3253 954 3309 nonnullos
983 3254 1225 3323 legentes
1250 3259 1316 3313 de.
1342 3260 1809 3317 benedictionibus
1852 3277 2011 3331 posse

442 3338 496 3390 in
529 3338 578 3391 id
611 3341 843 3409 prolabi,
866 3354 926 3397 ut
949 3359 1042 3397 eas
1059 3340 1644 3415 cbrporalesputarent
1667 3360 1720 3401 et
1743 3360 2009 3414 terrenas,

441 3430 611 3485 voluit
638 3432 717 3487 eis
742 3434 1050 3490 evidentius
1084 3437 1300 3508 aperire
1331 3454 1451 3508 qua:
1476 3439 1547 3493 sit
1580 3440 1887 3494 divinarum
1916 3442 2007 3497 be.

443 3523 806 3578 nedietionum
842 3537 1056 3595 natura,
1087 3530 1168 3584 vel
1196 3529 1282 3584 ubi
1320 3533 1629 3597 quaerenda,
1655 3541 1710 3586 et
1737 3532 1857 3587 ideo
1887 3534 1964 3587 ait
1994 3553 2006 3588 :

447 3628 465 3661 ι
495 3610 595 3677 Qui
628 3614 900 3670 benedixit
929 3632 1026 3671 nos
1051 3618 1103 3671 in
1145 3618 1290 3672 omni
1314 3618 1692 3675 benedictione
1715 3620 1880 3692 264
1902 3623 2012 3691 spi-

442 3701 587 3756 ritali
622 3706 671 3757 in
712 3706 1027 3763 caelestibus
1062 3710 1115 3762 in
1144 3708 1383 3764 Christo.
1417 3728 1437 3762 ι
1479 3709 1585 3765 Sed
1622 3719 1677 3766 et
1707 3711 1810 3766 hoc
1866 3712 2010 3781 quod

440 3796 669 3862 addidit,
713 3817 731 3850 ι
774 3800 823 3854 in
858 3802 1005 3857 omni
1041 3803 1418 3871 benedictione
1447 3803 1703 3873 spiritali,
1736 3822 1755 3856 ι
1798 3815 2013 3860 nonest

440 3885 697 3951 otiosum,
730 3891 822 3943 sed
853 3893 1167 3959 apostolica:
1196 3895 1556 3950 vehementia:
1601 3896 1839 3965 plenum.
1874 3894 2009 3950 Nam

439 3977 565 4046 quia
597 3978 806 4033 sciebat
834 3982 996 4034 multa
1037 3998 1162 4038 esse
1192 3983 1486 4054 implenda,
1522 4000 1642 4053 quae
1684 3986 2012 4041 mandantur

440 4067 493 4120 in
521 4067 657 4136 lege,
680 4078 736 4122 et
763 4069 817 4123 in
852 4086 1173 4141 unoquoque
1206 4076 1461 4129 mandato
1484 4076 1733 4144 pr0prios
1746 4076 2012 4132 exsistere

439 4173 661 4227 agones,
694 4159 748 4213 in
798 4161 999 4232 quibus
1043 4179 1141 4233 per
1174 4166 1387 4234 singula
1426 4166 1863 4223 benedictionem
1917 4169 2010 4237 qui

438 4246 683 4301 vinceret
717 4262 1035 4319 mereretur,
1068 4253 1188 4309 ideo
1217 4254 1351 4308 dixit
1379 4269 1391 4304 :
1425 4279 1443 4306 ι
1478 4254 1577 4321 Qui
1615 4256 2010 4313 benedixitnos

437 4336 492 4390 in
527 4340 675 4393 omni
732 4341 1109 4399 benedictione
1140 4347 1406 4415 spiritali;
1445 4367 1465 4400 ι
1518 4356 1575 4401 ιιι
1599 4357 1652 4402 et
1683 4349 1868 4419 plures
1917 4366 2009 4405 eas

2114 3174 2351 3220 nantur:
2402 3165 2446 3219 si
2480 3163 2658 3233 pluvia
2703 3164 2818 3217 haec
2869 3171 3127 3230 tanquam
3168 3158 3537 3213 remuneratio
3582 3173 3679 3226 pro

2111 3255 2385 3309 laboribus
2423 3253 2583 3307 datur
2620 3252 2688 3307 iis
2721 3251 2812 3321 qui
2861 3249 3117 3304 mandata
3173 3247 3507 3312 custodiunt,
3540 3260 3676 3315 quo-

2112 3349 2270 3403 modo
2301 3357 2355 3402 et
2401 3347 2468 3402 iis
2501 3347 2592 3416 qui
2628 3348 2878 3400 mandata
2922 3358 3030 3397 non
3063 3349 3306 3405 servant,
3358 3354 3465 3393 una
3517 3348 3682 3406 atque

2110 3439 2297 3494 eadem
2327 3440 2487 3493 datur
2521 3437 2702 3507 pluvia
2748 3434 3081 3505 temporibus
3119 3432 3251 3495 suis,
3291 3440 3346 3485 et
3393 3430 3682 3484 universus

2113 3527 2343 3583 mundus
2377 3526 2754 3581 communibus
2806 3510 2975 3577 utitur
3024 3521 3219 3591 pluviis
3263 3536 3294 3573 a
3343 3519 3454 3574 Deo
3504 3518 3681 3571 datis!

2110 3620 2257 3675 Pluit
2284 3621 2428 3675 enim
2459 3633 2621 3688 super
2643 3618 2888 3686 iustoset
2916 3614 3147 3683 iniustos
3172 3614 3239 3667 '“.
3273 3612 3427 3680 Quod
3453 3612 3495 3665 si
3515 3609 3682 3678 iustis

2110 3725 2165 3770 et
2196 3713 2409 3783 iniustis
2435 3714 2595 3767 datur
2624 3710 2828 3781 pluvia,
2860 3723 2963 3763 non
2991 3705 3098 3761 erit
3123 3706 3323 3761 eximia
3360 3717 3678 3759 remuneras

2115 3805 2188 3860 tio
2227 3806 2294 3860 iis
2345 3804 2437 3874 qui
2475 3788 2728 3857 mandata
2777 3800 3139 3858 servaverint.
3192 3798 3325 3852 Vide
3373 3810 3503 3867 ergo
3550 3794 3677 3863 quia

2110 3896 2321 3952 etiamsi
2366 3896 2533 3951 Judzei
2575 3910 2681 3950 non
2712 3894 3065 3961 acquiescunt
3091 3891 3271 3945 verbis
3307 3888 3435 3943 Iesu
3465 3886 3680 3941 Domini

2112 3989 2302 4052 nostri,
2345 3999 2396 4041 tu
2429 3997 2608 4041 tamen
2631 3985 2722 4055 qui
2749 3983 2968 4039 nomine
2994 3983 3113 4054 ejus
3141 3981 3406 4043 censeris,
3439 3989 3494 4035 et
3523 3980 3681 4034 Chri-

2112 4080 2321 4133 stianus
2370 4075 2681 4147 appellaris,
2716 4074 2886 4129 debes
2921 4073 2972 4128 ei
3001 4074 3228 4128 credere
3281 4070 3505 4135 dicenti,
3554 4070 3678 4139 quia

2112 4168 2266 4225 Pater
2292 4184 2420 4223 suus
2453 4167 2697 4222 caelestis
2722 4179 3067 4221 communem
3107 4166 3249 4220 hanc
3275 4163 3515 4235 pluviam
3547 4160 3693 4229 pluit'

2110 4276 2273 4331 super
2290 4260 2466 4331 iustos
2493 4268 2547 4315 et
2578 4257 2804 4328 iniustos
2833 4274 2849 4313 :
2888 4267 2944 4313 et
2991 4273 3097 4311 non
3126 4258 3289 4312 debes
3318 4264 3530 4325 putare,
3555 4252 3678 4322 quia

2107 4353 2267 4423 iustis
2295 4353 2547 4407 eximiam
2604 4349 2941 4421 separaverit
2980 4350 3284 4420 portionem
3321 4348 3461 4401 hanc
3488 4360 3491 4363 λ
3519 4361 3680 4415 quam

436 4432 754 4485 ostenderet
789 4448 934 4496 esse.
980 4445 1035 4489 et
1067 4437 1360 4506 spiritales.
1390 4438 1575 4496 Potest
1616 4450 1797 4497 autem
1826 4441 1879 4496 in
1907 4443 2009 4498 hoc
2042 4425 2085 4479 Ῑ)
2114 4461 2455 4502 communem
2496 4446 2679 4517 posuit
2714 4444 2876 4500 etiam
2915 4458 3039 4499 cum
3079 4441 3318 4512 iniustis.
3360 4438 3681 4506 Quicramus

436 4533 688 4575 sermone
712 4538 820 4591 quo
854 4525 928 4578 ait
963 4545 983 4576 ι
1023 4527 1074 4580 in
1102 4530 1248 4582 omni
1282 4530 1656 4588 benedictione
1689 4533 1943 4603 spiritali,
1980 4553 1999 4586 ι

435 4618 490 4663 et
521 4610 650 4664 illud
688 4612 951 4684 intelligi,
982 4626 1063 4681 ut,
1106 4619 1254 4672 verbi
1298 4623 1490 4689 gratia,
1513 4623 1695 4692 iustus
1725 4626 1928 4695 quique
1951 4635 2008 4681 et

436 4701 713 4765 perfectus
766 4706 947 4774 capiat
974 4707 1380 4765 benedictiones
1424 4710 1672 4778 Levitici,
1708 4715 1775 4769 de
1810 4717 2008 4783 quibus

436 4808 579 4848 nurtc
605 4810 784 4850 sermo
810 4809 893 4854 est
922 4819 935 4853 :
968 4802 1145 4869 capiat
1186 4812 1241 4857 et
1278 4818 1371 4858 eas
1391 4821 1510 4874 qua:
1544 4806 1596 4858 in
1641 4804 1777 4858 libro
1809 4805 2007 4862 Nume-

434 4900 618 4940 rorum
644 4889 862 4957 scripta:
885 4902 1032 4955 sunt,
1075 4893 1168 4948 sed
1195 4906 1248 4948 et
1279 4894 1397 4949 illas
1420 4910 1539 4963 qua:
1571 4897 1621 4948 in
1656 4896 1794 4951 libro
1830 4897 2007 4953 Geneo

431 4978 508 5032 sis
529 4980 885 5035 continentur
913 4983 1310 5039 benedictiones
1330 4985 1441 5040 Noe
1469 4986 1533 5039 ad
1552 4987 1675 5040 Sem
1706 4997 1761 5040 et
1787 4986 2003 5057 Japhet,

430 5078 485 5141 ct
510 5069 917 5128 benedictiones
948 5070 1099 5130 Isaac
1126 5076 1192 5128 ad
1222 5073 1409 5141 Jacob,
1458 5086 1510 5131 et
1538 5076 1664 5132 item
1696 5077 1864 5135 .lacob
1913 5079 2005 5134 be-

430 5162 769 5217 nedictiones
791 5165 856 5217 ad
883 5163 1103 5235 Josepb,
1136 5174 1189 5221 et
1219 5168 1469 5236 Ephrem,
1506 5177 1561 5221 et
1593 5168 1917 5237 Manassem,
1949 5180 2004 5225 et

431 5262 553 5322 post
570 5254 683 5308 haec
705 5257 771 5308 ad
798 5256 1082 5312 duodecim
1106 5260 1468 5328 patriarchas.
1491 5260 1625 5329 Quia
1653 5277 1782 5333 ergo
1820 5264 2001 5317 multa:

430 5346 975 5404 suntbenedictiones
1005 5351 1191 5417 posita:
1220 5352 1272 5405 in
1308 5354 1502 5409 divinis
1535 5355 1855 5425 Seripturis,
1879 5373 2000 5426 qua:

432 5441 679 5495 videntur
706 5443 922 5511 quidem
952 5446 1019 5498 ad
1042 5461 1481 5518 unumquemque
1510 5459 1845 5515 sanctorum,
1874 5466 1999 5504 ver-

432 5529 482 5583 bi
535 5534 731 5595 gratia,
778 5534 846 5586 ad
884 5534 1032 5597 Sent,
1070 5534 1150 5588 vel
1189 5535 1402 5605 Japlzet,
1433 5547 1528 5591 aut
1576 5536 1773 5608 Josepb
1816 5539 1995 5609 dirigi,

501 5704 543 5734 ”
569 5712 765 5779 prcs.
804 5730 841 5783 ι,
880 5718 932 5769 5.
1017 5722 1055 5750 θ’
1106 5719 1275 5775 Levii.
1308 5736 1451 5786 xxvi,
1490 5721 1543 5774 3.

1621 5722 1665 5754 "°
1700 5722 1828 5777 ibid.
1864 5723 1913 5777 4.
1993 5724 2032 5753 ⁷¹
2069 5722 2254 5779 Matth.
2306 5739 2355 5786 v,
2402 5723 2489 5778 «i3.

2113 4553 2242 4609 ergo
2268 4540 2319 4593 in
2360 4538 2664 4608 Scripturis
2686 4551 2805 4607 qua:
2830 4536 2901 4591 sit
2938 4535 3148 4603 pluvia,
3178 4548 3299 4602 quae
3329 4532 3535 4586 sanctis
3562 4539 3681 4584 tan-

2114 4630 2391 4684 tummodo
2417 4629 2599 4695 datur,
2642 4636 2697 4682 et
2748 4628 2814 4681 de
2864 4640 2968 4697 qua
3016 4625 3306 4681 mandatur
3337 4619 3567 4676 nubibus
3616 4634 3682 4672 ne

2114 4722 2300 4791 pluant
2343 4722 2581 4792 pluviam
2618 4722 2777 4777 istam
2812 4735 2974 4789 super
3020 4717 3268 4787 iniustos.
3300 4715 3430 4783 Qua:
3456 4730 3587 4785 ergo
3613 4714 3682 4767 sit

2112 4816 2214 4869 ista
2247 4813 2446 4884 pluvia,
2489 4814 2604 4883 ipse
2638 4827 2738 4868 nos
2781 4811 2992 4883 Moyses
3016 4810 3208 4865 borum
3254 4809 3530 4879 legislator
3554 4808 3681 4861 edo-

2111 4914 2251 4961 ceat.
2287 4905 2405 4974 Ipse
2432 4905 2576 4959 enim
2610 4903 2741 4958 dicit
2790 4904 2844 4957 in
2872 4901 3294 4957 Deuteronomio
3314 4901 3360 4933 "
3387 4915 3400 4951 :
3442 4914 3462 4951 ι
3492 4899 3682 4952 Atten-

2110 4996 2196 5060 de,
2227 4996 2448 5063 ctelutn,
2476 5004 2530 5049 et
2561 4995 2769 5063 loquar,
2811 5002 2867 5049 et
2896 4994 3080 5047 audiat
3113 5001 3260 5046 terra
3293 4989 3456 5045 verba
3483 5002 3551 5043 ex
3586 4999 3680 5043 ore

2112 5100 2251 5152 meo,
2285 5093 2630 5155 exspectetur
2674 5085 2816 5140 sicut
2860 5084 3037 5153 pluvia
3082 5082 3355 5151 eloquium
3402 5095 3608 5135 meum.
3652 5098 3672 5130 ι

2110 5177 2361 5247 Nunquid
2397 5192 2515 5231 mea
2561 5177 2723 5231 verba
2763 5186 2893 5231 sunt
2931 5175 3073 5229 ista?
3107 5173 3356 5240 Nunquid
3388 5170 3678 5226 rhetoricis

2110 5269 2440 5339 argumentis
2470 5281 2688 5323 sensum
2724 5267 2923 5321 divina:
2968 5265 3103 5335 legis
3129 5264 3402 5320 violenter
3446 5260 3678 5317 inﬂecti-

2108 5359 2265 5414 mus?
2296 5357 2485 5413 Nonne
2509 5358 2717 5429 Moyses
2744 5365 2827 5412 est
2856 5358 2945 5426 qui
2976 5356 3107 5410 dicit
3132 5354 3369 5425 pluviam
3400 5368 3522 5409 esse
3536 5351 3677 5422 quod

2107 5450 2379 5517 loquitur?
2409 5468 2427 5501 ι
2463 5448 2843 5519 Exspectetur,
2874 5448 3050 5517 inquit
3078 5448 3145 5513 ⁷³,
3183 5446 3330 5501 sicut
3358 5446 3541 5513 pluvia
3563 5444 3678 5500 εισι

2107 5542 2293 5611 quium
2334 5555 2539 5609 meum,
2577 5550 2630 5596 et
2670 5540 3002 5596 descendant
3031 5539 3174 5594 sicut
3203 5552 3292 5594 ros
3329 5538 3493 5594 verba
3531 5548 3673 5601 mea,

2569 5725 2612 5756 ⁷¹
2648 5724 2799 5778 Deut.
2852 5736 3023 5787 xuii,
3058 5722 3166 5786 1,2.
3244 5721 3288 5753 ⁷³
3320 5722 3450 5778 ibid.
