  <div class='ocr_page' id='page_1' title='image "/cluster/home/n/w/nwhite01/storage/ocr_20150623/12/hvd.32044052796216/288.png"; bbox 0 0 4086 6218; ppageno 0'>
   <div class='ocr_carea' id='block_1_1' title="bbox 396 348 506 403">
    <p class='ocr_par' dir='ltr' id='par_1_1' title="bbox 396 348 506 403">
     <span class='ocr_line' id='line_1_1' title="bbox 396 348 506 403; baseline 0 0"><span class='ocrx_word' id='word_1_1' title='bbox 396 348 506 403; x_wconf 71' lang='lat'><strong>555</strong></span> 
     </span>
    </p>
   </div>
   <div class='ocr_carea' id='block_1_2' title="bbox 1537 336 2513 396">
    <p class='ocr_par' dir='ltr' id='par_1_2' title="bbox 1537 336 2513 396">
     <span class='ocr_line' id='line_1_2' title="bbox 1537 336 2513 396; baseline 0.002 -2"><span class='ocrx_word' id='word_1_2' title='bbox 1537 340 1603 395; x_wconf 79' lang='grc' dir='ltr'><strong>ΙΝ</strong></span> <span class='ocrx_word' id='word_1_3' title='bbox 1640 336 2013 395; x_wconf 71' lang='lat' dir='ltr'><strong>LEVITICUM</strong></span> <span class='ocrx_word' id='word_1_4' title='bbox 2052 336 2335 395; x_wconf 75' lang='lat' dir='ltr'><strong>llOMlLlA</strong></span> <span class='ocrx_word' id='word_1_5' title='bbox 2376 340 2513 396; x_wconf 80' lang='lat' dir='ltr'><strong>XVI.</strong></span> 
     </span>
    </p>
   </div>
   <div class='ocr_carea' id='block_1_3' title="bbox 3545 349 3649 403">
    <p class='ocr_par' dir='ltr' id='par_1_3' title="bbox 3545 349 3649 403">
     <span class='ocr_line' id='line_1_3' title="bbox 3545 349 3649 403; baseline 0 -1"><span class='ocrx_word' id='word_1_6' title='bbox 3545 349 3649 403; x_wconf 75' lang='lat'><strong>566</strong></span> 
     </span>
    </p>
   </div>
   <div class='ocr_carea' id='block_1_4' title="bbox 398 459 3651 533">
    <p class='ocr_par' dir='ltr' id='par_1_4' title="bbox 398 459 3651 533">
     <span class='ocr_line' id='line_1_4' title="bbox 398 459 3651 533; baseline 0 -14"><span class='ocrx_word' id='word_1_7' title='bbox 398 468 544 522; x_wconf 82' lang='lat' dir='ltr'><strong>sicut</strong></span> <span class='ocrx_word' id='word_1_8' title='bbox 583 465 759 520; x_wconf 85' lang='lat' dir='ltr'><strong>imber</strong></span> <span class='ocrx_word' id='word_1_9' title='bbox 792 479 955 533; x_wconf 83' lang='lat' dir='ltr'><strong>super</strong></span> <span class='ocrx_word' id='word_1_10' title='bbox 983 477 1231 530; x_wconf 70' lang='lat' dir='ltr'><strong>gramen,</strong></span> <span class='ocrx_word' id='word_1_11' title='bbox 1272 470 1328 516; x_wconf 87' lang='lat' dir='ltr'><strong>et</strong></span> <span class='ocrx_word' id='word_1_12' title='bbox 1377 462 1523 517; x_wconf 86' lang='lat' dir='ltr'><strong>sicut</strong></span> <span class='ocrx_word' id='word_1_13' title='bbox 1564 463 1653 516; x_wconf 81' lang='lat' dir='ltr'><strong>nix</strong></span> <span class='ocrx_word' id='word_1_14' title='bbox 1691 477 1854 530; x_wconf 89' lang='lat' dir='ltr'><strong>super</strong></span> <span class='ocrx_word' id='word_1_15' title='bbox 1890 461 1971 515; x_wconf 83' lang='lat' dir='ltr'><strong>fe-</strong></span> <span class='ocrx_word' id='word_1_16' title='bbox 2004 464 2046 521; x_wconf 75' lang='grc' dir='ltr'><strong>Α</strong></span> <span class='ocrx_word' id='word_1_17' title='bbox 2077 459 2128 512; x_wconf 88' lang='lat' dir='ltr'><strong>in</strong></span> <span class='ocrx_word' id='word_1_18' title='bbox 2161 468 2442 529; x_wconf 84' lang='lat' dir='ltr'><strong>tempore:</strong></span> <span class='ocrx_word' id='word_1_19' title='bbox 2479 462 2621 516; x_wconf 82' lang='lat' dir='ltr'><strong>sicut</strong></span> <span class='ocrx_word' id='word_1_20' title='bbox 2646 467 2698 513; x_wconf 90' lang='lat' dir='ltr'><strong>et</strong></span> <span class='ocrx_word' id='word_1_21' title='bbox 2729 459 2889 514; x_wconf 92' lang='lat' dir='ltr'><strong>tritici</strong></span> <span class='ocrx_word' id='word_1_22' title='bbox 2921 477 3227 518; x_wconf 82' lang='lat' dir='ltr'><strong>mensuram</strong></span> <span class='ocrx_word' id='word_1_23' title='bbox 3260 480 3449 522; x_wconf 84' lang='lat' dir='ltr'><strong>servus</strong></span> <span class='ocrx_word' id='word_1_24' title='bbox 3478 467 3651 523; x_wconf 81' lang='lat' dir='ltr'><strong>ﬁdelis</strong></span> 
     </span>
    </p>
   </div>
   <div class='ocr_carea' id='block_1_5' title="bbox 402 554 1972 622">
    <p class='ocr_par' dir='ltr' id='par_1_5' title="bbox 402 554 1972 622">
     <span class='ocr_line' id='line_1_5' title="bbox 402 554 1972 622; baseline -0.005 -11"><span class='ocrx_word' id='word_1_25' title='bbox 402 574 555 611; x_wconf 81' lang='lat' dir='ltr'><strong>unm.</strong></span> <span class='ocrx_word' id='word_1_26' title='bbox 588 576 607 608; x_wconf 75' lang='grc' dir='ltr'>ι</span> <span class='ocrx_word' id='word_1_27' title='bbox 632 557 851 610; x_wconf 80' lang='lat' dir='ltr'><strong>Intende</strong></span> <span class='ocrx_word' id='word_1_28' title='bbox 877 556 1182 622; x_wconf 68' lang='lat' dir='ltr'><strong>diligenter,</strong></span> <span class='ocrx_word' id='word_1_29' title='bbox 1203 554 1438 618; x_wconf 83' lang='lat' dir='ltr'><strong>auditor,</strong></span> <span class='ocrx_word' id='word_1_30' title='bbox 1469 569 1537 611; x_wconf 89' lang='lat' dir='ltr'><strong>uc</strong></span> <span class='ocrx_word' id='word_1_31' title='bbox 1559 564 1713 621; x_wconf 85' lang='lat' dir='ltr'><strong>putes</strong></span> <span class='ocrx_word' id='word_1_32' title='bbox 1741 569 1839 611; x_wconf 84' lang='lat' dir='ltr'><strong>nos</strong></span> <span class='ocrx_word' id='word_1_33' title='bbox 1867 554 1972 607; x_wconf 79' lang='lat' dir='ltr'><strong>vim</strong></span> 
     </span>
    </p>
   </div>
   <div class='ocr_carea' id='block_1_6' title="bbox 402 645 1971 725">
    <p class='ocr_par' dir='ltr' id='par_1_6' title="bbox 402 645 1971 725">
     <span class='ocr_line' id='line_1_6' title="bbox 402 645 1971 725; baseline -0.004 -22"><span class='ocrx_word' id='word_1_34' title='bbox 402 649 588 703; x_wconf 76' lang='lat' dir='ltr'><strong>facere</strong></span> <span class='ocrx_word' id='word_1_35' title='bbox 620 646 914 715; x_wconf 69' lang='lat' dir='ltr'><strong>Scriptura:</strong></span> <span class='ocrx_word' id='word_1_36' title='bbox 957 645 1174 708; x_wconf 66' lang='lat' dir='ltr'><strong>divina),</strong></span> <span class='ocrx_word' id='word_1_37' title='bbox 1215 659 1338 703; x_wconf 84' lang='lat' dir='ltr'><strong>cum</strong></span> <span class='ocrx_word' id='word_1_38' title='bbox 1368 645 1627 701; x_wconf 77' lang='lat' dir='ltr'><strong>docentes</strong></span> <span class='ocrx_word' id='word_1_39' title='bbox 1669 645 1971 725; x_wconf 76' lang='lat' dir='ltr'><strong>Ecclesium</strong></span> 
     </span>
    </p>
   </div>
   <div class='ocr_carea' id='block_1_7' title="bbox 401 737 1975 808">
    <p class='ocr_par' dir='ltr' id='par_1_7' title="bbox 401 737 1975 808">
     <span class='ocr_line' id='line_1_7' title="bbox 401 737 1975 808; baseline -0.002 -15"><span class='ocrx_word' id='word_1_40' title='bbox 401 740 637 793; x_wconf 75' lang='lat' dir='ltr'><strong>dicimus</strong></span> <span class='ocrx_word' id='word_1_41' title='bbox 663 739 742 792; x_wconf 86' lang='lat' dir='ltr'><strong>vel</strong></span> <span class='ocrx_word' id='word_1_42' title='bbox 761 737 1036 806; x_wconf 73' lang='lat' dir='ltr'><strong>aquas,vd</strong></span> <span class='ocrx_word' id='word_1_43' title='bbox 1057 738 1283 805; x_wconf 84' lang='lat' dir='ltr'><strong>imbres,</strong></span> <span class='ocrx_word' id='word_1_44' title='bbox 1299 738 1383 791; x_wconf 82' lang='lat' dir='ltr'><strong>vel</strong></span> <span class='ocrx_word' id='word_1_45' title='bbox 1414 738 1515 792; x_wconf 85' lang='lat' dir='ltr'><strong>alia</strong></span> <span class='ocrx_word' id='word_1_46' title='bbox 1542 754 1665 807; x_wconf 71' lang='lat' dir='ltr'><strong>qua:</strong></span> <span class='ocrx_word' id='word_1_47' title='bbox 1684 738 1975 808; x_wconf 80' lang='lat' dir='ltr'><strong>corporali-</strong></span> 
     </span>
    </p>
   </div>
   <div class='ocr_carea' id='block_1_8' title="bbox 404 831 1971 902">
    <p class='ocr_par' dir='ltr' id='par_1_8' title="bbox 404 831 1971 902">
     <span class='ocr_line' id='line_1_8' title="bbox 404 831 1971 902; baseline 0.004 -17"><span class='ocrx_word' id='word_1_48' title='bbox 404 841 488 885; x_wconf 66' lang='lat' dir='ltr'><strong>ter</strong></span> <span class='ocrx_word' id='word_1_49' title='bbox 502 832 608 884; x_wconf 86' lang='lat' dir='ltr'><strong>dici</strong></span> <span class='ocrx_word' id='word_1_50' title='bbox 629 832 900 893; x_wconf 75' lang='lat' dir='ltr'><strong>videntur,</strong></span> <span class='ocrx_word' id='word_1_51' title='bbox 918 831 1244 900; x_wconf 77' lang='lat' dir='ltr'><strong>spiritaliter</strong></span> <span class='ocrx_word' id='word_1_52' title='bbox 1262 832 1567 892; x_wconf 58' lang='lat' dir='ltr'><strong>sentiendo.</strong></span> <span class='ocrx_word' id='word_1_53' title='bbox 1587 832 1723 895; x_wconf 81' lang='lat' dir='ltr'><strong>Audi</strong></span> <span class='ocrx_word' id='word_1_54' title='bbox 1752 832 1971 902; x_wconf 65' lang='lat' dir='ltr'><strong>Moysen</strong></span> 
     </span>
    </p>
   </div>
   <div class='ocr_carea' id='block_1_9' title="bbox 398 922 1974 993">
    <p class='ocr_par' dir='ltr' id='par_1_9' title="bbox 398 922 1974 993">
     <span class='ocr_line' id='line_1_9' title="bbox 398 922 1974 993; baseline 0.006 -21"><span class='ocrx_word' id='word_1_55' title='bbox 398 922 672 989; x_wconf 77' lang='lat' dir='ltr'><strong>quomolo</strong></span> <span class='ocrx_word' id='word_1_56' title='bbox 690 922 913 976; x_wconf 77' lang='lat' dir='ltr'><strong>verbum</strong></span> <span class='ocrx_word' id='word_1_57' title='bbox 944 923 1075 992; x_wconf 79' lang='lat' dir='ltr'><strong>legis</strong></span> <span class='ocrx_word' id='word_1_58' title='bbox 1099 938 1242 977; x_wconf 91' lang='lat' dir='ltr'><strong>nunc</strong></span> <span class='ocrx_word' id='word_1_59' title='bbox 1267 923 1503 993; x_wconf 76' lang='lat' dir='ltr'><strong>pluviam</strong></span> <span class='ocrx_word' id='word_1_60' title='bbox 1542 925 1803 989; x_wconf 74' lang='lat' dir='ltr'><strong>nominat,</strong></span> <span class='ocrx_word' id='word_1_61' title='bbox 1831 940 1974 985; x_wconf 77' lang='lat' dir='ltr'><strong>nunc</strong></span> 
     </span>
    </p>
   </div>
   <div class='ocr_carea' id='block_1_10' title="bbox 400 1014 1971 1080">
    <p class='ocr_par' dir='ltr' id='par_1_10' title="bbox 400 1014 1971 1080">
     <span class='ocr_line' id='line_1_10' title="bbox 400 1014 1971 1080; baseline 0.001 -13"><span class='ocrx_word' id='word_1_62' title='bbox 400 1028 579 1067; x_wconf 89' lang='lat' dir='ltr'><strong>rorem</strong></span> <span class='ocrx_word' id='word_1_63' title='bbox 617 1024 796 1077; x_wconf 82' lang='lat' dir='ltr'><strong>vocat,</strong></span> <span class='ocrx_word' id='word_1_64' title='bbox 818 1030 959 1074; x_wconf 70' lang='lat' dir='ltr'><strong>nunc</strong></span> <span class='ocrx_word' id='word_1_65' title='bbox 986 1014 1236 1080; x_wconf 74' lang='lat' dir='ltr'><strong>imbrem,</strong></span> <span class='ocrx_word' id='word_1_66' title='bbox 1270 1030 1412 1073; x_wconf 87' lang='lat' dir='ltr'><strong>nunc</strong></span> <span class='ocrx_word' id='word_1_67' title='bbox 1429 1016 1595 1075; x_wconf 77' lang='lat' dir='ltr'><strong>etiam</strong></span> <span class='ocrx_word' id='word_1_68' title='bbox 1617 1016 1797 1073; x_wconf 75' lang='lat' dir='ltr'><strong>nivem</strong></span> <span class='ocrx_word' id='word_1_69' title='bbox 1818 1017 1971 1079; x_wconf 67' lang='lat' dir='ltr'><strong>dicit.</strong></span> 
     </span>
    </p>
   </div>
   <div class='ocr_carea' id='block_1_11' title="bbox 400 1103 1973 1178">
    <p class='ocr_par' dir='ltr' id='par_1_11' title="bbox 400 1103 1973 1178">
     <span class='ocr_line' id='line_1_11' title="bbox 400 1103 1973 1178; baseline 0.004 -20"><span class='ocrx_word' id='word_1_70' title='bbox 400 1103 469 1158; x_wconf 86' lang='lat' dir='ltr'><strong>Et</strong></span> <span class='ocrx_word' id='word_1_71' title='bbox 496 1105 638 1160; x_wconf 80' lang='lat' dir='ltr'><strong>sicut</strong></span> <span class='ocrx_word' id='word_1_72' title='bbox 668 1105 878 1174; x_wconf 70' lang='lat' dir='ltr'><strong>Moyses</strong></span> <span class='ocrx_word' id='word_1_73' title='bbox 912 1106 1062 1165; x_wconf 75' lang='lat' dir='ltr'><strong>varia</strong></span> <span class='ocrx_word' id='word_1_74' title='bbox 1098 1117 1154 1166; x_wconf 82' lang='lat' dir='ltr'><strong>et</strong></span> <span class='ocrx_word' id='word_1_75' title='bbox 1202 1109 1414 1167; x_wconf 72' lang='lat' dir='ltr'><strong>diuersa</strong></span> <span class='ocrx_word' id='word_1_76' title='bbox 1467 1108 1813 1178; x_wconf 83' lang='lat' dir='ltr'><strong>proloquitur</strong></span> <span class='ocrx_word' id='word_1_77' title='bbox 1851 1117 1973 1167; x_wconf 50' lang='lat' dir='ltr'><strong>unto</strong></span> 
     </span>
    </p>
   </div>
   <div class='ocr_carea' id='block_1_12' title="bbox 396 1198 1977 1271">
    <p class='ocr_par' dir='ltr' id='par_1_12' title="bbox 396 1198 1977 1271">
     <span class='ocr_line' id='line_1_12' title="bbox 396 1198 1977 1271; baseline 0.006 -22"><span class='ocrx_word' id='word_1_78' title='bbox 396 1210 561 1263; x_wconf 83' lang='lat' dir='ltr'><strong>quam</strong></span> <span class='ocrx_word' id='word_1_79' title='bbox 594 1212 659 1253; x_wconf 76' lang='lat' dir='ltr'><strong>ex</strong></span> <span class='ocrx_word' id='word_1_80' title='bbox 695 1198 869 1269; x_wconf 74' lang='lat' dir='ltr'><strong>gratia</strong></span> <span class='ocrx_word' id='word_1_81' title='bbox 932 1198 1282 1259; x_wconf 65' lang='lat' dir='ltr'><strong>multiformis</strong></span> <span class='ocrx_word' id='word_1_82' title='bbox 1332 1199 1428 1257; x_wconf 85' lang='lat' dir='ltr'><strong>Dei</strong></span> <span class='ocrx_word' id='word_1_83' title='bbox 1473 1201 1758 1269; x_wconf 77' lang='lat' dir='ltr'><strong>sapientiae</strong></span> <span class='ocrx_word' id='word_1_84' title='bbox 1798 1202 1977 1271; x_wconf 71' lang='lat' dir='ltr'><strong>prolo-</strong></span> 
     </span>
    </p>
   </div>
   <div class='ocr_carea' id='block_1_13' title="bbox 397 1289 1971 1360">
    <p class='ocr_par' dir='ltr' id='par_1_13' title="bbox 397 1289 1971 1360">
     <span class='ocr_line' id='line_1_13' title="bbox 397 1289 1971 1360; baseline 0.004 -21"><span class='ocrx_word' id='word_1_85' title='bbox 397 1301 600 1354; x_wconf 83' lang='lat' dir='ltr'><strong>quens,</strong></span> <span class='ocrx_word' id='word_1_86' title='bbox 647 1289 718 1343; x_wconf 89' lang='lat' dir='ltr'><strong>ita</strong></span> <span class='ocrx_word' id='word_1_87' title='bbox 742 1299 794 1345; x_wconf 86' lang='lat' dir='ltr'><strong>et</strong></span> <span class='ocrx_word' id='word_1_88' title='bbox 830 1289 1001 1347; x_wconf 57' lang='lat' dir='ltr'><strong>Esaias</strong></span> <span class='ocrx_word' id='word_1_89' title='bbox 1040 1305 1162 1347; x_wconf 89' lang='lat' dir='ltr'><strong>cum</strong></span> <span class='ocrx_word' id='word_1_90' title='bbox 1196 1291 1328 1347; x_wconf 85' lang='lat' dir='ltr'><strong>dicit</strong></span> <span class='ocrx_word' id='word_1_91' title='bbox 1349 1292 1396 1325; x_wconf 68' lang='grc'><strong>⁷⁸</strong></span> <span class='ocrx_word' id='word_1_92' title='bbox 1430 1310 1444 1346; x_wconf 91' lang='lat'><strong>:</strong></span> <span class='ocrx_word' id='word_1_93' title='bbox 1489 1309 1511 1344; x_wconf 77' lang='grc' dir='ltr'><strong><em>ι</em></strong></span> <span class='ocrx_word' id='word_1_94' title='bbox 1558 1294 1717 1359; x_wconf 79' lang='lat' dir='ltr'><strong>Audi,</strong></span> <span class='ocrx_word' id='word_1_95' title='bbox 1749 1294 1971 1360; x_wconf 84' lang='lat' dir='ltr'><strong>coelum,</strong></span> 
     </span>
    </p>
   </div>
   <div class='ocr_carea' id='block_1_14' title="bbox 393 1382 1975 1454">
    <p class='ocr_par' dir='ltr' id='par_1_14' title="bbox 393 1382 1975 1454">
     <span class='ocr_line' id='line_1_14' title="bbox 393 1382 1975 1454; baseline 0.008 -23"><span class='ocrx_word' id='word_1_96' title='bbox 393 1389 451 1433; x_wconf 88' lang='lat' dir='ltr'><strong>et</strong></span> <span class='ocrx_word' id='word_1_97' title='bbox 484 1382 701 1449; x_wconf 75' lang='lat' dir='ltr'><strong>percipe</strong></span> <span class='ocrx_word' id='word_1_98' title='bbox 731 1382 968 1446; x_wconf 76' lang='lat' dir='ltr'><strong>auribus,</strong></span> <span class='ocrx_word' id='word_1_99' title='bbox 996 1392 1160 1448; x_wconf 83' lang='lat' dir='ltr'><strong>terra,</strong></span> <span class='ocrx_word' id='word_1_100' title='bbox 1189 1385 1443 1454; x_wconf 87' lang='lat' dir='ltr'><strong>quoniam</strong></span> <span class='ocrx_word' id='word_1_101' title='bbox 1474 1384 1734 1443; x_wconf 84' lang='lat' dir='ltr'><strong>Dominus</strong></span> <span class='ocrx_word' id='word_1_102' title='bbox 1768 1389 1975 1451; x_wconf 77' lang='lat' dir='ltr'><strong>locutus</strong></span> 
     </span>
    </p>
   </div>
   <div class='ocr_carea' id='block_1_15' title="bbox 395 1473 1977 1548">
    <p class='ocr_par' dir='ltr' id='par_1_15' title="bbox 395 1473 1977 1548">
     <span class='ocr_line' id='line_1_15' title="bbox 395 1473 1977 1548; baseline 0.008 -24"><span class='ocrx_word' id='word_1_103' title='bbox 395 1481 501 1525; x_wconf 81' lang='lat' dir='ltr'><strong>est.</strong></span> <span class='ocrx_word' id='word_1_104' title='bbox 548 1490 567 1525; x_wconf 73' lang='grc' dir='ltr'>ι</span> <span class='ocrx_word' id='word_1_105' title='bbox 615 1473 717 1529; x_wconf 79' lang='lat' dir='ltr'><strong>Sed</strong></span> <span class='ocrx_word' id='word_1_106' title='bbox 758 1485 809 1527; x_wconf 90' lang='lat' dir='ltr'><strong>et</strong></span> <span class='ocrx_word' id='word_1_107' title='bbox 856 1478 1227 1544; x_wconf 73' lang='lat' dir='ltr'><strong>unusquisque</strong></span> <span class='ocrx_word' id='word_1_108' title='bbox 1257 1478 1643 1545; x_wconf 77' lang='lat' dir='ltr'><strong>prophetarum</strong></span> <span class='ocrx_word' id='word_1_109' title='bbox 1689 1493 1819 1535; x_wconf 54' lang='lat' dir='ltr'><strong>cum.</strong></span> <span class='ocrx_word' id='word_1_110' title='bbox 1850 1496 1977 1548; x_wconf 72' lang='lat' dir='ltr'><strong>ape-</strong></span> 
     </span>
    </p>
   </div>
   <div class='ocr_carea' id='block_1_16' title="bbox 400 1566 1976 1643">
    <p class='ocr_par' dir='ltr' id='par_1_16' title="bbox 400 1566 1976 1643">
     <span class='ocr_line' id='line_1_16' title="bbox 400 1566 1976 1643; baseline 0.007 -29"><span class='ocrx_word' id='word_1_111' title='bbox 400 1566 570 1619; x_wconf 77' lang='lat' dir='ltr'><strong>ruerit</strong></span> <span class='ocrx_word' id='word_1_112' title='bbox 617 1580 702 1630; x_wconf 87' lang='lat' dir='ltr'><strong>os,</strong></span> <span class='ocrx_word' id='word_1_113' title='bbox 740 1566 942 1625; x_wconf 82' lang='lat' dir='ltr'><strong>imbres</strong></span> <span class='ocrx_word' id='word_1_114' title='bbox 972 1568 1191 1625; x_wconf 72' lang='lat' dir='ltr'><strong>deducit</strong></span> <span class='ocrx_word' id='word_1_115' title='bbox 1221 1582 1387 1643; x_wconf 83' lang='lat' dir='ltr'><strong>super</strong></span> <span class='ocrx_word' id='word_1_116' title='bbox 1421 1568 1611 1622; x_wconf 78' lang='lat' dir='ltr'><strong>faciem</strong></span> <span class='ocrx_word' id='word_1_117' title='bbox 1660 1579 1838 1631; x_wconf 74' lang='lat' dir='ltr'><strong>terrm,</strong></span> <span class='ocrx_word' id='word_1_118' title='bbox 1875 1572 1976 1631; x_wconf 82' lang='lat' dir='ltr'><strong>hoc</strong></span> 
     </span>
    </p>
   </div>
   <div class='ocr_carea' id='block_1_17' title="bbox 392 1656 1971 1721">
    <p class='ocr_par' dir='ltr' id='par_1_17' title="bbox 392 1656 1971 1721">
     <span class='ocr_line' id='line_1_17' title="bbox 392 1656 1971 1721; baseline 0.008 -14"><span class='ocrx_word' id='word_1_119' title='bbox 392 1663 480 1708; x_wconf 84' lang='lat' dir='ltr'><strong>est</strong></span> <span class='ocrx_word' id='word_1_120' title='bbox 528 1656 753 1709; x_wconf 82' lang='lat' dir='ltr'><strong>auribus</strong></span> <span class='ocrx_word' id='word_1_121' title='bbox 794 1669 850 1711; x_wconf 87' lang='lat' dir='ltr'><strong>et</strong></span> <span class='ocrx_word' id='word_1_122' title='bbox 882 1658 1138 1713; x_wconf 82' lang='lat' dir='ltr'><strong>cordibus</strong></span> <span class='ocrx_word' id='word_1_123' title='bbox 1166 1659 1500 1715; x_wconf 80' lang='lat' dir='ltr'><strong>auditorum.</strong></span> <span class='ocrx_word' id='word_1_124' title='bbox 1535 1659 1646 1719; x_wconf 81' lang='lat' dir='ltr'><strong>Hoc</strong></span> <span class='ocrx_word' id='word_1_125' title='bbox 1689 1663 1869 1719; x_wconf 82' lang='lat' dir='ltr'><strong>sciens</strong></span> <span class='ocrx_word' id='word_1_126' title='bbox 1918 1675 1971 1721; x_wconf 90' lang='lat' dir='ltr'><strong>et</strong></span> 
     </span>
    </p>
   </div>
   <div class='ocr_carea' id='block_1_18' title="bbox 395 1744 1962 1811">
    <p class='ocr_par' dir='ltr' id='par_1_18' title="bbox 395 1744 1962 1811">
     <span class='ocr_line' id='line_1_18' title="bbox 395 1744 1962 1811; baseline 0.009 -16"><span class='ocrx_word' id='word_1_127' title='bbox 395 1744 673 1811; x_wconf 79' lang='lat' dir='ltr'><strong>apostolus</strong></span> <span class='ocrx_word' id='word_1_128' title='bbox 705 1745 903 1801; x_wconf 77' lang='lat' dir='ltr'><strong>Paulus</strong></span> <span class='ocrx_word' id='word_1_129' title='bbox 936 1748 1149 1803; x_wconf 79' lang='lat' dir='ltr'><strong>dicebat</strong></span> <span class='ocrx_word' id='word_1_130' title='bbox 1172 1750 1218 1789; x_wconf 73' lang='grc'>⁷⁸</span> <span class='ocrx_word' id='word_1_131' title='bbox 1249 1766 1264 1803; x_wconf 89' lang='lat'><strong>:</strong></span> <span class='ocrx_word' id='word_1_132' title='bbox 1307 1766 1325 1801; x_wconf 77' lang='grc' dir='ltr'>ι</span> <span class='ocrx_word' id='word_1_133' title='bbox 1356 1750 1520 1807; x_wconf 80' lang='lat' dir='ltr'><strong>Terra</strong></span> <span class='ocrx_word' id='word_1_134' title='bbox 1555 1754 1699 1811; x_wconf 88' lang='lat' dir='ltr'><strong>enim</strong></span> <span class='ocrx_word' id='word_1_135' title='bbox 1741 1755 1962 1809; x_wconf 82' lang='lat' dir='ltr'><strong>venien-</strong></span> 
     </span>
    </p>
   </div>
   <div class='ocr_carea' id='block_1_19' title="bbox 2075 554 3649 626">
    <p class='ocr_par' dir='ltr' id='par_1_19' title="bbox 2075 554 3649 626">
     <span class='ocr_line' id='line_1_19' title="bbox 2075 554 3649 626; baseline 0.008 -22"><span class='ocrx_word' id='word_1_136' title='bbox 2075 563 2131 611; x_wconf 89' lang='lat' dir='ltr'><strong>et</strong></span> <span class='ocrx_word' id='word_1_137' title='bbox 2156 554 2391 621; x_wconf 89' lang='lat' dir='ltr'><strong>prudens</strong></span> <span class='ocrx_word' id='word_1_138' title='bbox 2425 555 2475 607; x_wconf 92' lang='lat' dir='ltr'><strong>in</strong></span> <span class='ocrx_word' id='word_1_139' title='bbox 2509 554 2801 626; x_wconf 78' lang='lat' dir='ltr'><strong>Evangelio</strong></span> <span class='ocrx_word' id='word_1_140' title='bbox 2845 556 3122 610; x_wconf 76' lang='lat' dir='ltr'><strong>conservis</strong></span> <span class='ocrx_word' id='word_1_141' title='bbox 3163 558 3289 612; x_wconf 88' lang='lat' dir='ltr'><strong>dare</strong></span> <span class='ocrx_word' id='word_1_142' title='bbox 3331 558 3551 625; x_wconf 79' lang='lat' dir='ltr'><strong>iubetur</strong></span> <span class='ocrx_word' id='word_1_143' title='bbox 3597 563 3649 616; x_wconf 91' lang='lat' dir='ltr'><strong>in</strong></span> 
     </span>
    </p>
   </div>
   <div class='ocr_carea' id='block_1_20' title="bbox 2076 642 3652 717">
    <p class='ocr_par' dir='ltr' id='par_1_20' title="bbox 2076 642 3652 717">
     <span class='ocr_line' id='line_1_20' title="bbox 2076 642 3652 717; baseline 0.008 -23"><span class='ocrx_word' id='word_1_144' title='bbox 2076 651 2335 711; x_wconf 78' lang='lat' dir='ltr'><strong>tempore.</strong></span> <span class='ocrx_word' id='word_1_145' title='bbox 2365 642 2469 697; x_wconf 93' lang='lat' dir='ltr'><strong>Sed</strong></span> <span class='ocrx_word' id='word_1_146' title='bbox 2498 654 2552 705; x_wconf 88' lang='lat' dir='ltr'><strong>et</strong></span> <span class='ocrx_word' id='word_1_147' title='bbox 2586 645 2692 701; x_wconf 79' lang='lat' dir='ltr'><strong>alio</strong></span> <span class='ocrx_word' id='word_1_148' title='bbox 2715 646 2871 702; x_wconf 90' lang='lat' dir='ltr'><strong>modo</strong></span> <span class='ocrx_word' id='word_1_149' title='bbox 2908 661 3192 715; x_wconf 81' lang='lat' dir='ltr'><strong>possumus</strong></span> <span class='ocrx_word' id='word_1_150' title='bbox 3221 647 3517 717; x_wconf 79' lang='lat' dir='ltr'><strong>intelligere</strong></span> <span class='ocrx_word' id='word_1_151' title='bbox 3550 652 3652 706; x_wconf 86' lang='lat' dir='ltr'><strong>hoc</strong></span> 
     </span>
    </p>
   </div>
   <div class='ocr_carea' id='block_1_21' title="bbox 2074 734 3653 808">
    <p class='ocr_par' dir='ltr' id='par_1_21' title="bbox 2074 734 3653 808">
     <span class='ocr_line' id='line_1_21' title="bbox 2074 734 3653 808; baseline 0.004 -24"><span class='ocrx_word' id='word_1_152' title='bbox 2074 734 2217 808; x_wconf 82' lang='lat' dir='ltr'><strong>quod</strong></span> <span class='ocrx_word' id='word_1_153' title='bbox 2252 735 2538 788; x_wconf 84' lang='lat' dir='ltr'><strong>mandatur</strong></span> <span class='ocrx_word' id='word_1_154' title='bbox 2571 736 2744 795; x_wconf 81' lang='lat' dir='ltr'><strong>imber</strong></span> <span class='ocrx_word' id='word_1_155' title='bbox 2780 738 2989 790; x_wconf 83' lang='lat' dir='ltr'><strong>dandus</strong></span> <span class='ocrx_word' id='word_1_156' title='bbox 3018 738 3070 791; x_wconf 92' lang='lat' dir='ltr'><strong>in</strong></span> <span class='ocrx_word' id='word_1_157' title='bbox 3101 746 3363 808; x_wconf 87' lang='lat' dir='ltr'><strong>tempore.</strong></span> <span class='ocrx_word' id='word_1_158' title='bbox 3397 740 3539 795; x_wconf 79' lang='lat' dir='ltr'><strong>Puer</strong></span> <span class='ocrx_word' id='word_1_159' title='bbox 3574 754 3653 797; x_wconf 61' lang='lat' dir='ltr'><strong>est</strong></span> 
     </span>
    </p>
   </div>
   <div class='ocr_carea' id='block_1_22' title="bbox 2073 823 3655 896">
    <p class='ocr_par' dir='ltr' id='par_1_22' title="bbox 2073 823 3655 896">
     <span class='ocr_line' id='line_1_22' title="bbox 2073 823 3655 896; baseline 0.001 -17"><span class='ocrx_word' id='word_1_160' title='bbox 2073 823 2285 893; x_wconf 83' lang='lat' dir='ltr'><strong>aliquis.</strong></span> <span class='ocrx_word' id='word_1_161' title='bbox 2308 834 2360 883; x_wconf 87' lang='lat' dir='ltr'><strong>et</strong></span> <span class='ocrx_word' id='word_1_162' title='bbox 2392 825 2646 889; x_wconf 62' lang='lat' dir='ltr'><strong>parvulus</strong></span> <span class='ocrx_word' id='word_1_163' title='bbox 2676 826 2725 883; x_wconf 88' lang='lat' dir='ltr'><strong>iu</strong></span> <span class='ocrx_word' id='word_1_164' title='bbox 2753 825 2882 891; x_wconf 70' lang='lat' dir='ltr'><strong>title;</strong></span> <span class='ocrx_word' id='word_1_165' title='bbox 2910 827 3117 896; x_wconf 81' lang='lat' dir='ltr'><strong>indiget</strong></span> <span class='ocrx_word' id='word_1_166' title='bbox 3148 827 3344 896; x_wconf 77' lang='lat' dir='ltr'><strong>pluvia.</strong></span> <span class='ocrx_word' id='word_1_167' title='bbox 3369 831 3464 886; x_wconf 87' lang='lat' dir='ltr'><strong>sed</strong></span> <span class='ocrx_word' id='word_1_168' title='bbox 3496 830 3655 885; x_wconf 83' lang='lat' dir='ltr'><strong>lactis</strong></span> 
     </span>
    </p>
   </div>
   <div class='ocr_carea' id='block_1_23' title="bbox 2074 917 3656 995">
    <p class='ocr_par' dir='ltr' id='par_1_23' title="bbox 2074 917 3656 995">
     <span class='ocr_line' id='line_1_23' title="bbox 2074 917 3656 995; baseline 0 -22"><span class='ocrx_word' id='word_1_169' title='bbox 2074 918 2274 995; x_wconf 76' lang='lat' dir='ltr'><strong>pluvia.</strong></span> <span class='ocrx_word' id='word_1_170' title='bbox 2308 917 2397 975; x_wconf 88' lang='lat' dir='ltr'><strong>Sic</strong></span> <span class='ocrx_word' id='word_1_171' title='bbox 2443 919 2584 977; x_wconf 82' lang='lat' dir='ltr'><strong>enim</strong></span> <span class='ocrx_word' id='word_1_172' title='bbox 2635 919 2767 977; x_wconf 75' lang='lat' dir='ltr'><strong>dicit</strong></span> <span class='ocrx_word' id='word_1_173' title='bbox 2819 919 2929 981; x_wconf 81' lang='lat' dir='ltr'><strong>ille,</strong></span> <span class='ocrx_word' id='word_1_174' title='bbox 2962 919 3053 993; x_wconf 79' lang='lat' dir='ltr'><strong>qui</strong></span> <span class='ocrx_word' id='word_1_175' title='bbox 3102 920 3304 981; x_wconf 82' lang='lat' dir='ltr'><strong>sciebat</strong></span> <span class='ocrx_word' id='word_1_176' title='bbox 3346 921 3553 990; x_wconf 79' lang='lat' dir='ltr'><strong>pluvias</strong></span> <span class='ocrx_word' id='word_1_177' title='bbox 3603 921 3656 975; x_wconf 87' lang='lat' dir='ltr'><strong>in</strong></span> 
     </span>
    </p>
   </div>
   <div class='ocr_carea' id='block_1_24' title="bbox 2076 1010 3648 1083">
    <p class='ocr_par' dir='ltr' id='par_1_24' title="bbox 2076 1010 3648 1083">
     <span class='ocr_line' id='line_1_24' title="bbox 2076 1010 3648 1083; baseline 0.005 -22"><span class='ocrx_word' id='word_1_178' title='bbox 2076 1017 2320 1083; x_wconf 85' lang='lat' dir='ltr'><strong>tempore</strong></span> <span class='ocrx_word' id='word_1_179' title='bbox 2363 1010 2713 1080; x_wconf 80' lang='lat' dir='ltr'><strong>dispensare:</strong></span> <span class='ocrx_word' id='word_1_180' title='bbox 2750 1029 2777 1064; x_wconf 59' lang='grc' dir='ltr'><strong>ι</strong></span> <span class='ocrx_word' id='word_1_181' title='bbox 2800 1011 2907 1075; x_wconf 80' lang='lat' dir='ltr'><strong>Lac</strong></span> <span class='ocrx_word' id='word_1_182' title='bbox 2940 1011 3095 1067; x_wconf 86' lang='lat' dir='ltr'><strong>vobis</strong></span> <span class='ocrx_word' id='word_1_183' title='bbox 3128 1023 3311 1081; x_wconf 83' lang='lat' dir='ltr'><strong>potum</strong></span> <span class='ocrx_word' id='word_1_184' title='bbox 3361 1014 3507 1077; x_wconf 85' lang='lat' dir='ltr'><strong>dedi,</strong></span> <span class='ocrx_word' id='word_1_185' title='bbox 3542 1030 3648 1069; x_wconf 89' lang='lat' dir='ltr'><strong>non</strong></span> 
     </span>
    </p>
   </div>
   <div class='ocr_carea' id='block_1_25' title="bbox 2072 1104 3650 1175">
    <p class='ocr_par' dir='ltr' id='par_1_25' title="bbox 2072 1104 3650 1175">
     <span class='ocr_line' id='line_1_25' title="bbox 2072 1104 3650 1175; baseline 0.004 -20"><span class='ocrx_word' id='word_1_186' title='bbox 2072 1114 2292 1166; x_wconf 84' lang='lat' dir='ltr'><strong>escam,</strong></span> <span class='ocrx_word' id='word_1_187' title='bbox 2344 1104 2576 1157; x_wconf 88' lang='lat' dir='ltr'><strong>nondum</strong></span> <span class='ocrx_word' id='word_1_188' title='bbox 2629 1104 2772 1159; x_wconf 89' lang='lat' dir='ltr'><strong>enim</strong></span> <span class='ocrx_word' id='word_1_189' title='bbox 2818 1105 3163 1173; x_wconf 50' lang='lat' dir='ltr'><strong>[uiteratis’ﬂ</strong></span> <span class='ocrx_word' id='word_1_190' title='bbox 3205 1124 3225 1157; x_wconf 67' lang='grc' dir='ltr'><strong><em>ι</em></strong></span> <span class='ocrx_word' id='word_1_191' title='bbox 3262 1104 3494 1162; x_wconf 75' lang='lat' dir='ltr'><strong>Profecit</strong></span> <span class='ocrx_word' id='word_1_192' title='bbox 3529 1118 3650 1175; x_wconf 85' lang='lat' dir='ltr'><strong>post</strong></span> 
     </span>
    </p>
   </div>
   <div class='ocr_carea' id='block_1_26' title="bbox 2076 1191 3651 1268">
    <p class='ocr_par' dir='ltr' id='par_1_26' title="bbox 2076 1191 3651 1268">
     <span class='ocr_line' id='line_1_26' title="bbox 2076 1191 3651 1268; baseline 0.007 -24"><span class='ocrx_word' id='word_1_193' title='bbox 2076 1191 2189 1249; x_wconf 72' lang='lat' dir='ltr'><strong>lucc</strong></span> <span class='ocrx_word' id='word_1_194' title='bbox 2231 1192 2281 1247; x_wconf 87' lang='lat' dir='ltr'><strong>in</strong></span> <span class='ocrx_word' id='word_1_195' title='bbox 2324 1194 2445 1258; x_wconf 75' lang='lat' dir='ltr'><strong>title,</strong></span> <span class='ocrx_word' id='word_1_196' title='bbox 2479 1194 2645 1247; x_wconf 83' lang='lat' dir='ltr'><strong>crevit</strong></span> <span class='ocrx_word' id='word_1_197' title='bbox 2682 1205 2840 1251; x_wconf 65' lang='lat' dir='ltr'><strong>actate</strong></span> <span class='ocrx_word' id='word_1_198' title='bbox 2882 1204 2938 1253; x_wconf 84' lang='lat' dir='ltr'><strong>et</strong></span> <span class='ocrx_word' id='word_1_199' title='bbox 2990 1197 3273 1266; x_wconf 87' lang='lat' dir='ltr'><strong>sapientia.</strong></span> <span class='ocrx_word' id='word_1_200' title='bbox 3320 1198 3490 1268; x_wconf 76' lang='lat' dir='ltr'><strong>Aptus</strong></span> <span class='ocrx_word' id='word_1_201' title='bbox 3534 1200 3651 1255; x_wconf 78' lang='lat' dir='ltr'><strong>si..e</strong></span> 
     </span>
    </p>
   </div>
   <div class='ocr_carea' id='block_1_27' title="bbox 2076 1282 3646 1361">
    <p class='ocr_par' dir='ltr' id='par_1_27' title="bbox 2076 1282 3646 1361">
     <span class='ocr_line' id='line_1_27' title="bbox 2076 1282 3646 1361; baseline 0.002 -27"><span class='ocrx_word' id='word_1_202' title='bbox 2076 1282 2236 1338; x_wconf 86' lang='lat' dir='ltr'><strong>dubio</strong></span> <span class='ocrx_word' id='word_1_203' title='bbox 2280 1283 2451 1335; x_wconf 83' lang='lat' dir='ltr'><strong>lactus</strong></span> <span class='ocrx_word' id='word_1_204' title='bbox 2494 1291 2596 1345; x_wconf 88' lang='lat' dir='ltr'><strong>est,</strong></span> <span class='ocrx_word' id='word_1_205' title='bbox 2639 1282 2728 1350; x_wconf 85' lang='lat' dir='ltr'><strong>qui</strong></span> <span class='ocrx_word' id='word_1_206' title='bbox 2777 1282 3082 1349; x_wconf 79' lang='lat' dir='ltr'><strong>solitliorem</strong></span> <span class='ocrx_word' id='word_1_207' title='bbox 3133 1284 3397 1361; x_wconf 78' lang='lat' dir='ltr'><strong>percipiat</strong></span> <span class='ocrx_word' id='word_1_208' title='bbox 3444 1286 3646 1341; x_wconf 86' lang='lat' dir='ltr'><strong>cibum.</strong></span> 
     </span>
    </p>
   </div>
   <div class='ocr_carea' id='block_1_28' title="bbox 2075 1370 3651 1446">
    <p class='ocr_par' dir='ltr' id='par_1_28' title="bbox 2075 1370 3651 1446">
     <span class='ocr_line' id='line_1_28' title="bbox 2075 1370 3651 1446; baseline 0.001 -22"><span class='ocrx_word' id='word_1_209' title='bbox 2075 1370 2383 1425; x_wconf 79' lang='lat' dir='ltr'><strong>inﬁrmatur</strong></span> <span class='ocrx_word' id='word_1_210' title='bbox 2406 1372 2618 1439; x_wconf 75' lang='lat' dir='ltr'><strong>aliquis,</strong></span> <span class='ocrx_word' id='word_1_211' title='bbox 2647 1385 2700 1426; x_wconf 90' lang='lat' dir='ltr'><strong>et</strong></span> <span class='ocrx_word' id='word_1_212' title='bbox 2732 1389 2834 1431; x_wconf 82' lang='lat' dir='ltr'><strong>non</strong></span> <span class='ocrx_word' id='word_1_213' title='bbox 2882 1388 2980 1442; x_wconf 86' lang='lat' dir='ltr'><strong>pro</strong></span> <span class='ocrx_word' id='word_1_214' title='bbox 3012 1385 3275 1446; x_wconf 86' lang='lat' dir='ltr'><strong>tempore,</strong></span> <span class='ocrx_word' id='word_1_215' title='bbox 3311 1374 3403 1428; x_wconf 84' lang='lat' dir='ltr'><strong>sed</strong></span> <span class='ocrx_word' id='word_1_216' title='bbox 3439 1390 3533 1443; x_wconf 92' lang='lat' dir='ltr'><strong>pro</strong></span> <span class='ocrx_word' id='word_1_217' title='bbox 3567 1376 3651 1427; x_wconf 92' lang='lat' dir='ltr'><strong>in-</strong></span> 
     </span>
    </p>
   </div>
   <div class='ocr_carea' id='block_1_29' title="bbox 2078 1464 3648 1535">
    <p class='ocr_par' dir='ltr' id='par_1_29' title="bbox 2078 1464 3648 1535">
     <span class='ocr_line' id='line_1_29' title="bbox 2078 1464 3648 1535; baseline -0.001 -14"><span class='ocrx_word' id='word_1_218' title='bbox 2078 1464 2333 1521; x_wconf 80' lang='lat' dir='ltr'><strong>ﬁrmitate</strong></span> <span class='ocrx_word' id='word_1_219' title='bbox 2360 1482 2555 1534; x_wconf 86' lang='lat' dir='ltr'><strong>capere</strong></span> <span class='ocrx_word' id='word_1_220' title='bbox 2579 1481 2681 1523; x_wconf 90' lang='lat' dir='ltr'><strong>non</strong></span> <span class='ocrx_word' id='word_1_221' title='bbox 2712 1478 2890 1535; x_wconf 81' lang='lat' dir='ltr'><strong>potest</strong></span> <span class='ocrx_word' id='word_1_222' title='bbox 2912 1482 3031 1535; x_wconf 70' lang='lat' dir='ltr'><strong>(pne</strong></span> <span class='ocrx_word' id='word_1_223' title='bbox 3063 1469 3278 1525; x_wconf 84' lang='lat' dir='ltr'><strong>robusta</strong></span> <span class='ocrx_word' id='word_1_224' title='bbox 3305 1478 3429 1529; x_wconf 86' lang='lat' dir='ltr'><strong>sunt</strong></span> <span class='ocrx_word' id='word_1_225' title='bbox 3454 1486 3465 1518; x_wconf 90' lang='lat'><strong>:</strong></span> <span class='ocrx_word' id='word_1_226' title='bbox 3500 1468 3648 1521; x_wconf 87' lang='lat' dir='ltr'><strong>verbi</strong></span> 
     </span>
    </p>
   </div>
   <div class='ocr_carea' id='block_1_30' title="bbox 2076 1558 3648 1628">
    <p class='ocr_par' dir='ltr' id='par_1_30' title="bbox 2076 1558 3648 1628">
     <span class='ocr_line' id='line_1_30' title="bbox 2076 1558 3648 1628; baseline -0.001 -16"><span class='ocrx_word' id='word_1_227' title='bbox 2076 1572 2375 1622; x_wconf 86' lang='lat' dir='ltr'><strong>causa,non</strong></span> <span class='ocrx_word' id='word_1_228' title='bbox 2423 1566 2597 1621; x_wconf 82' lang='lat' dir='ltr'><strong>potest</strong></span> <span class='ocrx_word' id='word_1_229' title='bbox 2639 1558 2793 1628; x_wconf 86' lang='lat' dir='ltr'><strong>plene</strong></span> <span class='ocrx_word' id='word_1_230' title='bbox 2845 1558 2911 1615; x_wconf 84' lang='lat' dir='ltr'><strong>de</strong></span> <span class='ocrx_word' id='word_1_231' title='bbox 2945 1558 3193 1615; x_wconf 83' lang='lat' dir='ltr'><strong>castitate</strong></span> <span class='ocrx_word' id='word_1_232' title='bbox 3221 1573 3414 1628; x_wconf 87' lang='lat' dir='ltr'><strong>capere</strong></span> <span class='ocrx_word' id='word_1_233' title='bbox 3441 1574 3648 1613; x_wconf 84' lang='lat' dir='ltr'><strong>serum-</strong></span> 
     </span>
    </p>
   </div>
   <div class='ocr_carea' id='block_1_31' title="bbox 2076 1650 3649 1723">
    <p class='ocr_par' dir='ltr' id='par_1_31' title="bbox 2076 1650 3649 1723">
     <span class='ocr_line' id='line_1_31' title="bbox 2076 1650 3649 1723; baseline 0.001 -21"><span class='ocrx_word' id='word_1_234' title='bbox 2076 1664 2230 1715; x_wconf 88' lang='lat' dir='ltr'><strong>nem;</strong></span> <span class='ocrx_word' id='word_1_235' title='bbox 2255 1658 2469 1718; x_wconf 89' lang='lat' dir='ltr'><strong>oportet</strong></span> <span class='ocrx_word' id='word_1_236' title='bbox 2501 1651 2735 1721; x_wconf 85' lang='lat' dir='ltr'><strong>compati</strong></span> <span class='ocrx_word' id='word_1_237' title='bbox 2777 1659 2831 1704; x_wconf 88' lang='lat' dir='ltr'><strong>et</strong></span> <span class='ocrx_word' id='word_1_238' title='bbox 2864 1650 3039 1709; x_wconf 82' lang='lat' dir='ltr'><strong>metiri</strong></span> <span class='ocrx_word' id='word_1_239' title='bbox 3082 1652 3384 1711; x_wconf 82' lang='lat' dir='ltr'><strong>doctrinam</strong></span> <span class='ocrx_word' id='word_1_240' title='bbox 3428 1669 3525 1723; x_wconf 88' lang='lat' dir='ltr'><strong>pro</strong></span> <span class='ocrx_word' id='word_1_241' title='bbox 3563 1654 3649 1707; x_wconf 83' lang='lat' dir='ltr'><strong>vi-</strong></span> 
     </span>
    </p>
   </div>
   <div class='ocr_carea' id='block_1_32' title="bbox 2075 1744 3651 1815">
    <p class='ocr_par' dir='ltr' id='par_1_32' title="bbox 2075 1744 3651 1815">
     <span class='ocr_line' id='line_1_32' title="bbox 2075 1744 3651 1815; baseline 0 -18"><span class='ocrx_word' id='word_1_242' title='bbox 2075 1745 2210 1797; x_wconf 76' lang='lat' dir='ltr'><strong>rium</strong></span> <span class='ocrx_word' id='word_1_243' title='bbox 2243 1744 2528 1813; x_wconf 78' lang='lat' dir='ltr'><strong>qualitate,</strong></span> <span class='ocrx_word' id='word_1_244' title='bbox 2563 1754 2616 1800; x_wconf 90' lang='lat' dir='ltr'><strong>et</strong></span> <span class='ocrx_word' id='word_1_245' title='bbox 2645 1746 2865 1800; x_wconf 89' lang='lat' dir='ltr'><strong>concedi</strong></span> <span class='ocrx_word' id='word_1_246' title='bbox 2914 1746 3108 1809; x_wconf 84' lang='lat' dir='ltr'><strong>talibus</strong></span> <span class='ocrx_word' id='word_1_247' title='bbox 3156 1746 3392 1815; x_wconf 83' lang='lat' dir='ltr'><strong>nuptias.</strong></span> <span class='ocrx_word' id='word_1_248' title='bbox 3428 1744 3537 1803; x_wconf 89' lang='lat' dir='ltr'><strong>lloc</strong></span> <span class='ocrx_word' id='word_1_249' title='bbox 3565 1755 3651 1798; x_wconf 80' lang='lat' dir='ltr'><strong>est</strong></span> 
     </span>
    </p>
   </div>
   <div class='ocr_carea' id='block_1_33' title="bbox 398 1817 3648 1917">
    <p class='ocr_par' dir='ltr' id='par_1_33' title="bbox 398 1817 3648 1917">
     <span class='ocr_line' id='line_1_33' title="bbox 398 1817 3648 1917; baseline 0.002 -34"><span class='ocrx_word' id='word_1_250' title='bbox 398 1845 506 1891; x_wconf 80' lang='lat' dir='ltr'><strong>tem</strong></span> <span class='ocrx_word' id='word_1_251' title='bbox 558 1837 754 1904; x_wconf 71' lang='lat' dir='ltr'><strong>sa‘pius</strong></span> <span class='ocrx_word' id='word_1_252' title='bbox 799 1854 964 1909; x_wconf 74' lang='lat' dir='ltr'><strong>super</strong></span> <span class='ocrx_word' id='word_1_253' title='bbox 1013 1855 1072 1896; x_wconf 72' lang='lat' dir='ltr'><strong>se</strong></span> <span class='ocrx_word' id='word_1_254' title='bbox 1122 1842 1314 1897; x_wconf 65' lang='lat' dir='ltr'><strong>bibens</strong></span> <span class='ocrx_word' id='word_1_255' title='bbox 1371 1843 1622 1909; x_wconf 67' lang='lat' dir='ltr'><strong>imbrem,</strong></span> <span class='ocrx_word' id='word_1_256' title='bbox 1669 1855 1726 1903; x_wconf 70' lang='grc' dir='ltr'><strong>ει</strong></span> <span class='ocrx_word' id='word_1_257' title='bbox 1769 1850 1967 1917; x_wconf 64' lang='lat' dir='ltr'><strong>genui.</strong></span> <span class='ocrx_word' id='word_1_258' title='bbox 2003 1817 2045 1872; x_wconf 73' lang='grc' dir='ltr'><strong>Β</strong></span> <span class='ocrx_word' id='word_1_259' title='bbox 2074 1835 2309 1890; x_wconf 75' lang='lat' dir='ltr'><strong>oleribus</strong></span> <span class='ocrx_word' id='word_1_260' title='bbox 2338 1851 2563 1907; x_wconf 87' lang='lat' dir='ltr'><strong>pascere</strong></span> <span class='ocrx_word' id='word_1_261' title='bbox 2602 1837 2900 1903; x_wconf 81' lang='lat' dir='ltr'><strong>inﬁrmum,</strong></span> <span class='ocrx_word' id='word_1_262' title='bbox 2934 1848 2988 1891; x_wconf 90' lang='lat' dir='ltr'><strong>et</strong></span> <span class='ocrx_word' id='word_1_263' title='bbox 3026 1838 3093 1892; x_wconf 86' lang='lat' dir='ltr'><strong>ad</strong></span> <span class='ocrx_word' id='word_1_264' title='bbox 3135 1836 3439 1905; x_wconf 84' lang='lat' dir='ltr'><strong>ltujusmodi</strong></span> <span class='ocrx_word' id='word_1_265' title='bbox 3495 1854 3648 1891; x_wconf 84' lang='lat' dir='ltr'><strong>tuen-</strong></span> 
     </span>
    </p>
   </div>
   <div class='ocr_carea' id='block_1_34' title="bbox 399 1926 1965 2008">
    <p class='ocr_par' dir='ltr' id='par_1_34' title="bbox 399 1926 1965 2008">
     <span class='ocr_line' id='line_1_34' title="bbox 399 1926 1965 2008; baseline 0.009 -29"><span class='ocrx_word' id='word_1_266' title='bbox 399 1940 538 1979; x_wconf 86' lang='lat' dir='ltr'><strong>nans</strong></span> <span class='ocrx_word' id='word_1_267' title='bbox 558 1926 671 1997; x_wconf 74' lang='grc'><strong>(54)</strong></span> <span class='ocrx_word' id='word_1_268' title='bbox 703 1929 923 1987; x_wconf 81' lang='lat' dir='ltr'><strong>herbam</strong></span> <span class='ocrx_word' id='word_1_269' title='bbox 966 1942 1326 2001; x_wconf 81' lang='lat' dir='ltr'><strong>opportunam</strong></span> <span class='ocrx_word' id='word_1_270' title='bbox 1358 1934 1423 1989; x_wconf 84' lang='lat' dir='ltr'><strong>iis</strong></span> <span class='ocrx_word' id='word_1_271' title='bbox 1455 1950 1481 1989; x_wconf 90' lang='lat' dir='ltr'><strong>a</strong></span> <span class='ocrx_word' id='word_1_272' title='bbox 1514 1935 1712 2004; x_wconf 86' lang='lat' dir='ltr'><strong>quibus</strong></span> <span class='ocrx_word' id='word_1_273' title='bbox 1743 1938 1965 2008; x_wconf 84' lang='lat' dir='ltr'><strong>colitur,</strong></span> 
     </span>
    </p>
   </div>
   <div class='ocr_carea' id='block_1_35' title="bbox 397 2017 1968 2099">
    <p class='ocr_par' dir='ltr' id='par_1_35' title="bbox 397 2017 1968 2099">
     <span class='ocr_line' id='line_1_35' title="bbox 397 2017 1968 2099; baseline 0.011 -28"><span class='ocrx_word' id='word_1_274' title='bbox 397 2017 598 2085; x_wconf 74' lang='lat' dir='ltr'><strong>accipit</strong></span> <span class='ocrx_word' id='word_1_275' title='bbox 632 2019 1033 2079; x_wconf 83' lang='lat' dir='ltr'><strong>benedictiones</strong></span> <span class='ocrx_word' id='word_1_276' title='bbox 1061 2040 1095 2079; x_wconf 84' lang='lat' dir='ltr'><strong>a</strong></span> <span class='ocrx_word' id='word_1_277' title='bbox 1127 2023 1275 2092; x_wconf 86' lang='lat' dir='ltr'><strong>Deo;</strong></span> <span class='ocrx_word' id='word_1_278' title='bbox 1307 2023 1430 2095; x_wconf 74' lang='lat' dir='ltr'><strong>quae</strong></span> <span class='ocrx_word' id='word_1_279' title='bbox 1466 2037 1644 2086; x_wconf 85' lang='lat' dir='ltr'><strong>autem</strong></span> <span class='ocrx_word' id='word_1_280' title='bbox 1684 2032 1968 2099; x_wconf 84' lang='lat' dir='ltr'><strong>protulerit</strong></span> 
     </span>
    </p>
   </div>
   <div class='ocr_carea' id='block_1_36' title="bbox 394 2110 1967 2193">
    <p class='ocr_par' dir='ltr' id='par_1_36' title="bbox 394 2110 1967 2193">
     <span class='ocr_line' id='line_1_36' title="bbox 394 2110 1967 2193; baseline 0.01 -30"><span class='ocrx_word' id='word_1_281' title='bbox 394 2110 581 2177; x_wconf 83' lang='lat' dir='ltr'><strong>spinas</strong></span> <span class='ocrx_word' id='word_1_282' title='bbox 608 2121 664 2165; x_wconf 91' lang='lat' dir='ltr'><strong>et</strong></span> <span class='ocrx_word' id='word_1_283' title='bbox 689 2112 935 2181; x_wconf 88' lang='lat' dir='ltr'><strong>tribulos,</strong></span> <span class='ocrx_word' id='word_1_284' title='bbox 965 2115 1195 2185; x_wconf 76' lang='lat' dir='ltr'><strong>reprobo</strong></span> <span class='ocrx_word' id='word_1_285' title='bbox 1225 2127 1330 2181; x_wconf 91' lang='lat' dir='ltr'><strong>est,</strong></span> <span class='ocrx_word' id='word_1_286' title='bbox 1357 2126 1413 2173; x_wconf 85' lang='lat' dir='ltr'><strong>et</strong></span> <span class='ocrx_word' id='word_1_287' title='bbox 1455 2120 1743 2177; x_wconf 85' lang='lat' dir='ltr'><strong>maledicto</strong></span> <span class='ocrx_word' id='word_1_288' title='bbox 1776 2125 1967 2193; x_wconf 77' lang='lat' dir='ltr'><strong>proxi-</strong></span> 
     </span>
    </p>
   </div>
   <div class='ocr_carea' id='block_1_37' title="bbox 394 2200 1969 2284">
    <p class='ocr_par' dir='ltr' id='par_1_37' title="bbox 394 2200 1969 2284">
     <span class='ocr_line' id='line_1_37' title="bbox 394 2200 1969 2284; baseline 0.011 -32"><span class='ocrx_word' id='word_1_289' title='bbox 394 2215 501 2263; x_wconf 80' lang='lat' dir='ltr'><strong>ma,</strong></span> <span class='ocrx_word' id='word_1_290' title='bbox 527 2200 677 2268; x_wconf 84' lang='lat' dir='ltr'><strong>cujus</strong></span> <span class='ocrx_word' id='word_1_291' title='bbox 701 2203 822 2261; x_wconf 72' lang='lat' dir='ltr'><strong>ﬁnis</strong></span> <span class='ocrx_word' id='word_1_292' title='bbox 855 2207 920 2259; x_wconf 90' lang='lat' dir='ltr'><strong>ad</strong></span> <span class='ocrx_word' id='word_1_293' title='bbox 946 2206 1313 2267; x_wconf 75' lang='lat' dir='ltr'><strong>exustionem.</strong></span> <span class='ocrx_word' id='word_1_294' title='bbox 1346 2226 1365 2258; x_wconf 76' lang='grc' dir='ltr'>ι</span> <span class='ocrx_word' id='word_1_295' title='bbox 1401 2207 1652 2279; x_wconf 77' lang='lat' dir='ltr'><strong>Nunquid</strong></span> <span class='ocrx_word' id='word_1_296' title='bbox 1683 2213 1795 2271; x_wconf 78' lang='lat' dir='ltr'><strong>luce</strong></span> <span class='ocrx_word' id='word_1_297' title='bbox 1822 2216 1969 2284; x_wconf 79' lang='lat' dir='ltr'><strong>Apo-</strong></span> 
     </span>
    </p>
   </div>
   <div class='ocr_carea' id='block_1_38' title="bbox 388 2291 1968 2371">
    <p class='ocr_par' dir='ltr' id='par_1_38' title="bbox 388 2291 1968 2371">
     <span class='ocr_line' id='line_1_38' title="bbox 388 2291 1968 2371; baseline 0.011 -26"><span class='ocrx_word' id='word_1_298' title='bbox 388 2291 642 2348; x_wconf 78' lang='lat' dir='ltr'><strong>stolusde</strong></span> <span class='ocrx_word' id='word_1_299' title='bbox 668 2306 808 2349; x_wconf 82' lang='lat' dir='ltr'><strong>terra</strong></span> <span class='ocrx_word' id='word_1_300' title='bbox 841 2298 941 2357; x_wconf 82' lang='lat' dir='ltr'><strong>bac</strong></span> <span class='ocrx_word' id='word_1_301' title='bbox 972 2297 1147 2357; x_wconf 69' lang='lat' dir='ltr'><strong>dixit?</strong></span> <span class='ocrx_word' id='word_1_302' title='bbox 1176 2298 1283 2357; x_wconf 87' lang='lat' dir='ltr'><strong>Sed</strong></span> <span class='ocrx_word' id='word_1_303' title='bbox 1313 2316 1413 2358; x_wconf 90' lang='lat' dir='ltr'><strong>nec</strong></span> <span class='ocrx_word' id='word_1_304' title='bbox 1450 2302 1647 2371; x_wconf 86' lang='lat' dir='ltr'><strong>accipit</strong></span> <span class='ocrx_word' id='word_1_305' title='bbox 1681 2312 1821 2358; x_wconf 87' lang='lat' dir='ltr'><strong>terra</strong></span> <span class='ocrx_word' id='word_1_306' title='bbox 1852 2306 1968 2362; x_wconf 74' lang='lat' dir='ltr'><strong>lucc</strong></span> 
     </span>
    </p>
   </div>
   <div class='ocr_carea' id='block_1_39' title="bbox 388 2382 1963 2457">
    <p class='ocr_par' dir='ltr' id='par_1_39' title="bbox 388 2382 1963 2457">
     <span class='ocr_line' id='line_1_39' title="bbox 388 2382 1963 2457; baseline 0.011 -22"><span class='ocrx_word' id='word_1_307' title='bbox 388 2382 794 2443; x_wconf 84' lang='lat' dir='ltr'><strong>benedictiones</strong></span> <span class='ocrx_word' id='word_1_308' title='bbox 816 2404 845 2441; x_wconf 86' lang='lat' dir='ltr'><strong>a</strong></span> <span class='ocrx_word' id='word_1_309' title='bbox 877 2389 1007 2451; x_wconf 79' lang='lat' dir='ltr'><strong>Deo.</strong></span> <span class='ocrx_word' id='word_1_310' title='bbox 1032 2405 1154 2447; x_wconf 82' lang='lat' dir='ltr'><strong>eum</strong></span> <span class='ocrx_word' id='word_1_311' title='bbox 1180 2390 1384 2448; x_wconf 88' lang='lat' dir='ltr'><strong>imbres</strong></span> <span class='ocrx_word' id='word_1_312' title='bbox 1407 2392 1620 2457; x_wconf 83' lang='lat' dir='ltr'><strong>biberit,</strong></span> <span class='ocrx_word' id='word_1_313' title='bbox 1650 2406 1703 2449; x_wconf 89' lang='lat' dir='ltr'><strong>et</strong></span> <span class='ocrx_word' id='word_1_314' title='bbox 1730 2395 1963 2453; x_wconf 80' lang='lat' dir='ltr'><strong>fructum</strong></span> 
     </span>
    </p>
   </div>
   <div class='ocr_carea' id='block_1_40' title="bbox 387 2478 1963 2558">
    <p class='ocr_par' dir='ltr' id='par_1_40' title="bbox 387 2478 1963 2558">
     <span class='ocr_line' id='line_1_40' title="bbox 387 2478 1963 2558; baseline 0.009 -31"><span class='ocrx_word' id='word_1_315' title='bbox 387 2478 725 2542; x_wconf 80' lang='lat' dir='ltr'><strong>produxerit.</strong></span> <span class='ocrx_word' id='word_1_316' title='bbox 753 2480 861 2535; x_wconf 85' lang='lat' dir='ltr'><strong>Sed</strong></span> <span class='ocrx_word' id='word_1_317' title='bbox 878 2497 1051 2549; x_wconf 83' lang='lat' dir='ltr'><strong>neque</strong></span> <span class='ocrx_word' id='word_1_318' title='bbox 1080 2486 1123 2536; x_wconf 89' lang='lat' dir='ltr'><strong>si</strong></span> <span class='ocrx_word' id='word_1_319' title='bbox 1144 2485 1330 2552; x_wconf 84' lang='lat' dir='ltr'><strong>spinas</strong></span> <span class='ocrx_word' id='word_1_320' title='bbox 1344 2500 1407 2538; x_wconf 88' lang='lat' dir='ltr'><strong>ac</strong></span> <span class='ocrx_word' id='word_1_321' title='bbox 1440 2486 1666 2543; x_wconf 77' lang='lat' dir='ltr'><strong>tribulos</strong></span> <span class='ocrx_word' id='word_1_322' title='bbox 1692 2499 1813 2558; x_wconf 88' lang='lat' dir='ltr'><strong>post</strong></span> <span class='ocrx_word' id='word_1_323' title='bbox 1843 2489 1963 2558; x_wconf 88' lang='lat' dir='ltr'><strong>plu-</strong></span> 
     </span>
    </p>
   </div>
   <div class='ocr_carea' id='block_1_41' title="bbox 386 2570 1961 2643">
    <p class='ocr_par' dir='ltr' id='par_1_41' title="bbox 386 2570 1961 2643">
     <span class='ocr_line' id='line_1_41' title="bbox 386 2570 1961 2643; baseline 0.011 -24"><span class='ocrx_word' id='word_1_324' title='bbox 386 2570 532 2621; x_wconf 85' lang='lat' dir='ltr'><strong>viam</strong></span> <span class='ocrx_word' id='word_1_325' title='bbox 580 2573 889 2638; x_wconf 83' lang='lat' dir='ltr'><strong>protulerit,</strong></span> <span class='ocrx_word' id='word_1_326' title='bbox 921 2586 1283 2643; x_wconf 82' lang='lat' dir='ltr'><strong>consequetur</strong></span> <span class='ocrx_word' id='word_1_327' title='bbox 1307 2577 1741 2633; x_wconf 82' lang='lat' dir='ltr'><strong>maledictionem</strong></span> <span class='ocrx_word' id='word_1_328' title='bbox 1773 2597 1800 2633; x_wconf 90' lang='lat' dir='ltr'><strong>a</strong></span> <span class='ocrx_word' id='word_1_329' title='bbox 1835 2582 1961 2639; x_wconf 80' lang='lat' dir='ltr'><strong>Deo.</strong></span> 
     </span>
    </p>
   </div>
   <div class='ocr_carea' id='block_1_42' title="bbox 383 2658 1963 2741">
    <p class='ocr_par' dir='ltr' id='par_1_42' title="bbox 383 2658 1963 2741">
     <span class='ocr_line' id='line_1_42' title="bbox 383 2658 1963 2741; baseline 0.01 -29"><span class='ocrx_word' id='word_1_330' title='bbox 383 2658 496 2712; x_wconf 84' lang='lat' dir='ltr'><strong>Sed</strong></span> <span class='ocrx_word' id='word_1_331' title='bbox 530 2671 711 2714; x_wconf 88' lang='lat' dir='ltr'><strong>nostra</strong></span> <span class='ocrx_word' id='word_1_332' title='bbox 758 2670 926 2726; x_wconf 86' lang='lat' dir='ltr'><strong>terra,</strong></span> <span class='ocrx_word' id='word_1_333' title='bbox 968 2663 1017 2717; x_wconf 89' lang='lat' dir='ltr'><strong>id</strong></span> <span class='ocrx_word' id='word_1_334' title='bbox 1057 2675 1163 2729; x_wconf 84' lang='lat' dir='ltr'><strong>est,</strong></span> <span class='ocrx_word' id='word_1_335' title='bbox 1200 2674 1445 2723; x_wconf 80' lang='lat' dir='ltr'><strong>nostrum</strong></span> <span class='ocrx_word' id='word_1_336' title='bbox 1472 2682 1589 2730; x_wconf 88' lang='lat' dir='ltr'><strong>cor,</strong></span> <span class='ocrx_word' id='word_1_337' title='bbox 1626 2667 1670 2722; x_wconf 89' lang='lat' dir='ltr'><strong>si</strong></span> <span class='ocrx_word' id='word_1_338' title='bbox 1704 2672 1963 2741; x_wconf 71' lang='lat' dir='ltr'><strong>suscipiat</strong></span> 
     </span>
    </p>
   </div>
   <div class='ocr_carea' id='block_1_43' title="bbox 380 2748 1961 2832">
    <p class='ocr_par' dir='ltr' id='par_1_43' title="bbox 380 2748 1961 2832">
     <span class='ocr_line' id='line_1_43' title="bbox 380 2748 1961 2832; baseline 0.011 -31"><span class='ocrx_word' id='word_1_339' title='bbox 380 2748 702 2819; x_wconf 68' lang='lat' dir='ltr'><strong>frequenter</strong></span> <span class='ocrx_word' id='word_1_340' title='bbox 718 2753 1019 2811; x_wconf 80' lang='lat' dir='ltr'><strong>venientem</strong></span> <span class='ocrx_word' id='word_1_341' title='bbox 1036 2772 1196 2824; x_wconf 82' lang='lat' dir='ltr'><strong>super</strong></span> <span class='ocrx_word' id='word_1_342' title='bbox 1210 2773 1268 2813; x_wconf 84' lang='lat' dir='ltr'><strong>se</strong></span> <span class='ocrx_word' id='word_1_343' title='bbox 1282 2758 1514 2825; x_wconf 84' lang='lat' dir='ltr'><strong>pluviam</strong></span> <span class='ocrx_word' id='word_1_344' title='bbox 1536 2759 1794 2817; x_wconf 82' lang='lat' dir='ltr'><strong>doctrinae</strong></span> <span class='ocrx_word' id='word_1_345' title='bbox 1811 2766 1961 2832; x_wconf 67' lang='lat' dir='ltr'><strong>legis,</strong></span> 
     </span>
    </p>
   </div>
   <div class='ocr_carea' id='block_1_44' title="bbox 377 2842 1964 2917">
    <p class='ocr_par' dir='ltr' id='par_1_44' title="bbox 377 2842 1964 2917">
     <span class='ocr_line' id='line_1_44' title="bbox 377 2842 1964 2917; baseline 0.012 -23"><span class='ocrx_word' id='word_1_346' title='bbox 377 2852 441 2894; x_wconf 91' lang='lat' dir='ltr'><strong>et</strong></span> <span class='ocrx_word' id='word_1_347' title='bbox 470 2842 711 2896; x_wconf 74' lang='lat' dir='ltr'><strong>attulerit</strong></span> <span class='ocrx_word' id='word_1_348' title='bbox 736 2842 972 2899; x_wconf 79' lang='lat' dir='ltr'><strong>fructum</strong></span> <span class='ocrx_word' id='word_1_349' title='bbox 1003 2860 1247 2912; x_wconf 84' lang='lat' dir='ltr'><strong>operum,</strong></span> <span class='ocrx_word' id='word_1_350' title='bbox 1274 2850 1473 2917; x_wconf 86' lang='lat' dir='ltr'><strong>accipit</strong></span> <span class='ocrx_word' id='word_1_351' title='bbox 1508 2850 1913 2911; x_wconf 83' lang='lat' dir='ltr'><strong>benedictiones</strong></span> <span class='ocrx_word' id='word_1_352' title='bbox 1934 2872 1964 2913; x_wconf 75' lang='lat' dir='ltr'><strong>tt</strong></span> 
     </span>
    </p>
   </div>
   <div class='ocr_carea' id='block_1_45' title="bbox 380 2934 1962 3015">
    <p class='ocr_par' dir='ltr' id='par_1_45' title="bbox 380 2934 1962 3015">
     <span class='ocr_line' id='line_1_45' title="bbox 380 2934 1962 3015; baseline 0.008 -25"><span class='ocrx_word' id='word_1_353' title='bbox 380 2935 517 2990; x_wconf 84' lang='lat' dir='ltr'><strong>Deo.</strong></span> <span class='ocrx_word' id='word_1_354' title='bbox 545 2934 598 2986; x_wconf 87' lang='lat' dir='ltr'><strong>Si</strong></span> <span class='ocrx_word' id='word_1_355' title='bbox 617 2949 743 2988; x_wconf 81' lang='lat' dir='ltr'><strong>vero</strong></span> <span class='ocrx_word' id='word_1_356' title='bbox 758 2950 864 2987; x_wconf 92' lang='lat' dir='ltr'><strong>non</strong></span> <span class='ocrx_word' id='word_1_357' title='bbox 887 2952 1024 3004; x_wconf 85' lang='lat' dir='ltr'><strong>opus</strong></span> <span class='ocrx_word' id='word_1_358' title='bbox 1040 2938 1303 3007; x_wconf 83' lang='lat' dir='ltr'><strong>spiritale,</strong></span> <span class='ocrx_word' id='word_1_359' title='bbox 1323 2942 1415 2998; x_wconf 87' lang='lat' dir='ltr'><strong>sed</strong></span> <span class='ocrx_word' id='word_1_360' title='bbox 1437 2944 1621 3011; x_wconf 82' lang='lat' dir='ltr'><strong>spinas</strong></span> <span class='ocrx_word' id='word_1_361' title='bbox 1636 2954 1687 2999; x_wconf 90' lang='lat' dir='ltr'><strong>et</strong></span> <span class='ocrx_word' id='word_1_362' title='bbox 1712 2947 1962 3015; x_wconf 85' lang='lat' dir='ltr'><strong>tribulos,</strong></span> 
     </span>
    </p>
   </div>
   <div class='ocr_carea' id='block_1_46' title="bbox 380 3025 1962 3106">
    <p class='ocr_par' dir='ltr' id='par_1_46' title="bbox 380 3025 1962 3106">
     <span class='ocr_line' id='line_1_46' title="bbox 380 3025 1962 3106; baseline 0.01 -27"><span class='ocrx_word' id='word_1_363' title='bbox 380 3025 546 3079; x_wconf 84' lang='lat' dir='ltr'><strong>idest</strong></span> <span class='ocrx_word' id='word_1_364' title='bbox 588 3025 982 3091; x_wconf 77' lang='lat' dir='ltr'><strong>sollicitudines</strong></span> <span class='ocrx_word' id='word_1_365' title='bbox 1026 3030 1210 3090; x_wconf 58' lang='lat' dir='ltr'><strong>sicculi</strong></span> <span class='ocrx_word' id='word_1_366' title='bbox 1254 3032 1473 3099; x_wconf 78' lang='lat' dir='ltr'><strong>habent,</strong></span> <span class='ocrx_word' id='word_1_367' title='bbox 1503 3045 1597 3095; x_wconf 81' lang='lat' dir='ltr'><strong>aut</strong></span> <span class='ocrx_word' id='word_1_368' title='bbox 1639 3036 1962 3106; x_wconf 67' lang='lat' dir='ltr'><strong>voluptates,</strong></span> 
     </span>
    </p>
   </div>
   <div class='ocr_carea' id='block_1_47' title="bbox 379 3117 1964 3189">
    <p class='ocr_par' dir='ltr' id='par_1_47' title="bbox 379 3117 1964 3189">
     <span class='ocr_line' id='line_1_47' title="bbox 379 3117 1964 3189; baseline 0.011 -19"><span class='ocrx_word' id='word_1_369' title='bbox 379 3128 440 3171; x_wconf 91' lang='lat' dir='ltr'><strong>et</strong></span> <span class='ocrx_word' id='word_1_370' title='bbox 481 3117 790 3172; x_wconf 85' lang='lat' dir='ltr'><strong>divitiarum</strong></span> <span class='ocrx_word' id='word_1_371' title='bbox 822 3120 1169 3189; x_wconf 80' lang='lat' dir='ltr'><strong>cupiditates,</strong></span> <span class='ocrx_word' id='word_1_372' title='bbox 1219 3129 1449 3189; x_wconf 83' lang='lat' dir='ltr'><strong>reproba</strong></span> <span class='ocrx_word' id='word_1_373' title='bbox 1470 3136 1549 3185; x_wconf 80' lang='lat' dir='ltr'><strong>est</strong></span> <span class='ocrx_word' id='word_1_374' title='bbox 1580 3138 1634 3184; x_wconf 89' lang='lat' dir='ltr'><strong>et</strong></span> <span class='ocrx_word' id='word_1_375' title='bbox 1675 3129 1964 3188; x_wconf 83' lang='lat' dir='ltr'><strong>maledicto</strong></span> 
     </span>
    </p>
   </div>
   <div class='ocr_carea' id='block_1_48' title="bbox 380 3209 1959 3280">
    <p class='ocr_par' dir='ltr' id='par_1_48' title="bbox 380 3209 1959 3280">
     <span class='ocr_line' id='line_1_48' title="bbox 380 3209 1959 3280; baseline 0.011 -22"><span class='ocrx_word' id='word_1_376' title='bbox 380 3210 546 3280; x_wconf 71' lang='lat'><strong>265</strong></span> <span class='ocrx_word' id='word_1_377' title='bbox 576 3209 839 3277; x_wconf 83' lang='lat' dir='ltr'><strong>proxima,</strong></span> <span class='ocrx_word' id='word_1_378' title='bbox 872 3210 1027 3279; x_wconf 77' lang='lat' dir='ltr'><strong>cujus</strong></span> <span class='ocrx_word' id='word_1_379' title='bbox 1060 3214 1182 3269; x_wconf 83' lang='lat' dir='ltr'><strong>linis</strong></span> <span class='ocrx_word' id='word_1_380' title='bbox 1212 3216 1317 3273; x_wconf 80' lang='lat' dir='ltr'><strong>erit</strong></span> <span class='ocrx_word' id='word_1_381' title='bbox 1348 3218 1414 3275; x_wconf 85' lang='lat' dir='ltr'><strong>ad</strong></span> <span class='ocrx_word' id='word_1_382' title='bbox 1439 3220 1795 3277; x_wconf 77' lang='lat' dir='ltr'><strong>exustionem.</strong></span> <span class='ocrx_word' id='word_1_383' title='bbox 1823 3220 1959 3277; x_wconf 80' lang='lat' dir='ltr'><strong>Pro-</strong></span> 
     </span>
    </p>
   </div>
   <div class='ocr_carea' id='block_1_49' title="bbox 385 3306 1959 3374">
    <p class='ocr_par' dir='ltr' id='par_1_49' title="bbox 385 3306 1959 3374">
     <span class='ocr_line' id='line_1_49' title="bbox 385 3306 1959 3374; baseline 0.01 -23"><span class='ocrx_word' id='word_1_384' title='bbox 385 3313 568 3367; x_wconf 84' lang='lat' dir='ltr'><strong>pterea</strong></span> <span class='ocrx_word' id='word_1_385' title='bbox 625 3306 994 3374; x_wconf 84' lang='lat' dir='ltr'><strong>unusquisque</strong></span> <span class='ocrx_word' id='word_1_386' title='bbox 1041 3307 1345 3363; x_wconf 85' lang='lat' dir='ltr'><strong>auditorum</strong></span> <span class='ocrx_word' id='word_1_387' title='bbox 1401 3324 1522 3367; x_wconf 88' lang='lat' dir='ltr'><strong>cum</strong></span> <span class='ocrx_word' id='word_1_388' title='bbox 1587 3312 1837 3366; x_wconf 82' lang='lat' dir='ltr'><strong>convenit</strong></span> <span class='ocrx_word' id='word_1_389' title='bbox 1893 3312 1959 3367; x_wconf 85' lang='lat' dir='ltr'><strong>ad</strong></span> 
     </span>
    </p>
   </div>
   <div class='ocr_carea' id='block_1_50' title="bbox 383 3394 1959 3468">
    <p class='ocr_par' dir='ltr' id='par_1_50' title="bbox 383 3394 1959 3468">
     <span class='ocr_line' id='line_1_50' title="bbox 383 3394 1959 3468; baseline 0.01 -27"><span class='ocrx_word' id='word_1_390' title='bbox 383 3394 729 3457; x_wconf 83' lang='lat' dir='ltr'><strong>audiendum,</strong></span> <span class='ocrx_word' id='word_1_391' title='bbox 753 3396 978 3464; x_wconf 80' lang='lat' dir='ltr'><strong>suscipit</strong></span> <span class='ocrx_word' id='word_1_392' title='bbox 1001 3395 1225 3453; x_wconf 82' lang='lat' dir='ltr'><strong>imbrem</strong></span> <span class='ocrx_word' id='word_1_393' title='bbox 1259 3395 1402 3450; x_wconf 84' lang='lat' dir='ltr'><strong>verbi</strong></span> <span class='ocrx_word' id='word_1_394' title='bbox 1440 3397 1567 3451; x_wconf 88' lang='lat' dir='ltr'><strong>Dei:</strong></span> <span class='ocrx_word' id='word_1_395' title='bbox 1600 3409 1652 3453; x_wconf 88' lang='lat' dir='ltr'><strong>et</strong></span> <span class='ocrx_word' id='word_1_396' title='bbox 1675 3402 1721 3454; x_wconf 89' lang='lat' dir='ltr'><strong>si</strong></span> <span class='ocrx_word' id='word_1_397' title='bbox 1746 3402 1959 3468; x_wconf 78' lang='lat' dir='ltr'><strong>quidem</strong></span> 
     </span>
    </p>
   </div>
   <div class='ocr_carea' id='block_1_51' title="bbox 387 3484 1963 3556">
    <p class='ocr_par' dir='ltr' id='par_1_51' title="bbox 387 3484 1963 3556">
     <span class='ocr_line' id='line_1_51' title="bbox 387 3484 1963 3556; baseline 0.005 -17"><span class='ocrx_word' id='word_1_398' title='bbox 387 3484 622 3540; x_wconf 76' lang='lat' dir='ltr'><strong>fructum</strong></span> <span class='ocrx_word' id='word_1_399' title='bbox 666 3487 906 3541; x_wconf 82' lang='lat' dir='ltr'><strong>attulerit</strong></span> <span class='ocrx_word' id='word_1_400' title='bbox 941 3488 1120 3556; x_wconf 85' lang='lat' dir='ltr'><strong>operis</strong></span> <span class='ocrx_word' id='word_1_401' title='bbox 1161 3488 1283 3547; x_wconf 86' lang='lat' dir='ltr'><strong>boui</strong></span> <span class='ocrx_word' id='word_1_402' title='bbox 1311 3527 1326 3551; x_wconf 92' lang='lat'><strong>,</strong></span> <span class='ocrx_word' id='word_1_403' title='bbox 1370 3489 1794 3552; x_wconf 74' lang='lat' dir='ltr'><strong>benedictionem</strong></span> <span class='ocrx_word' id='word_1_404' title='bbox 1833 3509 1963 3547; x_wconf 79' lang='lat' dir='ltr'><strong>cou—</strong></span> 
     </span>
    </p>
   </div>
   <div class='ocr_carea' id='block_1_52' title="bbox 382 3577 1963 3647">
    <p class='ocr_par' dir='ltr' id='par_1_52' title="bbox 382 3577 1963 3647">
     <span class='ocr_line' id='line_1_52' title="bbox 382 3577 1963 3647; baseline 0.008 -21"><span class='ocrx_word' id='word_1_405' title='bbox 382 3589 663 3645; x_wconf 84' lang='lat' dir='ltr'><strong>sequetur.</strong></span> <span class='ocrx_word' id='word_1_406' title='bbox 710 3577 769 3635; x_wconf 88' lang='lat' dir='ltr'><strong>Si</strong></span> <span class='ocrx_word' id='word_1_407' title='bbox 809 3592 936 3633; x_wconf 86' lang='lat' dir='ltr'><strong>vero</strong></span> <span class='ocrx_word' id='word_1_408' title='bbox 978 3588 1289 3647; x_wconf 82' lang='lat' dir='ltr'><strong>susceptum</strong></span> <span class='ocrx_word' id='word_1_409' title='bbox 1339 3579 1561 3639; x_wconf 83' lang='lat' dir='ltr'><strong>verbum</strong></span> <span class='ocrx_word' id='word_1_410' title='bbox 1604 3583 1694 3639; x_wconf 88' lang='lat' dir='ltr'><strong>Dei</strong></span> <span class='ocrx_word' id='word_1_411' title='bbox 1724 3596 1963 3643; x_wconf 83' lang='lat' dir='ltr'><strong>contem-</strong></span> 
     </span>
    </p>
   </div>
   <div class='ocr_carea' id='block_1_53' title="bbox 380 3669 1963 3740">
    <p class='ocr_par' dir='ltr' id='par_1_53' title="bbox 380 3669 1963 3740">
     <span class='ocr_line' id='line_1_53' title="bbox 380 3669 1963 3740; baseline 0.006 -20"><span class='ocrx_word' id='word_1_412' title='bbox 380 3669 577 3737; x_wconf 73' lang='lat' dir='ltr'><strong>pserit,</strong></span> <span class='ocrx_word' id='word_1_413' title='bbox 600 3679 653 3723; x_wconf 91' lang='lat' dir='ltr'><strong>et</strong></span> <span class='ocrx_word' id='word_1_414' title='bbox 683 3669 996 3739; x_wconf 76' lang='lat' dir='ltr'><strong>frequenter</strong></span> <span class='ocrx_word' id='word_1_415' title='bbox 1035 3670 1215 3731; x_wconf 83' lang='lat' dir='ltr'><strong>audita</strong></span> <span class='ocrx_word' id='word_1_416' title='bbox 1262 3670 1580 3740; x_wconf 76' lang='lat' dir='ltr'><strong>neglexerit,</strong></span> <span class='ocrx_word' id='word_1_417' title='bbox 1607 3688 1670 3733; x_wconf 77' lang='lat' dir='ltr'><strong>ac</strong></span> <span class='ocrx_word' id='word_1_418' title='bbox 1697 3674 1963 3730; x_wconf 75' lang='lat' dir='ltr'><strong>sollicitu-</strong></span> 
     </span>
    </p>
   </div>
   <div class='ocr_carea' id='block_1_54' title="bbox 377 3761 1960 3837">
    <p class='ocr_par' dir='ltr' id='par_1_54' title="bbox 377 3761 1960 3837">
     <span class='ocr_line' id='line_1_54' title="bbox 377 3761 1960 3837; baseline 0.007 -24"><span class='ocrx_word' id='word_1_419' title='bbox 377 3762 494 3816; x_wconf 84' lang='lat' dir='ltr'><strong>dini</strong></span> <span class='ocrx_word' id='word_1_420' title='bbox 544 3778 601 3816; x_wconf 88' lang='lat' dir='ltr'><strong>se</strong></span> <span class='ocrx_word' id='word_1_421' title='bbox 648 3778 831 3817; x_wconf 90' lang='lat' dir='ltr'><strong>rerum</strong></span> <span class='ocrx_word' id='word_1_422' title='bbox 873 3761 1233 3827; x_wconf 68' lang='lat' dir='ltr'><strong>saecularium,</strong></span> <span class='ocrx_word' id='word_1_423' title='bbox 1274 3763 1593 3834; x_wconf 79' lang='lat' dir='ltr'><strong>libidinique</strong></span> <span class='ocrx_word' id='word_1_424' title='bbox 1651 3767 1960 3837; x_wconf 79' lang='lat' dir='ltr'><strong>sulijecerit,</strong></span> 
     </span>
    </p>
   </div>
   <div class='ocr_carea' id='block_1_55' title="bbox 379 3850 1967 3923">
    <p class='ocr_par' dir='ltr' id='par_1_55' title="bbox 379 3850 1967 3923">
     <span class='ocr_line' id='line_1_55' title="bbox 379 3850 1967 3923; baseline 0.004 -18"><span class='ocrx_word' id='word_1_425' title='bbox 379 3863 638 3921; x_wconf 85' lang='lat' dir='ltr'><strong>tanquam</strong></span> <span class='ocrx_word' id='word_1_426' title='bbox 669 3855 757 3921; x_wconf 87' lang='lat' dir='ltr'><strong>qui</strong></span> <span class='ocrx_word' id='word_1_427' title='bbox 789 3854 960 3923; x_wconf 80' lang='lat' dir='ltr'><strong>spinis</strong></span> <span class='ocrx_word' id='word_1_428' title='bbox 988 3850 1334 3911; x_wconf 71' lang='lat' dir='ltr'><strong>suﬂocaverit</strong></span> <span class='ocrx_word' id='word_1_429' title='bbox 1366 3855 1609 3920; x_wconf 87' lang='lat' dir='ltr'><strong>verbum,</strong></span> <span class='ocrx_word' id='word_1_430' title='bbox 1636 3859 1967 3915; x_wconf 84' lang='lat' dir='ltr'><strong>maledictio-</strong></span> 
     </span>
    </p>
   </div>
   <div class='ocr_carea' id='block_1_56' title="bbox 374 3945 1961 4016">
    <p class='ocr_par' dir='ltr' id='par_1_56' title="bbox 374 3945 1961 4016">
     <span class='ocr_line' id='line_1_56' title="bbox 374 3945 1961 4016; baseline 0.003 -17"><span class='ocrx_word' id='word_1_431' title='bbox 374 3960 506 4001; x_wconf 82' lang='lat' dir='ltr'><strong>neru</strong></span> <span class='ocrx_word' id='word_1_432' title='bbox 540 3960 640 4013; x_wconf 90' lang='lat' dir='ltr'><strong>pro</strong></span> <span class='ocrx_word' id='word_1_433' title='bbox 661 3945 1035 4003; x_wconf 78' lang='lat' dir='ltr'><strong>benedictione</strong></span> <span class='ocrx_word' id='word_1_434' title='bbox 1066 3945 1362 4015; x_wconf 84' lang='lat' dir='ltr'><strong>conquirit,</strong></span> <span class='ocrx_word' id='word_1_435' title='bbox 1387 3955 1442 3999; x_wconf 88' lang='lat' dir='ltr'><strong>et</strong></span> <span class='ocrx_word' id='word_1_436' title='bbox 1471 3962 1569 4016; x_wconf 91' lang='lat' dir='ltr'><strong>pro</strong></span> <span class='ocrx_word' id='word_1_437' title='bbox 1615 3948 1961 4009; x_wconf 76' lang='lat' dir='ltr'><strong>beatitudinis</strong></span> 
     </span>
    </p>
   </div>
   <div class='ocr_carea' id='block_1_57' title="bbox 374 4036 1958 4115">
    <p class='ocr_par' dir='ltr' id='par_1_57' title="bbox 374 4036 1958 4115">
     <span class='ocr_line' id='line_1_57' title="bbox 374 4036 1958 4115; baseline 0.003 -23"><span class='ocrx_word' id='word_1_438' title='bbox 374 4039 489 4093; x_wconf 77' lang='lat' dir='ltr'><strong>line</strong></span> <span class='ocrx_word' id='word_1_439' title='bbox 537 4036 670 4110; x_wconf 77' lang='lat'><strong>(&#39;55),</strong></span> <span class='ocrx_word' id='word_1_440' title='bbox 719 4039 881 4093; x_wconf 81' lang='lat' dir='ltr'><strong>tinent</strong></span> <span class='ocrx_word' id='word_1_441' title='bbox 926 4038 1230 4095; x_wconf 82' lang='lat' dir='ltr'><strong>exustionis</strong></span> <span class='ocrx_word' id='word_1_442' title='bbox 1258 4038 1518 4096; x_wconf 88' lang='lat' dir='ltr'><strong>inveniet.</strong></span> <span class='ocrx_word' id='word_1_443' title='bbox 1558 4058 1576 4091; x_wconf 77' lang='grc' dir='ltr'>ι</span> <span class='ocrx_word' id='word_1_444' title='bbox 1616 4042 1761 4099; x_wconf 86' lang='lat' dir='ltr'><strong>Dabo</strong></span> <span class='ocrx_word' id='word_1_445' title='bbox 1808 4061 1958 4115; x_wconf 64' lang='lat' dir='ltr'><strong>ergo,</strong></span> 
     </span>
    </p>
   </div>
   <div class='ocr_carea' id='block_1_58' title="bbox 373 4130 1960 4200">
    <p class='ocr_par' dir='ltr' id='par_1_58' title="bbox 373 4130 1960 4200">
     <span class='ocr_line' id='line_1_58' title="bbox 373 4130 1960 4200; baseline 0.006 -16"><span class='ocrx_word' id='word_1_446' title='bbox 373 4131 557 4198; x_wconf 84' lang='lat' dir='ltr'><strong>inquit</strong></span> <span class='ocrx_word' id='word_1_447' title='bbox 586 4132 655 4195; x_wconf 77' lang='grc'><strong>’⁸,</strong></span> <span class='ocrx_word' id='word_1_448' title='bbox 679 4130 832 4186; x_wconf 84' lang='lat' dir='ltr'><strong>vobis</strong></span> <span class='ocrx_word' id='word_1_449' title='bbox 884 4130 1117 4200; x_wconf 87' lang='lat' dir='ltr'><strong>pluviam</strong></span> <span class='ocrx_word' id='word_1_450' title='bbox 1172 4130 1225 4184; x_wconf 89' lang='lat' dir='ltr'><strong>in</strong></span> <span class='ocrx_word' id='word_1_451' title='bbox 1285 4140 1543 4200; x_wconf 86' lang='lat' dir='ltr'><strong>tempore.</strong></span> <span class='ocrx_word' id='word_1_452' title='bbox 1587 4152 1607 4186; x_wconf 72' lang='grc' dir='ltr'><strong><em>ι</em></strong></span> <span class='ocrx_word' id='word_1_453' title='bbox 1643 4134 1960 4194; x_wconf 70' lang='lat' dir='ltr'><strong>Nece~sario</strong></span> 
     </span>
    </p>
   </div>
   <div class='ocr_carea' id='block_1_59' title="bbox 368 4222 1960 4292">
    <p class='ocr_par' dir='ltr' id='par_1_59' title="bbox 368 4222 1960 4292">
     <span class='ocr_line' id='line_1_59' title="bbox 368 4222 1960 4292; baseline 0.005 -16"><span class='ocrx_word' id='word_1_454' title='bbox 368 4223 589 4276; x_wconf 74' lang='lat' dir='ltr'><strong>addidit</strong></span> <span class='ocrx_word' id='word_1_455' title='bbox 630 4231 731 4278; x_wconf 78' lang='lat' dir='ltr'><strong>ett</strong></span> <span class='ocrx_word' id='word_1_456' title='bbox 768 4223 820 4277; x_wconf 89' lang='lat' dir='ltr'><strong>in</strong></span> <span class='ocrx_word' id='word_1_457' title='bbox 878 4231 1141 4292; x_wconf 80' lang='lat' dir='ltr'><strong>tempore.</strong></span> <span class='ocrx_word' id='word_1_458' title='bbox 1183 4241 1201 4277; x_wconf 71' lang='grc' dir='ltr'><strong><em>ι</em></strong></span> <span class='ocrx_word' id='word_1_459' title='bbox 1234 4222 1387 4278; x_wconf 88' lang='lat' dir='ltr'><strong>Sicut</strong></span> <span class='ocrx_word' id='word_1_460' title='bbox 1440 4225 1584 4279; x_wconf 83' lang='lat' dir='ltr'><strong>enim</strong></span> <span class='ocrx_word' id='word_1_461' title='bbox 1636 4226 1812 4283; x_wconf 85' lang='lat' dir='ltr'><strong>imber</strong></span> <span class='ocrx_word' id='word_1_462' title='bbox 1860 4230 1960 4284; x_wconf 84' lang='lat' dir='ltr'><strong>iste</strong></span> 
     </span>
    </p>
   </div>
   <div class='ocr_carea' id='block_1_60' title="bbox 370 4314 1959 4384">
    <p class='ocr_par' dir='ltr' id='par_1_60' title="bbox 370 4314 1959 4384">
     <span class='ocr_line' id='line_1_60' title="bbox 370 4314 1959 4384; baseline 0.006 -14"><span class='ocrx_word' id='word_1_463' title='bbox 370 4325 637 4370; x_wconf 86' lang='lat' dir='ltr'><strong>terrenus</strong></span> <span class='ocrx_word' id='word_1_464' title='bbox 682 4316 724 4370; x_wconf 86' lang='lat' dir='ltr'><strong>si</strong></span> <span class='ocrx_word' id='word_1_465' title='bbox 775 4316 1078 4384; x_wconf 89' lang='lat' dir='ltr'><strong>importune</strong></span> <span class='ocrx_word' id='word_1_466' title='bbox 1124 4314 1323 4380; x_wconf 81' lang='lat' dir='ltr'><strong>veniat,</strong></span> <span class='ocrx_word' id='word_1_467' title='bbox 1363 4316 1414 4375; x_wconf 83' lang='lat' dir='ltr'><strong>id</strong></span> <span class='ocrx_word' id='word_1_468' title='bbox 1454 4326 1556 4382; x_wconf 80' lang='lat' dir='ltr'><strong>est,</strong></span> <span class='ocrx_word' id='word_1_469' title='bbox 1592 4334 1717 4377; x_wconf 79' lang='lat' dir='ltr'><strong>curn</strong></span> <span class='ocrx_word' id='word_1_470' title='bbox 1769 4325 1959 4381; x_wconf 80' lang='lat' dir='ltr'><strong>messis</strong></span> 
     </span>
    </p>
   </div>
   <div class='ocr_carea' id='block_1_61' title="bbox 363 4395 1959 4476">
    <p class='ocr_par' dir='ltr' id='par_1_61' title="bbox 363 4395 1959 4476">
     <span class='ocr_line' id='line_1_61' title="bbox 363 4395 1959 4476; baseline 0.005 -16"><span class='ocrx_word' id='word_1_471' title='bbox 363 4406 669 4476; x_wconf 75' lang='lat' dir='ltr'><strong>colligitur,</strong></span> <span class='ocrx_word' id='word_1_472' title='bbox 712 4421 832 4461; x_wconf 89' lang='lat' dir='ltr'><strong>eum</strong></span> <span class='ocrx_word' id='word_1_473' title='bbox 871 4406 1142 4465; x_wconf 80' lang='lat' dir='ltr'><strong>frumenta</strong></span> <span class='ocrx_word' id='word_1_474' title='bbox 1188 4416 1435 4465; x_wconf 88' lang='lat' dir='ltr'><strong>teruntur</strong></span> <span class='ocrx_word' id='word_1_475' title='bbox 1475 4407 1527 4462; x_wconf 90' lang='lat' dir='ltr'><strong>in</strong></span> <span class='ocrx_word' id='word_1_476' title='bbox 1572 4395 1735 4475; x_wconf 85' lang='lat' dir='ltr'><strong>areis,</strong></span> <span class='ocrx_word' id='word_1_477' title='bbox 1768 4412 1959 4468; x_wconf 85' lang='lat' dir='ltr'><strong>obesse</strong></span> 
     </span>
    </p>
   </div>
   <div class='ocr_carea' id='block_1_62' title="bbox 2067 1928 3647 1998">
    <p class='ocr_par' dir='ltr' id='par_1_62' title="bbox 2067 1928 3647 1998">
     <span class='ocr_line' id='line_1_62' title="bbox 2067 1928 3647 1998; baseline 0.002 -18"><span class='ocrx_word' id='word_1_478' title='bbox 2067 1942 2224 1984; x_wconf 88' lang='lat' dir='ltr'><strong>suras</strong></span> <span class='ocrx_word' id='word_1_479' title='bbox 2248 1938 2436 1994; x_wconf 88' lang='lat' dir='ltr'><strong>aptare</strong></span> <span class='ocrx_word' id='word_1_480' title='bbox 2478 1928 2623 1987; x_wconf 87' lang='lat' dir='ltr'><strong>velut</strong></span> <span class='ocrx_word' id='word_1_481' title='bbox 2656 1938 2872 1983; x_wconf 89' lang='lat' dir='ltr'><strong>tenuem</strong></span> <span class='ocrx_word' id='word_1_482' title='bbox 2910 1938 2961 1982; x_wconf 91' lang='lat' dir='ltr'><strong>et</strong></span> <span class='ocrx_word' id='word_1_483' title='bbox 3012 1929 3121 1983; x_wconf 89' lang='lat' dir='ltr'><strong>rori</strong></span> <span class='ocrx_word' id='word_1_484' title='bbox 3152 1928 3382 1984; x_wconf 85' lang='lat' dir='ltr'><strong>similent</strong></span> <span class='ocrx_word' id='word_1_485' title='bbox 3413 1928 3647 1998; x_wconf 82' lang='lat' dir='ltr'><strong>pluviam</strong></span> 
     </span>
    </p>
   </div>
   <div class='ocr_carea' id='block_1_63' title="bbox 2067 2018 3650 2091">
    <p class='ocr_par' dir='ltr' id='par_1_63' title="bbox 2067 2018 3650 2091">
     <span class='ocr_line' id='line_1_63' title="bbox 2067 2018 3650 2091; baseline 0.001 -19"><span class='ocrx_word' id='word_1_486' title='bbox 2067 2019 2238 2073; x_wconf 88' lang='lat' dir='ltr'><strong>verbi.</strong></span> <span class='ocrx_word' id='word_1_487' title='bbox 2270 2018 2365 2073; x_wconf 84' lang='lat' dir='ltr'><strong>Est</strong></span> <span class='ocrx_word' id='word_1_488' title='bbox 2386 2028 2566 2073; x_wconf 87' lang='lat' dir='ltr'><strong>autem</strong></span> <span class='ocrx_word' id='word_1_489' title='bbox 2615 2019 2720 2074; x_wconf 84' lang='lat' dir='ltr'><strong>alia</strong></span> <span class='ocrx_word' id='word_1_490' title='bbox 2772 2029 2945 2085; x_wconf 76' lang='lat' dir='ltr'><strong>terra,</strong></span> <span class='ocrx_word' id='word_1_491' title='bbox 2975 2036 3095 2090; x_wconf 60' lang='lat' dir='ltr'><strong>quae</strong></span> <span class='ocrx_word' id='word_1_492' title='bbox 3147 2030 3323 2091; x_wconf 90' lang='lat' dir='ltr'><strong>potest</strong></span> <span class='ocrx_word' id='word_1_493' title='bbox 3372 2021 3650 2090; x_wconf 87' lang='lat' dir='ltr'><strong>suscipere</strong></span> 
     </span>
    </p>
   </div>
   <div class='ocr_carea' id='block_1_64' title="bbox 2069 2106 3652 2172">
    <p class='ocr_par' dir='ltr' id='par_1_64' title="bbox 2069 2106 3652 2172">
     <span class='ocr_line' id='line_1_64' title="bbox 2069 2106 3652 2172; baseline 0.001 -14"><span class='ocrx_word' id='word_1_494' title='bbox 2069 2107 2277 2162; x_wconf 87' lang='lat' dir='ltr'><strong>validos</strong></span> <span class='ocrx_word' id='word_1_495' title='bbox 2316 2109 2536 2172; x_wconf 86' lang='lat' dir='ltr'><strong>imbres,</strong></span> <span class='ocrx_word' id='word_1_496' title='bbox 2578 2106 2722 2164; x_wconf 81' lang='lat' dir='ltr'><strong>ferre</strong></span> <span class='ocrx_word' id='word_1_497' title='bbox 2761 2109 2922 2163; x_wconf 84' lang='lat' dir='ltr'><strong>etiam</strong></span> <span class='ocrx_word' id='word_1_498' title='bbox 2959 2108 3181 2161; x_wconf 87' lang='lat' dir='ltr'><strong>tlumiua</strong></span> <span class='ocrx_word' id='word_1_499' title='bbox 3215 2108 3364 2165; x_wconf 89' lang='lat' dir='ltr'><strong>verbi</strong></span> <span class='ocrx_word' id='word_1_500' title='bbox 3413 2108 3528 2172; x_wconf 88' lang='lat' dir='ltr'><strong>Dei,</strong></span> <span class='ocrx_word' id='word_1_501' title='bbox 3564 2125 3652 2161; x_wconf 79' lang='lat' dir='ltr'><strong>ra-</strong></span> 
     </span>
    </p>
   </div>
   <div class='ocr_carea' id='block_1_65' title="bbox 2070 2196 3649 2270">
    <p class='ocr_par' dir='ltr' id='par_1_65' title="bbox 2070 2196 3649 2270">
     <span class='ocr_line' id='line_1_65' title="bbox 2070 2196 3649 2270; baseline 0.004 -21"><span class='ocrx_word' id='word_1_502' title='bbox 2070 2200 2220 2262; x_wconf 88' lang='lat' dir='ltr'><strong>pidos</strong></span> <span class='ocrx_word' id='word_1_503' title='bbox 2267 2210 2482 2267; x_wconf 84' lang='lat' dir='ltr'><strong>portare</strong></span> <span class='ocrx_word' id='word_1_504' title='bbox 2530 2198 2641 2270; x_wconf 79' lang='grc'><strong>(36)</strong></span> <span class='ocrx_word' id='word_1_505' title='bbox 2670 2208 2958 2255; x_wconf 86' lang='lat' dir='ltr'><strong>torrentes.</strong></span> <span class='ocrx_word' id='word_1_506' title='bbox 3012 2196 3090 2257; x_wconf 88' lang='lat' dir='ltr'><strong>De</strong></span> <span class='ocrx_word' id='word_1_507' title='bbox 3141 2199 3209 2254; x_wconf 88' lang='lat' dir='ltr'><strong>iis</strong></span> <span class='ocrx_word' id='word_1_508' title='bbox 3252 2201 3395 2255; x_wconf 87' lang='lat' dir='ltr'><strong>enim</strong></span> <span class='ocrx_word' id='word_1_509' title='bbox 3448 2200 3649 2257; x_wconf 79' lang='lat' dir='ltr'><strong>talibus</strong></span> 
     </span>
    </p>
   </div>
   <div class='ocr_carea' id='block_1_66' title="bbox 2068 2290 3650 2363">
    <p class='ocr_par' dir='ltr' id='par_1_66' title="bbox 2068 2290 3650 2363">
     <span class='ocr_line' id='line_1_66' title="bbox 2068 2290 3650 2363; baseline 0.003 -20"><span class='ocrx_word' id='word_1_510' title='bbox 2068 2290 2334 2363; x_wconf 77' lang='lat' dir='ltr'><strong>l’rOpbeta</strong></span> <span class='ocrx_word' id='word_1_511' title='bbox 2373 2292 2507 2347; x_wconf 90' lang='lat' dir='ltr'><strong>dicit</strong></span> <span class='ocrx_word' id='word_1_512' title='bbox 2548 2292 2600 2347; x_wconf 88' lang='lat' dir='ltr'><strong>in</strong></span> <span class='ocrx_word' id='word_1_513' title='bbox 2640 2291 2871 2348; x_wconf 83' lang='lat' dir='ltr'><strong>Psalmis</strong></span> <span class='ocrx_word' id='word_1_514' title='bbox 2892 2292 2978 2345; x_wconf 69' lang='grc' dir='ltr'><strong>’δε</strong></span> <span class='ocrx_word' id='word_1_515' title='bbox 3013 2310 3032 2346; x_wconf 83' lang='grc'><strong>‹</strong></span> <span class='ocrx_word' id='word_1_516' title='bbox 3061 2291 3126 2345; x_wconf 88' lang='lat' dir='ltr'><strong>Et</strong></span> <span class='ocrx_word' id='word_1_517' title='bbox 3160 2301 3453 2348; x_wconf 87' lang='lat' dir='ltr'><strong>torrentem</strong></span> <span class='ocrx_word' id='word_1_518' title='bbox 3494 2294 3650 2350; x_wconf 87' lang='lat' dir='ltr'><strong>volu-</strong></span> 
     </span>
    </p>
   </div>
   <div class='ocr_carea' id='block_1_67' title="bbox 2066 2385 2969 2456">
    <p class='ocr_par' dir='ltr' id='par_1_67' title="bbox 2066 2385 2969 2456">
     <span class='ocr_line' id='line_1_67' title="bbox 2066 2385 2969 2456; baseline -0.002 -17"><span class='ocrx_word' id='word_1_519' title='bbox 2066 2385 2233 2456; x_wconf 86' lang='lat' dir='ltr'><strong>ptatis</strong></span> <span class='ocrx_word' id='word_1_520' title='bbox 2270 2397 2372 2437; x_wconf 64' lang='lat' dir='ltr'><strong>tua:</strong></span> <span class='ocrx_word' id='word_1_521' title='bbox 2393 2394 2576 2453; x_wconf 89' lang='lat' dir='ltr'><strong>potum</strong></span> <span class='ocrx_word' id='word_1_522' title='bbox 2605 2386 2760 2441; x_wconf 85' lang='lat' dir='ltr'><strong>dabis</strong></span> <span class='ocrx_word' id='word_1_523' title='bbox 2796 2386 2920 2440; x_wconf 88' lang='lat' dir='ltr'><strong>illis.</strong></span> <span class='ocrx_word' id='word_1_524' title='bbox 2950 2406 2969 2437; x_wconf 73' lang='grc' dir='ltr'>ι</span> 
     </span>
    </p>
   </div>
   <div class='ocr_carea' id='block_1_68' title="bbox 2135 2475 3648 2549">
    <p class='ocr_par' dir='ltr' id='par_1_68' title="bbox 2135 2475 3648 2549">
     <span class='ocr_line' id='line_1_68' title="bbox 2135 2475 3648 2549; baseline 0.002 -21"><span class='ocrx_word' id='word_1_525' title='bbox 2135 2475 2188 2529; x_wconf 80' lang='grc'><strong>5.</strong></span> <span class='ocrx_word' id='word_1_526' title='bbox 2221 2494 2239 2527; x_wconf 69' lang='grc' dir='ltr'>ε</span> <span class='ocrx_word' id='word_1_527' title='bbox 2281 2475 2424 2530; x_wconf 83' lang='lat' dir='ltr'><strong>Dabo</strong></span> <span class='ocrx_word' id='word_1_528' title='bbox 2446 2491 2564 2549; x_wconf 75' lang='lat' dir='ltr'><strong>ego,</strong></span> <span class='ocrx_word' id='word_1_529' title='bbox 2594 2477 2769 2545; x_wconf 86' lang='lat' dir='ltr'><strong>inquit</strong></span> <span class='ocrx_word' id='word_1_530' title='bbox 2789 2479 2856 2542; x_wconf 64' lang='lat'><strong>&#39;9,</strong></span> <span class='ocrx_word' id='word_1_531' title='bbox 2878 2479 3027 2537; x_wconf 81' lang='lat' dir='ltr'><strong>vobis</strong></span> <span class='ocrx_word' id='word_1_532' title='bbox 3059 2479 3292 2549; x_wconf 85' lang='lat' dir='ltr'><strong>pluviam</strong></span> <span class='ocrx_word' id='word_1_533' title='bbox 3322 2478 3374 2533; x_wconf 90' lang='lat' dir='ltr'><strong>in</strong></span> <span class='ocrx_word' id='word_1_534' title='bbox 3405 2486 3648 2549; x_wconf 86' lang='lat' dir='ltr'><strong>tempore</strong></span> 
     </span>
    </p>
   </div>
   <div class='ocr_carea' id='block_1_69' title="bbox 2066 2567 3647 2635">
    <p class='ocr_par' dir='ltr' id='par_1_69' title="bbox 2066 2567 3647 2635">
     <span class='ocr_line' id='line_1_69' title="bbox 2066 2567 3647 2635; baseline 0.001 -12"><span class='ocrx_word' id='word_1_535' title='bbox 2066 2581 2186 2633; x_wconf 78' lang='lat' dir='ltr'><strong>suo,</strong></span> <span class='ocrx_word' id='word_1_536' title='bbox 2213 2578 2269 2621; x_wconf 91' lang='lat' dir='ltr'><strong>et</strong></span> <span class='ocrx_word' id='word_1_537' title='bbox 2300 2568 2451 2624; x_wconf 82' lang='lat' dir='ltr'><strong>dabit</strong></span> <span class='ocrx_word' id='word_1_538' title='bbox 2492 2578 2633 2625; x_wconf 89' lang='lat' dir='ltr'><strong>terra</strong></span> <span class='ocrx_word' id='word_1_539' title='bbox 2678 2570 2987 2624; x_wconf 85' lang='lat' dir='ltr'><strong>nativitates</strong></span> <span class='ocrx_word' id='word_1_540' title='bbox 3012 2587 3159 2627; x_wconf 83' lang='lat' dir='ltr'><strong>suas.</strong></span> <span class='ocrx_word' id='word_1_541' title='bbox 3190 2588 3209 2623; x_wconf 79' lang='grc' dir='ltr'><strong><em>ι</em></strong></span> <span class='ocrx_word' id='word_1_542' title='bbox 3247 2567 3375 2627; x_wconf 86' lang='lat' dir='ltr'><strong>Post</strong></span> <span class='ocrx_word' id='word_1_543' title='bbox 3416 2570 3647 2635; x_wconf 87' lang='lat' dir='ltr'><strong>primaut</strong></span> 
     </span>
    </p>
   </div>
   <div class='ocr_carea' id='block_1_70' title="bbox 2067 2662 3649 2739">
    <p class='ocr_par' dir='ltr' id='par_1_70' title="bbox 2067 2662 3649 2739">
     <span class='ocr_line' id='line_1_70' title="bbox 2067 2662 3649 2739; baseline -0.001 -22"><span class='ocrx_word' id='word_1_544' title='bbox 2067 2662 2493 2721; x_wconf 85' lang='lat' dir='ltr'><strong>benedictionem</strong></span> <span class='ocrx_word' id='word_1_545' title='bbox 2519 2662 2731 2739; x_wconf 60' lang='lat' dir='ltr'><strong>pluviae,</strong></span> <span class='ocrx_word' id='word_1_546' title='bbox 2763 2663 2865 2719; x_wconf 85' lang='lat' dir='ltr'><strong>ista</strong></span> <span class='ocrx_word' id='word_1_547' title='bbox 2896 2665 3135 2719; x_wconf 88' lang='lat' dir='ltr'><strong>secunda</strong></span> <span class='ocrx_word' id='word_1_548' title='bbox 3176 2674 3260 2719; x_wconf 88' lang='lat' dir='ltr'><strong>est</strong></span> <span class='ocrx_word' id='word_1_549' title='bbox 3302 2679 3408 2739; x_wconf 86' lang='lat' dir='ltr'><strong>qua</strong></span> <span class='ocrx_word' id='word_1_550' title='bbox 3450 2663 3649 2718; x_wconf 88' lang='lat' dir='ltr'><strong>dicitur</strong></span> 
     </span>
    </p>
   </div>
   <div class='ocr_carea' id='block_1_71' title="bbox 2069 2754 3650 2831">
    <p class='ocr_par' dir='ltr' id='par_1_71' title="bbox 2069 2754 3650 2831">
     <span class='ocr_line' id='line_1_71' title="bbox 2069 2754 3650 2831; baseline -0.004 -18"><span class='ocrx_word' id='word_1_551' title='bbox 2069 2765 2502 2823; x_wconf 84' lang='lat' dir='ltr'><strong>terra,suscepta</strong></span> <span class='ocrx_word' id='word_1_552' title='bbox 2532 2754 2731 2831; x_wconf 87' lang='lat' dir='ltr'><strong>pluvia,</strong></span> <span class='ocrx_word' id='word_1_553' title='bbox 2759 2755 2891 2809; x_wconf 88' lang='lat' dir='ltr'><strong>dare</strong></span> <span class='ocrx_word' id='word_1_554' title='bbox 2914 2756 3227 2812; x_wconf 84' lang='lat' dir='ltr'><strong>nativitates</strong></span> <span class='ocrx_word' id='word_1_555' title='bbox 3262 2769 3409 2811; x_wconf 86' lang='lat' dir='ltr'><strong>suas.</strong></span> <span class='ocrx_word' id='word_1_556' title='bbox 3440 2754 3650 2809; x_wconf 67' lang='lat' dir='ltr'><strong>Invenio</strong></span> 
     </span>
    </p>
   </div>
   <div class='ocr_carea' id='block_1_72' title="bbox 2067 2846 3651 2917">
    <p class='ocr_par' dir='ltr' id='par_1_72' title="bbox 2067 2846 3651 2917">
     <span class='ocr_line' id='line_1_72' title="bbox 2067 2846 3651 2917; baseline 0.001 -17"><span class='ocrx_word' id='word_1_557' title='bbox 2067 2863 2185 2903; x_wconf 81' lang='lat' dir='ltr'><strong>llltlS</strong></span> <span class='ocrx_word' id='word_1_558' title='bbox 2211 2847 2331 2917; x_wconf 84' lang='lat' dir='ltr'><strong>quia</strong></span> <span class='ocrx_word' id='word_1_559' title='bbox 2358 2858 2407 2900; x_wconf 89' lang='lat' dir='ltr'><strong>et</strong></span> <span class='ocrx_word' id='word_1_560' title='bbox 2440 2847 2588 2907; x_wconf 79' lang='lat' dir='ltr'><strong>Isaac</strong></span> <span class='ocrx_word' id='word_1_561' title='bbox 2614 2847 2939 2907; x_wconf 85' lang='lat' dir='ltr'><strong>benedicens</strong></span> <span class='ocrx_word' id='word_1_562' title='bbox 2962 2848 3131 2903; x_wconf 83' lang='lat' dir='ltr'><strong>.lacob</strong></span> <span class='ocrx_word' id='word_1_563' title='bbox 3154 2846 3414 2903; x_wconf 70' lang='lat' dir='ltr'><strong>dixerit”</strong></span> <span class='ocrx_word' id='word_1_564' title='bbox 3445 2864 3459 2902; x_wconf 92' lang='lat'><strong>:</strong></span> <span class='ocrx_word' id='word_1_565' title='bbox 3491 2867 3510 2899; x_wconf 76' lang='grc' dir='ltr'>ι</span> <span class='ocrx_word' id='word_1_566' title='bbox 3550 2848 3651 2913; x_wconf 84' lang='lat' dir='ltr'><strong>Det</strong></span> 
     </span>
    </p>
   </div>
   <div class='ocr_carea' id='block_1_73' title="bbox 2067 2937 3649 3010">
    <p class='ocr_par' dir='ltr' id='par_1_73' title="bbox 2067 2937 3649 3010">
     <span class='ocr_line' id='line_1_73' title="bbox 2067 2937 3649 3010; baseline 0.001 -18"><span class='ocrx_word' id='word_1_567' title='bbox 2067 2938 2161 3007; x_wconf 83' lang='lat' dir='ltr'><strong>tibi</strong></span> <span class='ocrx_word' id='word_1_568' title='bbox 2194 2937 2452 2993; x_wconf 88' lang='lat' dir='ltr'><strong>Dominus</strong></span> <span class='ocrx_word' id='word_1_569' title='bbox 2483 2954 2512 2991; x_wconf 90' lang='lat' dir='ltr'><strong>a</strong></span> <span class='ocrx_word' id='word_1_570' title='bbox 2548 2953 2667 2993; x_wconf 86' lang='lat' dir='ltr'><strong>rore</strong></span> <span class='ocrx_word' id='word_1_571' title='bbox 2695 2939 2835 3004; x_wconf 77' lang='lat' dir='ltr'><strong>C(Bli,</strong></span> <span class='ocrx_word' id='word_1_572' title='bbox 2867 2952 2921 2995; x_wconf 89' lang='lat' dir='ltr'><strong>et</strong></span> <span class='ocrx_word' id='word_1_573' title='bbox 2960 2941 3027 2993; x_wconf 89' lang='lat' dir='ltr'><strong>ab</strong></span> <span class='ocrx_word' id='word_1_574' title='bbox 3060 2941 3309 2997; x_wconf 85' lang='lat' dir='ltr'><strong>ubertate</strong></span> <span class='ocrx_word' id='word_1_575' title='bbox 3348 2950 3508 2994; x_wconf 68' lang='lat' dir='ltr'><strong>terra:</strong></span> <span class='ocrx_word' id='word_1_576' title='bbox 3535 2940 3649 3010; x_wconf 88' lang='lat' dir='ltr'><strong>ple-</strong></span> 
     </span>
    </p>
   </div>
   <div class='ocr_carea' id='block_1_74' title="bbox 2066 3028 3647 3087">
    <p class='ocr_par' dir='ltr' id='par_1_74' title="bbox 2066 3028 3647 3087">
     <span class='ocr_line' id='line_1_74' title="bbox 2066 3028 3647 3087; baseline -0.003 0"><span class='ocrx_word' id='word_1_577' title='bbox 2066 3029 2363 3087; x_wconf 83' lang='lat' dir='ltr'><strong>ltitudinem</strong></span> <span class='ocrx_word' id='word_1_578' title='bbox 2395 3028 2651 3085; x_wconf 73' lang='lat' dir='ltr'><strong>frumenti</strong></span> <span class='ocrx_word' id='word_1_579' title='bbox 2684 3039 2738 3083; x_wconf 89' lang='lat' dir='ltr'><strong>et</strong></span> <span class='ocrx_word' id='word_1_580' title='bbox 2772 3030 2900 3083; x_wconf 87' lang='lat' dir='ltr'><strong>vini.</strong></span> <span class='ocrx_word' id='word_1_581' title='bbox 2932 3049 2951 3083; x_wconf 70' lang='grc' dir='ltr'><strong><em>ι</em></strong></span> <span class='ocrx_word' id='word_1_582' title='bbox 2980 3031 3218 3086; x_wconf 82' lang='lat' dir='ltr'><strong>Putasne</strong></span> <span class='ocrx_word' id='word_1_583' title='bbox 3256 3031 3362 3086; x_wconf 87' lang='lat' dir='ltr'><strong>tale</strong></span> <span class='ocrx_word' id='word_1_584' title='bbox 3403 3032 3647 3087; x_wconf 85' lang='lat' dir='ltr'><strong>lrutnen-</strong></span> 
     </span>
    </p>
   </div>
   <div class='ocr_carea' id='block_1_75' title="bbox 1989 3121 3625 3222">
    <p class='ocr_par' dir='ltr' id='par_1_75' title="bbox 1989 3121 3625 3222">
     <span class='ocr_line' id='line_1_75' title="bbox 1989 3121 3625 3222; baseline -0.001 -46"><span class='ocrx_word' id='word_1_585' title='bbox 1989 3159 2036 3222; x_wconf 68' lang='grc' dir='ltr'><strong>ο</strong></span> <span class='ocrx_word' id='word_1_586' title='bbox 2069 3130 2179 3181; x_wconf 92' lang='lat' dir='ltr'><strong>tum</strong></span> <span class='ocrx_word' id='word_1_587' title='bbox 2240 3122 2291 3181; x_wconf 88' lang='lat' dir='ltr'><strong>in</strong></span> <span class='ocrx_word' id='word_1_588' title='bbox 2346 3121 2721 3175; x_wconf 84' lang='lat' dir='ltr'><strong>benedictione</strong></span> <span class='ocrx_word' id='word_1_589' title='bbox 2761 3122 2921 3179; x_wconf 86' lang='lat' dir='ltr'><strong>dabat</strong></span> <span class='ocrx_word' id='word_1_590' title='bbox 2972 3123 3118 3185; x_wconf 82' lang='lat' dir='ltr'><strong>Isaac</strong></span> <span class='ocrx_word' id='word_1_591' title='bbox 3166 3123 3276 3177; x_wconf 85' lang='lat' dir='ltr'><strong>ﬁlio</strong></span> <span class='ocrx_word' id='word_1_592' title='bbox 3317 3138 3415 3178; x_wconf 85' lang='lat' dir='ltr'><strong>suo</strong></span> <span class='ocrx_word' id='word_1_593' title='bbox 3455 3122 3625 3178; x_wconf 81' lang='lat' dir='ltr'><strong>Jaeob</strong></span> 
     </span>
    </p>
   </div>
   <div class='ocr_carea' id='block_1_76' title="bbox 2065 3210 3647 3287">
    <p class='ocr_par' dir='ltr' id='par_1_76' title="bbox 2065 3210 3647 3287">
     <span class='ocr_line' id='line_1_76' title="bbox 2065 3210 3647 3287; baseline 0.001 -23"><span class='ocrx_word' id='word_1_594' title='bbox 2065 3210 2226 3280; x_wconf 85' lang='lat' dir='ltr'><strong>quale</strong></span> <span class='ocrx_word' id='word_1_595' title='bbox 2251 3210 2451 3265; x_wconf 86' lang='lat' dir='ltr'><strong>habent</strong></span> <span class='ocrx_word' id='word_1_596' title='bbox 2477 3221 2530 3265; x_wconf 87' lang='lat' dir='ltr'><strong>et</strong></span> <span class='ocrx_word' id='word_1_597' title='bbox 2564 3220 2880 3281; x_wconf 86' lang='lat' dir='ltr'><strong>peccatores</strong></span> <span class='ocrx_word' id='word_1_598' title='bbox 2907 3213 3175 3277; x_wconf 83' lang='lat' dir='ltr'><strong>homines,</strong></span> <span class='ocrx_word' id='word_1_599' title='bbox 3210 3222 3263 3269; x_wconf 90' lang='lat' dir='ltr'><strong>ct</strong></span> <span class='ocrx_word' id='word_1_600' title='bbox 3290 3213 3431 3287; x_wconf 86' lang='lat' dir='ltr'><strong>quali</strong></span> <span class='ocrx_word' id='word_1_601' title='bbox 3473 3215 3647 3266; x_wconf 85' lang='lat' dir='ltr'><strong>almu-</strong></span> 
     </span>
    </p>
   </div>
   <div class='ocr_carea' id='block_1_77' title="bbox 2064 3302 3645 3372">
    <p class='ocr_par' dir='ltr' id='par_1_77' title="bbox 2064 3302 3645 3372">
     <span class='ocr_line' id='line_1_77' title="bbox 2064 3302 3645 3372; baseline -0.001 -14"><span class='ocrx_word' id='word_1_602' title='bbox 2064 3305 2227 3362; x_wconf 88' lang='lat' dir='ltr'><strong>dabat</strong></span> <span class='ocrx_word' id='word_1_603' title='bbox 2288 3303 2453 3357; x_wconf 86' lang='lat' dir='ltr'><strong>etiam</strong></span> <span class='ocrx_word' id='word_1_604' title='bbox 2502 3302 2699 3372; x_wconf 85' lang='lat' dir='ltr'><strong>impius</strong></span> <span class='ocrx_word' id='word_1_605' title='bbox 2759 3302 3007 3365; x_wconf 82' lang='lat' dir='ltr'><strong>Pharao?</strong></span> <span class='ocrx_word' id='word_1_606' title='bbox 3058 3303 3307 3360; x_wconf 74' lang='lat' dir='ltr'><strong>llaeccine</strong></span> <span class='ocrx_word' id='word_1_607' title='bbox 3346 3314 3465 3357; x_wconf 85' lang='lat' dir='ltr'><strong>erat</strong></span> <span class='ocrx_word' id='word_1_608' title='bbox 3513 3304 3645 3358; x_wconf 73' lang='lat' dir='ltr'><strong>tanti</strong></span> 
     </span>
    </p>
   </div>
   <div class='ocr_carea' id='block_1_78' title="bbox 2064 3393 3647 3465">
    <p class='ocr_par' dir='ltr' id='par_1_78' title="bbox 2064 3393 3647 3465">
     <span class='ocr_line' id='line_1_78' title="bbox 2064 3393 3647 3465; baseline 0.001 -17"><span class='ocrx_word' id='word_1_609' title='bbox 2064 3394 2387 3465; x_wconf 70' lang='lat' dir='ltr'><strong>patriarchae</strong></span> <span class='ocrx_word' id='word_1_610' title='bbox 2446 3393 2792 3451; x_wconf 82' lang='lat' dir='ltr'><strong>benedictio?</strong></span> <span class='ocrx_word' id='word_1_611' title='bbox 2841 3394 2930 3449; x_wconf 82' lang='lat' dir='ltr'><strong>Vis</strong></span> <span class='ocrx_word' id='word_1_612' title='bbox 2989 3396 3081 3458; x_wconf 79' lang='lat' dir='ltr'><strong>tibi</strong></span> <span class='ocrx_word' id='word_1_613' title='bbox 3130 3397 3309 3451; x_wconf 85' lang='lat' dir='ltr'><strong>adhuc</strong></span> <span class='ocrx_word' id='word_1_614' title='bbox 3363 3397 3647 3453; x_wconf 82' lang='lat' dir='ltr'><strong>ostendam</strong></span> 
     </span>
    </p>
   </div>
   <div class='ocr_carea' id='block_1_79' title="bbox 2064 3485 3649 3556">
    <p class='ocr_par' dir='ltr' id='par_1_79' title="bbox 2064 3485 3649 3556">
     <span class='ocr_line' id='line_1_79' title="bbox 2064 3485 3649 3556; baseline -0.001 -17"><span class='ocrx_word' id='word_1_615' title='bbox 2064 3486 2336 3556; x_wconf 81' lang='lat' dir='ltr'><strong>quomodo</strong></span> <span class='ocrx_word' id='word_1_616' title='bbox 2363 3498 2417 3541; x_wconf 86' lang='lat' dir='ltr'><strong>et</strong></span> <span class='ocrx_word' id='word_1_617' title='bbox 2458 3485 2549 3539; x_wconf 87' lang='lat' dir='ltr'><strong>alii</strong></span> <span class='ocrx_word' id='word_1_618' title='bbox 2584 3485 2759 3555; x_wconf 87' lang='lat' dir='ltr'><strong>iniqui</strong></span> <span class='ocrx_word' id='word_1_619' title='bbox 2810 3487 3040 3544; x_wconf 77' lang='lat' dir='ltr'><strong>habeant</strong></span> <span class='ocrx_word' id='word_1_620' title='bbox 3091 3489 3486 3543; x_wconf 87' lang='lat' dir='ltr'><strong>multitudinem</strong></span> <span class='ocrx_word' id='word_1_621' title='bbox 3537 3490 3649 3541; x_wconf 81' lang='lat' dir='ltr'><strong>frn-</strong></span> 
     </span>
    </p>
   </div>
   <div class='ocr_carea' id='block_1_80' title="bbox 2066 3566 3705 3655">
    <p class='ocr_par' dir='ltr' id='par_1_80' title="bbox 2066 3566 3705 3655">
     <span class='ocr_line' id='line_1_80' title="bbox 2066 3566 3705 3655; baseline 0.001 -20"><span class='ocrx_word' id='word_1_622' title='bbox 2066 3579 2271 3635; x_wconf 87' lang='lat' dir='ltr'><strong>menti?</strong></span> <span class='ocrx_word' id='word_1_623' title='bbox 2296 3578 2506 3633; x_wconf 86' lang='lat' dir='ltr'><strong>Intuere</strong></span> <span class='ocrx_word' id='word_1_624' title='bbox 2534 3578 2681 3639; x_wconf 86' lang='lat' dir='ltr'><strong>illum</strong></span> <span class='ocrx_word' id='word_1_625' title='bbox 2716 3580 2765 3634; x_wconf 89' lang='lat' dir='ltr'><strong>in</strong></span> <span class='ocrx_word' id='word_1_626' title='bbox 2790 3580 3099 3650; x_wconf 76' lang='lat' dir='ltr'><strong>Evangelio,</strong></span> <span class='ocrx_word' id='word_1_627' title='bbox 3121 3581 3275 3655; x_wconf 84' lang='lat' dir='ltr'><strong>cujus</strong></span> <span class='ocrx_word' id='word_1_628' title='bbox 3295 3596 3423 3651; x_wconf 76' lang='lat' dir='ltr'><strong>ager</strong></span> <span class='ocrx_word' id='word_1_629' title='bbox 3452 3584 3647 3636; x_wconf 89' lang='lat' dir='ltr'><strong>multos</strong></span> <span class='ocrx_word' id='word_1_630' title='bbox 3700 3566 3705 3581; x_wconf 71' lang='grc'><em>’</em></span> 
     </span>
    </p>
   </div>
   <div class='ocr_carea' id='block_1_81' title="bbox 2064 3670 3645 3742">
    <p class='ocr_par' dir='ltr' id='par_1_81' title="bbox 2064 3670 3645 3742">
     <span class='ocr_line' id='line_1_81' title="bbox 2064 3670 3645 3742; baseline -0.001 -15"><span class='ocrx_word' id='word_1_631' title='bbox 2064 3672 2243 3733; x_wconf 87' lang='lat' dir='ltr'><strong>attulit</strong></span> <span class='ocrx_word' id='word_1_632' title='bbox 2280 3672 2508 3738; x_wconf 80' lang='lat' dir='ltr'><strong>fructus,</strong></span> <span class='ocrx_word' id='word_1_633' title='bbox 2529 3673 2619 3742; x_wconf 85' lang='lat' dir='ltr'><strong>qui</strong></span> <span class='ocrx_word' id='word_1_634' title='bbox 2649 3672 2884 3726; x_wconf 69' lang='lat' dir='ltr'><strong>dixit“:</strong></span> <span class='ocrx_word' id='word_1_635' title='bbox 2916 3691 2934 3725; x_wconf 73' lang='grc' dir='ltr'>ι</span> <span class='ocrx_word' id='word_1_636' title='bbox 2965 3670 3248 3728; x_wconf 86' lang='lat' dir='ltr'><strong>Destruam</strong></span> <span class='ocrx_word' id='word_1_637' title='bbox 3284 3673 3478 3727; x_wconf 86' lang='lat' dir='ltr'><strong>horrea</strong></span> <span class='ocrx_word' id='word_1_638' title='bbox 3504 3687 3645 3737; x_wconf 87' lang='lat' dir='ltr'><strong>mea,</strong></span> 
     </span>
    </p>
   </div>
   <div class='ocr_carea' id='block_1_82' title="bbox 2063 3764 3649 3834">
    <p class='ocr_par' dir='ltr' id='par_1_82' title="bbox 2063 3764 3649 3834">
     <span class='ocr_line' id='line_1_82' title="bbox 2063 3764 3649 3834; baseline -0.004 -14"><span class='ocrx_word' id='word_1_639' title='bbox 2063 3773 2119 3820; x_wconf 89' lang='lat' dir='ltr'><strong>et</strong></span> <span class='ocrx_word' id='word_1_640' title='bbox 2150 3764 2352 3834; x_wconf 85' lang='lat' dir='ltr'><strong>majora</strong></span> <span class='ocrx_word' id='word_1_641' title='bbox 2395 3765 2754 3829; x_wconf 65' lang='lat' dir='ltr'><strong>recedilicabo,</strong></span> <span class='ocrx_word' id='word_1_642' title='bbox 2787 3773 2843 3819; x_wconf 87' lang='lat' dir='ltr'><strong>et</strong></span> <span class='ocrx_word' id='word_1_643' title='bbox 2871 3765 3048 3820; x_wconf 90' lang='lat' dir='ltr'><strong>dicam</strong></span> <span class='ocrx_word' id='word_1_644' title='bbox 3083 3764 3283 3820; x_wconf 72' lang='lat' dir='ltr'><strong>anitum</strong></span> <span class='ocrx_word' id='word_1_645' title='bbox 3315 3780 3486 3819; x_wconf 71' lang='lat' dir='ltr'><strong>mete:</strong></span> <span class='ocrx_word' id='word_1_646' title='bbox 3518 3765 3649 3817; x_wconf 82' lang='lat' dir='ltr'><strong>Atii-</strong></span> 
     </span>
    </p>
   </div>
   <div class='ocr_carea' id='block_1_83' title="bbox 2065 3857 3644 3926">
    <p class='ocr_par' dir='ltr' id='par_1_83' title="bbox 2065 3857 3644 3926">
     <span class='ocr_line' id='line_1_83' title="bbox 2065 3857 3644 3926; baseline -0.001 -15"><span class='ocrx_word' id='word_1_647' title='bbox 2065 3872 2175 3919; x_wconf 84' lang='lat' dir='ltr'><strong>tua,</strong></span> <span class='ocrx_word' id='word_1_648' title='bbox 2209 3857 2375 3912; x_wconf 89' lang='lat' dir='ltr'><strong>babes</strong></span> <span class='ocrx_word' id='word_1_649' title='bbox 2421 3857 2588 3921; x_wconf 82' lang='lat' dir='ltr'><strong>multa</strong></span> <span class='ocrx_word' id='word_1_650' title='bbox 2621 3858 2760 3919; x_wconf 88' lang='lat' dir='ltr'><strong>bona</strong></span> <span class='ocrx_word' id='word_1_651' title='bbox 2814 3857 3050 3926; x_wconf 89' lang='lat' dir='ltr'><strong>reposita</strong></span> <span class='ocrx_word' id='word_1_652' title='bbox 3093 3858 3145 3911; x_wconf 90' lang='lat' dir='ltr'><strong>in</strong></span> <span class='ocrx_word' id='word_1_653' title='bbox 3193 3873 3364 3915; x_wconf 86' lang='lat' dir='ltr'><strong>annos</strong></span> <span class='ocrx_word' id='word_1_654' title='bbox 3406 3857 3644 3918; x_wconf 83' lang='lat' dir='ltr'><strong>multos;</strong></span> 
     </span>
    </p>
   </div>
   <div class='ocr_carea' id='block_1_84' title="bbox 2064 3947 3648 4018">
    <p class='ocr_par' dir='ltr' id='par_1_84' title="bbox 2064 3947 3648 4018">
     <span class='ocr_line' id='line_1_84' title="bbox 2064 3947 3648 4018; baseline 0.001 -17"><span class='ocrx_word' id='word_1_655' title='bbox 2064 3951 2344 4017; x_wconf 87' lang='lat' dir='ltr'><strong>manduca,</strong></span> <span class='ocrx_word' id='word_1_656' title='bbox 2369 3948 2495 4004; x_wconf 81' lang='lat' dir='ltr'><strong>bibe</strong></span> <span class='ocrx_word' id='word_1_657' title='bbox 2514 3991 2529 4018; x_wconf 91' lang='lat'><strong>,</strong></span> <span class='ocrx_word' id='word_1_658' title='bbox 2554 3959 2607 4004; x_wconf 88' lang='lat' dir='ltr'><strong>et</strong></span> <span class='ocrx_word' id='word_1_659' title='bbox 2633 3950 2832 4005; x_wconf 75' lang='lat' dir='ltr'><strong>lauare.</strong></span> <span class='ocrx_word' id='word_1_660' title='bbox 2856 3967 2875 4001; x_wconf 70' lang='grc' dir='ltr'><em>υ</em></span> <span class='ocrx_word' id='word_1_661' title='bbox 2900 3947 3051 4003; x_wconf 85' lang='lat' dir='ltr'><strong>Talia</strong></span> <span class='ocrx_word' id='word_1_662' title='bbox 3082 3964 3209 4017; x_wconf 81' lang='lat' dir='ltr'><strong>ergo</strong></span> <span class='ocrx_word' id='word_1_663' title='bbox 3233 3948 3504 4003; x_wconf 90' lang='lat' dir='ltr'><strong>credimus</strong></span> <span class='ocrx_word' id='word_1_664' title='bbox 3527 3963 3648 4003; x_wconf 81' lang='lat' dir='ltr'><strong>esse</strong></span> 
     </span>
    </p>
   </div>
   <div class='ocr_carea' id='block_1_85' title="bbox 2064 4040 3648 4115">
    <p class='ocr_par' dir='ltr' id='par_1_85' title="bbox 2064 4040 3648 4115">
     <span class='ocr_line' id='line_1_85' title="bbox 2064 4040 3648 4115; baseline -0.003 -17"><span class='ocrx_word' id='word_1_665' title='bbox 2064 4042 2224 4106; x_wconf 84' lang='lat' dir='ltr'><strong>bona,</strong></span> <span class='ocrx_word' id='word_1_666' title='bbox 2252 4058 2373 4115; x_wconf 65' lang='lat' dir='ltr'><strong>quae</strong></span> <span class='ocrx_word' id='word_1_667' title='bbox 2397 4042 2594 4096; x_wconf 87' lang='lat' dir='ltr'><strong>divinis</strong></span> <span class='ocrx_word' id='word_1_668' title='bbox 2626 4042 3093 4107; x_wconf 85' lang='lat' dir='ltr'><strong>benedictionibus</strong></span> <span class='ocrx_word' id='word_1_669' title='bbox 3114 4040 3318 4095; x_wconf 77' lang='lat' dir='ltr'><strong>sant-tis</strong></span> <span class='ocrx_word' id='word_1_670' title='bbox 3344 4040 3648 4112; x_wconf 87' lang='lat' dir='ltr'><strong>quibusque</strong></span> 
     </span>
    </p>
   </div>
   <div class='ocr_carea' id='block_1_86' title="bbox 2062 4131 3645 4207">
    <p class='ocr_par' dir='ltr' id='par_1_86' title="bbox 2062 4131 3645 4207">
     <span class='ocr_line' id='line_1_86' title="bbox 2062 4131 3645 4207; baseline -0.002 -20"><span class='ocrx_word' id='word_1_671' title='bbox 2062 4142 2117 4191; x_wconf 86' lang='lat' dir='ltr'><strong>et</strong></span> <span class='ocrx_word' id='word_1_672' title='bbox 2142 4133 2389 4189; x_wconf 75' lang='lat' dir='ltr'><strong>fidelibus</strong></span> <span class='ocrx_word' id='word_1_673' title='bbox 2430 4132 2819 4192; x_wconf 88' lang='lat' dir='ltr'><strong>tradebantur?</strong></span> <span class='ocrx_word' id='word_1_674' title='bbox 2864 4131 3013 4187; x_wconf 80' lang='lat' dir='ltr'><strong>Alios</strong></span> <span class='ocrx_word' id='word_1_675' title='bbox 3063 4146 3191 4207; x_wconf 73' lang='lat' dir='ltr'><strong>ergo</strong></span> <span class='ocrx_word' id='word_1_676' title='bbox 3236 4141 3393 4185; x_wconf 66' lang='lat' dir='ltr'><strong>terrae</strong></span> <span class='ocrx_word' id='word_1_677' title='bbox 3437 4132 3645 4184; x_wconf 72' lang='lat' dir='ltr'><strong>[ructus</strong></span> 
     </span>
    </p>
   </div>
   <div class='ocr_carea' id='block_1_87' title="bbox 2062 4221 3645 4294">
    <p class='ocr_par' dir='ltr' id='par_1_87' title="bbox 2062 4221 3645 4294">
     <span class='ocr_line' id='line_1_87' title="bbox 2062 4221 3645 4294; baseline -0.002 -14"><span class='ocrx_word' id='word_1_678' title='bbox 2062 4225 2287 4294; x_wconf 81' lang='lat' dir='ltr'><strong>aSpicio,</strong></span> <span class='ocrx_word' id='word_1_679' title='bbox 2316 4237 2369 4281; x_wconf 86' lang='lat' dir='ltr'><strong>et</strong></span> <span class='ocrx_word' id='word_1_680' title='bbox 2395 4225 2552 4280; x_wconf 86' lang='lat' dir='ltr'><strong>aliter</strong></span> <span class='ocrx_word' id='word_1_681' title='bbox 2576 4225 2972 4285; x_wconf 83' lang='lat' dir='ltr'><strong>multitudinem</strong></span> <span class='ocrx_word' id='word_1_682' title='bbox 3000 4224 3299 4281; x_wconf 76' lang='lat' dir='ltr'><strong>uatmtatis</strong></span> <span class='ocrx_word' id='word_1_683' title='bbox 3322 4223 3557 4285; x_wconf 86' lang='lat' dir='ltr'><strong>intueor.</strong></span> <span class='ocrx_word' id='word_1_684' title='bbox 3589 4221 3645 4276; x_wconf 89' lang='lat' dir='ltr'><strong>Si</strong></span> 
     </span>
    </p>
   </div>
   <div class='ocr_carea' id='block_1_88' title="bbox 2061 4316 3646 4391">
    <p class='ocr_par' dir='ltr' id='par_1_88' title="bbox 2061 4316 3646 4391">
     <span class='ocr_line' id='line_1_88' title="bbox 2061 4316 3646 4391; baseline -0.003 -20"><span class='ocrx_word' id='word_1_685' title='bbox 2061 4318 2205 4371; x_wconf 90' lang='lat' dir='ltr'><strong>enim</strong></span> <span class='ocrx_word' id='word_1_686' title='bbox 2251 4328 2393 4370; x_wconf 88' lang='lat' dir='ltr'><strong>terra</strong></span> <span class='ocrx_word' id='word_1_687' title='bbox 2427 4333 2548 4372; x_wconf 89' lang='lat' dir='ltr'><strong>mea</strong></span> <span class='ocrx_word' id='word_1_688' title='bbox 2585 4317 2779 4373; x_wconf 69' lang='lat' dir='ltr'><strong>aderat</strong></span> <span class='ocrx_word' id='word_1_689' title='bbox 2806 4318 3067 4391; x_wconf 79' lang='lat' dir='ltr'><strong>fructum,</strong></span> <span class='ocrx_word' id='word_1_690' title='bbox 3093 4316 3137 4370; x_wconf 90' lang='lat' dir='ltr'><strong>si</strong></span> <span class='ocrx_word' id='word_1_691' title='bbox 3177 4316 3491 4371; x_wconf 83' lang='lat' dir='ltr'><strong>nativitates</strong></span> <span class='ocrx_word' id='word_1_692' title='bbox 3517 4331 3646 4369; x_wconf 83' lang='lat' dir='ltr'><strong>suas</strong></span> 
     </span>
    </p>
   </div>
   <div class='ocr_carea' id='block_1_89' title="bbox 2061 4406 3653 4477">
    <p class='ocr_par' dir='ltr' id='par_1_89' title="bbox 2061 4406 3653 4477">
     <span class='ocr_line' id='line_1_89' title="bbox 2061 4406 3653 4477; baseline 0.002 -16"><span class='ocrx_word' id='word_1_693' title='bbox 2061 4420 2125 4461; x_wconf 75' lang='lat' dir='ltr'><strong>ex</strong></span> <span class='ocrx_word' id='word_1_694' title='bbox 2162 4406 2371 4460; x_wconf 90' lang='lat' dir='ltr'><strong>Domini</strong></span> <span class='ocrx_word' id='word_1_695' title='bbox 2409 4407 2784 4467; x_wconf 86' lang='lat' dir='ltr'><strong>benedictione</strong></span> <span class='ocrx_word' id='word_1_696' title='bbox 2826 4407 3109 4474; x_wconf 74' lang='lat' dir='ltr'><strong>producat,</strong></span> <span class='ocrx_word' id='word_1_697' title='bbox 3148 4406 3411 4477; x_wconf 81' lang='lat' dir='ltr'><strong>intelliget</strong></span> <span class='ocrx_word' id='word_1_698' title='bbox 3453 4424 3653 4464; x_wconf 82' lang='lat' dir='ltr'><strong>sensus</strong></span> 
     </span>
    </p>
   </div>
   <div class='ocr_carea' id='block_1_90' title="bbox 362 4490 3647 4573">
    <p class='ocr_par' dir='ltr' id='par_1_90' title="bbox 362 4490 3647 4573">
     <span class='ocr_line' id='line_1_90' title="bbox 362 4490 3647 4573; baseline -0.001 -22"><span class='ocrx_word' id='word_1_699' title='bbox 362 4497 552 4566; x_wconf 66' lang='lat' dir='ltr'><strong>magis</strong></span> <span class='ocrx_word' id='word_1_700' title='bbox 586 4512 745 4566; x_wconf 80' lang='lat' dir='ltr'><strong>quam</strong></span> <span class='ocrx_word' id='word_1_701' title='bbox 795 4497 1051 4565; x_wconf 79' lang='lat' dir='ltr'><strong>prodesse</strong></span> <span class='ocrx_word' id='word_1_702' title='bbox 1092 4490 1390 4562; x_wconf 84' lang='lat' dir='ltr'><strong>videbitur;</strong></span> <span class='ocrx_word' id='word_1_703' title='bbox 1444 4496 1516 4550; x_wconf 89' lang='lat' dir='ltr'><strong>ita</strong></span> <span class='ocrx_word' id='word_1_704' title='bbox 1569 4509 1625 4551; x_wconf 90' lang='lat' dir='ltr'><strong>et</strong></span> <span class='ocrx_word' id='word_1_705' title='bbox 1678 4499 1713 4551; x_wconf 90' lang='lat' dir='ltr'><strong>ii</strong></span> <span class='ocrx_word' id='word_1_706' title='bbox 1765 4503 1959 4569; x_wconf 83' lang='lat' dir='ltr'><strong>quibus</strong></span> <span class='ocrx_word' id='word_1_707' title='bbox 1991 4492 2036 4553; x_wconf 82' lang='grc' dir='ltr'><strong>ο</strong></span> <span class='ocrx_word' id='word_1_708' title='bbox 2065 4510 2236 4560; x_wconf 88' lang='lat' dir='ltr'><strong>meus,</strong></span> <span class='ocrx_word' id='word_1_709' title='bbox 2266 4505 2320 4550; x_wconf 91' lang='lat' dir='ltr'><strong>et</strong></span> <span class='ocrx_word' id='word_1_710' title='bbox 2368 4496 2645 4564; x_wconf 81' lang='lat' dir='ltr'><strong>explicare</strong></span> <span class='ocrx_word' id='word_1_711' title='bbox 2690 4495 2885 4569; x_wconf 87' lang='lat' dir='ltr'><strong>poterit</strong></span> <span class='ocrx_word' id='word_1_712' title='bbox 2933 4510 3051 4562; x_wconf 72' lang='lat' dir='ltr'><strong>quae</strong></span> <span class='ocrx_word' id='word_1_713' title='bbox 3094 4496 3377 4573; x_wconf 80' lang='lat' dir='ltr'><strong>qualisque</strong></span> <span class='ocrx_word' id='word_1_714' title='bbox 3421 4498 3493 4551; x_wconf 91' lang='lat' dir='ltr'><strong>sit</strong></span> <span class='ocrx_word' id='word_1_715' title='bbox 3537 4499 3647 4552; x_wconf 82' lang='lat' dir='ltr'><strong>ista</strong></span> 
     </span>
    </p>
   </div>
   <div class='ocr_carea' id='block_1_91' title="bbox 361 4588 1958 4659">
    <p class='ocr_par' dir='ltr' id='par_1_91' title="bbox 361 4588 1958 4659">
     <span class='ocr_line' id='line_1_91' title="bbox 361 4588 1958 4659; baseline 0.008 -25"><span class='ocrx_word' id='word_1_716' title='bbox 361 4589 557 4659; x_wconf 68' lang='grc' dir='ltr'><strong>μιιινῑε.</strong></span> <span class='ocrx_word' id='word_1_717' title='bbox 611 4590 761 4645; x_wconf 70' lang='grc' dir='ltr'><strong>νιετὺί</strong></span> <span class='ocrx_word' id='word_1_718' title='bbox 813 4590 907 4645; x_wconf 85' lang='lat' dir='ltr'><strong>Dei</strong></span> <span class='ocrx_word' id='word_1_719' title='bbox 958 4588 1312 4648; x_wconf 68' lang='lat' dir='ltr'><strong>ministrantis</strong></span> <span class='ocrx_word' id='word_1_720' title='bbox 1361 4590 1737 4656; x_wconf 89' lang='lat' dir='ltr'><strong>couunittitur,</strong></span> <span class='ocrx_word' id='word_1_721' title='bbox 1773 4594 1958 4647; x_wconf 74' lang='lat' dir='ltr'><strong>obser-</strong></span> 
     </span>
    </p>
   </div>
   <div class='ocr_carea' id='block_1_92' title="bbox 361 4681 1956 4753">
    <p class='ocr_par' dir='ltr' id='par_1_92' title="bbox 361 4681 1956 4753">
     <span class='ocr_line' id='line_1_92' title="bbox 361 4681 1956 4753; baseline 0.004 -20"><span class='ocrx_word' id='word_1_722' title='bbox 361 4695 504 4736; x_wconf 83' lang='lat' dir='ltr'><strong>vare</strong></span> <span class='ocrx_word' id='word_1_723' title='bbox 530 4682 727 4736; x_wconf 84' lang='lat' dir='ltr'><strong>debent</strong></span> <span class='ocrx_word' id='word_1_724' title='bbox 754 4684 856 4737; x_wconf 89' lang='lat' dir='ltr'><strong>boc</strong></span> <span class='ocrx_word' id='word_1_725' title='bbox 884 4682 1028 4751; x_wconf 88' lang='lat' dir='ltr'><strong>quod</strong></span> <span class='ocrx_word' id='word_1_726' title='bbox 1058 4681 1190 4739; x_wconf 80' lang='lat' dir='ltr'><strong>dicit</strong></span> <span class='ocrx_word' id='word_1_727' title='bbox 1212 4682 1513 4749; x_wconf 81' lang='lat' dir='ltr'><strong>Scriptura.</strong></span> <span class='ocrx_word' id='word_1_728' title='bbox 1546 4692 1602 4741; x_wconf 88' lang='lat' dir='ltr'><strong>ut</strong></span> <span class='ocrx_word' id='word_1_729' title='bbox 1634 4683 1686 4739; x_wconf 89' lang='lat' dir='ltr'><strong>in</strong></span> <span class='ocrx_word' id='word_1_730' title='bbox 1717 4695 1956 4753; x_wconf 81' lang='lat' dir='ltr'><strong>tempore</strong></span> 
     </span>
    </p>
   </div>
   <div class='ocr_carea' id='block_1_93' title="bbox 365 4773 1952 4845">
    <p class='ocr_par' dir='ltr' id='par_1_93' title="bbox 365 4773 1952 4845">
     <span class='ocr_line' id='line_1_93' title="bbox 365 4773 1952 4845; baseline 0.003 -20"><span class='ocrx_word' id='word_1_731' title='bbox 365 4773 677 4842; x_wconf 77' lang='lat' dir='ltr'><strong>prmbeant,</strong></span> <span class='ocrx_word' id='word_1_732' title='bbox 706 4774 757 4829; x_wconf 88' lang='lat' dir='ltr'><strong>id</strong></span> <span class='ocrx_word' id='word_1_733' title='bbox 784 4784 888 4838; x_wconf 77' lang='lat' dir='ltr'><strong>est,</strong></span> <span class='ocrx_word' id='word_1_734' title='bbox 920 4789 986 4829; x_wconf 89' lang='lat' dir='ltr'><strong>ne</strong></span> <span class='ocrx_word' id='word_1_735' title='bbox 1013 4775 1292 4845; x_wconf 85' lang='lat' dir='ltr'><strong>crapulato</strong></span> <span class='ocrx_word' id='word_1_736' title='bbox 1324 4786 1378 4830; x_wconf 82' lang='lat' dir='ltr'><strong>et</strong></span> <span class='ocrx_word' id='word_1_737' title='bbox 1405 4775 1556 4835; x_wconf 85' lang='lat' dir='ltr'><strong>ebrio</strong></span> <span class='ocrx_word' id='word_1_738' title='bbox 1592 4777 1815 4835; x_wconf 84' lang='lat' dir='ltr'><strong>verbum</strong></span> <span class='ocrx_word' id='word_1_739' title='bbox 1862 4777 1952 4841; x_wconf 78' lang='lat' dir='ltr'><strong>Dei</strong></span> 
     </span>
    </p>
   </div>
   <div class='ocr_carea' id='block_1_94' title="bbox 366 4864 1954 4935">
    <p class='ocr_par' dir='ltr' id='par_1_94' title="bbox 366 4864 1954 4935">
     <span class='ocr_line' id='line_1_94' title="bbox 366 4864 1954 4935; baseline 0.003 -18"><span class='ocrx_word' id='word_1_740' title='bbox 366 4864 648 4935; x_wconf 67' lang='lat' dir='ltr'><strong>ingerunt,</strong></span> <span class='ocrx_word' id='word_1_741' title='bbox 678 4880 777 4919; x_wconf 85' lang='lat' dir='ltr'><strong>nec</strong></span> <span class='ocrx_word' id='word_1_742' title='bbox 808 4878 1072 4935; x_wconf 85' lang='lat' dir='ltr'><strong>occupato</strong></span> <span class='ocrx_word' id='word_1_743' title='bbox 1119 4867 1171 4926; x_wconf 88' lang='lat' dir='ltr'><strong>iu</strong></span> <span class='ocrx_word' id='word_1_744' title='bbox 1216 4865 1339 4927; x_wconf 82' lang='lat' dir='ltr'><strong>aliis</strong></span> <span class='ocrx_word' id='word_1_745' title='bbox 1371 4867 1575 4930; x_wconf 81' lang='lat' dir='ltr'><strong>animo,</strong></span> <span class='ocrx_word' id='word_1_746' title='bbox 1604 4882 1724 4920; x_wconf 89' lang='lat' dir='ltr'><strong>cum</strong></span> <span class='ocrx_word' id='word_1_747' title='bbox 1774 4877 1954 4923; x_wconf 86' lang='lat' dir='ltr'><strong>attcu-</strong></span> 
     </span>
    </p>
   </div>
   <div class='ocr_carea' id='block_1_95' title="bbox 367 4959 1956 5031">
    <p class='ocr_par' dir='ltr' id='par_1_95' title="bbox 367 4959 1956 5031">
     <span class='ocr_line' id='line_1_95' title="bbox 367 4959 1956 5031; baseline 0.003 -18"><span class='ocrx_word' id='word_1_748' title='bbox 367 4968 462 5014; x_wconf 86' lang='lat' dir='ltr'><strong>tus</strong></span> <span class='ocrx_word' id='word_1_749' title='bbox 488 4974 612 5013; x_wconf 85' lang='lat' dir='ltr'><strong>esse</strong></span> <span class='ocrx_word' id='word_1_750' title='bbox 637 4975 742 5014; x_wconf 89' lang='lat' dir='ltr'><strong>non</strong></span> <span class='ocrx_word' id='word_1_751' title='bbox 772 4969 949 5031; x_wconf 82' lang='lat' dir='ltr'><strong>potest</strong></span> <span class='ocrx_word' id='word_1_752' title='bbox 974 4975 987 5013; x_wconf 93' lang='lat'><strong>:</strong></span> <span class='ocrx_word' id='word_1_753' title='bbox 1016 4960 1095 5016; x_wconf 85' lang='lat' dir='ltr'><strong>vel</strong></span> <span class='ocrx_word' id='word_1_754' title='bbox 1125 4976 1247 5017; x_wconf 87' lang='lat' dir='ltr'><strong>cum</strong></span> <span class='ocrx_word' id='word_1_755' title='bbox 1294 4959 1523 5029; x_wconf 80' lang='lat' dir='ltr'><strong>alicujus</strong></span> <span class='ocrx_word' id='word_1_756' title='bbox 1556 4961 1669 5021; x_wconf 83' lang='lat' dir='ltr'><strong>vitii</strong></span> <span class='ocrx_word' id='word_1_757' title='bbox 1701 4964 1956 5031; x_wconf 73' lang='lat' dir='ltr'><strong>languore</strong></span> 
     </span>
    </p>
   </div>
   <div class='ocr_carea' id='block_1_96' title="bbox 366 5051 1957 5122">
    <p class='ocr_par' dir='ltr' id='par_1_96' title="bbox 366 5051 1957 5122">
     <span class='ocr_line' id='line_1_96' title="bbox 366 5051 1957 5122; baseline 0.003 -17"><span class='ocrx_word' id='word_1_758' title='bbox 366 5051 703 5106; x_wconf 68' lang='lat' dir='ltr'><strong>cotistrictus</strong></span> <span class='ocrx_word' id='word_1_759' title='bbox 741 5060 844 5116; x_wconf 85' lang='lat' dir='ltr'><strong>est,</strong></span> <span class='ocrx_word' id='word_1_760' title='bbox 876 5061 930 5108; x_wconf 84' lang='lat' dir='ltr'><strong>et</strong></span> <span class='ocrx_word' id='word_1_761' title='bbox 962 5067 1067 5107; x_wconf 80' lang='lat' dir='ltr'><strong>non</strong></span> <span class='ocrx_word' id='word_1_762' title='bbox 1105 5052 1334 5119; x_wconf 87' lang='lat' dir='ltr'><strong>doctori,</strong></span> <span class='ocrx_word' id='word_1_763' title='bbox 1359 5054 1454 5109; x_wconf 86' lang='lat' dir='ltr'><strong>sed</strong></span> <span class='ocrx_word' id='word_1_764' title='bbox 1504 5055 1693 5107; x_wconf 88' lang='lat' dir='ltr'><strong>morbo</strong></span> <span class='ocrx_word' id='word_1_765' title='bbox 1735 5055 1957 5122; x_wconf 86' lang='lat' dir='ltr'><strong>proprio</strong></span> 
     </span>
    </p>
   </div>
   <div class='ocr_carea' id='block_1_97' title="bbox 367 5143 1950 5215">
    <p class='ocr_par' dir='ltr' id='par_1_97' title="bbox 367 5143 1950 5215">
     <span class='ocr_line' id='line_1_97' title="bbox 367 5143 1950 5215; baseline 0.002 -16"><span class='ocrx_word' id='word_1_766' title='bbox 367 5144 599 5199; x_wconf 81' lang='lat' dir='ltr'><strong>interior</strong></span> <span class='ocrx_word' id='word_1_767' title='bbox 624 5154 911 5213; x_wconf 76' lang='lat' dir='ltr'><strong>priestatur</strong></span> <span class='ocrx_word' id='word_1_768' title='bbox 932 5145 1167 5201; x_wconf 80' lang='lat' dir='ltr'><strong>auditus.</strong></span> <span class='ocrx_word' id='word_1_769' title='bbox 1200 5143 1502 5201; x_wconf 67' lang='lat' dir='ltr'><strong>Prudenter</strong></span> <span class='ocrx_word' id='word_1_770' title='bbox 1523 5160 1652 5215; x_wconf 78' lang='lat' dir='ltr'><strong>ergo</strong></span> <span class='ocrx_word' id='word_1_771' title='bbox 1676 5147 1950 5215; x_wconf 83' lang='lat' dir='ltr'><strong>conjiciat,</strong></span> 
     </span>
    </p>
   </div>
   <div class='ocr_carea' id='block_1_98' title="bbox 365 5237 1954 5311">
    <p class='ocr_par' dir='ltr' id='par_1_98' title="bbox 365 5237 1954 5311">
     <span class='ocr_line' id='line_1_98' title="bbox 365 5237 1954 5311; baseline 0.003 -22"><span class='ocrx_word' id='word_1_772' title='bbox 365 5237 462 5290; x_wconf 85' lang='lat' dir='ltr'><strong>ubi</strong></span> <span class='ocrx_word' id='word_1_773' title='bbox 496 5246 674 5304; x_wconf 79' lang='lat' dir='ltr'><strong>potest</strong></span> <span class='ocrx_word' id='word_1_774' title='bbox 718 5252 912 5292; x_wconf 80' lang='lat' dir='ltr'><strong>vacare</strong></span> <span class='ocrx_word' id='word_1_775' title='bbox 962 5253 1135 5306; x_wconf 85' lang='lat' dir='ltr'><strong>mens,</strong></span> <span class='ocrx_word' id='word_1_776' title='bbox 1183 5237 1269 5291; x_wconf 91' lang='lat' dir='ltr'><strong>ubi</strong></span> <span class='ocrx_word' id='word_1_777' title='bbox 1313 5238 1545 5304; x_wconf 82' lang='lat' dir='ltr'><strong>sobrius,</strong></span> <span class='ocrx_word' id='word_1_778' title='bbox 1576 5238 1665 5294; x_wconf 90' lang='lat' dir='ltr'><strong>ubi</strong></span> <span class='ocrx_word' id='word_1_779' title='bbox 1703 5240 1954 5311; x_wconf 73' lang='lat' dir='ltr'><strong>vigilans,</strong></span> 
     </span>
    </p>
   </div>
   <div class='ocr_carea' id='block_1_99' title="bbox 366 5328 1957 5402">
    <p class='ocr_par' dir='ltr' id='par_1_99' title="bbox 366 5328 1957 5402">
     <span class='ocr_line' id='line_1_99' title="bbox 366 5328 1957 5402; baseline 0.006 -22"><span class='ocrx_word' id='word_1_780' title='bbox 366 5328 462 5382; x_wconf 85' lang='lat' dir='ltr'><strong>ubi</strong></span> <span class='ocrx_word' id='word_1_781' title='bbox 513 5329 751 5382; x_wconf 84' lang='lat' dir='ltr'><strong>intentus</strong></span> <span class='ocrx_word' id='word_1_782' title='bbox 798 5329 1012 5385; x_wconf 86' lang='lat' dir='ltr'><strong>auditor</strong></span> <span class='ocrx_word' id='word_1_783' title='bbox 1049 5339 1151 5392; x_wconf 84' lang='lat' dir='ltr'><strong>est,</strong></span> <span class='ocrx_word' id='word_1_784' title='bbox 1189 5343 1243 5385; x_wconf 87' lang='lat' dir='ltr'><strong>et</strong></span> <span class='ocrx_word' id='word_1_785' title='bbox 1291 5330 1360 5387; x_wconf 85' lang='lat' dir='ltr'><strong>ibi</strong></span> <span class='ocrx_word' id='word_1_786' title='bbox 1406 5331 1640 5402; x_wconf 86' lang='lat' dir='ltr'><strong>pluviam</strong></span> <span class='ocrx_word' id='word_1_787' title='bbox 1684 5334 1957 5395; x_wconf 84' lang='lat' dir='ltr'><strong>ministret</strong></span> 
     </span>
    </p>
   </div>
   <div class='ocr_carea' id='block_1_100' title="bbox 460 5467 1896 5543">
    <p class='ocr_par' dir='ltr' id='par_1_100' title="bbox 460 5467 1896 5543">
     <span class='ocr_line' id='line_1_100' title="bbox 460 5467 1896 5543; baseline 0.01 -24"><span class='ocrx_word' id='word_1_788' title='bbox 460 5467 511 5543; x_wconf 55' lang='lat'><strong>1&quot;</strong></span> <span class='ocrx_word' id='word_1_789' title='bbox 541 5468 641 5522; x_wconf 88' lang='lat' dir='ltr'><strong>lsa.</strong></span> <span class='ocrx_word' id='word_1_790' title='bbox 678 5484 717 5531; x_wconf 81' lang='grc' dir='ltr'><strong>ι,</strong></span> <span class='ocrx_word' id='word_1_791' title='bbox 749 5470 823 5543; x_wconf 37' lang='lat'><strong>2.‘</strong></span> <span class='ocrx_word' id='word_1_792' title='bbox 853 5470 925 5543; x_wconf 13' lang='grc' dir='ltr'><strong>γ⁷⁸</strong></span> <span class='ocrx_word' id='word_1_793' title='bbox 951 5468 1112 5543; x_wconf 76' lang='lat' dir='ltr'><strong>llebr.</strong></span> <span class='ocrx_word' id='word_1_794' title='bbox 1140 5485 1211 5535; x_wconf 68' lang='grc' dir='ltr'><strong>γι,</strong></span> <span class='ocrx_word' id='word_1_795' title='bbox 1250 5471 1301 5527; x_wconf 86' lang='grc'><strong>7.</strong></span> <span class='ocrx_word' id='word_1_796' title='bbox 1376 5473 1445 5543; x_wconf 26' lang='grc' dir='ltr'><strong>Α⁷⁶</strong></span> <span class='ocrx_word' id='word_1_797' title='bbox 1475 5473 1645 5531; x_wconf 85' lang='lat' dir='ltr'><strong>Levit.</strong></span> <span class='ocrx_word' id='word_1_798' title='bbox 1671 5492 1819 5543; x_wconf 75' lang='lat' dir='ltr'><strong>xxvi,</strong></span> <span class='ocrx_word' id='word_1_799' title='bbox 1846 5479 1896 5533; x_wconf 70' lang='lat' dir='ltr'><strong>l.</strong></span> 
     </span>
    </p>
   </div>
   <div class='ocr_carea' id='block_1_101' title="bbox 366 5535 1901 5605">
    <p class='ocr_par' dir='ltr' id='par_1_101' title="bbox 366 5535 1901 5605">
     <span class='ocr_line' id='line_1_101' title="bbox 366 5535 1901 5605; baseline 0.008 -13"><span class='ocrx_word' id='word_1_800' title='bbox 366 5535 416 5568; x_wconf 77' lang='grc' dir='ltr'><strong>⁸ο</strong></span> <span class='ocrx_word' id='word_1_801' title='bbox 446 5536 586 5593; x_wconf 87' lang='lat' dir='ltr'><strong>Gen.</strong></span> <span class='ocrx_word' id='word_1_802' title='bbox 636 5554 766 5603; x_wconf 78' lang='lat' dir='ltr'><strong>xvn,</strong></span> <span class='ocrx_word' id='word_1_803' title='bbox 794 5539 887 5596; x_wconf 73' lang='grc'><strong>28.</strong></span> <span class='ocrx_word' id='word_1_804' title='bbox 960 5539 1002 5571; x_wconf 82' lang='grc'><strong>⁸¹</strong></span> <span class='ocrx_word' id='word_1_805' title='bbox 1037 5540 1169 5595; x_wconf 87' lang='lat' dir='ltr'><strong>Luc.</strong></span> <span class='ocrx_word' id='word_1_806' title='bbox 1203 5558 1300 5605; x_wconf 67' lang='lat' dir='ltr'><strong>an,</strong></span> <span class='ocrx_word' id='word_1_807' title='bbox 1332 5541 1420 5596; x_wconf 81' lang='grc'><strong>18.</strong></span> <span class='ocrx_word' id='word_1_808' title='bbox 1493 5546 1538 5574; x_wconf 81' lang='grc'><strong>⁸³</strong></span> <span class='ocrx_word' id='word_1_809' title='bbox 1564 5546 1753 5601; x_wconf 82' lang='lat' dir='ltr'><strong>Matth.</strong></span> <span class='ocrx_word' id='word_1_810' title='bbox 1781 5535 1901 5604; x_wconf 56' lang='lat' dir='ltr'><strong>itu.</strong></span> 
     </span>
    </p>
   </div>
   <div class='ocr_carea' id='block_1_102' title="bbox 444 5649 1532 5723">
    <p class='ocr_par' dir='ltr' id='par_1_102' title="bbox 444 5649 1532 5723">
     <span class='ocr_line' id='line_1_102' title="bbox 444 5649 1532 5723; baseline 0.004 -19"><span class='ocrx_word' id='word_1_811' title='bbox 444 5649 561 5723; x_wconf 57' lang='lat' dir='ltr'><strong>(at)</strong></span> <span class='ocrx_word' id='word_1_812' title='bbox 587 5651 765 5723; x_wconf 64' lang='lat' dir='ltr'><strong>{Index</strong></span> <span class='ocrx_word' id='word_1_813' title='bbox 796 5650 1107 5722; x_wconf 77' lang='lat' dir='ltr'><strong>Sangerm.,</strong></span> <span class='ocrx_word' id='word_1_814' title='bbox 1146 5672 1164 5703; x_wconf 75' lang='grc' dir='ltr'>ί</span> <span class='ocrx_word' id='word_1_815' title='bbox 1199 5669 1484 5723; x_wconf 77' lang='lat' dir='ltr'><strong>generous.</strong></span> <span class='ocrx_word' id='word_1_816' title='bbox 1514 5676 1532 5707; x_wconf 75' lang='grc' dir='ltr'><strong><em>ι</em></strong></span> 
     </span>
    </p>
   </div>
   <div class='ocr_carea' id='block_1_103' title="bbox 447 5719 1951 5788">
    <p class='ocr_par' dir='ltr' id='par_1_103' title="bbox 447 5719 1951 5788">
     <span class='ocr_line' id='line_1_103' title="bbox 447 5719 1951 5788; baseline 0.011 -17"><span class='ocrx_word' id='word_1_817' title='bbox 447 5720 560 5788; x_wconf 70' lang='lat'><strong>(35)</strong></span> <span class='ocrx_word' id='word_1_818' title='bbox 593 5719 748 5773; x_wconf 80' lang='lat' dir='ltr'><strong>Lilib.</strong></span> <span class='ocrx_word' id='word_1_819' title='bbox 800 5719 948 5781; x_wconf 76' lang='lat' dir='ltr'><strong>editi,</strong></span> <span class='ocrx_word' id='word_1_820' title='bbox 989 5741 1007 5773; x_wconf 77' lang='grc' dir='ltr'>ι</span> <span class='ocrx_word' id='word_1_821' title='bbox 1040 5734 1095 5775; x_wconf 86' lang='lat' dir='ltr'><strong>et</strong></span> <span class='ocrx_word' id='word_1_822' title='bbox 1130 5719 1523 5779; x_wconf 63' lang='lat' dir='ltr'><strong>IlﬂDCtlltflltllllS</strong></span> <span class='ocrx_word' id='word_1_823' title='bbox 1569 5729 1746 5781; x_wconf 81' lang='lat' dir='ltr'><strong>tinem.</strong></span> <span class='ocrx_word' id='word_1_824' title='bbox 1789 5749 1805 5779; x_wconf 71' lang='grc' dir='ltr'><strong>ρ</strong></span> <span class='ocrx_word' id='word_1_825' title='bbox 1843 5732 1951 5786; x_wconf 81' lang='lat' dir='ltr'><strong>Co-</strong></span> 
     </span>
    </p>
   </div>
   <div class='ocr_carea' id='block_1_104' title="bbox 378 5791 1951 5869">
    <p class='ocr_par' dir='ltr' id='par_1_104' title="bbox 378 5791 1951 5869">
     <span class='ocr_line' id='line_1_104' title="bbox 378 5791 1951 5869; baseline 0.007 -26"><span class='ocrx_word' id='word_1_826' title='bbox 378 5791 479 5844; x_wconf 73' lang='lat' dir='ltr'><strong>dex</strong></span> <span class='ocrx_word' id='word_1_827' title='bbox 535 5793 842 5859; x_wconf 68' lang='lat' dir='ltr'><strong>Satigcrnn,</strong></span> <span class='ocrx_word' id='word_1_828' title='bbox 878 5810 897 5844; x_wconf 72' lang='grc' dir='ltr'>ι</span> <span class='ocrx_word' id='word_1_829' title='bbox 933 5806 987 5847; x_wconf 90' lang='lat' dir='ltr'><strong>et</strong></span> <span class='ocrx_word' id='word_1_830' title='bbox 1032 5810 1129 5863; x_wconf 85' lang='lat' dir='ltr'><strong>pro</strong></span> <span class='ocrx_word' id='word_1_831' title='bbox 1177 5795 1529 5851; x_wconf 77' lang='lat' dir='ltr'><strong>beatitudinis</strong></span> <span class='ocrx_word' id='word_1_832' title='bbox 1585 5801 1707 5853; x_wconf 87' lang='lat' dir='ltr'><strong>line.</strong></span> <span class='ocrx_word' id='word_1_833' title='bbox 1761 5819 1778 5852; x_wconf 71' lang='grc' dir='ltr'><strong><em>ι</em></strong></span> <span class='ocrx_word' id='word_1_834' title='bbox 1824 5802 1951 5869; x_wconf 81' lang='lat' dir='ltr'><strong>Alii,</strong></span> 
     </span>
    </p>
   </div>
   <div class='ocr_carea' id='block_1_105' title="bbox 1973 5473 2455 5538">
    <p class='ocr_par' dir='ltr' id='par_1_105' title="bbox 1973 5473 2455 5538">
     <span class='ocr_line' id='line_1_105' title="bbox 1973 5473 2455 5538; baseline -0.017 -6"><span class='ocrx_word' id='word_1_835' title='bbox 1973 5480 2019 5514; x_wconf 71' lang='grc' dir='ltr'><strong>τ’</strong></span> <span class='ocrx_word' id='word_1_836' title='bbox 2052 5479 2093 5533; x_wconf 88' lang='lat' dir='ltr'><strong>ll</strong></span> <span class='ocrx_word' id='word_1_837' title='bbox 2125 5478 2250 5532; x_wconf 79' lang='lat' dir='ltr'><strong>Cor.</strong></span> <span class='ocrx_word' id='word_1_838' title='bbox 2282 5489 2336 5527; x_wconf 81' lang='lat' dir='ltr'><strong>tu</strong></span> <span class='ocrx_word' id='word_1_839' title='bbox 2359 5514 2374 5538; x_wconf 91' lang='lat'><strong>,</strong></span> <span class='ocrx_word' id='word_1_840' title='bbox 2400 5473 2455 5525; x_wconf 74' lang='lat'><strong>‘2.</strong></span> 
     </span>
    </p>
   </div>
   <div class='ocr_carea' id='block_1_106' title="bbox 2065 4585 3643 4661">
    <p class='ocr_par' dir='ltr' id='par_1_106' title="bbox 2065 4585 3643 4661">
     <span class='ocr_line' id='line_1_106' title="bbox 2065 4585 3643 4661; baseline 0.002 -20"><span class='ocrx_word' id='word_1_841' title='bbox 2065 4596 2231 4653; x_wconf 87' lang='lat' dir='ltr'><strong>terra,</strong></span> <span class='ocrx_word' id='word_1_842' title='bbox 2258 4602 2377 4656; x_wconf 63' lang='lat' dir='ltr'><strong>quae</strong></span> <span class='ocrx_word' id='word_1_843' title='bbox 2410 4597 2630 4655; x_wconf 87' lang='lat' dir='ltr'><strong>accepta</strong></span> <span class='ocrx_word' id='word_1_844' title='bbox 2665 4585 2872 4640; x_wconf 75' lang='lat' dir='ltr'><strong>etelcsti</strong></span> <span class='ocrx_word' id='word_1_845' title='bbox 2902 4587 3078 4659; x_wconf 85' lang='lat' dir='ltr'><strong>pluvia</strong></span> <span class='ocrx_word' id='word_1_846' title='bbox 3121 4589 3431 4651; x_wconf 87' lang='lat' dir='ltr'><strong>nativitates</strong></span> <span class='ocrx_word' id='word_1_847' title='bbox 3468 4590 3643 4661; x_wconf 56' lang='lat' dir='ltr'><strong>prole.</strong></span> 
     </span>
    </p>
   </div>
   <div class='ocr_carea' id='block_1_107' title="bbox 2063 4676 3644 4753">
    <p class='ocr_par' dir='ltr' id='par_1_107' title="bbox 2063 4676 3644 4753">
     <span class='ocr_line' id='line_1_107' title="bbox 2063 4676 3644 4753; baseline 0.001 -20"><span class='ocrx_word' id='word_1_848' title='bbox 2063 4689 2149 4741; x_wconf 84' lang='lat' dir='ltr'><strong>rat</strong></span> <span class='ocrx_word' id='word_1_849' title='bbox 2181 4678 2583 4735; x_wconf 84' lang='lat' dir='ltr'><strong>rationabilium</strong></span> <span class='ocrx_word' id='word_1_850' title='bbox 2615 4679 2851 4753; x_wconf 67' lang='lat' dir='ltr'><strong>frugum.</strong></span> <span class='ocrx_word' id='word_1_851' title='bbox 2883 4676 3271 4737; x_wconf 74' lang='lat' dir='ltr'><strong>Testimonium</strong></span> <span class='ocrx_word' id='word_1_852' title='bbox 3306 4681 3372 4736; x_wconf 89' lang='lat' dir='ltr'><strong>de</strong></span> <span class='ocrx_word' id='word_1_853' title='bbox 3408 4681 3644 4751; x_wconf 75' lang='lat' dir='ltr'><strong>Evange-</strong></span> 
     </span>
    </p>
   </div>
   <div class='ocr_carea' id='block_1_108' title="bbox 2063 4772 3642 4842">
    <p class='ocr_par' dir='ltr' id='par_1_108' title="bbox 2063 4772 3642 4842">
     <span class='ocr_line' id='line_1_108' title="bbox 2063 4772 3642 4842; baseline 0.001 -17"><span class='ocrx_word' id='word_1_854' title='bbox 2063 4772 2149 4826; x_wconf 90' lang='lat' dir='ltr'><strong>liis</strong></span> <span class='ocrx_word' id='word_1_855' title='bbox 2175 4772 2417 4835; x_wconf 75' lang='lat' dir='ltr'><strong>sume“,</strong></span> <span class='ocrx_word' id='word_1_856' title='bbox 2447 4772 2715 4839; x_wconf 81' lang='lat' dir='ltr'><strong>quomolo</strong></span> <span class='ocrx_word' id='word_1_857' title='bbox 2754 4772 2881 4824; x_wconf 78' lang='lat' dir='ltr'><strong>exiit</strong></span> <span class='ocrx_word' id='word_1_858' title='bbox 2925 4774 3015 4842; x_wconf 87' lang='lat' dir='ltr'><strong>qui</strong></span> <span class='ocrx_word' id='word_1_859' title='bbox 3069 4776 3310 4827; x_wconf 83' lang='lat' dir='ltr'><strong>seminat</strong></span> <span class='ocrx_word' id='word_1_860' title='bbox 3346 4774 3642 4841; x_wconf 83' lang='lat' dir='ltr'><strong>seminare,</strong></span> 
     </span>
    </p>
   </div>
   <div class='ocr_carea' id='block_1_109' title="bbox 2062 4863 3642 4933">
    <p class='ocr_par' dir='ltr' id='par_1_109' title="bbox 2062 4863 3642 4933">
     <span class='ocr_line' id='line_1_109' title="bbox 2062 4863 3642 4933; baseline 0.001 -14"><span class='ocrx_word' id='word_1_861' title='bbox 2062 4874 2119 4925; x_wconf 85' lang='lat' dir='ltr'><strong>et</strong></span> <span class='ocrx_word' id='word_1_862' title='bbox 2162 4863 2307 4920; x_wconf 87' lang='lat' dir='ltr'><strong>aliud</strong></span> <span class='ocrx_word' id='word_1_863' title='bbox 2342 4864 2561 4933; x_wconf 81' lang='lat' dir='ltr'><strong>quidem</strong></span> <span class='ocrx_word' id='word_1_864' title='bbox 2609 4866 2806 4919; x_wconf 83' lang='lat' dir='ltr'><strong>cecidit</strong></span> <span class='ocrx_word' id='word_1_865' title='bbox 2852 4880 3009 4928; x_wconf 78' lang='lat' dir='ltr'><strong>secus</strong></span> <span class='ocrx_word' id='word_1_866' title='bbox 3059 4866 3227 4931; x_wconf 80' lang='lat' dir='ltr'><strong>viani,</strong></span> <span class='ocrx_word' id='word_1_867' title='bbox 3269 4866 3417 4927; x_wconf 84' lang='lat' dir='ltr'><strong>aliud</strong></span> <span class='ocrx_word' id='word_1_868' title='bbox 3462 4876 3642 4921; x_wconf 84' lang='lat' dir='ltr'><strong>autem</strong></span> 
     </span>
    </p>
   </div>
   <div class='ocr_carea' id='block_1_110' title="bbox 2062 4957 3639 5027">
    <p class='ocr_par' dir='ltr' id='par_1_110' title="bbox 2062 4957 3639 5027">
     <span class='ocr_line' id='line_1_110' title="bbox 2062 4957 3639 5027; baseline 0.001 -17"><span class='ocrx_word' id='word_1_869' title='bbox 2062 4970 2226 5025; x_wconf 80' lang='lat' dir='ltr'><strong>super</strong></span> <span class='ocrx_word' id='word_1_870' title='bbox 2258 4966 2488 5027; x_wconf 85' lang='lat' dir='ltr'><strong>petram,</strong></span> <span class='ocrx_word' id='word_1_871' title='bbox 2520 4957 2665 5010; x_wconf 89' lang='lat' dir='ltr'><strong>aliud</strong></span> <span class='ocrx_word' id='word_1_872' title='bbox 2710 4972 2873 5025; x_wconf 85' lang='lat' dir='ltr'><strong>super</strong></span> <span class='ocrx_word' id='word_1_873' title='bbox 2910 4957 3114 5026; x_wconf 87' lang='lat' dir='ltr'><strong>spinas,</strong></span> <span class='ocrx_word' id='word_1_874' title='bbox 3153 4957 3297 5013; x_wconf 83' lang='lat' dir='ltr'><strong>aliud</strong></span> <span class='ocrx_word' id='word_1_875' title='bbox 3336 4969 3516 5015; x_wconf 88' lang='lat' dir='ltr'><strong>autem</strong></span> <span class='ocrx_word' id='word_1_876' title='bbox 3553 4978 3639 5013; x_wconf 80' lang='lat' dir='ltr'><strong>su-</strong></span> 
     </span>
    </p>
   </div>
   <div class='ocr_carea' id='block_1_111' title="bbox 2062 5047 3645 5124">
    <p class='ocr_par' dir='ltr' id='par_1_111' title="bbox 2062 5047 3645 5124">
     <span class='ocr_line' id='line_1_111' title="bbox 2062 5047 3645 5124; baseline 0.004 -23"><span class='ocrx_word' id='word_1_877' title='bbox 2062 5060 2158 5115; x_wconf 86' lang='lat' dir='ltr'><strong>per</strong></span> <span class='ocrx_word' id='word_1_878' title='bbox 2191 5057 2390 5101; x_wconf 86' lang='lat' dir='ltr'><strong>tcrratn</strong></span> <span class='ocrx_word' id='word_1_879' title='bbox 2419 5047 2634 5101; x_wconf 85' lang='lat' dir='ltr'><strong>bonam.</strong></span> <span class='ocrx_word' id='word_1_880' title='bbox 2668 5047 2723 5099; x_wconf 90' lang='lat' dir='ltr'><strong>Si</strong></span> <span class='ocrx_word' id='word_1_881' title='bbox 2752 5062 2879 5116; x_wconf 69' lang='lat' dir='ltr'><strong>ergo</strong></span> <span class='ocrx_word' id='word_1_882' title='bbox 2910 5065 2972 5102; x_wconf 86' lang='lat' dir='ltr'><strong>ea</strong></span> <span class='ocrx_word' id='word_1_883' title='bbox 3004 5065 3128 5119; x_wconf 66' lang='lat' dir='ltr'><strong>quae</strong></span> <span class='ocrx_word' id='word_1_884' title='bbox 3158 5050 3454 5107; x_wconf 83' lang='lat' dir='ltr'><strong>ceciderint</strong></span> <span class='ocrx_word' id='word_1_885' title='bbox 3483 5068 3645 5124; x_wconf 89' lang='lat' dir='ltr'><strong>super</strong></span> 
     </span>
    </p>
   </div>
   <div class='ocr_carea' id='block_1_112' title="bbox 2066 5138 3643 5209">
    <p class='ocr_par' dir='ltr' id='par_1_112' title="bbox 2066 5138 3643 5209">
     <span class='ocr_line' id='line_1_112' title="bbox 2066 5138 3643 5209; baseline 0.003 -16"><span class='ocrx_word' id='word_1_886' title='bbox 2066 5149 2264 5194; x_wconf 86' lang='lat' dir='ltr'><strong>terram</strong></span> <span class='ocrx_word' id='word_1_887' title='bbox 2304 5138 2502 5199; x_wconf 87' lang='lat' dir='ltr'><strong>bonam</strong></span> <span class='ocrx_word' id='word_1_888' title='bbox 2535 5139 2812 5202; x_wconf 75' lang='lat' dir='ltr'><strong>attulerint</strong></span> <span class='ocrx_word' id='word_1_889' title='bbox 2860 5140 3116 5209; x_wconf 73' lang='lat' dir='ltr'><strong>fructum,</strong></span> <span class='ocrx_word' id='word_1_890' title='bbox 3144 5142 3290 5197; x_wconf 88' lang='lat' dir='ltr'><strong>dedit</strong></span> <span class='ocrx_word' id='word_1_891' title='bbox 3342 5153 3484 5199; x_wconf 87' lang='lat' dir='ltr'><strong>terra</strong></span> <span class='ocrx_word' id='word_1_892' title='bbox 3527 5148 3643 5198; x_wconf 83' lang='lat' dir='ltr'><strong>tru-</strong></span> 
     </span>
    </p>
   </div>
   <div class='ocr_carea' id='block_1_113' title="bbox 2064 5234 3640 5307">
    <p class='ocr_par' dir='ltr' id='par_1_113' title="bbox 2064 5234 3640 5307">
     <span class='ocr_line' id='line_1_113' title="bbox 2064 5234 3640 5307; baseline 0.003 -18"><span class='ocrx_word' id='word_1_893' title='bbox 2064 5244 2208 5291; x_wconf 81' lang='lat' dir='ltr'><strong>ctuut</strong></span> <span class='ocrx_word' id='word_1_894' title='bbox 2258 5250 2440 5298; x_wconf 78' lang='lat' dir='ltr'><strong>suum,</strong></span> <span class='ocrx_word' id='word_1_895' title='bbox 2471 5242 2527 5287; x_wconf 89' lang='lat' dir='ltr'><strong>et</strong></span> <span class='ocrx_word' id='word_1_896' title='bbox 2569 5234 2885 5293; x_wconf 84' lang='lat' dir='ltr'><strong>nativitates</strong></span> <span class='ocrx_word' id='word_1_897' title='bbox 2932 5252 3060 5291; x_wconf 83' lang='lat' dir='ltr'><strong>suas</strong></span> <span class='ocrx_word' id='word_1_898' title='bbox 3092 5237 3369 5307; x_wconf 80' lang='lat' dir='ltr'><strong>produxit,</strong></span> <span class='ocrx_word' id='word_1_899' title='bbox 3402 5239 3640 5294; x_wconf 84' lang='lat' dir='ltr'><strong>centesi-</strong></span> 
     </span>
    </p>
   </div>
   <div class='ocr_carea' id='block_1_114' title="bbox 2064 5328 3251 5397">
    <p class='ocr_par' dir='ltr' id='par_1_114' title="bbox 2064 5328 3251 5397">
     <span class='ocr_line' id='line_1_114' title="bbox 2064 5328 3251 5397; baseline -0.003 -11"><span class='ocrx_word' id='word_1_900' title='bbox 2064 5345 2233 5394; x_wconf 85' lang='lat' dir='ltr'><strong>mum,</strong></span> <span class='ocrx_word' id='word_1_901' title='bbox 2266 5338 2322 5385; x_wconf 87' lang='lat' dir='ltr'><strong>et</strong></span> <span class='ocrx_word' id='word_1_902' title='bbox 2355 5328 2776 5397; x_wconf 70' lang='lat' dir='ltr'><strong>sexagesimum,</strong></span> <span class='ocrx_word' id='word_1_903' title='bbox 2806 5338 2859 5382; x_wconf 88' lang='lat' dir='ltr'><strong>et</strong></span> <span class='ocrx_word' id='word_1_904' title='bbox 2897 5330 3251 5395; x_wconf 84' lang='lat' dir='ltr'><strong>tricesimum.</strong></span> 
     </span>
    </p>
   </div>
   <div class='ocr_carea' id='block_1_115' title="bbox 2531 5471 3645 5541">
    <p class='ocr_par' dir='ltr' id='par_1_115' title="bbox 2531 5471 3645 5541">
     <span class='ocr_line' id='line_1_115' title="bbox 2531 5471 3645 5541; baseline 0.007 -16"><span class='ocrx_word' id='word_1_905' title='bbox 2531 5472 2579 5503; x_wconf 79' lang='grc'><strong>⁷⁸</strong></span> <span class='ocrx_word' id='word_1_906' title='bbox 2610 5471 2749 5525; x_wconf 78' lang='lat' dir='ltr'><strong>Psnl.</strong></span> <span class='ocrx_word' id='word_1_907' title='bbox 2780 5490 2965 5535; x_wconf 72' lang='lat' dir='ltr'><strong>xxxvi,</strong></span> <span class='ocrx_word' id='word_1_908' title='bbox 2993 5476 3045 5526; x_wconf 84' lang='lat'><strong>8.</strong></span> <span class='ocrx_word' id='word_1_909' title='bbox 3122 5474 3167 5505; x_wconf 71' lang='grc'><strong>⁷³</strong></span> <span class='ocrx_word' id='word_1_910' title='bbox 3192 5475 3363 5530; x_wconf 75' lang='lat' dir='ltr'><strong>Levxt.</strong></span> <span class='ocrx_word' id='word_1_911' title='bbox 3407 5491 3553 5541; x_wconf 76' lang='lat' dir='ltr'><strong>xxvi,</strong></span> <span class='ocrx_word' id='word_1_912' title='bbox 3595 5476 3645 5533; x_wconf 75' lang='grc' dir='ltr'><strong>ί.</strong></span> 
     </span>
    </p>
   </div>
   <div class='ocr_carea' id='block_1_116' title="bbox 2069 5657 3233 5728">
    <p class='ocr_par' dir='ltr' id='par_1_116' title="bbox 2069 5657 3233 5728">
     <span class='ocr_line' id='line_1_116' title="bbox 2069 5657 3233 5728; baseline -0.003 -16"><span class='ocrx_word' id='word_1_913' title='bbox 2069 5680 2086 5712; x_wconf 75' lang='grc' dir='ltr'><strong><em>ι</em></strong></span> <span class='ocrx_word' id='word_1_914' title='bbox 2122 5670 2174 5713; x_wconf 76' lang='lat' dir='ltr'><strong>et</strong></span> <span class='ocrx_word' id='word_1_915' title='bbox 2202 5676 2300 5728; x_wconf 83' lang='lat' dir='ltr'><strong>pro</strong></span> <span class='ocrx_word' id='word_1_916' title='bbox 2330 5657 2683 5712; x_wconf 85' lang='lat' dir='ltr'><strong>beatitudinis</strong></span> <span class='ocrx_word' id='word_1_917' title='bbox 2720 5660 3172 5714; x_wconf 83' lang='lat' dir='ltr'><strong>remuneratione.</strong></span> <span class='ocrx_word' id='word_1_918' title='bbox 3217 5679 3233 5709; x_wconf 75' lang='grc' dir='ltr'>ι</span> 
     </span>
    </p>
   </div>
   <div class='ocr_carea' id='block_1_117' title="bbox 2133 5729 3637 5799">
    <p class='ocr_par' dir='ltr' id='par_1_117' title="bbox 2133 5729 3637 5799">
     <span class='ocr_line' id='line_1_117' title="bbox 2133 5729 3637 5799; baseline 0.003 -20"><span class='ocrx_word' id='word_1_919' title='bbox 2133 5734 2243 5799; x_wconf 73' lang='lat' dir='ltr'><strong>(Zti)</strong></span> <span class='ocrx_word' id='word_1_920' title='bbox 2277 5729 2426 5783; x_wconf 75' lang='lat' dir='ltr'><strong>Liblt.</strong></span> <span class='ocrx_word' id='word_1_921' title='bbox 2459 5730 2614 5791; x_wconf 79' lang='lat' dir='ltr'><strong>editi,</strong></span> <span class='ocrx_word' id='word_1_922' title='bbox 2646 5747 2668 5780; x_wconf 68' lang='grc' dir='ltr'><strong>ε</strong></span> <span class='ocrx_word' id='word_1_923' title='bbox 2701 5740 2909 5799; x_wconf 82' lang='lat' dir='ltr'><strong>potare.</strong></span> <span class='ocrx_word' id='word_1_924' title='bbox 2944 5748 2963 5780; x_wconf 78' lang='grc' dir='ltr'>ι</span> <span class='ocrx_word' id='word_1_925' title='bbox 2990 5729 3087 5784; x_wconf 77' lang='lat' dir='ltr'><strong>Ms.</strong></span> <span class='ocrx_word' id='word_1_926' title='bbox 3119 5733 3424 5798; x_wconf 72' lang='lat' dir='ltr'><strong>Saugertu.,</strong></span> <span class='ocrx_word' id='word_1_927' title='bbox 3458 5749 3485 5779; x_wconf 71' lang='grc' dir='ltr'>ι</span> <span class='ocrx_word' id='word_1_928' title='bbox 3514 5746 3637 5797; x_wconf 81' lang='lat' dir='ltr'><strong>per-</strong></span> 
     </span>
    </p>
   </div>
   <div class='ocr_carea' id='block_1_118' title="bbox 2064 5811 2262 5855">
    <p class='ocr_par' dir='ltr' id='par_1_118' title="bbox 2064 5811 2262 5855">
     <span class='ocr_line' id='line_1_118' title="bbox 2064 5811 2262 5855; baseline -0.02 -1"><span class='ocrx_word' id='word_1_929' title='bbox 2064 5811 2195 5855; x_wconf 82' lang='lat' dir='ltr'><strong>tate.</strong></span> <span class='ocrx_word' id='word_1_930' title='bbox 2243 5821 2262 5850; x_wconf 69' lang='grc' dir='ltr'><em>ι</em></span> 
     </span>
    </p>
   </div>
  </div>
