4086 6218
474 355 581 411 567

1927 350 2247 408 OlilCENlS

3627 336 3732 392 568

543 475 595 528 4.
635 493 654 524 ‹
690 471 797 526 Sed
840 484 892 526 et
945 471 1110 541 ligna,
1151 469 1325 540 inquit
1370 469 1437 535 ⁸³,
1482 483 1794 540 camporum
1845 469 2050 526 dabunt
2083 478 2128 532 Α
2161 471 2230 526 tis
2285 469 2590 538 suscepisse
2641 465 2898 521 vocabula
2927 482 2941 519 :
2974 483 2992 516 ο
3032 464 3196 535 Ligna
3235 476 3364 533 ergo
3414 458 3588 528 campi
3639 459 3734 510 (ις.-

470 562 704 617 fructum
747 575 921 615 suum.
970 579 990 611 ι
1023 560 1296 615 llabemns
1332 561 1471 615 intra
1506 561 1867 629 nosmetipsos
1896 570 1949 614 et
1985 559 2048 613 li-

471 667 572 720 gna
605 665 939 720 camporum,
971 665 1090 719 qua:
1119 664 1274 704 suunt
1305 649 1539 706 fructum
1569 651 1888 721 producunt.
1919 648 2048 715 Qua:

467 753 592 797 sunt
625 741 724 796 ista
761 742 906 813 ligna
931 757 1270 812 camporum,
1310 758 1432 813 qua:
1471 741 1706 796 fructum
1738 757 1892 796 suum
1925 760 2048 816 pro-

467 836 707 890 ducunt?
735 835 865 902 Quae
891 845 1019 891 sunt
1052 837 1155 890 iSta
1184 834 1327 906 ligna
1359 837 1716 905 camporum?
1754 837 1906 895 Dicet
1941 837 2048 893 for-

465 922 628 977 tussis
681 921 942 977 auditor:
996 921 1137 990 Quid
1185 923 1378 977 iterum
1424 924 1511 979 hic
1559 925 1883 997 eurisilogus
1933 928 2046 999 (57)

465 1014 611 1083 agit?
646 1014 786 1082 Quid
836 1015 1196 1084 undecunque
1239 1014 1401 1070 verba
1445 1017 1736 1087 conquirit,
1767 1027 1823 1073 ut
1863 1018 2047 1089 expla-

466 1107 744 1161 nationem
779 1107 1026 1162 lectionis
1059 1107 1318 1178 eﬂ‘ugiat?
1345 1109 1612 1176 quomodo
1635 1110 1774 1165 intra
1803 1126 1900 1166 nos
1925 1127 2048 1168 esse

466 1200 610 1269 ligna
637 1199 853 1254 docebit
881 1209 936 1254 et
973 1199 1234 1255 arbores?
1273 1200 1331 1256 Si
1365 1215 1469 1255 non
1515 1210 1716 1256 temere
1749 1203 2046 1271 obtrectes,

459 1293 572 1360 jam
625 1305 767 1346 nunc
815 1290 1024 1357 audies,
1069 1291 1196 1362 quia
1241 1311 1262 1345 ι
1313 1307 1420 1347 non
1477 1301 1656 1362 potest
1697 1295 1861 1350 arbor
1907 1296 2045 1351 bona

466 1384 639 1438 malos
681 1381 892 1438 fructus
940 1383 1155 1450 facere,
1204 1399 1378 1456 neque
1431 1389 1596 1442 arbor
1651 1387 1790 1442 mala
1840 1389 2046 1443 fructus

463 1475 637 1528 bonos
670 1473 854 1530 facere
881 1473 946 1526 ⁸⁵.
991 1493 1009 1526 ι
1047 1473 1316 1530 llabemus
1339 1490 1468 1545 ergo
1511 1475 1733 1530 arbores
1775 1477 1916 1529 intra
1950 1491 2047 1531 nos

461 1567 579 1619 sive
613 1566 802 1624 bonas,
829 1565 943 1620 sive
974 1567 1180 1632 malas;
1217 1575 1271 1621 et
1305 1582 1425 1635 quae
1459 1567 1614 1620 bonne
1658 1575 1805 1630 sunt,
1842 1565 2046 1622 fructus

463 1657 636 1711 malos
678 1655 871 1711 afferre
919 1672 1022 1712 non
1072 1666 1313 1726 possunt,
1348 1659 1488 1712 sicut
1533 1673 1653 1726 qntc
1693 1657 1846 1712 mala:
1893 1666 2042 1723 sunt,

462 1752 670 1804 fructus
726 1765 829 1800 non
882 1746 1111 1803 afferent
1153 1749 1342 1802 honos.
1395 1749 1486 1802 Vis
1539 1748 1630 1802 tibi
1685 1757 1740 1803 et
1788 1749 2042 1802 arborum

463 1844 704 1910 ipsarum
731 1859 849 1911 qua:
885 1844 1022 1896 intra
1061 1857 1158 1897 nos
1192 1851 1316 1896 sunt
1344 1840 1600 1897 vocabula
1643 1851 1697 1895 et
1727 1840 2044 1909 appellatim

464 1951 558 1988 nes
588 1935 909 2002 expediam?
942 1933 1053 1987 Non
1087 1943 1168 1987 est
1199 1932 1352 1997 ficus,
1389 1947 1562 2000 neque
1599 1931 1792 1994 malus,
1826 1947 1924 1986 nec
1967 1933 2046 1985 vi-

465 2026 552 2091 tis,
584 2028 675 2080 sed
711 2042 812 2078 una
860 2025 1024 2078 arbor
1064 2023 1277 2092 jnstit'a
1311 2031 1556 2085 vocatur,
1590 2024 1691 2076 alia
1738 2024 2040 2093 prudentia,

459 2116 562 2170 alia
615 2116 893 2184 fortitudo,
941 2117 1042 2170 alia
1100 2113 1454 2183 temperantia
1507 2116 1831 2171 nominatur.
1887 2117 1950 2170 lit
1998 2119 2041 2171 si

459 2211 562 2273 vis,
593 2210 851 2279 majorem
900 2210 1080 2264 adhuc
1125 2208 1379 2264 arborum
1433 2207 1829 2261 multitudinem
1876 2209 2041 2274 disce,

458 2303 656 2369 quibus
709 2301 957 2356 fortassis
1009 2302 1224 2370 dignius
1269 2304 1548 2370 putabitur
1602 2305 1846 2356 consitus
1879 2303 2041 2355 etiam

459 2388 746 2455 paradisus
777 2388 894 2441 Dei.
941 2389 1033 2442 Est
1078 2390 1220 2443 enim
1258 2391 1329 2445 ibi
1373 2393 1535 2446 arbor
1584 2393 1823 2461 pietatis,
1861 2401 1940 2447 et
1990 2402 2042 2447 et

457 2480 562 2532 alia
595 2478 759 2532 arbor
789 2480 1089 2548 sapientiaa,
1122 2492 1203 2536 est
1240 2495 1293 2537 et
1339 2484 1444 2536 alia
1495 2485 1812 2552 disciplinar,
1859 2495 1942 2538 est
1989 2495 2040 2538 et

457 2573 562 2625 alia
610 2574 852 2629 scientiae
897 2575 1024 2630 boui
1067 2587 1122 2631 et
1171 2576 1317 2630 mali.
1355 2575 1528 2645 Super
1575 2577 1757 2630 omnia
1787 2592 1912 2630 vero
1957 2586 2040 2632 est

460 2667 621 2719 arbor
648 2667 788 2721 vitzc.
818 2666 932 2722 Non
967 2669 1058 2724 tibi
1109 2671 1280 2740 magis
1311 2672 1523 2725 videtur
1556 2672 1698 2740 quod
1738 2671 1896 2725 Pater
1930 2686 2041 2726 etn-

460 2755 610 2811 lestis
640 2759 874 2828 agricola
915 2761 1221 2830 hnjusmodi
1254 2763 1476 2818 arbores
1520 2765 1571 2817 in
1615 2765 1791 2817 anima
1825 2776 1911 2818 tua
1943 2780 2041 2817 ex-

457 2853 618 2913 t-olat,
650 2859 704 2904 et
749 2851 1239 2921 266hujusmodi
1293 2853 1557 2923 plantaria
1609 2856 1662 2908 in
1720 2867 1806 2908 tua
1861 2867 2040 2910 tuente

459 2942 770 2995 coiistitttat.
815 2943 905 2998 Sic
957 2959 1087 3011 ergo
1131 2944 1262 2998 dicit
1307 2943 1593 2999 Salvator:
1643 2963 1660 2995 ι
1703 2943 1814 2999 Non
1864 2955 2041 3014 potest

459 3033 621 3085 arbor
663 3033 798 3085 ntala
837 3034 1002 3088 bonos
1053 3034 1263 3091 fructus
1299 3035 1499 3100 facere,
1532 3052 1704 3106 neque
1738 3039 1877 3091 bona
1922 3038 2036 3091 fru—

2150 564 2283 618 hunt
2317 562 2552 616 fructum
2602 575 2757 614 suum
2788 559 2854 612 “.
2888 577 2906 609 ι
2965 557 3078 611 Hoc
3103 555 3267 611 credo
3289 555 3356 608 de
3377 567 3434 607 se
3463 551 3731 606 sentiebat

2149 662 2204 708 et
2249 654 2439 708 beatus
2481 649 2648 705 David
2680 665 2801 704 cmn
2831 649 3100 705 dicebat"
3129 665 3143 702 :
3169 665 3189 700 ι
3228 647 3337 716 Ego
3374 653 3555 699 autem
3587 644 3733 696 sicut

2149 745 2290 802 oliva
2329 744 2605 800 fructifera
2635 745 2688 798 itt
2723 745 2880 798 domo
2911 743 3032 798 Dei.
3084 760 3104 794 ι
3159 740 3239 794 Ex
3286 754 3394 808 quo
3437 734 3732 790 manifeste

2149 838 2386 893 ostendit
2412 837 2614 908 lignum
2641 836 2798 892 oliva:
2835 833 3043 905 justum
3074 842 3129 889 et
3165 839 3416 888 sanctum
3453 827 3728 882 hominem

2150 931 2279 987 dici.

2219 1023 2272 1078 5.
2285 1045 2300 1072 ι
2314 1023 2379 1078 Ει
2395 1021 2818 1093 comprehendet
2831 1018 2982 1075 vobis
2999 1017 3124 1072 trittt
3133 1016 3268 1072 ratio
3284 1014 3608 1070 vindemiam
3620 1012 3688 1068 ⁸⁸.
3699 1031 3720 1066 ι

2150 1117 2206 1172 Si
2242 1118 2566 1172 seminatum
2602 1123 2686 1169 est
2723 1114 2773 1168 in
2812 1112 2991 1167 anima
3025 1123 3210 1165 semen
3254 1109 3474 1174 bonum,
3504 1115 3559 1162 et
3603 1121 3728 1160 sus-

2149 1218 2302 1279 cepta
2341 1225 2370 1264 a
2405 1209 2512 1264 Deo
2546 1207 2726 1278 pluvia
2758 1206 2953 1268 crevit,
2985 1215 3036 1259 et
3083 1202 3233 1258 venit
3259 1201 3326 1256 ad
3374 1201 3601 1268 spicam,
3628 1213 3726 1253 ne-
3804 1231 3812 1236 -

2148 1301 2388 1357 cessario
2413 1307 2780 1368 consequetur
2806 1305 2865 1352 et
2899 1294 3129 1349 messis:
3162 1303 3216 1347 et
3256 1292 3301 1346 si
3345 1292 3565 1356 messis,
3593 1305 3727 1345 con-

2147 1403 2406 1462 sequetur
2430 1392 2592 1446 etiam
2630 1389 2925 1452 trituratio,
2956 1387 3008 1440 in
3037 1401 3146 1455 qua
3190 1384 3456 1439 frumenta
3493 1397 3725 1453 purgen-

2149 1492 2257 1539 tur.
2287 1483 2498 1540 Etenim
2541 1483 2722 1537 anima
2760 1497 2880 1552 quae
2917 1479 3207 1552 germinat,
3243 1493 3309 1532 ex
3341 1476 3505 1530 verbo
3545 1475 3639 1529 Dei
3668 1485 3727 1530 et

2147 1576 2356 1631 caelesti
2387 1575 2564 1645 pluvia
2601 1576 2772 1644 rigata
2812 1585 3035 1644 germen
3065 1568 3313 1638 producit
3354 1567 3421 1620 ad
3467 1581 3718 1631 messem,

2149 1680 2370 1720 necesse
2415 1675 2498 1721 est
2540 1675 2599 1720 ιιι
2628 1665 2739 1734 ipsa
2785 1662 2976 1718 messis
3017 1675 3178 1730 quam
3224 1658 3432 1729 profert
3468 1666 3718 1725 purgetur

2151 1754 2203 1807 in
2235 1769 2380 1821 area,
2414 1753 2464 1808 id
2495 1765 2598 1818 est,
2631 1763 2688 1806 ιιι
2732 1767 2922 1807 sensus
2971 1766 3108 1821 quos
3141 1750 3390 1818 genuerit
3445 1749 3612 1800 anima
3655 1747 3707 1798 in

2148 1847 2383 1900 medium
2422 1845 2686 1913 proferat,
2718 1854 2770 1898 et
2814 1844 2929 1898 sive
2977 1858 3100 1898 cum
3134 1842 3342 1895 caeteris
3385 1839 3707 1900 doctoribus,

2147 1939 2263 1992 sive
2286 1940 2447 1992 etiam
2482 1952 2602 1991 cum
2631 1937 2759 2006 ipsis
2788 1949 2908 2004 qua:
2937 1937 3107 1989 sentit
3135 1933 3328 1988 divinis
3358 1931 3714 1986 voluminibus

2148 2028 2432 2082 conferat:
2471 2040 2526 2083 ut
2554 2028 2597 2082 si
2632 2028 2762 2096 quid
2800 2027 2852 2080 in
2894 2027 2975 2082 eis
3010 2026 3168 2080 inane
3198 2036 3252 2080 et
3294 2023 3645 2092 superﬂuum.
3675 2021 3717 2074 si

2147 2121 2274 2188 quid
2326 2121 2491 2187 palea:
2532 2120 2708 2174 simile
2758 2117 2921 2171 fuerit
2966 2127 3060 2171 aut
3105 2116 3320 2180 aristis,
3361 2113 3525 2168 ﬂante
3571 2115 3625 2166 in
3665 2127 3721 2165 sc

2145 2211 2334 2277 Spiritu
2395 2211 2736 2267 discretionis
2762 2211 3021 2276 excutiat,
3053 2218 3109 2263 et
3153 2223 3344 2278 pttrmn
3389 2205 3718 2260 frumentum

2145 2317 2251 2371 quo
2299 2302 2412 2356 solo
2459 2311 2623 2370 queat
2677 2301 2888 2354 nutrire
2943 2313 3256 2363 conservos,
3301 2307 3356 2351 et
3406 2312 3717 2350 mensuram

2147 2395 2308 2448 tritici
2359 2393 2410 2446 in
2458 2401 2702 2462 tempore
2753 2394 3071 2461 dispensare
3130 2391 3380 2445 retineat.
3416 2406 3434 2438 ι
3469 2388 3534 2441 Ει
3588 2403 3719 2440 cou-

2143 2497 2422 2556 scquetur,
2456 2485 2652 2555 inquit,
2700 2485 2974 2539 trituratio
3018 2484 3365 2538 vindemiam.
3401 2500 3421 2533 ι
3455 2480 3590 2546 Quia
3625 2495 3718 2546 pa-

2145 2577 2250 2641 nis,
2293 2585 2349 2630 ut
2404 2577 2686 2645 Scriptura
2728 2575 2859 2630 dicit
2903 2575 2974 2640 ⁸³,
3013 2573 3282 2629 confortat
3318 2587 3411 2626 cor
3461 2570 3713 2633 hominis,

2142 2680 2195 2725 cl.
2247 2671 2428 2724 vinum
2475 2669 2735 2733 laetiﬁcat,
2769 2681 3104 2736 quacunque
3149 2668 3214 2720 de
3261 2664 3612 2725 continentia,
3649 2661 3717 2712 de

2140 2765 2504 2819 observantiis
2537 2773 2591 2818 et
2617 2762 2864 2818 custodia
2887 2762 3260 2815 mandatorum
3308 2760 3399 2813 Dei
3435 2759 3710 2818 dicuntur,

2142 2860 2256 2913 lucc
2284 2867 2511 2929 possunt
2545 2857 2713 2912 videri
2745 2855 3101 2920 frumentum,
3129 2871 3192 2909 ex
3231 2868 3336 2922 quo
3366 2852 3517 2921 panis
3543 2850 3713 2904 edici--

2144 2961 2249 3014 tnr,
2271 2961 2325 3004 et
2360 2949 2664 3003 auditor-nm
2701 2949 2863 3002 corda
2909 2947 3197 3002 confortat.
3233 2948 3302 3000 Ea
3339 2962 3464 3000 vero
3494 2961 3610 3012 qua:
3645 2943 3714 2995 ad

2140 3041 2420 3096 scientiam
2480 3042 2785 3110 pertinent,
2844 3050 2897 3094 et
2963 3039 3294 3093 occultorum
3337 3035 3715 3105 explanatione

455 3135 578 3178 ctus
611 3125 780 3179 malos
811 3124 1011 3181 facere.
1049 3146 1066 3179 ι
1106 3126 1216 3182 lloc
1254 3141 1334 3182 est
1367 3131 1503 3197 quod
1531 3129 1714 3183 docet:
1737 3129 1912 3184 Arbor
1939 3146 2039 3199 pu-
2069 3157 2108 3213 ο
2143 3139 2352 3185 mentes
2383 3129 2662 3184 ltetificant
2689 3127 3044 3192 audientium,
3074 3129 3199 3182 vino
3231 3142 3294 3181 ac
3323 3126 3604 3189 vindemim
3633 3125 3717 3175 vi-

458 3218 655 3272 dit-itiae
684 3218 822 3272 bona
855 3229 962 3284 est,
999 3235 1103 3272 non
1139 3228 1314 3287 potest
1346 3220 1543 3274 afferre
1573 3219 1780 3274 fructus
1807 3219 2039 3289 impudi-

459 3312 618 3366 ritim.
671 3311 847 3366 Arbor
882 3311 1110 3380 iustitia:
1157 3311 1294 3365 bona
1340 3322 1442 3378 est,
1495 3324 1548 3366 et
1587 3311 1781 3366 afferre
1829 3311 2038 3367 fructus

363 3421 379 3436 ς
462 3401 741 3468 injustitia:
777 3418 881 3457 non
928 3391 1120 3472 potest.
1169 3404 1259 3458 Sic
1306 3413 1359 3458 et
1405 3405 1709 3460 ccontrario
1751 3406 1794 3459 si
1841 3405 2038 3458 habeas

463 3494 614 3545 tnalu:
643 3494 855 3549 arboris
891 3497 1128 3551 radicem
1167 3495 1219 3548 in
1254 3508 1344 3550 tua
1376 3507 1556 3550 tuente
1583 3497 1902 3564 plantatam,
1936 3495 2034 3550 bo-

460 3600 557 3635 nos
589 3585 812 3639 reddere
835 3601 938 3639 non
971 3595 1146 3655 potest
1173 3586 1395 3642 fructus.
1433 3585 1488 3640 Si
1512 3586 1655 3639 enim
1687 3585 1755 3638 sit
1781 3586 1832 3638 in
1869 3596 1917 3638 te
1947 3600 2034 3636 ra-

460 3675 546 3726 dix
585 3676 819 3742 malitiae,
867 3676 1076 3733 fructus
1116 3694 1221 3732 non
1251 3679 1404 3733 dabit
1439 3678 1630 3732 bonos.
1669 3676 1724 3731 Si
1775 3678 1845 3730 sit
1895 3677 2034 3729 intra

456 3786 552 3823 cor
588 3781 733 3824 ttttnn
781 3770 1022 3825 stultitiie
1067 3772 1290 3840 planta,
1337 3786 1609 3839 nunquam
1664 3770 1901 3840 proferet
1949 3784 2038 3822 sa-

456 3862 674 3928 pientia:
721 3863 930 3917 florem.
983 3862 1038 3917 Si
1091 3863 1387 3932 injustitize,
1421 3863 1466 3918 si
1520 3864 1826 3932 iniquitatis
1873 3867 2038 3920 arbor

455 3956 547 4019 sit,
581 3970 859 4022 nunquam
888 3954 1196 4022 hujnsmocli
1225 3955 1365 4024 ligna
1397 3956 1632 4024 gaudere
1659 3956 1816 4010 bonis
1847 3955 2037 4010 fructi-

459 4048 556 4098 bus
591 4061 834 4114 possunt.
871 4047 926 4101 Si
954 4061 1083 4115 ergo
1122 4060 1399 4101 servemus
1431 4047 1680 4100 mandata
1717 4047 1828 4113 Dei,
1856 4063 2037 4103 susce-

455 4147 542 4203 pta
573 4135 750 4204 pluvia
778 4135 925 4190 verbi
957 4136 1076 4200 Dei,
1103 4135 1168 4189 de
1194 4151 1296 4204 qua
1323 4136 1571 4203 superius
1591 4136 1844 4199 diximus,
1871 4137 2032 4190 etiam

456 4229 680 4283 arbores
735 4243 855 4298 quae
900 4228 953 4282 in
996 4229 1203 4298 campis
1245 4229 1442 4283 anima:
1496 4238 1694 4283 nostra:
1749 4238 1803 4282 et
1855 4233 2033 4285 cordis

458 4322 627 4376 nostri
662 4321 942 4376 latitudine
971 4322 1228 4390 plumata:
1251 4331 1395 4389 sunt,
1430 4321 1606 4376 laatum
1639 4331 1693 4375 et
1733 4322 1885 4377 bonae
1910 4339 2031 4377 sua-

454 4414 640 4468 vitatis
671 4413 895 4468 afferent
929 4412 1185 4468 fructum.
1220 4413 1312 4470 Vis
1343 4423 1524 4467 autem
1556 4413 1650 4467 tibi
1688 4412 1755 4467 de
1787 4412 2029 4483 Scriptu-

2142 3222 2408 3277 dcbunlur
2453 3224 2705 3291 aptanda.
2748 3219 2907 3274 Cordi
2957 3221 3161 3274 etenim
3214 3219 3395 3272 laetitia
3439 3216 3713 3278 tribuitur,

2141 3328 2260 3366 cum
2294 3328 2354 3367 ea
2391 3327 2509 3381 quae
2559 3311 2771 3365 occulta
2821 3318 2876 3363 et
2918 3311 3147 3365 obscura
3189 3320 3315 3365 sunt
3352 3308 3712 3377 explicantur.

2145 3424 2164 3456 ι
2201 3405 2264 3458 Et
2303 3404 2604 3466 vindemia,
2653 3404 2847 3472 inquit,
2896 3403 3322 3473 comprehendet
3360 3404 3644 3458 sationem.
3690 3422 3709 3452 ι

2146 3495 2207 3550 Ut
2242 3497 2285 3549 si
2338 3496 2628 3550 dicamus:
2666 3494 2846 3550 Primo
2897 3495 3178 3550 seminavit
3226 3511 3344 3564 qua:
3391 3495 3519 3564 legis
3563 3503 3714 3558 sunt,

2139 3597 2193 3640 et
2225 3597 2571 3656 posteaquam
2620 3587 2944 3641 seminatum
2979 3597 3082 3652 est,
3117 3588 3267 3643 oravi
3325 3595 3380 3639 ιιι
3423 3588 3568 3640 daret
3608 3587 3703 3638 Do-

2141 3679 2314 3732 minus
2343 3677 2576 3747 pluviam
2607 3678 2658 3732 in
2697 3689 2958 3749 tempore,
2992 3689 3045 3734 et
3069 3681 3205 3734 facta
3230 3689 3312 3734 est
3346 3680 3553 3733 messis.
3588 3679 3716 3733 Post

2140 3770 2254 3824 haec
2283 3784 2387 3824 non
2418 3785 2608 3825 maneo
2635 3771 2862 3836 otiosus,
2897 3771 2989 3826 sed
3025 3772 3219 3827 iterum
3254 3771 3480 3833 semine,
3507 3772 3714 3836 accipio

2140 3860 2476 3929 Scripturam
2524 3861 2926 3929 propheticam,
2975 3870 3029 3917 et
3075 3878 3140 3915 ex
3183 3876 3246 3916 ea
3288 3862 3496 3916 semiuo
3540 3871 3712 3914 terras

2139 3963 2197 4008 et
2237 3954 2442 4006 novalia
2481 3956 2814 4008 auditorum.
2851 3954 2978 4008 Post
3023 3953 3136 4009 hzec
3181 3954 3389 4007 semina
3415 3963 3465 4006 et
3507 3951 3609 4004 alia
3643 3953 3711 4005 de

2136 4046 2466 4114 evangelicis
2499 4048 2860 4100 sermonibus.
2899 4045 3119 4099 Diversa
3143 4054 3267 4099 sunt
3292 4059 3412 4113 qua:
3441 4044 3712 4098 seminan-

2137 4147 2245 4201 tur,
2283 4153 2378 4206 per
2414 4147 2583 4192 totum
2618 4154 2819 4192 annum
2851 4153 3137 4207 possumus
3176 4138 3470 4190 seminare.
3511 4133 3707 4188 Possu-

2135 4247 2254 4286 mus
2301 4231 2444 4285 enim
2491 4239 2546 4286 et
2593 4231 2660 4285 de
2698 4229 3013 4300 apostolicis
3053 4229 3248 4284 litteris
3285 4227 3454 4282 multa
3501 4227 3706 4281 semina

2131 4323 2335 4392 jacere.
2375 4322 2602 4393 Semper
2645 4332 2728 4378 est
2776 4323 2917 4392 quod
2966 4321 3284 4385 seminetur,
3317 4321 3369 4374 in
3417 4320 3562 4374 omni
3601 4320 3708 4372 vita

2137 4425 2321 4470 nostra
2358 4415 2454 4470 otii
2508 4414 2712 4469 nullum
2763 4423 2974 4484 tempus
3021 4420 3149 4468 est:
3184 4411 3421 4481 quandiu
3473 4409 3705 4479 respira-

459 4506 535 4558 t-is
575 4507 857 4558 ostendam
905 4505 1129 4561 arbores
1156 4504 1237 4558 vel
1272 4505 1412 4576 ligna
1445 4505 1702 4574 appellari
1729 4507 1826 4560 has
1851 4507 2034 4577 siugu-
2067 4492 2110 4546 θ
2142 4523 2283 4573 mus,
2312 4508 2658 4561 seminemus.
2697 4506 2931 4562 Tantum
2963 4516 3066 4572 est,
3109 4513 3168 4560 ut
3213 4504 3266 4558 in
3309 4504 3504 4572 spiritu
3542 4503 3705 4556 semi-

455 4597 535 4650 las
565 4610 810 4664 quasque
839 4596 1086 4662 virtutes,
1115 4611 1248 4665 quas
1285 4598 1534 4666 superius
1567 4595 2032 4651 memoravimus?

453 4687 698 4741 Adhibeo
737 4695 929 4741 testem
979 4686 1436 4755 sapientissimum
1479 4688 1821 4743 Salomonem
1849 4689 2034 4745 dicen-

455 4790 562 4831 tem
613 4779 679 4833 de
731 4777 996 4847 sapientia
1034 4796 1046 4832 :
1087 4796 1106 4829 t
1142 4777 1367 4848 Lignum
1416 4779 1540 4834 vita:
1585 4787 1688 4845 est,
1738 4780 1913 4850 inquit
1958 4781 2025 4848 ⁸⁸,

451 4870 705 4925 omnibus
734 4871 825 4940 qui
854 4870 1254 4939 amplectuntur
1288 4884 1428 4925 eam.
1466 4888 1483 4925 ι
1519 4869 1575 4925 Si
1603 4887 1732 4941 ergo
1765 4873 2028 4941 sapientia

452 4963 655 5031 lignttm
708 4963 834 5018 vita:
879 4973 984 5026 est,
1040 4963 1158 5017 sine
1207 4962 1369 5015 dubio
1421 4971 1474 5016 et
1515 4963 1660 5016 aliud
1703 4963 1904 5034 lignum
1947 4973 2031 5020 est

454 5055 776 5123 prudentior,
797 5064 850 5108 et
875 5054 1018 5107 aliud
1045 5053 1304 5116 scientiae,
1329 5063 1383 5108 et
1403 5054 1548 5106 aliud
1572 5052 1817 5122 justitizc.
1846 5053 2029 5124 Neque

451 5148 594 5198 enim
650 5154 1047 5212 consequenter
1079 5144 1279 5199 dicitur
1319 5159 1384 5198 ex
1439 5144 1691 5198 omnibus
1742 5145 2029 5200 virtutibus

453 5236 619 5290 solam
651 5239 970 5305 sapientiam
1003 5237 1288 5300 meruisse,
1326 5251 1446 5305 quae
1489 5236 1692 5305 lignum
1724 5238 1844 5292 vita:
1879 5239 2029 5292 dica-

456 5336 561 5388 tur.
588 5340 813 5383 caeteras
843 5337 1024 5382 autem
1053 5329 1281 5384 virtutes
1321 5341 1660 5397 nequaquam
1691 5328 1884 5384 similis
1911 5344 2026 5384 sor-

518 5464 562 5491 ⁸³
593 5463 767 5516 Levit.
792 5480 940 5523 xxvu.
974 5464 1026 5516 4.

454 5547 605 5597 xm,
652 5536 706 5592 5.
781 5538 826 5566 ⁸³
870 5535 1010 5588 Psal.
1062 5533 1276 5599 c1v,i5.

525 5644 635 5713 (37)
666 5644 818 5700 Libb.
851 5645 1001 5708 editi,
1049 5664 1066 5695 ι
1113 5644 1438 5714 verbilogus.
1473 5665 1489 5696 ι
1529 5645 1632 5699 Sed
1684 5662 1837 5711 mss,
1871 5665 1889 5696 ι
1928 5663 2023 5700 eu~

455 5716 734 5788 I‘isilngtts,
763 5735 779 5764 ι
813 5719 954 5782 quod
983 5731 1200 5788 ⁸ιιιιειᾞηι
1246 5726 1338 5788 est
1375 5714 1620 5768 Gnaeum
1669 5716 2025 5788 εὑρετιλῶγοςι

461 5803 479 5835 ι
522 5786 692 5839 sulct's
729 5787 778 5837 in
819 5785 1155 5838 inveniendis
1193 5784 1389 5838 verbis.
1431 5803 1448 5833 ι

1351 5535 1395 5566 ⁸ο
1421 5533 1595 5589 Levit.
1624 5536 1830 5597 uvt,5.

2139 4613 2351 4661 nemus,
2379 4608 2438 4652 ut
2465 4598 2529 4652 de
2563 4596 2754 4668 spiritu
2784 4607 3052 4653 metamus
3085 4597 3248 4651 vitam
3282 4605 3562 4651 aeternam.
3591 4609 3612 4644 ε
3643 4591 3707 4646 Ει

2139 4688 2536 4744 manducabitis
2563 4705 2755 4760 panem
2781 4700 3021 4744 vestrum
3050 4689 3103 4742 in
3131 4687 3419 4742 saturitate
3444 4685 3512 4738 “.
3548 4705 3568 4738 ι
3603 4682 3708 4738 Nec

2138 4783 2241 4835 hoc
2271 4797 2372 4851 ego
2400 4781 2700 4852 corporalis
2733 4794 2853 4835 esse
2896 4777 3290 4834 benedictionis
3330 4777 3444 4848 (58)
3481 4774 3704 4844 accipio,

2137 4875 2292 4945 quasi
2333 4875 2424 4946 qui
2460 4874 2727 4930 custodiat
2772 4872 2946 4942 legem
2982 4872 3098 4935 Dei,
3132 4885 3324 4940 panem
3363 4870 3525 4924 istum
3555 4883 3705 4923 com-

2137 4982 2356 5021 munem
2415 4966 2468 5020 in
2524 4965 2851 5026 abundantia
2907 4973 3291 5032 consequatur.
3345 4960 3486 5027 Quid
3533 4953 3709 5012 enim?

2135 5057 2327 5113 Nonne
2359 5058 2509 5127 impii
2540 5067 2595 5111 et
2627 5054 2840 5112 scelesti
2871 5068 3063 5122 panem
3093 5068 3198 5107 non
3240 5051 3413 5107 solum
3445 5051 3498 5104 in
3535 5050 3706 5102 abun-

2137 5151 2318 5205 dantia
2345 5190 2360 5216 ,
2410 5149 2504 5204 sed
2545 5159 2602 5203 et
2649 5149 2701 5202 in
2726 5146 2960 5217 .deliciis
3001 5145 3323 5201 comedunt?
3366 5142 3535 5212 Magis
3582 5153 3707 5207 ergo

2136 5245 2180 5298 si
2230 5243 2586 5312 respiciamus
2644 5241 2710 5294 ad
2759 5254 2881 5294 eum
2929 5240 3022 5310 qtti
3077 5238 3215 5294 dixit
3235 5239 3279 5271 “
3315 5257 3330 5293 :
3373 5254 3393 5288 ι
3438 5236 3548 5305 Ego
3588 5247 3707 5287 sum

2135 5335 2290 5406 panis
2321 5335 2472 5389 vivus
2501 5333 2595 5403 qui
2641 5332 2709 5388 de
2738 5332 2880 5388 cmlo
2926 5332 3217 5396 descendi,
3257 5340 3312 5385 et
3344 5330 3436 5399 qui
3485 5313 3705 5383 mandu-

1132 5465 1178 5496 ⁸⁸
1213 5464 1402 5517 Matth.
1439 5479 1537 5529 vn,
1571 5464 1657 5519 l8.
1735 5465 1782 5498 ⁸⁸
1811 5465 1969 5520 Prov.
2025 5484 2038 5522 ι

1132 5533 1276 5594 γ,15.
1351 5535 1395 5566 ⁸ο
1421 5533 1595 5589 Levit.
1624 5536 1830 5594 uvt,5.
1933 5539 1975 5568 ⁰¹
2009 5535 2036 5590 .Ι

2157 5468 2242 5523 l8.
2399 5467 2572 5524 Levit.
2604 5483 2753 5535 xxvi,
2779 5469 2832 5524 4.
2908 5469 2952 5501 δ’
2986 5468 3128 5524 Psal.
3167 5482 3262 5531 LII,
3301 5465 3383 5521 l0.
3458 5464 3504 5497 ⁸⁸
3533 5460 3705 5519 Levit.

2140 5560 2165 5594 ι.
2200 5555 2273 5594 Vl.
2379 5579 2394 5594 .
3691 5553 3696 5556 ’

2041 5553 2165 5594 oan.
2200 5555 2273 5604 vr,
2304 5553 2394 5594 at.
3691 5553 3696 5556 ’

2194 5652 2320 5732 ,(58)
2347 5650 2526 5706 Codex
2576 5653 2882 5721 Sattgcrm.,
2918 5670 2936 5702 ι
2975 5649 3286 5720 corporales
3335 5663 3454 5705 esse
3491 5645 3708 5706 benedi-

2135 5731 2360 5776 ctiones.
2407 5742 2422 5772 ι
