4086 6218
416 295 522 351 569

1547 304 1613 359 IN
1655 305 2026 363 LEVITICUM
2073 309 2354 365 llOMlLlA
2391 311 2528 366 XVI.

3560 322 3660 377 570

416 417 628 472 caverit
657 416 803 473 hunc
834 433 1026 487 pauent
1069 420 1210 473 viret
1250 420 1301 473 in
1331 430 1628 489 retentum;
1667 445 1685 476 ι
1719 434 1771 479 et
1804 428 1995 480 adver-
2024 431 2069 487 Α
2102 439 2205 482 tem
2232 470 2246 494 ,
2278 432 2550 484 custodiat
2583 432 2745 485 corda
2798 440 2972 486 vestra
3002 472 3017 495 ,
3044 443 3098 486 et
3141 449 3330 489 sensus
3376 445 3602 489 vestros.
3640 454 3661 488 ι

419 522 598 563 tamus
619 510 743 579 quia
768 512 859 579 qui
889 513 1000 565 hare
1028 514 1260 575 dicebat,
1290 516 1508 569 verbum
1533 525 1651 571 erat
1673 534 1779 586 quo
1800 520 1993 574 anima:

386 628 389 631 ν
421 613 753 668 pascuntur:
790 604 1137 672 intelligimus
1172 608 1236 659 de
1267 623 1373 675 quo
1411 626 1549 678 pane
1583 612 1785 666 dictum
1835 614 1907 666 sit
1940 615 1990 669 in

421 694 885 749 benedictionibus
934 712 962 749 a
1015 698 1146 761 Deo,
1184 717 1203 748 ‹
1246 699 1308 752 Ει
1346 702 1748 758 mauducahitis
1798 721 1989 775 panem

424 786 736 838 vestrumin
771 788 1084 843 saturitate.
1122 809 1140 840 ι
1176 790 1382 844 Similia
1441 794 1696 853 iisetiam
1735 796 1990 853 Salomon

420 874 473 928 iu
504 875 806 932 Proverbiis
830 881 1144 948 pronuntiat
1167 884 1232 937 de
1257 884 1407 953 justo
1436 887 1627 944 dicens
1645 891 1690 924 ”
1717 908 1730 944 :
1763 908 1781 940 ι
1804 890 1993 947 Justus

418 967 753 1024 manducans
801 972 1028 1040 replebit
1072 976 1309 1035 animam
1356 992 1549 1033 suam:
1582 982 1778 1037 animae
1807 992 1988 1038 autem

418 1058 707 1126 impiorum
740 1062 791 1117 in
817 1075 1057 1133 egestate
1080 1078 1260 1123 erunt.
1299 1089 1319 1124 ι
1354 1070 1466 1128 Hoc
1498 1074 1542 1129 si
1572 1078 1871 1131 secundum
1906 1076 1992 1130 lit-

419 1157 593 1204 teram
646 1153 915 1222 accipias,
961 1157 1087 1226 quia
1138 1176 1159 1211 ι
1209 1159 1389 1227 justus
1444 1166 1772 1223 manducans
1820 1167 1990 1236 replet

416 1239 651 1295 animam
695 1259 874 1311 suam,
914 1249 1113 1303 anima:
1149 1266 1275 1307 vero
1320 1254 1608 1323 impiorum
1655 1258 1708 1312 in
1750 1268 1991 1329 egestate

415 1342 601 1397 erunt,
624 1352 642 1385 ι
668 1334 864 1391 falsum
896 1338 1185 1396 videbitur.
1215 1343 1387 1415 Magis
1403 1347 1547 1401 enim
1574 1350 1770 1404 anima:
1794 1350 1988 1418 impio-

416 1435 533 1474 rum
563 1436 685 1477 cum
716 1426 979 1483 aviditate
1006 1429 1185 1484 cibum
1215 1444 1459 1499 sumunt,
1489 1446 1543 1490 et
1569 1438 1842 1491 saturitati
1878 1447 1991 1493 stu-

415 1513 560 1567 dent.
599 1513 739 1570 Justi
772 1529 951 1574 autem
1006 1522 1282 1578 interdum
1324 1535 1381 1579 et
1429 1528 1695 1583 esuriant.
1747 1530 1989 1598 Denique

415 1601 610 1658 Paulus
643 1604 822 1671 justus
850 1620 991 1673 erat,
1024 1621 1074 1665 et
1105 1614 1321 1668 dicebat
1354 1617 1401 1649 ”
1427 1634 1441 1671 :
1472 1635 1492 1668 ς
1525 1618 1705 1687 Usque
1740 1622 1807 1675 ad
1850 1621 1988 1677 hanc

414 1693 603 1747 horam
634 1698 926 1761 esurimus,
953 1709 1005 1753 et
1037 1703 1280 1768 sitimus,
1303 1714 1355 1759 et
1392 1707 1519 1760 nudi
1552 1723 1761 1774 sumus,
1803 1720 1856 1763 et
1891 1725 1986 1764 co-

417 1783 590 1850 laphis
616 1788 894 1842 etedimur.
931 1791 1047 1845 rEt
1087 1793 1280 1848 iterum
1313 1797 1440 1850 dicit
1469 1797 1554 1852 ’δε
1593 1816 1611 1848 ι
1647 1799 1701 1853 ln
1753 1799 1897 1855 fame
1928 1813 1985 1858 ct
2016 1778 2056 1832 Β

415 1874 530 1937 siti,
573 1875 625 1926 in
660 1876 882 1944 jejuuiis
924 1882 1126 1938 multis.
1173 1902 1192 1936 ι
1223 1885 1289 1939 Ει
1335 1890 1605 1955 quomodo
1652 1890 1787 1945 dicit
1831 1892 1984 1947 Salo-

417 1981 539 2019 utcu
586 1966 651 2029 ’³,
697 1971 821 2038 quia
869 1991 887 2023 ι
925 1972 1103 2039 justus
1158 1977 1487 2032 mauducaus
1535 1981 1698 2035 satiat
1749 1986 1980 2039 animam

413 2059 600 2111 suam?
636 2079 653 2110 ι
686 2060 789 2114 Sed
821 2063 864 2116 si
905 2065 1160 2120 intuearis
1183 2071 1454 2136 quomodo
1474 2072 1658 2143 justus
1687 2090 1899 2144 semper
1929 2089 1984 2134 et

411 2148 532 2201 sine
577 2151 973 2209 intermissione
1013 2158 1298 2213 manducet
1344 2162 1409 2215 de
1457 2178 1596 2232 pane
1636 2167 1779 2230 vivo,
1810 2180 1863 2221 et
1897 2187 1982 2223 re-

408 2239 555 2308 pleat
592 2246 825 2299 animam
881 2263 1056 2313 suam,
1103 2267 1166 2306 ac
1214 2254 1374 2309 satiet
1421 2272 1537 2311 eam
1586 2259 1708 2312 cibo
1749 2264 1979 2325 cmlesti,

407 2335 498 2399 qui
552 2344 634 2389 est
688 2336 918 2393 Verbum
971 2343 1061 2397 Dei
1123 2355 1177 2398 et
1222 2349 1486 2416 sapientia
1537 2354 1655 2422 ejus
1688 2394 1703 2417 ,
1738 2355 1981 2409 invenies

408 2427 675 2487 quomodo
699 2445 761 2481 ex
797 2432 1169 2492 benedictione
1212 2439 1301 2493 Dei
1352 2447 1637 2499 manducot
1671 2446 1847 2513 justus
1882 2464 1976 2516 pa-

408 2526 529 2563 nem
571 2531 726 2570 suum
764 2519 815 2572 in
851 2524 1117 2579 satietate.
1162 2544 1179 2577 ι
1220 2529 1285 2583 Et
1325 2532 1656 2588 habitabilis
1682 2539 1776 2589 tuti
1818 2554 1982 2604 super

411 2614 605 2699 terram
651 2620 885 2665 vestram
914 2617 980 2669 ’⁸.
1023 2636 1040 2667 ι
1082 2618 1298 2688 Iniquus
1346 2640 1619 2694 nunquam
1679 2640 1824 2682 tutus
1874 2641 1975 2699 est,

408 2695 500 2747 sed
548 2710 762 2764 semper
804 2714 1051 2758 movetur
1099 2719 1154 2761 et
1208 2711 1456 2779 ﬂuctuat,
1500 2726 1551 2769 et
1600 2695 1979 2774 circumfertur

406 2787 549 2839 omni
599 2799 757 2845 vento
800 2796 1059 2849 doctrinm
1110 2799 1161 2851 in
1188 2800 1397 2857 fallacia
1448 2807 1722 2861 hominum
1778 2811 1842 2862 ad
1891 2814 1979 2865 de.

407 2880 706 2947 ceptionem
762 2888 983 2940 erroris.
1036 2889 1221 2945 Justus
1276 2908 1445 2959 Vero,
1515 2900 1604 2966 qui
1655 2899 1824 2967 legem
1884 2902 1975 2955 Dei

405 2974 657 3036 custodit,
697 2986 842 3030 tutus
889 2980 1096 3034 habitat
1132 3000 1297 3052 super
1342 2996 1538 3040 terram
1573 3006 1746 3043 suam.
1776 2992 1978 3048 Sensus

2097 524 2221 578 Ilaec
2245 533 2327 578 est
2357 540 2486 594 ergo
2513 541 2638 592 pax,
2663 540 2826 593 quam
2860 525 2950 578 dat
2980 525 3120 578 Deus
3149 540 3309 595 super
3339 537 3536 581 terram
3567 544 3665 580 no-

2094 625 2283 669 stram.

2165 707 2218 764 6.
2249 726 2267 757 ι
2295 708 2359 760 Ει
2383 707 2681 770 dormictis,
2701 718 2752 761 et
2784 723 2886 761 non
2915 709 3016 761 erit
3042 709 3133 775 qtti
3162 723 3255 761 vos
3279 718 3549 763 exterreat
3568 708 3609 762 ³.
3637 728 3657 760 ι

2093 797 2158 852 Et
2191 797 2446 851 Salomon
2484 798 2536 851 iu
2582 798 2892 851 Proverbiis
2933 800 3065 851 dixit
3092 818 3104 851 :
3137 818 3155 850 ‹
3186 798 3238 851 Si
3270 800 3409 853 enim
3437 800 3662 862 sederis,

2092 890 2210 943 sine
2241 889 2433 943 timore
2467 889 2575 943 eris
2606 906 2620 953 ;
2653 901 2705 944 et
2736 890 2779 942 si
2810 890 3127 953 dormieris,
3158 890 3387 944 libenter
3414 906 3660 943 somnum

2092 980 2402 1047 Capies,et
2453 995 2556 1033 non
2614 980 2829 1032 timebis
2880 989 3143 1035 terrorem
3189 981 3660 1048 supervenientem

2095 1072 2235 1134 tibi,
2287 1086 2459 1141 neque
2505 1072 2741 1140 impetus
2778 1074 3065 1141 impiorum
3096 1072 3597 1140 supervenientes‘.
3639 1093 3657 1125 ι

2094 1163 2218 1218 llaec
2249 1163 2339 1217 illc
2363 1164 2497 1216 dixit
2526 1166 2590 1219 de
2613 1165 2765 1233 justo
2790 1176 2843 1219 et
2869 1166 3114 1234 sapiente
3147 1166 3264 1220 viro
3291 1204 3306 1229 ,
3356 1174 3410 1219 et
3444 1166 3559 1219 hzec
3606 1165 3660 1218 in

2091 1253 2469 1309 benedictione
2493 1255 2744 1309 dicuntur
2775 1274 2788 1308 :
2825 1275 2842 1306 ‹
2881 1256 3190 1318 Dorntictis,
3221 1265 3275 1311 et
3306 1270 3408 1309 nou
3437 1257 3541 1309 erit
3569 1262 3660 1324 qul

2090 1359 2188 1399 vos
2222 1354 2517 1402 exterreat.
2556 1364 2574 1397 ι
2616 1345 2670 1399 Si
2703 1347 2845 1400 enim
2882 1347 3061 1413 justus
3086 1347 3291 1401 ciliciar
3316 1388 3331 1412 ,
3387 1361 3546 1400 nemo
3575 1362 3662 1399 me

2092 1445 2367 1490 exterrere
2410 1438 2608 1504 poterit
2647 1451 2662 1490 :
2711 1437 2840 1491 nihil
2889 1440 3051 1491 timeo
3095 1437 3278 1502 aliud,
3322 1438 3365 1491 si
3400 1439 3565 1493 Deum
3596 1422 3665 1491 ti-

2090 1542 2263 1582 meam
2295 1546 2308 1583 :
2343 1547 2360 1579 ι
2399 1528 2586 1583 Justus
2618 1529 2759 1582 enim
2781 1571 2797 1596 ,
2837 1529 3010 1597 inquit
3038 1530 3094 1591 ⁸,
3124 1529 3348 1584 conlidit
3382 1538 3441 1582 ut
3480 1528 3587 1592 leo,
3636 1546 3655 1579 ι

2088 1631 2141 1675 et
2168 1621 2288 1675 ideo
2318 1637 2421 1675 non
2460 1622 2611 1675 timet
2657 1622 2865 1676 leonem
2900 1623 3208 1684 diabolum,
3241 1637 3339 1676 nec
3364 1622 3657 1699 draconem

2090 1711 2367 1776 Satanam,
2405 1728 2503 1767 nec
2528 1714 2748 1782 angelos
2775 1714 2914 1783 ejus,
2939 1715 3031 1768 sed
3071 1715 3201 1767 dicit
3227 1714 3521 1767 secundum
3551 1710 3658 1763 Da-

2088 1805 2174 1858 vid
2204 1804 2260 1857 “:
2298 1822 2317 1855 ι
2354 1802 2470 1857 Non
2507 1805 2705 1859 timebo
2738 1820 2767 1857 a
2815 1804 3009 1857 timore
3057 1813 3328 1857 nocturno
3352 1841 3368 1863 ,
3403 1814 3432 1852 a
3477 1797 3661 1866 jaculo

2087 1898 2299 1952 volante
2329 1912 2424 1964 per
2458 1898 2630 1962 diem,
2668 1912 2696 1950 a
2729 1896 2945 1967 negotio
2989 1894 3396 1963 perambulante
3431 1893 3481 1945 in
3510 1903 3659 1945 tene-

2087 1989 2219 2051 bris,
2248 2002 2275 2039 a
2321 1986 2492 2047 ruina,
2528 1996 2575 2039 et
2609 1987 2875 2039 daemonio
2908 1987 3226 2043 meridiano.
3265 2005 3282 2037 ι
3314 1984 3476 2037 Addit
3507 1993 3559 2034 et
3594 1983 3659 2035 il-

2086 2078 2176 2133 lud
2211 2080 2230 2109 ⁷
2276 2096 2289 2131 :
2351 2097 2369 2128 ‹
2421 2079 2677 2131 Dominus
2720 2077 3045 2130 illutnittatio
3099 2093 3256 2139 mea,
3305 2086 3359 2129 et
3410 2075 3662 2128 Salvator

2088 2187 2238 2224 meus
2275 2168 2385 2242 (40)
2408 2210 2421 2232 ,
2458 2185 2616 2238 quem
2666 2168 2913 2223 timebo?
2950 2168 3209 2221 Dominus
3246 2165 3499 2219 defensor
3538 2166 3659 2217 vita:

2086 2276 2239 2320 metu,
2271 2276 2433 2327 aquo
2474 2260 2798 2328 trepidabo?
2832 2279 2851 2309 ι
2901 2259 2965 2311 Et
3000 2259 3192 2310 iterum
3221 2257 3241 2287 ⁸
3285 2275 3297 2311 :
3334 2278 3349 2307 ς
3392 2256 3447 2308 Si
3482 2256 3659 2309 consi-

2085 2364 2232 2408 stant
2261 2355 2548 2407 adversum
2583 2367 2666 2405 me
2691 2362 2889 2415 castra,
2913 2366 3016 2403 non
3050 2349 3257 2403 timebit
3280 2364 3376 2401 cor
3399 2364 3597 2401 meum.
3635 2367 3654 2398 ›

2085 2444 2247 2497 Vides
2290 2441 2649 2496 coastantiam
2695 2451 2748 2492 et
2794 2441 3043 2492 virtutem
3076 2439 3270 2491 animae
3301 2440 3658 2493 custodientis

2084 2536 2335 2588 mandata
2369 2533 2485 2594 Dei,
2518 2543 2569 2585 et
2613 2532 2863 2585 habentis
2900 2532 3147 2585 ﬁduciam
3203 2530 3470 2584 libertatis
3504 2530 3658 2598 inge~

2083 2645 2219 2683 uuae.
2247 2628 2373 2681 Post
2404 2627 2518 2680 hate
2544 2668 2557 2688 ,
2592 2646 2607 2677 t
2644 2626 3031 2679 Exterminabo
3057 2626 3101 2690 ,”
3124 2624 3300 2693 inquit
3333 2620 3352 2649 ⁹
3380 2663 3394 2686 ,
3451 2623 3656 2677 bestias

2083 2720 2253 2773 malas
2283 2720 2346 2773 de
2376 2727 2516 2771 terra
2553 2725 2755 2770 vestra.
2788 2734 2804 2766 ι
2838 2714 3053 2779 Bestiae,
3090 2715 3282 2783 inquit,
3316 2714 3431 2766 ista‘
3458 2730 3654 2781 corpo-

2084 2811 2262 2873 rales,
2296 2825 2399 2863 uon
2446 2820 2569 2862 sunt
2612 2808 2762 2860 malae
2787 2848 2801 2871 ,
2838 2820 3013 2873 neque
3059 2806 3246 2869 bottze,
3290 2807 3381 2858 sed
3419 2806 3651 2857 medium

2082 2904 2355 2971 quiddam.
2396 2902 2531 2954 Sttttt
2565 2902 2705 2955 enim
2736 2909 2879 2953 muta
2908 2897 3184 2951 animalia.
3212 2898 3315 2950 Sed
3347 2896 3447 2949 illze
3469 2894 3654 2949 bestia:

2084 2995 2239 3048 mala:
2273 3002 2397 3046 sunt
2428 2993 2735 3061 spiritales,
2768 3007 2904 3059 quas
2933 2989 3223 3059 Apostolus
3254 2987 3383 3040 dicit
3414 2988 3455 3017 ¹⁰
3491 3004 3508 3035 t
3547 2988 3654 3053 spi-

404 3064 545 3115 enint
571 3065 683 3131 ejus
708 3070 894 3122 tirmus
918 3073 1248 3131 estdicetttis
1271 3078 1334 3129 ad
1368 3080 1531 3132 Deum
1556 3082 1599 3113 9"
1623 3100 1635 3134 :
1662 3102 1679 3133 ι
1702 3084 1972 3137 Conlirma
2007 3104 2046 3159 ο
2086 3085 2265 3137 ritales
2300 3084 2568 3153 nequitias
2606 3084 2656 3135 in
2705 3084 3035 3137 cuslestibus.
3077 3102 3094 3134 ι
3149 3081 3210 3133 Et
3266 3081 3349 3132 illa
3380 3092 3463 3134 est
3512 3081 3649 3132 mala

406 3173 511 3217 me,
550 3158 792 3225 Domine,
834 3163 884 3215 in
920 3166 1097 3219 verbis
1136 3169 1262 3221 tuis.
1292 3188 1309 3218 ι
1341 3171 1703 3228 (ὶοιιῦι-ιηθιιιε
1743 3191 1890 3242 ergo,
1925 3190 1979 3231 et

406 3248 566 3316 267
593 3260 734 3304 tutus
766 3262 818 3305 et
846 3257 1115 3309 radicatus
1154 3258 1358 3312 habitat
1394 3277 1555 3330 super
1589 3272 1810 3328 terram,
1849 3268 1975 3319 fun-

406 3340 565 3393 datus
600 3342 647 3394 itt
685 3344 785 3395 lide
811 3386 826 3408 ,
859 3346 984 3413 quia
1037 3348 1327 3403 azdilicium
1368 3350 1482 3417 ejus
1534 3369 1639 3406 non
1686 3365 1767 3408 est
1815 3371 1979 3424 super

407 3446 623 3484 arenam
654 3435 908 3501 positum,
967 3454 1141 3506 neque
1188 3442 1340 3493 radix
1392 3442 1509 3509 ejus
1560 3460 1722 3513 super
1766 3458 1973 3515 petram

407 3532 530 3588 est;
565 3531 655 3579 sed
687 3528 880 3581 domus
904 3530 1118 3597 quidem
1148 3532 1265 3600 ejus
1295 3534 1517 3589 fundata
1555 3553 1717 3606 super
1752 3548 1973 3608 terram,

409 3616 587 3684 planta
633 3634 764 3673 vero
807 3620 922 3687 ejus
976 3622 1213 3677 radicata
1262 3636 1344 3679 est
1393 3628 1443 3680 in
1496 3629 1763 3695 proluttdo
1799 3642 1973 3695 terrae,

406 3707 509 3760 hoc
541 3718 645 3773 est,
680 3710 732 3763 iu
769 3710 1119 3768 interioribus
1151 3715 1344 3771 animae
1379 3718 1518 3785 ejus.
1554 3720 1719 3776 Recte
1749 3740 1878 3792 ergo
1910 3728 1973 3779 ad

405 3799 771 3866 hujuscemodi
816 3804 1051 3857 animam
1101 3806 1302 3861 dicitur
1365 3809 1414 3863 in
1462 3811 1972 3871 benedictionibus:

409 3910 427 3942 α
465 3894 527 3946 Et
556 3893 867 3949 habitabitis
912 3897 1009 3951 tuti
1042 3898 1154 3966 (59)
1187 3915 1353 3970 super
1385 3912 1587 3959 terram
1626 3918 1892 3975 vestram,
1922 3919 1974 3965 et

404 3986 544 4039 dabo
595 4001 779 4053 pacem
831 4002 993 4056 super
1044 3998 1247 4044 terram
1278 3992 1342 4045 ⁸⁸.
1392 4012 1410 4044 ι
1444 3994 1615 4061 Quam
1664 4013 1851 4065 pacem
1882 4001 1975 4054 dat

407 4076 547 4129 Deus
573 4077 595 4129 ?
624 4076 783 4128 Istam
817 4092 978 4145 quam
1012 4078 1174 4134 habet
1208 4084 1437 4137 mundus
1479 4084 1501 4136 ?
1533 4083 1702 4156 Negat
1731 4103 1789 4142 se
1814 4088 1972 4142 istam

407 4168 535 4221 dare
560 4168 827 4223 Christus.
862 4169 1000 4223 Dicit
1022 4172 1164 4225 enim
1190 4172 1273 4225 ’9:
1311 4193 1330 4225 ι
1362 4174 1534 4230 Meam
1565 4194 1750 4246 pacem
1777 4180 1847 4233 do
1878 4196 1973 4232 vo-

409 4259 526 4325 bis,
571 4276 742 4314 meam
786 4275 975 4329 pacem
1018 4264 1266 4333 relinquo
1312 4266 1464 4321 vobis
1510 4283 1525 4331 ;
1571 4284 1676 4322 non
1710 4270 1851 4325 sicut
1887 4272 1973 4326 hic

413 4352 641 4405 mundus
676 4352 765 4405 dat
798 4367 1022 4421 pacem,
1060 4370 1162 4424 ego
1189 4356 1258 4409 do
1284 4357 1463 4412 vobis.
1502 4378 1519 4412 ι
1553 4358 1724 4428 Negat
1752 4376 1884 4430 ergo
1912 4378 1972 4417 se

2083 3176 2275 3237 bestia,
2313 3177 2377 3226 de
2406 3192 2508 3242 qua
2547 3175 2673 3227 dicit
2712 3175 2993 3242 Scriptura
3021 3174 3100 3226 “1
3143 3189 3161 3222 ι
3202 3172 3437 3238 Serpens
3470 3182 3649 3223 autem

2079 3276 2195 3319 erat
2232 3266 2527 3329 sapientior
2567 3264 2807 3316 omnium
2853 3263 3145 3316 bestiarum
3187 3276 3304 3329 qua:
3337 3270 3464 3312 sunt
3492 3276 3653 3327 super

2082 3366 2300 3410 terram.
2345 3375 2363 3407 I
2401 3355 2516 3421 Ipsa
2565 3370 2694 3421 ergo
2739 3363 2820 3407 est
2874 3355 2988 3407 hch
3036 3354 3171 3404 mala
3227 3352 3434 3415 bestia,
3488 3367 3650 3420 quant

2081 3444 2345 3513 promittit
2386 3445 2524 3496 Deus
2554 3444 3039 3496 exterminatnrum
3083 3455 3141 3494 se
3174 3440 3239 3493 de
3268 3449 3408 3493 terra
3438 3449 3646 3503 nostra,

2077 3536 2119 3589 si
2154 3536 2268 3603 ejus
2298 3536 2545 3588 mandata
2582 3549 2882 3588 servemus.
2915 3534 3006 3586 Vis
3042 3532 3225 3585 videre
3267 3538 3320 3584 et
3364 3530 3519 3582 aliam
3556 3533 3647 3583 be-

2078 3627 2235 3681 stiam
2276 3626 2519 3679 ntalam?
2552 3645 2569 3677 ι
2610 3626 2971 3679 Adversarius
2999 3635 3199 3690 vester,
3237 3626 3410 3694 inquit
3437 3626 3500 3687 η,
3536 3624 3652 3679 dia-

2080 3718 2234 3772 bolus
2259 3719 2401 3772 sicut
2427 3718 2508 3771 leo
2542 3718 2757 3786 rugiens
2777 3717 2969 3772 circuit
3005 3730 3249 3783 qumrens
3280 3731 3438 3785 quem
3472 3725 3650 3768 trans-

2077 3818 2232 3863 voret
2272 3809 2417 3881 (at),
2471 3810 2557 3862 cui
2611 3808 2843 3863 resistite
2892 3807 3058 3862 fortes
3104 3808 3156 3862 in
3202 3808 3323 3862 (ide.
3368 3826 3386 3860 ι
3422 3807 3572 3873 Quod
3604 3809 3648 3862 si

2077 3901 2253 3955 adhuc
2294 3901 2474 3970 plures
2513 3900 2717 3953 bestias
2748 3899 2827 3954 vis
2860 3899 3101 3964 discere,
3143 3899 3357 3953 docebit
3388 3908 3437 3952 te
3469 3897 3637 3953 Isaias

2076 3994 2359 4063 propheta,
2388 3993 2478 4062 qui
2505 3995 2603 4048 sub
2634 3993 2840 4050 visione
2869 4005 3034 4062 quam
3084 3990 3377 4045 attitulavit
3409 3992 3650 4059 quadru-

2078 4088 2268 4157 pedum
2304 4088 2355 4140 in
2384 4088 2618 4151 deserto,
2652 4087 2776 4139 talia
2806 4085 3051 4155 quaedam
3089 4087 3406 4157 prophetico
3455 4085 3645 4153 spiritu

2077 4181 2142 4233 de
2175 4179 2361 4233 bestiis
2391 4179 2664 4247 loquitur:
2704 4197 2723 4230 ς
2765 4178 2821 4231 lu
2859 4177 3244 4243 tribulatione,
3281 4178 3449 4246 inquit
3484 4179 3561 4241 ”,
3593 4186 3649 4231 et

2076 4270 2326 4339 angustia
2363 4270 2465 4333 leo,
2502 4280 2557 4323 et
2606 4270 2815 4325 catulus
2854 4269 3067 4335 leonis;
3104 4270 3228 4324 inde
3270 4281 3325 4323 et
3357 4268 3466 4322 uati
3502 4268 3649 4336 aspi-

2080 4361 2206 4413 dunt
2243 4361 2570 4426 volantium,
2607 4362 2698 4429 qui
2740 4361 3029 4429 portabant
3072 4375 3233 4429 super
3259 4359 3440 4414 asinos
3474 4368 3529 4413 et
3560 4374 3650 4413 ca-

412 4456 597 4510 pacem
628 4443 811 4497 mundi
846 4444 981 4499 dare
1019 4446 1297 4516 discipulis
1332 4448 1463 4517 suis,
1498 4452 1622 4518 quia
1658 4463 1711 4507 et
1740 4452 1866 4506 alibi
1895 4454 1971 4508 di-
2008 4449 2050 4503 D
2082 4452 2248 4506 melos
2292 4451 2510 4507 divitias
2561 4467 2688 4507 suas
2733 4452 2799 4505 ad
2849 4462 3060 4521 gentem
3095 4466 3215 4520 quae
3266 4466 3372 4505 nou
3403 4450 3649 4520 proderit

410 4533 485 4587 cit
522 4534 539 4563 ¹
584 4546 600 4586 :
633 4551 652 4584 ι
686 4532 823 4598 Quid
866 4536 1070 4604 putatis
1102 4539 1227 4605 quia
1266 4554 1452 4607 pacem
1495 4542 1612 4596 veui
1660 4543 1874 4597 mittere
1917 4545 1970 4599 in

407 4634 607 4679 terram
642 4626 665 4679 Ἰ
699 4640 802 4679 ιιοη
834 4627 958 4681 veni
996 4643 1185 4697 pacem
1221 4630 1435 4684 mittere
1459 4669 1474 4693 ,
1504 4633 1598 4686 sed
1643 4632 1903 4702 gladium.
1947 4654 1966 4685 ι

408 4713 502 4769 Vis
525 4730 653 4784 ergo
680 4715 861 4771 videre
881 4731 1041 4785 quam
1068 4733 1254 4785 pacem
1287 4720 1377 4773 dat
1412 4721 1552 4775 Deus
1582 4737 1749 4792 super
1772 4732 1970 4778 terram

406 4816 647 4861 nostram
672 4806 695 4859 Ῥ
728 4807 782 4861 Si
812 4817 957 4862 terra
983 4809 1054 4863 sit
1083 4810 1243 4874 bona,
1286 4810 1370 4865 illa
1405 4827 1525 4882 quae
1556 4812 1713 4867 aﬁ'ert
1734 4816 1969 4870 fructum

404 4897 756 4951 centesimum
783 4938 797 4961 ,
848 4908 943 4953 aut
987 4902 1384 4972 sexagesimum
1415 4944 1429 4968 ,
1478 4916 1571 4959 aut
1611 4905 1967 4973 tricesimum,

402 4984 548 5038 illam
589 5000 775 5055 pacem
816 4989 1078 5057 suscipiet
1111 5006 1140 5044 a
1185 4991 1316 5059 Deo,
1360 5008 1519 5062 quam
1566 4993 1696 5049 dicit
1733 4996 1966 5065 Aposto-

402 5074 484 5129 lus
512 5076 531 5105 ¹
566 5094 579 5130 ε
611 5093 629 5127 ι
664 5075 778 5131 Pax
803 5087 983 5133 autem
1011 5079 1137 5147 Dei,
1173 5098 1292 5151 quae
1322 5093 1543 5154 superat
1578 5101 1795 5141 omnent
1821 5103 1972 5143 men-

471 5242 514 5272 9’
549 5240 705 5297 Prov.
733 5242 945 5307 xttt,25.

400 5310 490 5365 28.
544 5311 589 5341 ’⁸
620 5310 791 5365 Levit.
829 5328 975 5372 sxw.
1011 5313 1063 5375 5,
1094 5315 1147 5371 6.

400 5381 494 5446 t,6
569 5383 589 5410 δ
624 5379 784 5434 Prov.
819 5398 902 5446 ιιι,
933 5382 1025 5450 24,
1053 5384 1144 5441 25.

401 5451 447 5484 ν’
486 5450 683 5517 Ephes.
728 5466 777 5504 νι
805 5493 820 5518 ,
871 5453 960 5507 ω.

1231 5318 1276 5349 ’³
1301 5318 1455 5373 Joan.
1489 5322 1703 5385 x1v,27.

1220 5387 1241 5417 ⁵
1271 5386 1432 5445 Prov.
1466 5405 1655 5455 xxvnt,
1688 5392 1739 5445 1.

1030 5454 1072 5485 ¹¹
1098 5454 1235 5509 Gen.
1274 5474 1353 5523 ιιι,
1394 5459 1445 5511 1.
1526 5462 1566 5492 ι’
1601 5454 1761 5516 ll‘et.
1800 5477 1868 5527 v,
1900 5465 1954 5517 8.

470 5549 584 5619 (59)
620 5548 761 5601 Tuti.
799 5548 959 5604 Deest
995 5548 1049 5604 in
1080 5551 1308 5622 vulgatis
1331 5553 1677 5617 editionibus,
1710 5556 1803 5612 sed
1836 5573 1959 5628 sup-
2004 5594 2012 5601 μ

397 5618 573 5689 plctur
606 5636 636 5673 e
672 5634 800 5689 mss.

468 5689 583 5758 (40)
616 5688 771 5745 Libb.
803 5688 960 5754 editi,
995 5707 1012 5741 ί
1048 5690 1194 5746 salus
1227 5706 1365 5750 mea.
1404 5714 1421 5747 ι
1455 5694 1581 5750 Mss.
1604 5737 1616 5761 ,
1658 5716 1674 5748 ε
1712 5696 1958 5752 Salvator

1025 5245 1072 5318 f‘
1102 5245 1120 5318 I_
1150 5245 1275 5311 Cor,
1303 5264 1377 5315 tv,
1410 5252 1495 5304 ll.
1565 5252 1611 5284 9⁸
1642 5251 1678 5304 ll
1707 5253 1832 5309 Cor.
1862 5270 1936 5318 χι,
1968 5254 2057 5318 9-7,

1781 5325 1795 5353 ¹
1831 5324 1958 5376 Luc.
1984 5325 2146 5389 xtt,5l
2175 5341 2188 5388 ;
2221 5337 2271 5375 et
2296 5325 2486 5376 Matth.
2522 5338 2574 5385 x,
2602 5322 2692 5377 54.

1812 5394 1832 5424 ⁸
1858 5393 2000 5446 Psal.
2024 5409 2135 5451 Ctx.

2040 5464 2081 5494 ³³
2112 5465 2211 5518 lsa.
2249 5479 2375 5530 xxx,
2406 5465 2458 5517 6.

2080 4543 2179 4598 eis.
2220 4563 2239 4595 ι
2279 4543 2528 4613 Nunquid
2567 4544 2675 4600 ullo
2722 4545 2879 4599 modo
2921 4544 3094 4599 videri
3149 4554 3376 4613 possunt
3420 4543 3536 4597 hate
3581 4544 3649 4596 de

2080 4636 2455 4704 corporalibus
2479 4637 2668 4691 bestiis
2695 4637 2839 4692 dicta
2866 4638 3028 4691 etiam
3064 4637 3151 4700 iis,
3182 4637 3273 4706 qui
3305 4636 3459 4690 valde
3485 4634 3646 4689 amici

2079 4739 2206 4781 sunt
2236 4728 2470 4783 litteras?
2501 4728 2779 4795 Quomodo
2810 4729 2953 4784 enim
2989 4730 3103 4793 leo,
3132 4738 3187 4784 et
3218 4728 3427 4783 catulus
3457 4727 3645 4791 leonis,

2080 4820 2163 4874 vel
2187 4822 2396 4889 aspides
2411 4821 2654 4877 volantes
2681 4831 2908 4891 possunt
2929 4836 3094 4890 super
3122 4818 3360 4873 camelos
3382 4827 3436 4872 et
3463 4817 3648 4873 asinos

2077 4918 2292 4978 portare
2319 4911 2536 4966 divitias
2581 4925 2707 4965 suas
2730 4910 2753 4963 ?
2778 4908 2881 4964 Sed
2907 4908 3188 4963 evidenter
3218 4908 3519 4961 contrarias
3551 4921 3640 4975 po-

2081 5009 2301 5058 testates
2350 5004 2652 5057 dwmonum
2705 5002 3064 5071 pessimorum
3133 5000 3395 5069 propheta
3440 4999 3645 5068 Spiritu

2078 5105 2269 5150 sancto
2298 5095 2533 5165 repletus
2562 5103 2879 5160 enumerat,
2911 5107 3112 5162 eosque
3135 5091 3402 5147 collocare
3432 5091 3648 5145 divitias

2131 5256 2177 5286 ⁸⁸
2212 5254 2489 5316 Provmu,
2519 5253 2605 5307 25.
2678 5254 2724 5285 9"
2756 5251 2926 5307 Levit.
2957 5267 3103 5315 xxvi,
3135 5250 3187 5304 5.
3247 5251 3291 5279 "
3324 5248 3466 5303 Psal.
3497 5263 3642 5309 ωιιχ,

2769 5322 2789 5352 ⁸
2812 5320 3005 5389 Philip.
3041 5336 3116 5387 tv,
3145 5321 3198 5375 7.
3275 5320 3296 5351 ³
3321 5318 3492 5373 Levit.
3516 5334 3641 5389 xxv,

2243 5395 2261 5423 ⁷
2312 5394 2451 5447 Psal.
2480 5407 2623 5447 xxv"
2649 5395 2735 5457 ,1.
2807 5393 2830 5424 ⁸
2851 5387 2981 5446 ibid.
3010 5391 3064 5446 '5.
3159 5392 3180 5423 ’
3204 5389 3374 5445 Levit.
3402 5404 3521 5442 λιιι
3543 5428 3557 5453 ,
3590 5387 3641 5443 ϐ.

2070 5574 2249 5698 milli.)
2273 5578 2441 5683 ’Libb.
2491 5626 2622 5682 editi
2659 5664 2675 5691 ,
2713 5644 2733 5681 α
2772 5628 3014 5684 devoret.
3044 5644 3065 5681 ι
3103 5624 3229 5681 Mss.
3256 5661 3274 5692 ,
3323 5640 3344 5678 ε
3386 5635 3633 5681 ιηηενο.

2067 5706 2166 5754 tet.
2205 5718 2219 5750 ι
