4086 6218
445 356 545 411 571

1890 340 2213 402 ORIGENIS

3578 325 3687 384 572

441 472 826 543 deceptionum
858 484 1077 526 suarum
1109 482 1275 538 super
1298 467 1511 522 animas
1550 464 1778 522 stolidas
1806 478 2026 535 perver-
2051 472 2102 529 Α
2131 472 2389 517 numerus
2417 465 2489 514 ad
2520 465 2809 525 utramque
2831 460 3040 525 partem
3073 446 3475 543 accipiposcst.
3503 441 3564 498 Si
3590 443 3690 496 ita-

443 579 664 635 sasque,
694 578 830 632 quas
862 562 1090 617 camelis
1127 572 1181 616 et
1206 559 1378 614 asinis
1411 573 1510 629 per
1538 559 1765 628 ﬁguram
1792 575 2013 630 compa.

444 637 567 718 rat,
602 653 920 724 designavit.
956 652 1019 705 Et
1048 652 1118 706 iis
1157 651 1350 707 bestiis
1394 665 1460 704 ne
1493 652 1804 707 traderetur
1833 654 2017 706 anima

444 747 610 799 Demn
636 745 831 797 timens
855 744 1044 797 orabat
1063 744 1325 813 propheta
1349 742 1515 797 David
1534 743 1723 799 dicens
1742 744 1823 797 “z
1854 761 1873 795 ι
1896 741 2015 797 Non

441 835 627 889 tradas
674 835 872 910 bestii;
889 836 1121 889 animum
1158 835 1505 891 conﬁtentem
1540 834 1659 889 tibi.
1745 836 1813 891 Et
1838 846 2019 890 exter-

444 930 685 993 minabo,
707 930 886 999 inquit
911 931 977 995 ",
1002 929 1207 985 bestias
1237 929 1506 1000 malignas
1536 931 1603 985 de
1634 939 1779 985 terra
1812 941 2015 997 vestra,

438 1028 496 1074 et
531 1034 703 1089 pugna
737 1034 845 1075 non
877 1019 1126 1075 transibit
1168 1035 1267 1090 per
1300 1028 1506 1075 terram
1536 1026 1797 1076 vestram.
1828 1039 1851 1073 ι
1881 1020 2019 1076 Mul-

439 1124 509 1164 ιω
540 1124 665 1164 sunt
702 1125 894 1180 pugnae
926 1124 1046 1179 ηυω
1082 1121 1369 1167 transeunt
1409 1127 1510 1183 per
1540 1121 1744 1169 terram
1774 1123 2016 1169 nostram

438 1202 485 1255 si
516 1200 686 1270 legem
715 1202 811 1255 Dei
832 1217 937 1256 non
965 1202 1323 1270 custodimus,
1353 1219 1453 1260 nec
1481 1214 1743 1275 prmeepta
1768 1205 1886 1275 ejus
1904 1220 2020 1261 ser-

440 1305 651 1345 vanius.
693 1290 901 1347 Redeat
943 1295 1317 1366 unusquisque
1366 1296 1433 1351 ad
1475 1296 1712 1351 animam
1744 1311 1922 1363 suam,
1965 1304 2021 1352 et

440 1382 556 1451 ipse
603 1397 663 1437 se
709 1384 922 1440 interna
973 1386 1351 1443 recordatione
1401 1387 1700 1454 discutiat,
1733 1396 1788 1443 et
1836 1388 2021 1445 videat

438 1478 710 1543 quomodo
747 1488 888 1533 terra
923 1489 1105 1535 nostra
1131 1519 1148 1546 ,
1185 1481 1237 1535 id
1270 1489 1355 1536 est
1381 1521 1395 1547 ,
1430 1496 1560 1537 caro
1598 1491 1781 1538 nostra
1808 1522 1823 1548 ,
1875 1495 2019 1537 nunc

440 1565 632 1632 spiritu
704 1567 1123 1636 fornicationis,
1190 1585 1339 1624 nunc
1398 1570 1495 1625 ira:
1547 1580 1602 1626 et
1668 1571 1869 1628 furoris
1924 1588 2019 1625 ur-

444 1668 635 1725 getur,
676 1661 1096 1715 nunc'avaritiaa
1148 1661 1347 1730 jaculis
1380 1661 1658 1731 agitatur,
1700 1677 1845 1717 nunc
1898 1664 2020 1718 telis

441 1750 691 1821 pulsatur
745 1751 1002 1818 invidiae,
1064 1769 1207 1808 nunc
1279 1755 1503 1824 spiculis
1562 1755 1804 1810 libidinis
1859 1765 2017 1811 tere-

2116 567 2222 623 que
2252 567 2348 607 nos
2383 550 2555 605 simus
2602 564 2667 603 es
2698 545 2945 616 quinque
2991 539 3381 602 laudabilibus,
3425 537 3480 593 id
3511 544 3595 591 est
3624 549 3688 587 es

2118 645 2358 715 quinque
2391 641 2727 711 sapientibus
2754 676 2769 701 ,
2799 647 3192 707 persequemur
3222 630 3535 698 insipientes
3560 640 3691 681 ceu-

2120 744 2255 792 tum.
2289 734 2343 790 Si
2367 734 2511 789 enim
2542 732 2820 799 sapienter
2850 737 2903 783 et
2933 724 3287 795 probabiliter
3310 734 3609 791 pugnemus
3635 719 3688 771 iu

2120 826 2291 884 verbo
2319 827 2438 886 Dei.
2463 825 2510 879 si
2536 823 2829 893 prudenter
2862 820 2927 875 de
2953 819 3069 887 lege
3094 816 3302 870 Domini
3334 813 3689 875 disseramus,

2120 918 2491 975 convincimus
2530 925 2585 971 et
2628 914 2881 982 fugamus
2929 908 3233 964 inﬁdelium
3266 905 3687 960 multitudinem.

2123 1008 2277 1065 Sicut
2307 1009 2451 1063 enim
2482 1008 2721 1076 quinque
2747 1018 3023 1066 numerus.
3053 1012 3110 1057 et
3142 1000 3413 1068 sapimtes
3463 998 3689 1064 indicat,

2119 1110 2178 1156 et
2201 1101 2551 1170 insipientes;
2584 1100 2743 1153 itaet-
2780 1107 3041 1151 eenteuus
3087 1110 3367 1161 numerus,
3411 1104 3463 1148 et
3502 1093 3691 1148 ﬁdeles

2121 1192 2360 1256 indicat,
2396 1200 2449 1247 et
2480 1188 2743 1245 inﬁdeles.
2775 1188 2906 1243 Nam
2940 1199 2995 1243 et
3024 1186 3125 1242 sub
3151 1187 3468 1244 centenario
3516 1199 3692 1239 anno.

2121 1294 2242 1338 sum
2269 1293 2496 1335 nurnero
2521 1280 2798 1335 Abraham
2836 1279 2947 1333 Deo
2974 1279 3271 1333 credidisse
3290 1319 3304 1343 ,
3342 1287 3396 1332 et
3425 1276 3693 1346 iustiﬁca-

2121 1379 2214 1429 ωε
2238 1386 2363 1427 esse
2390 1371 2739 1436 describitur,
2765 1380 2841 1438 et,
2866 1389 2885 1423 ι
2918 1380 3169 1439 peccator
3190 1371 3286 1439 qui
3311 1369 3541 1422 mor-intr
3562 1383 3692 1423 cen-

2124 1471 2238 1519 tum
2269 1479 2537 1518 annorum
2586 1462 2907 1518 maledictus
2953 1463 3059 1517 erit
3081 1464 3147 1518 ".
3188 1480 3211 1514 ι
3259 1462 3324 1517 Ει
3358 1462 3445 1517 hic
3471 1468 3688 1516 censum

2121 1555 2363 1612 inﬁdeles
2390 1572 2422 1610 a
2445 1556 2689 1625 quinque
2719 1554 3055 1624 sapientibus
3103 1553 3413 1623 el'fugantur
3438 1592 3453 1617 ,
3484 1562 3537 1606 et
3568 1568 3688 1606 rur-

2122 1662 2241 1702 sum
2274 1655 2488 1703 centum
2515 1647 2719 1713 ﬁdeles,
2748 1660 2854 1699 non
2884 1654 2993 1699 satu
3022 1660 3249 1700 nurnero
3276 1654 3499 1699 centum
3525 1659 3683 1713 quant

2123 1738 2458 1809 perfectione
2488 1738 2702 1810 signati,
2748 1737 2916 1792 multa
2950 1737 3119 1791 millia
3166 1735 3467 1790 inﬁdelium
3510 1749 3682 1803 perse-

440 1841 667 1907 bratur,
712 1852 767 1898 et
809 1844 862 1898 in
908 1845 1325 1916 quibuscnnque
1370 1848 1710 1918 concupiscit
1752 1862 1879 1904 caro
1920 1850 2016 1903 atl-

2125 1839 2376 1899 qucntur.
2425 1830 2638 1901 Fugaut
2682 1833 2831 1887 enim
2872 1829 3058 1884 ﬁdeles
3087 1828 3338 1884 doctores
3378 1829 3684 1882 innumeros

442 1949 664 1989 versum
700 1936 985 2007 spiritum,
1012 1947 1067 1993 et
1095 1940 1322 2008 spiritus
1361 1942 1623 2000 adversus
1652 1956 1899 2007 carnem,
1932 1942 2018 1996 in-

444 2027 610 2083 ternis
645 2029 845 2098 prmliis
884 2046 1099 2100 semper
1146 2033 1403 2103 agitatur.
1450 2035 1591 2103 Quid
1632 2044 1814 2091 autem
1842 2037 2017 2089 dicam

441 2121 507 2172 de
537 2118 922 2188 cogitationum
957 2122 1153 2191 pugnis
1179 2163 1195 2191 ,
1226 2140 1362 2194 quas
1412 2129 1562 2182 cordi
1598 2137 1784 2183 nostro
1816 2142 2017 2198 sugge-

442 2208 514 2261 rit
540 2208 787 2263 inimicus
810 2254 824 2277 ,
860 2220 918 2265 ut
949 2228 1045 2268 nos
1085 2223 1252 2269 exuat
1281 2231 1308 2269 a
1349 2216 1453 2271 ﬁde
1480 2216 1718 2282 Christi,
1753 2225 1806 2272 et
1832 2217 1899 2271 ab
1925 2232 2020 2287 spe

439 2300 744 2354 vocationis
775 2303 1019 2358 nostrae?
1054 2303 1187 2360 Cum
1220 2308 1365 2362 enim
1402 2308 1721 2363 aﬁlictiones
1767 2310 2021 2364 tentatio-

444 2404 594 2454 num,
632 2396 685 2443 et
733 2391 1005 2446 molestias
1040 2393 1152 2464 (42)
1203 2396 1389 2450 saeculi
1437 2398 1790 2454 suscitaverit
1836 2400 2017 2464 nobis,

443 2491 836 2547 consequenter
866 2483 976 2549 jam
1015 2486 1259 2556 suggerit
1298 2488 1647 2557 cogitationi,
1688 2491 2016 2559 superﬂuum

443 2578 494 2622 et
528 2569 766 2637 ineptum
800 2583 921 2623 esse
968 2571 1082 2626 hzec
1124 2572 1360 2629 tolerare
1397 2590 1495 2644 pro
1538 2576 1758 2631 Christo
1782 2617 1797 2643 ,
1849 2577 2019 2633 multo

442 2674 564 2713 esse
595 2658 783 2712 inelius
811 2674 1063 2716 securam
1093 2672 1148 2717 et
1177 2665 1297 2719 sine
1339 2669 1818 2734 persecutionibus
1854 2670 2018 2724 vitam

441 2753 662 2805 ducere.
699 2748 821 2805 Haec
848 2752 1028 2807 sciens
1056 2762 1110 2808 et
1138 2756 1418 2824 apostolus
1454 2757 1651 2812 Paulus
1695 2759 1909 2813 dicebat
1932 2761 2015 2814 ηε

449 2859 468 2893 r
506 2843 863 2910 Cogitationes
891 2845 1273 2911 destruentes,
1321 2856 1375 2903 et
1412 2863 1626 2902 omnem
1676 2849 2016 2904 altitudinem

443 2934 786 2988 extollentem
827 2951 885 2990 se
915 2938 1200 2993 adversum
1250 2939 1536 2994 scientiam
1585 2940 1807 2996 Christi.
1846 2959 1866 2995 ι
1917 2941 2018 3009 Qui

444 3041 577 3093 ergo
606 3026 785 3080 divina
824 3038 1088 3097 praecepta
1137 3032 1466 3097 servaverit,
1515 3042 1572 3085 et
1619 3034 1873 3086 mandata
1901 3034 2020 3104 ejus

446 3120 781 3184 custodierit,
819 3130 873 3174 et
919 3119 1114 3175 fecerit
1158 3134 1220 3175 ea
1250 3160 1265 3185 ,
1312 3123 1456 3176 hanc
1499 3136 1735 3191 pugnam
1762 3163 1777 3189 ,
1809 3134 1862 3177 et
1908 3124 2020 3180 haec

447 3212 584 3266 bella
616 3228 720 3266 non
752 3212 973 3281 patitur,
1007 3214 1100 3267 sed
1130 3213 1271 3268 Deus
1300 3213 1477 3267 aufert
1499 3229 1564 3268 ea
1601 3214 1668 3268 de
1702 3225 1844 3267 terra
1876 3214 2014 3283 ejus,

445 3312 499 3357 et
534 3320 636 3358 non
672 3304 803 3359 sinit
837 3320 897 3359 ea
932 3305 1164 3359 transire
1193 3320 1292 3375 per
1317 3304 1727 3373 animamjusli.
1760 3324 1777 3358 ι
1809 3306 1876 3361 Et
1904 3322 2022 3376 per-

447 3395 744 3463 scqnemini
779 3396 1026 3451 inimicos
1062 3406 1270 3451 vestros
1298 3396 1362 3450 ¹⁷.
1386 3390 1562 3457 »Ουοε
1585 3394 1868 3463 inimicos,
1916 3398 2018 3453 nisi

447 3485 622 3551 ipsum
654 3486 927 3540 diabolum
971 3497 1023 3541 et
1051 3486 1274 3559 angelos
1314 3486 1462 3556 ejus,
1494 3495 1550 3540 et
1592 3486 1821 3555 spiritus
1864 3489 2020 3543 ntali-

447 3592 603 3642 gnos,
633 3587 686 3631 et
731 3578 993 3633 daemonia
1024 3578 1347 3632 immunda?
1390 3579 1790 3648 Persequemur
1821 3594 1886 3635 ea
1915 3596 2020 3634 non

448 3668 620 3721 solum
656 3676 713 3720 nt
742 3684 772 3720 a
825 3670 983 3723 nobis
1023 3669 1154 3738 ipsis
1182 3666 1502 3738 eﬁugemus,
1552 3670 1647 3725 sed
1695 3679 1749 3726 et
1782 3671 1850 3727 ab
1899 3671 2022 3728 aliis

449 3774 587 3825 quos
615 3760 917 3825 incursant,
942 3761 986 3816 si
1006 3761 1187 3816 divina
1210 3770 1477 3832 prmcepta
1508 3776 1809 3819 servemus.
1850 3782 1870 3817 ι
1899 3764 2023 3820 Per-

448 3851 769 3919 sequemini,
808 3852 982 3922 inquit
1014 3853 1079 3917 “,
1114 3853 1365 3908 inimicos
1391 3864 1623 3918 vestros,
1659 3866 1716 3910 et
1742 3857 1937 3910 cadent
1966 3858 2019 3909 in

447 3951 745 4009 conspectu
789 3953 972 3996 vestro
1026 3952 1227 4000 morte.
1271 3963 1290 3997 ι
1348 3944 1407 3999 Si
1459 3956 1709 4001 conterat
1764 3944 2021 4000 Satanam

448 4032 614 4101 268
654 4034 754 4086 sub
798 4032 1030 4103 pedibus
1063 4036 1268 4091 nostris
1299 4036 1565 4092 velociter
1616 4036 1758 4090 Deus
1782 4073 1798 4100 ,
1826 4036 2024 4089 cadent

451 4120 654 4175 inimici
704 4120 760 4174 in
803 4130 1093 4192 conspectu
1148 4132 1335 4178 nostro
1372 4133 1566 4181 morte.
1604 4124 1771 4191 Cujus
1806 4126 2025 4180 morte?

450 4211 561 4281 Ego
589 4211 822 4266 arbitror
849 4214 993 4281 quod
1027 4222 1212 4268 nostra
1259 4230 1275 4267 :
1325 4215 1373 4269 si
1423 4216 1568 4271 enim
1601 4230 1699 4272 nos
1727 4216 2023 4271 mortiﬁce—

450 4317 571 4358 mus
598 4305 836 4358 membra
865 4314 1050 4359 nostra
1080 4319 1204 4375 qua
1228 4314 1353 4360 sunt
1382 4320 1546 4377 super
1578 4314 1812 4371 terram,
1858 4308 2025 4362 forni-

451 4394 741 4460 cationem,
770 4394 1192 4461 immunditiam,
1220 4396 1265 4450 si
1297 4396 1437 4451 hanc
1469 4406 1700 4452 mortem
1730 4398 2025 4453 inferamus

2124 1924 2435 1990 daemones,
2489 1938 2557 1977 ne
2599 1924 2810 1979 animas
2850 1922 3185 1977 credentium
3234 1923 3455 1991 antiqua
3503 1920 3691 1975 Fraude

2121 2013 2415 2082 decipiant.
2453 2032 2471 2065 ο
2513 2014 2574 2069 Et
2609 2016 2801 2068 cadent
2847 2013 3053 2067 inimici
3088 2013 3251 2067 vestri
3294 2013 3344 2067 in
3390 2021 3691 2080 conspectu

2122 2114 2302 2161 vestro
2329 2104 2507 2176 gladio
2531 2106 2595 2161 ⁸³.
2632 2125 2655 2157 ι
2687 2105 2787 2172 Qui
2818 2104 2929 2159 siut
2966 2104 3169 2159 inimici
3212 2119 3373 2171 supra
3417 2104 3692 2169 diximus,

2121 2211 2231 2265 quo
2273 2206 2455 2252 autem
2502 2197 2679 2267 gladio
2727 2197 2981 2252 dicantur
3040 2196 3274 2258 cadere,
3329 2198 3692 2263 requirmnus.

2122 2284 2415 2355 Apostolus
2457 2286 2657 2341 Paulus
2706 2300 2806 2339 nos
2850 2285 3009 2339 docet
3060 2284 3184 2353 quis
3226 2284 3297 2337 sit
3335 2284 3423 2337 hic
3457 2282 3694 2349 gladius,

2122 2392 2245 2431 cum
2271 2376 2405 2433 dicit
2426 2376 2470 2411 ⁸³
2496 2390 2509 2425 :
2544 2395 2563 2429 ι
2595 2377 2762 2432 Vivus
2780 2379 2920 2431 enim
2945 2387 3028 2430 est
3056 2392 3236 2431 sermo
3262 2374 3376 2441 Dei,
3397 2384 3447 2427 et
3477 2373 3693 2439 eﬁicax,

2122 2475 2177 2521 et
2207 2466 2598 2535 penetrabilior
2617 2466 2763 2523 omni
2793 2466 2972 2535 gladio
2998 2467 3249 2535 utrinque
3279 2476 3459 2529 acuto,
3486 2468 3694 2534 pertin-

2119 2571 2254 2627 geus
2285 2572 2500 2625 quoque
2532 2572 2705 2626 usque
2743 2557 2809 2611 ad
2836 2573 3148 2627 compagem
3177 2558 3371 2613 animae
3413 2574 3477 2611 ac
3530 2558 3694 2626 spiri-

2124 2658 2231 2712 tus,
2263 2649 2629 2725 membrorum
2655 2663 2869 2719 quoque
2898 2660 2953 2707 et
2986 2649 3367 2731 medullarum,
3393 2660 3447 2705 et
3474 2661 3552 2705 est
3582 2652 3693 2706 dis-

2120 2748 2300 2797 cretor
2329 2740 2751 2811 cogitationum,
2784 2752 2838 2796 et
2883 2742 3239 2797 intentionum
3274 2744 3476 2798 cordis.
3516 2763 3534 2795 ι
3590 2742 3687 2797 ilic

2121 2838 2205 2885 est
2246 2828 2492 2901 gladius,
2544 2833 2705 2901 cujus
2729 2833 2846 2887 acie
2874 2832 2986 2904 (Ἠ)
3023 2834 3224 2888 cadunt
3253 2835 3454 2889 inimici
3489 2836 3685 2890 nostri.

2122 2922 2317 2979 Sermo
2351 2939 2585 2992 namque
2638 2926 2728 2981 Dei
2775 2936 2860 2981 est
2899 2927 2988 2995 qui
3049 2928 3339 2993 prosternit
3379 2942 3567 2982 omnes
3596 2928 3691 2978 ini-

2127 3010 2329 3076 micos,
2365 3019 2422 3065 et
2452 3011 2605 3081 ponit
2632 3026 2728 3066 eos
2768 3012 2871 3066 sub
2914 3012 3147 3081 pedibus
3186 3013 3331 3076 suis,
3366 3022 3426 3067 ut
3451 3015 3700 3067 subditus

2131 3108 2221 3165 ﬁat
2255 3111 2435 3166 omnis
2464 3112 2700 3168 mundus
2727 3113 2857 3166 Deo.
2892 3111 2985 3165 Vis
3024 3113 3203 3167 adhuc
3230 3122 3286 3168 et
3322 3113 3389 3168 de
3428 3114 3530 3167 alia
3570 3115 3701 3183 Epi-

2125 3207 2264 3262 stola
2311 3208 2459 3263 Pauli
2509 3210 2747 3274 discere,
2797 3213 2921 3279 quTa
2970 3210 3177 3281 gladius
3223 3227 3402 3266 sermo
3455 3213 3547 3266 Dei
3592 3213 3700 3268 sit?

2127 3300 2269 3358 Audi
2310 3321 2433 3360 cum
2482 3322 2604 3361 eum
2646 3323 2795 3361 arma
2844 3320 3111 3378 prmparat
3158 3310 3416 3365 militibus
3464 3312 3696 3380 Christi,

2122 3402 2392 3466 quomodo
2418 3401 2549 3455 dicit
2572 3401 2660 3454 ’δε
2699 3418 2718 3450 r
2755 3400 2819 3454 Et
2847 3400 3053 3469 galeam
3101 3402 3295 3456 salutis
3337 3403 3596 3470 accipite,
3640 3412 3695 3455 et

2122 3489 2356 3558 gladium
2386 3491 2612 3560 spiritus
2647 3492 2790 3557 quod
2822 3500 2904 3545 est
2938 3490 3159 3545 verbum
3207 3491 3302 3547 Dei
3353 3508 3449 3561 per
3479 3508 3692 3547 omnem

2122 3581 2426 3633 orationem
2452 3618 2467 3644 ,
2500 3590 2554 3635 et
2586 3580 3026 3635 obsecrationem
3053 3620 3067 3642 ,
3110 3598 3130 3631 ι
3167 3580 3568 3635 cvi-lentissime
3600 3597 3697 3649 per

2125 3670 2238 3723 haec
2271 3671 2632 3737 pronuntians
2659 3710 2674 3734 ,
2708 3671 2838 3740 quia
2882 3684 2979 3740 per
3004 3670 3232 3724 verbum
3279 3670 3370 3723 Dei
3397 3712 3412 3735 ,
3443 3672 3584 3738 quod
3614 3680 3697 3724 est

2124 3760 2338 3831 gladius
2381 3762 2638 3831 utrinque
2665 3772 2897 3824 acutus,
2948 3762 3140 3814 cadent
3184 3760 3389 3813 inimici
3440 3762 3607 3816 nostri
3643 3764 3695 3816 iu

2122 3863 2413 3920 conspectu
2449 3864 2657 3907 nostra.
2692 3871 2710 3904 ι
2754 3850 2819 3905 Et
2859 3851 3142 3918 respiciam
3176 3866 3340 3918 super
3374 3866 3488 3916 vos,
3519 3862 3573 3906 et
3602 3868 3698 3905 au-

2123 3944 2384 4010 gebo‘vos
2412 3944 2480 3997 ³⁸.
2515 3962 2535 3995 ι
2577 3943 2797 3997 Plenum
2836 3943 3192 3996 beatitudinis
3224 3953 3304 3996 est
3346 3943 3449 3997 hoc
3495 3944 3693 4011 ipsum,

2124 4036 2168 4089 si
2222 4050 2382 4104 quem
2438 4035 2699 4105 respiciat
2758 4034 2919 4090 Deus.
2964 4034 3055 4089 Vis
3097 4036 3283 4089 videre
3344 4036 3387 4089 si
3441 4037 3698 4105 respiciat

2128 4125 2268 4179 Deus
2305 4125 2370 4177 ad
2411 4125 2684 4179 hominem
2710 4164 2723 4188 ,
2764 4134 2964 4195 quanta
3017 4126 3089 4179 sit
3128 4125 3274 4179 salus
3311 4125 3337 4179 ἲ
3376 4125 3565 4180 Petrus
3598 4126 3699 4179 ali-

2123 4216 2343 4285 quando
2378 4232 2516 4286 pene
2554 4218 2809 4285 perierat,
2834 4226 2889 4271 et
2926 4231 2993 4271 ea
3032 4217 3445 4272 consecratione
3482 4228 3698 4287 aposto-

2124 4304 2211 4359 lici
2255 4306 2464 4359 stultiori
2504 4305 2719 4359 diabolo
2758 4320 2854 4375 per
2886 4320 2951 4362 es
2985 4307 3195 4363 ancillae
3221 4308 3493 4378 pouﬁﬁcis
3527 4307 3701 4375 ἰδίειιί-

2128 4406 2283 4451 rante
2319 4396 2495 4451 fuerat
2530 4405 2794 4466 ereptus:
2836 4398 2931 4451 sed
2971 4397 3061 4451 ubi
3106 4400 3342 4468 respexit
3372 4399 3437 4453 ad
3464 4413 3585 4453 eum
3609 4396 3701 4453 Je-

452 4484 710 4539 tuembris
736 4486 981 4552 nostris,
1026 4487 1101 4541 illi
1131 4489 1325 4543 cadent
1366 4489 1418 4542 in
1467 4501 1762 4559 conspectu
1815 4500 2021 4544 nostro.
2058 4483 2101 4540 Ι)
2126 4503 2217 4543 sus
2273 4496 2482 4543 tantum
2510 4528 2525 4553 ,
2568 4487 2657 4542 ubi
2697 4488 2764 4541 ad
2818 4504 2939 4544 eum
2982 4491 3175 4559 placidi
3218 4492 3396 4544 vultus
3434 4506 3532 4544 ora
3573 4506 3700 4545 cou-

451 4572 733 4639 Quomodo
756 4576 951 4631 cadent
988 4577 1041 4631 in
1068 4586 1358 4646 conspectu
1389 4589 1577 4633 nostro
1602 4582 1628 4633 7
1674 4580 1732 4633 Si
1762 4589 1814 4633 tu
1839 4579 2023 4647 justus

451 4665 548 4726 sis,
567 4665 758 4718 cecidit
772 4665 1029 4733 injustitia
1045 4667 1395 4737 incompeetu
1413 4678 1533 4735 tuo;
1551 4669 1596 4725 si
1616 4679 1819 4733 castus,
1832 4671 2025 4725 cecidit

453 4754 647 4821 libido;
678 4757 722 4809 si
759 4758 899 4827 pius,
923 4757 1091 4813 etiam
1130 4757 1242 4829 ipsa
1273 4759 1523 4827 impietas
1564 4760 1772 4815 corruit
1796 4770 1923 4818 ante
1950 4769 2023 4817 te.

522 4847 575 4901 7.
608 4866 627 4898 ι
670 4847 735 4901 Et
784 4856 1181 4918 peruquentur
1205 4864 1271 4904 es
1297 4850 1453 4906 vobis
1498 4850 1741 4921 quinque
1784 4860 2023 4916 centum,

451 4947 503 4989 et
534 4950 752 4992 centum
781 4953 847 4992 ex
882 4940 1036 4993 vobis
1079 4951 1478 5010 persequentur
1503 4942 1670 4996 multa
1704 4942 1871 4996 millia
1902 4944 1966 4995 ι’.
2004 4960 2023 4994 ι

450 5028 551 5093 Qui
579 5038 706 5085 sunt
732 5028 819 5081 isti
851 5029 1095 5098 quinque
1120 5030 1210 5097 qui
1236 5040 1462 5099 possunt
1498 5034 1745 5099 persequi
1771 5030 2029 5089 centum?

452 5120 705 5190 Quinque
754 5136 1015 5176 numerus
1046 5122 1163 5192 (45)
1194 5135 1248 5177 et
1291 5123 1349 5178 in
1390 5124 1749 5180 laudabilibns
1787 5126 2023 5196 ponitur,

454 5220 509 5263 et
541 5210 592 5263 in
623 5210 996 5281 culpabiltbtts.
1029 5212 1279 5281 Quinque
1300 5223 1428 5267 sunt
1454 5214 1733 5285 sapientes
1763 5215 2020 5285 virgines,

452 5310 508 5355 et
536 5303 775 5371 quinque
819 5301 1135 5372 insipientes
1158 5304 1226 5361 ’°.
1272 5302 1364 5360 Sic
1408 5319 1537 5376 ergo
1570 5313 1625 5360 et
1670 5308 2021 5360 centonarius

458 5548 585 5587 nvi
609 5574 624 5597 ,
648 5533 701 5588 9.
807 5533 855 5566 ⁸⁸
876 5534 1067 5592 Matth.
1100 5553 1249 5600 xm.
1287 5539 1377 5594 75.

463 5626 649 5753 ut?)
684 5625 839 5680 Libb-
866 5630 1029 5699 editi,
1068 5648 1087 5683 ι
1119 5633 1516 5689 molestiarum.
1551 5650 1571 5685 ι
1613 5630 1766 5701 Mss,
1802 5649 1823 5683 ς
1860 5630 2032 5686 mole-

519 5715 529 5745 ι
603 5738 613 5747 .
656 5716 681 5750 υ

533 5767 647 5836 (ιδ)
677 5766 830 5822 Libb.
863 5768 991 5822 editi
1022 5768 1107 5824 hic
1133 5780 1187 5825 et
1213 5771 1375 5836 infra,
1406 5789 1425 5823 ε
1464 5772 1807 5841 quinqueuus
1838 5786 2028 5825 nume-

2129 4582 2328 4646 vertit,
2364 4582 2552 4637 statim
2594 4598 2845 4639 reversus
2885 4585 2942 4639 in
2984 4585 3371 4652 semetipsum,
3414 4592 3469 4637 et
3515 4582 3700 4652 prola-

2128 4688 2284 4742 psum
2319 4676 2384 4728 de
2422 4676 2719 4744 praecipitio
2758 4691 3020 4731 revocans
3074 4676 3293 4744 pedem,
3340 4690 3362 4724 ρ
3399 4673 3577 4736 ﬂevit,
3620 4674 3704 4725 iu-

2129 4763 2244 4833 qnit
2264 4764 2329 4828 ",
2371 4767 2710 4821 amarissime
2735 4808 2750 4831 ,
2800 4786 2818 4819 ι
2864 4778 3028 4838 atque
3076 4770 3145 4819 ita
3183 4773 3467 4834 respectus
3494 4780 3525 4818 a
3565 4765 3696 4827 Deo,

2132 4853 2308 4908 locum
2339 4870 2497 4908 suum
2544 4855 2725 4911 flendo
2763 4859 2998 4926 recepit,
3036 4872 3195 4924 quem
3241 4856 3486 4925 negando
3523 4855 3700 4925 perdi-

2124 4945 2298 4999 derat.
2330 4965 2349 4998 t
2388 4946 2692 5015 Respiciam
2723 4963 2886 5018 ergo,
2925 4948 3130 5016 inquit,
3160 4962 3325 5014 super
3355 4962 3481 5012 vos,
3506 4956 3562 4999 et
3592 4959 3694 4998 au-

2129 5036 2267 5103 gebo
2301 5051 2415 5089 vos.
2458 5055 2476 5088 ι
2522 5034 2801 5105 Tanquam
2850 5039 2893 5090 si
2943 5038 3021 5091 sol
3075 5039 3332 5105 rcSplt-iat
3367 5044 3603 5105 segetem
3643 5046 3698 5093 et

2126 5126 2319 5180 aﬁerat
2356 5128 2606 5191 fructus,
2638 5143 2799 5196 quam
2852 5127 3043 5196 utique
3091 5128 3136 5182 si
3189 5144 3294 5182 non
3350 5127 3702 5196 respexisset,

2126 5218 2461 5272 infructuosa
2513 5220 2802 5273 mansisset
2843 5236 2858 5273 :
2913 5220 2984 5274 ita
3042 5220 3183 5274 Deus
3232 5228 3471 5289 segetem
3523 5218 3705 5273 cordis

2125 5309 2295 5362 nostri
2336 5311 2649 5378 respiciens,
2680 5319 2734 5363 et
2766 5310 2929 5365 radiis
2959 5326 3058 5368 nos
3080 5312 3231 5366 verbi
3261 5311 3346 5365 sui
3372 5310 3700 5375 illuminans,

529 5392 573 5463 ’ξ
599 5392 739 5449 Psal.
773 5410 960 5458 ustv,
994 5396 1078 5450 i9.
1157 5399 1200 5431 ⁸⁸
1228 5398 1397 5453 Levit.
1428 5415 1578 5461 xxvi.
1608 5398 1662 5463 5,
1683 5398 1738 5455 6.
1815 5400 1857 5430 ¹⁶
1884 5397 1926 5451 ll
1960 5399 2085 5451 Cor.
2117 5416 2172 5461 χ.
2204 5400 2260 5454 5.

456 5464 503 5496 '°
533 5462 724 5535 Matth.
749 5467 964 5535 “v.72.
1040 5466 1083 5497 ²¹
1130 5465 1228 5521 lsa.
1264 5484 1364 5523 uv
1390 5509 1405 5533 ,
1461 5469 1552 5524 20.
1628 5471 1674 5502 ⁸³
1703 5466 1875 5523 Levit.
1924 5483 2043 5522 xxvi
2072 5509 2088 5535 ,
2130 5475 2180 5525 8.

2332 5403 2373 5433 ¹⁷
2405 5401 2576 5455 Lavit.
2606 5402 2827 5467 xxvt,7.
2896 5403 3088 5457 u‘lbid.
3167 5404 3210 5434 ¹²
3235 5402 3406 5458 Levit.
3433 5417 3558 5458 ιιι-ι
3582 5441 3597 5463 .
3644 5400 3699 5453 8.

2258 5472 2302 5502 ιι
2342 5471 2473 5528 ιιιιι».
2508 5487 2595 5537 ιν,
2640 5471 2721 5526 te.
2822 5472 2866 5503 ιι
2902 5473 3096 5541 Ephes.
3142 5472 3334 5539 νι,17.
3430 5471 3477 5504 υ
3526 5470 3703 5529 ιενῑι.

2144 5651 2255 5692 tus.
2293 5655 2310 5686 ι
2343 5637 2433 5689 sed
2465 5652 2592 5688 mss.
2623 5651 2833 5694 omnes,
2867 5654 2886 5686 ι
2919 5635 3156 5703 quinque
3186 5649 3464 5691 numerus.
3503 5653 3521 5686 ι

2211 5706 2322 5776 (Η)
2357 5707 2534 5762 Codex
2570 5708 2827 5775 Sungetm
2860 5746 2873 5769 ,
2914 5723 2932 5758 ι
2974 5723 3001 5760 a
3030 5704 3188 5769 facie,
3226 5724 3245 5756 ι
