2043 3109
179 159 231 185 ΞΠ

792 160 947 188 SELECTA
967 160 999 187 IN
1016 161 1183 189 NUMEle

1753 168 1806 196 578

216 217 272 244 Τοῦ
285 218 388 245 αὐτοῦ.
406 219 491 246 Τοῦτο
507 219 589 251 τύπος
605 220 654 255 τῆς
669 220 807 256 ἀληθείας.
818 232 827 248 ε
840 222 902 249 Ἐὰν
913 222 962 257 γὰρ

1055 223 1193 258 Ejusdem.
1208 225 1264 253 Hoc
1281 226 1432 261 symbolum
1446 231 1486 253 cst
1497 227 1628 255 veritatis.
1646 228 1716 255 «Nisi
1732 230 1804 256 enim

179 262 217 297 μὴ
233 263 371 297 στραφῆτε
388 263 434 289 καὶ
450 264 564 299 γένησθε
585 265 623 296 ὡς
641 264 675 292 τὰ
690 265 793 298 παιδία,
809 265 838 292 οὑ
854 266 891 302 μὴ
909 267 966 293 εἱσ-

177 307 273 343 έλθητε
291 309 330 339 εἰς
354 308 403 344 τὴν
423 308 569 343 βασιλείαν.
586 321 595 337 ι

219 353 373 380 Ἁνέλεσθε
387 354 423 380 τὰ
439 354 545 388 πυρεῖα
561 355 598 381 τὰ
611 355 721 390 χαλκᾶ.
740 357 844 393 Ὥσπερ
863 358 878 383 ὀ
903 358 968 392 χαλ-

178 400 242 431 κοῦς
257 400 318 434 ὄφις
333 402 445 435 σημεῖον
461 400 511 436 τῆς
522 401 650 433 ἀπιστίας
668 401 768 435 αὐτῶν,
784 402 855 430 οὕτω
874 404 919 430 καὶ
933 403 968 431 τὰ

178 448 276 481 πυρεῖα
290 446 345 473 τῶν
361 447 426 482 περί¹
440 447 513 483 Κορὲ
531 448 578 475 καὶ
599 448 687 475 Δαθὰν
700 449 749 476 καὶ
770 449 899 485 ’Δϐειρὼν
916 458 967 476 πε-

180 493 278 529 ρίθεμα
295 493 359 521 ὅντα
373 494 413 529 τῷ
428 494 623 530 θυσιαστηρίῳ.

212 539 268 566 Καὶ
285 540 347 572 τοῖς
364 540 439 573 υἱοῖς
452 541 524 568 Λευτ
536 540 599 568 ιδσὺ
616 541 731 568 δέδωκα
753 542 814 569 πᾶν
830 542 966 570 ἐπιδέκα-

176 594 231 612 τον
245 586 280 613 ἐν
301 586 429 620 Ἰσραήλ.
444 587 565 619 Εἰκότως
579 588 794 624 ἀπονενέμηνται
807 590 863 621 τοῖς
882 588 966 625 ἱερεῦ-

177 639 222 668 σιν
240 632 267 658 αἱ
284 631 406 667 ἀπαρχαὶ
418 652 425 664 ,
443 632 560 667 ἐπείπερ
575 633 606 659 οὑ
621 633 785 670 κληρονομεῖ
799 634 816 669 ἠ
835 634 901 662 Λευῒ
915 643 965 668 φυ-

175 676 230 712 λὴ,
259 677 319 703 οὐδὲ
346 677 445 713 κλῆρον
475 677 607 713 λαμϐάνει
632 679 671 711 ὡς
697 680 725 706 αἰ
749 679 849 706 λοιπαί.
880 680 965 707 Τοῦτο

176 722 306 758 πρόξενον
324 723 373 758 τῆς
399 723 594 760 ἀκτημοσύνης
617 727 673 756 τοῖς
691 725 809 761 ἱερεῦσιν
829 726 843 751 ὁ
864 725 965 761 κλῆρος

175 768 222 794 τοῦ
237 768 275 804 τῷ
291 769 475 806 θυσιαστηρίῳ
490 771 718 806 συμμερίζεσθαι.
739 772 860 804 Δεκάτας
878 773 964 800 ἐδίδου

175 815 190 841 ὁ
206 814 269 846 λαὸς
283 816 338 846 τοῖς
351 814 488 848 Λευίταις,
505 816 553 843 καὶ
567 818 591 843 οἱ
608 818 720 845 Λευῖται
733 819 789 850 τοῖς
805 818 932 852 ἱερεῦσιν.

210 859 259 892 Μὴ
275 859 310 885 ἐκ
321 858 373 892 τῆς
389 859 499 893 πέτρας
512 861 623 895 ταύτης
634 861 782 896 ἐξάξομεν
792 862 863 897 ὑμῖν
874 863 963 897 ὔδωρ;

182 904 211 930 '0
229 905 358 939 Μωῡσῆς,
373 905 410 940 μὴ
418 904 531 938 δοξάσας
547 906 593 933 τὸν
606 907 670 933 Θεὸν
686 907 732 933 ἐπὶ
745 907 792 933 τοῦ
802 907 878 939 λαοῦ,
893 909 963 935 ἐκω-

175 949 243 983 λύθη
260 950 403 986 παρελθεῖν
428 952 487 986 μετ’
500 951 593 978 αὐτοῦ.
614 953 671 979 Ἵνα
688 952 741 989 γὰρ
760 952 797 988 μὴ
812 953 841 979 ὃν
862 954 964 989 ἐτίμων

177 994 282 1027 ζῶντα,
309 996 338 1022 ἐν
361 996 428 1023 Θεοῦ
448 996 607 1032 θεραπείαις
623 999 773 1034 τιμήσωσιν
790 999 941 1027 ἀπελθόντα
954 1020 962 1035 ,

176 1040 266 1075 ἀφανῆ
282 1040 326 1068 τὸν
341 1041 422 1069 τόπον
436 1041 491 1078 [ῑσ.
509 1043 606 1080 τάφον]
627 1043 785 1079 πεποίηκεν.

209 1128 275 1155 Νῦν
299 1129 429 1162 ἐκλείξει
449 1132 469 1165 ἡ
485 1131 644 1167 συναγωγὴ
658 1133 734 1167 αὕτη
755 1133 869 1165 πάντας
891 1135 964 1168 τοὺς

176 1174 280 1206 κύκλῳ
293 1175 386 1210 ἡμῶν.
406 1176 490 1203 Τοῦτο
514 1178 690 1214 παράδειγμα
705 1179 816 1206 ἐλαϐεν·
839 1179 934 1216 ὥσπερ
949 1182 964 1208 ὁ

176 1220 276 1255 μόσχος
293 1221 321 1247 ἐν
339 1221 379 1257 τῷ
400 1221 513 1258 στόματι
533 1224 567 1250 τὰ
584 1224 685 1260 χλωρὰ,
704 1225 774 1251 οὕτω
789 1225 836 1252 καὶ
854 1227 868 1252 ὁ
886 1226 964 1260 ἅγιος

175 1265 240 1297 λαὸς
259 1268 314 1298 τοῖς
333 1266 434 1302 χείλεσι
453 1270 665 1305 στρατευόμενος
693 1273 722 1298 ἐν
747 1273 803 1303 τοῖς
832 1273 962 1308 στόμασιν

176 1311 233 1345 ἔχει
246 1311 279 1338 τὰ
292 1311 362 1338 ὅπλα
374 1312 418 1338 διὰ
435 1313 488 1340 τῶν
503 1313 600 1348 εὐχῶν.
619 1315 674 1341 Καὶ
688 1315 768 1342 τοῦτο
786 1315 863 1348 εἰδὼς
877 1318 892 1343 ὁ
910 1317 963 1343 Βα-

176 1356 230 1383 λὰκ
250 1357 278 1384 ἐν
294 1359 349 1389 τοῖς
368 1357 509 1394 προτέροις
526 1358 571 1385 πο)
579 1359 654 1394 έμοις
671 1361 793 1396 ἐναργῶς
809 1362 960 1398 γινόμενον,

174 1402 299 1438 βούλεται
314 1403 362 1430 καὶ
384 1404 465 1436 αὐτὸς
486 1406 542 1436 τοῖς
570 1405 613 1432 διὰ
636 1406 745 1441 χειλέων
763 1407 856 1439 ὅπλοις
878 1416 961 1443 στρα-

172 1448 316 1475 τεύεσθαι·
336 1450 382 1475 καὶ
398 1449 475 1476 καλεῖ
487 1450 532 1477 τὸν
548 1450 661 1487 Βαλαὰμ
675 1452 719 1479 τὸν
735 1452 831 1487 ἔχοντα
842 1453 876 1480 τὰ
892 1454 962 1480 ὅπλα

174 1494 226 1529 τῆς
252 1495 376 1527 ἐναντίας
398 1495 537 1531 δυνάμεως
559 1497 587 1523 ἐν
611 1499 667 1529 τοῖς
686 1497 787 1532 χείλεσι
808 1499 857 1530 τὰς
881 1499 960 1534 ἀράς.

174 1541 209 1568 οι
223 1541 276 1577 γὰρ
292 1542 363 1576 ἅγιοι
379 1542 488 1576 ἄγγελοι
502 1544 705 1579 συμπράττουσι
720 1546 776 1576 τοῖς
790 1544 904 1577 δικαίοις
921 1546 960 1577 εἰς
974 1559 994 1588 C

174 1587 211 1614 τὰ
223 1588 353 1623 σωτήρια,
381 1589 426 1614 καὶ
443 1588 532 1622 ἀγαθὰ
558 1589 635 1625 ἔργα,
654 1590 700 1616 καὶ
723 1591 747 1616 οἱ
773 1592 887 1627 πονηροὶ
902 1592 960 1619 δαί-

179 1642 257 1668 μονες
276 1636 332 1665 τοῖς
356 1634 481 1661 ἀσεϐέσιν
504 1635 675 1671 ἁμαρτωλοῖς
689 1636 843 1672 ἀνθρώποις
864 1639 904 1669 εἰς
927 1639 961 1665 τὰ

178 1679 284 1715 πονηρὰ
312 1679 358 1706 καὶ
382 1679 500 1715 βλαϐερὰ
520 1681 571 1716 τῆς
585 1682 720 1717 σωτηρίας
740 1683 794 1709 τῶν
811 1683 961 1719 ἀνθρώπων

179 1724 255 1759 ἔργα.
273 1726 304 1751 Οἱ
320 1725 368 1760 μὲν
382 1726 436 1761 γὰρ
450 1727 522 1760 ἆγιοι
539 1728 728 1763 στρατεύονται
749 1729 838 1763 λόγοις
855 1730 942 1765 εὐχῶν
953 1750 960 1763 ,

178 1770 203 1795 oi.
216 1769 244 1796 δὲ
261 1769 367 1800 ἐσεεῖεἶς
381 1771 424 1797 καὶ
439 1772 594 1806 ἁμαρτωλοὶ
607 1773 695 1806 λόγοις
715 1774 847 1809 μαγειῶν.

217 1814 271 1841 Τοῦ
287 1815 388 1841 αὐτοῦ.
403 1816 457 1842 Καὶ
470 1817 486 1851 ἡ
508 1818 568 1844 κατ’
588 1817 712 1852 αἴσθησιν
726 1819 780 1845 τῶν
792 1819 961 1854 πραγμάτων

177 1861 281 1896 ἱστορία
297 1861 416 1897 μεγάλης
432 1862 566 1896 ὼψελείας
591 1864 776 1899 πεπλήρωται.
805 1865 851 1891 Ἐκ
870 1866 898 1892 δὲ
913 1867 962 1901 τῆς

177 1907 359 1942 προκειμένης
387 1908 507 1943 ἱστορίας
535 1908 704 1944 μανθάνομεν
728 1910 825 1943 πολλὰ,
854 1912 900 1938 καὶ
921 1913 961 1939 ὅτι

175 1952 233 1978 ἐστι
261 1952 454 1987 στρατεύεσθαι
475 1953 583 1987 λόγοις,
607 1954 653 1980 καὶ
679 1955 784 1989 μεγάλα
813 1956 961 1992 πράγματα

174 2000 388 2036 οἰκονομεῖσθαι,
414 2001 461 2027 καὶ
478 2001 673 2037 κατορθοῦσθαι
689 2002 733 2029 διὰ
748 2003 849 2037 λόγων⁸
873 2005 919 2031 καὶ
936 2007 960 2032 οἱ

177 2047 227 2082 μὲν
241 2047 312 2081 ἅγιοι
329 2047 519 2081 στρατεύονται
539 2047 627 2083 λόγοις
642 2048 743 2084 εὐχῶν·
759 2050 783 2076 οι
803 2050 831 2077 δὲ
852 2051 960 2084 ἀσεϐεῖς

175 2093 266 2127 λόγοις
281 2093 410 2128 μαγειῶν.

213 2140 268 2167 Τοῦ
293 2138 394 2166 αὐτοῦ.
417 2140 449 2166 Ἦ
469 2140 578 2167 ἐναντία
600 2139 713 2176 δύναμις
737 2141 863 2168 οὐδέποτε
888 2143 961 2168 ποιεὶ¹

174 2186 255 2222 ἔργον
274 2185 364 2218 καλὸν,
382 2185 448 2212 ἀλλὰ
468 2187 555 2212 πάντα
567 2187 689 2222 χείριστα
699 2187 813 2222 ἐνεργεῖ·
829 2187 875 2214 καὶ
891 2187 959 2223 ὅπερ

1020 270 1143 297 Conversi
1166 271 1273 298 fueritis
1296 277 1323 299 et
1346 272 1500 299 eﬂiciamini
1517 273 1590 300 sicut
1605 275 1721 308 parvuli,
1749 284 1804 303 non

1019 315 1155 343 inlrahitis
1177 317 1201 343 in
1220 325 1331 352 regnum
1353 318 1484 344 caelorum
1499 318 1532 345 ‘9.
1547 327 1556 344 ι

1056 360 1150 387 Tollite
1167 362 1302 388 thuribula
1317 371 1390 389 (enea
1414 363 1448 389 ⁵⁸⁵.
1462 363 1692 395 Quemadmodum
1716 373 1805 392 mincius

1017 413 1129 441 serpens
1149 407 1256 441 signum
1273 412 1314 434 est
1330 408 1498 435 inﬁdelitatis
1514 417 1608 436 eorum
1624 431 1630 440 .
1651 410 1687 436 ita
1700 417 1726 437 et
1744 412 1806 438 tim-

1016 451 1101 478 ribnla
1128 452 1207 484 Core,
1230 453 1335 480 Dathan
1351 458 1379 481 et
1393 454 1508 488 Abiron,
1523 462 1584 489 quas
1597 455 1805 490 circumponnn-

1018 502 1061 524 tttr
1076 498 1168 525 altari.

1052 542 1087 569 Et
1103 543 1167 576 ﬁliis
1189 543 1251 571 Levi
1270 552 1327 571 ecce
1348 545 1408 572 dedi
1433 553 1534 572 omnem
1557 546 1685 573 decimam
1712 547 1739 573 in
1765 547 1805 574 Is-

1015 588 1073 615 rael
1090 588 1124 616 “.
1144 588 1210 617 Jure
1227 591 1415 618 sacerdotibus
1431 591 1566 618 attributae
1585 597 1648 619 sunt
1666 593 1803 626 primitiae,

1015 635 1234 669 quandoquidem
1261 636 1348 664 hzeres
1370 645 1423 663 non
1448 637 1478 663 tit
1495 637 1584 665 tribus
1608 637 1689 671 Levi,
1717 646 1804 673 neque

1015 684 1117 707 sortem
1133 680 1244 714 accipit.
1263 681 1333 708 sicut
1349 681 1471 715 reliquae.
1487 681 1678 717 Paupertatem
1704 692 1803 718 procu-

1017 726 1094 752 rabat
1114 727 1303 754 sacerdotibus
1329 734 1391 755 sors
1408 735 1460 762 qua
1487 727 1569 755 altari
1590 729 1689 756 addicti
1713 736 1801 757 crant.

1015 772 1140 800 Decimas
1157 773 1240 801 dabat
1265 774 1381 809 populus
1405 774 1517 808 Levitis,
1543 779 1571 801 et
1587 774 1689 802 Levita:
1711 783 1804 803 sacer-

1015 819 1133 846 dotibus.

1052 863 1179 899 Nunquid
1197 873 1230 892 ea:
1248 870 1322 899 petra
1335 865 1384 892 hac
1402 866 1541 893 educamus
1556 867 1627 894 vobis
1647 875 1743 903 aquam
1758 868 1804 896 “f

1015 909 1083 936 Cum
1097 909 1204 945 Moyses
1216 918 1269 938 non
1287 910 1469 945 gloriﬁcasset
1486 912 1569 939 Deum
1586 920 1676 940 coram
1691 914 1800 948 populo,

1016 962 1067 982 non
1081 955 1244 990 permissum
1254 961 1301 992 est
1318 961 1347 984 nt
1366 956 1434 983 ultra
1449 958 1659 992 progrederetur
1674 967 1735 986 cum
1758 969 1800 987 eo.

1014 998 1053 1026 Ne
1068 999 1139 1027 enim
1155 1008 1236 1035 queui
1252 1001 1342 1027 vivum
1360 1001 1486 1028 colebant
1502 1021 1510 1033 ,
1533 1001 1681 1029 honoribus
1703 1003 1802 1030 divinis

1015 1049 1153 1071 mortuum
1176 1044 1337 1077 adicerent,
1366 1044 1400 1072 ah
1423 1045 1511 1072 oculis
1533 1046 1656 1072 omnium
1685 1048 1801 1074 remmit

1014 1090 1169 1124 sepulcrum
1182 1090 1251 1124 ejus.

1051 1134 1132 1162 Num:
1146 1136 1261 1170 ablingel
1275 1144 1409 1171 synagoga
1422 1135 1478 1162 lure
1492 1143 1581 1162 omnes
1593 1137 1636 1171 qui
1648 1137 1674 1163 in
1690 1137 1801 1164 circuitu

1014 1184 1104 1207 nostra
1117 1180 1151 1207 ⁸³.
1178 1180 1235 1208 Hoc
1259 1180 1383 1215 exemplo
1403 1180 1517 1220 .utitur:
1535 1181 1607 1208 sicut
1633 1182 1733 1208 vitulus
1754 1190 1801 1209 ore

1014 1227 1128 1261 ablingit
1141 1227 1258 1254 virentia
1269 1245 1276 1258 ,
1291 1226 1332 1254 sic
1343 1230 1371 1253 et
1390 1230 1500 1253 sanctus
1521 1226 1636 1260 populus
1652 1226 1730 1253 labiis
1750 1235 1800 1261 pu-

1013 1280 1110 1307 gnans,
1123 1272 1209 1300 inore
1222 1272 1305 1300 habet
1322 1279 1399 1298 arma
1417 1279 1466 1306 per
1480 1279 1585 1306 preces.
1601 1272 1629 1299 id
1645 1280 1707 1299 cum
1719 1273 1801 1300 sciret

1013 1318 1096 1345 Balac
1112 1318 1137 1345 in
1154 1318 1293 1353 prioribus
1309 1317 1389 1344 bellis
1406 1316 1552 1344 manifeste
1569 1318 1729 1352 contigisse,
1744 1319 1800 1344 vult

1013 1369 1040 1391 et
1058 1364 1114 1398 ipse
1130 1364 1262 1390 labiorqu
1287 1363 1370 1390 armis
1394 1370 1528 1397 pugnare,
1554 1369 1581 1389 et
1596 1368 1673 1390 vocat
1689 1363 1799 1390 Balaam

1013 1412 1057 1446 qui
1082 1411 1225 1438 contrariae
1247 1410 1357 1437 virtutis
1375 1417 1450 1437 arma
1463 1410 1545 1436 habet
1560 1409 1585 1436 in
1597 1410 1687 1442 labiis,
1704 1419 1800 1445 nempe

1013 1457 1228 1485 nialcdiclioncs.
1243 1456 1336 1484 Sancti
1356 1456 1427 1483 enim
1448 1456 1534 1490 angeli
1545 1456 1634 1490 jnstos
1650 1457 1682 1482 ad
1698 1457 1800 1484 saluta-

1014 1503 1053 1529 ria
1068 1508 1096 1529 et
1109 1503 1178 1530 bona
1193 1511 1294 1538 opera,
1320 1503 1384 1530 mali
1405 1508 1495 1529 autem
1516 1502 1652 1529 daemones
1672 1502 1800 1536 adjuvant

1015 1548 1113 1582 impios
1131 1553 1288 1583 peccatores
1311 1549 1435 1575 homines
1450 1549 1484 1574 ad
1501 1547 1569 1574 mala
1585 1555 1665 1581 opera
1683 1556 1744 1583 quin
1756 1555 1800 1575 sa-

1015 1594 1063 1620 luti
1091 1594 1233 1621 hominum
1269 1593 1399 1621 otIiciunt.
1432 1592 1527 1620 Sancti
1555 1593 1654 1627 quippe
1678 1597 1800 1627 pugnant

1015 1639 1104 1666 verbis
1117 1646 1238 1674 precum,
1252 1639 1325 1674 impii
1339 1646 1404 1666 vero
1418 1641 1445 1666 et
1459 1642 1616 1673 peccatores
1634 1638 1722 1665 verbis
1740 1645 1796 1664 ma-

1013 1683 1091 1716 gicis.

1052 1814 1189 1850 Ejusdem.
1214 1815 1302 1842 Etiam
1328 1815 1474 1842 secundum
1506 1813 1653 1841 littcralcm
1686 1821 1797 1840 sensum

1014 1862 1070 1888 hinc
1089 1863 1203 1888 historia
1230 1869 1342 1895 magnas
1371 1861 1452 1888 habet
1481 1860 1620 1887 utilitates.
1645 1860 1709 1887 lude
1725 1861 1797 1887 enim

1014 1908 1143 1935 discimus
1161 1911 1262 1936 multa;
1281 1907 1394 1941 pugnari
1413 1915 1446 1940 po
1463 1914 1492 1933 se
1510 1906 1608 1937 verbis,
1629 1914 1739 1940 magnas
1754 1914 1799 1933 res

1012 1953 1112 1987 suseipi
1129 1957 1156 1979 et
1173 1953 1206 1978 ad
1227 1952 1332 1979 felicem
1353 1952 1456 1978 exitum
1475 1951 1583 1986 perduci
1611 1952 1712 1983 verbis,
1734 1951 1797 1977 item

1012 2003 1124 2025 sanctos
1138 2005 1259 2031 pugnare
1271 1998 1361 2025 verbis
1375 2005 1496 2032 precum,
1513 1997 1610 2030 impios
1628 2001 1720 2023 autent
1738 2003 1798 2023 ver-

1012 2044 1053 2071 bis
1069 2044 1191 2078 magicis.

1046 2132 1184 2167 Ejusdem.
1204 2132 1347 2159 Contraria
1361 2133 1446 2160 rirtus
1459 2140 1596 2166 nunquam
1614 2141 1681 2168 opus
1696 2132 1795 2161 bonum

1010 2178 1086 2210 facit,
1116 2178 1161 2204 sed
1185 2178 1276 2204 omnia
1295 2179 1424 2212 pessima.
1451 2183 1475 2204 ct
1501 2178 1683 2212 quodcunque
1702 2179 1798 2207 fecerit

173 2233 318 2268 ἐνεργήσει
338 2231 432 2264 κακὸν,
451 2233 481 2259 οὐ
500 2232 609 2258 δύναται
623 2232 847 2268 ἀποκαταστῆσαι
869 2233 909 2264 εἰς
926 2232 958 2259 τὸ

1013 2224 1129 2255 malum.
1154 2224 1247 2256 nequit
1266 2223 1299 2249 ad
1327 2224 1424 2250 melius
1448 2230 1594 2254 revocare,
1617 2232 1705 2258 neque
1724 2225 1795 2252 enim

174 2278 291 2313 βέλτιον,
316 2278 346 2304 οὐ
370 2278 424 2313 γὰρ
447 2277 504 2312 ἔχει
524 2277 600 2310 τάξιν
626 2277 673 2304 τοῦ
693 2275 856 2312 κρείττονος.
873 2278 913 2313 Τῇ
930 2278 959 2304 δὲ

173 2323 309 2358 κρείττονι
321 2323 432 2359 δυνάμει
457 2322 545 2349 πάντα
560 2322 669 2349 δυνατά.
694 2321 723 2348 ‘U
734 2321 788 2356 γὰρ
802 2321 867 2351 Θεὸς
881 2321 958 2357 ἡμῶν

173 2369 268 2402 ἀλγεῖν
284 2370 364 2400 ποιεῖ,
380 2368 426 2394 καὶ
440 2368 520 2395 πάλιν
534 2367 757 2402 ἀποκαθίστησιν,
771 2367 917 2402 ἐνεργῆσαι
930 2367 960 2393 δὲ

173 2415 259 2441 κακὸν
275 2415 324 2440 οὐκ
339 2414 394 2449 ἕχει
404 2423 410 2430 ·
433 2414 463 2440 οὐ
485 2414 539 2449 γὰρ
565 2413 625 2440 καθ’
641 2413 697 2447 ἕξιν
714 2413 793 2449 μόνον
803 2432 810 2444 ,
825 2412 893 2439 ἀλλὰ
911 2413 959 2439 καὶ

174 2462 235 2488 κατ’
250 2460 342 2487 οὐσίαν
356 2459 457 2494 ἀγαθός
470 2460 552 2486 ἐστιν.

212 2506 268 2534 Τοῦ
282 2505 384 2533 αὑτοῦ.
408 2506 451 2532 Ἑν
472 2507 529 2537 τοῖς
550 2504 728 2540 ἀνθρωπίνοις
748 2504 806 2531 ἐστί
830 2512 891 2531 τινα
911 2504 958 2531 καὶ

178 2553 289 2588 μαντεῖα
312 2551 500 2586 τετελεσμένα,
533 2550 579 2576 καὶ
596 2549 700 2580 θυσίαι,
731 2549 778 2576 καί
801 2558 862 2576 τινα
883 2549 958 2585 δῶρα

176 2598 384 2634 προσφερόμενα
397 2598 453 2629 τοῖς
467 2597 604 2631 δαίμοσιν·
619 2596 689 2622 ὥστε
702 2595 745 2622 διὰ
754 2596 856 2622 τούτων
871 2604 956 2630 προσ-

123 2660 131 2667 ι
176 2645 332 2681 φερομένων
362 2643 541 2680 μαντεύεσθαι
572 2643 633 2674 τοὺς
662 2641 849 2677 βουλομένους.
882 2643 957 2668 Μαν-

127 2695 137 2707 ‘-
176 2693 236 2717 τεῖα
262 2691 291 2717 δέ
317 2691 390 2716 ἐστιν
417 2689 531 2716 ἕκαστον
559 2688 685 2723 πρᾶγμα.
710 2686 747 2712 Οὐ
778 2687 833 2721 γὲρ
857 2686 959 2722 ἀληθὴς

177 2736 371 2818 πμιὶῗιῗῖἷίῗεν
381 2782 397 2808 ὁ
409 2781 514 2814 Κύριος
530 2778 604 2812 πρὸς
615 2777 716 2804 αὐτόν.
737 2777 814 2804 Κατὰ
832 2776 958 2813 ἀλήθειαν

212 2845 233 2861 ⁸⁹
249 2845 341 2871 Matth.
360 2852 434 2876 xrnt_
454 2843 481 2870 5.
520 2841 541 2857 ⁸ο
558 2841 638 2868 Num.
655 2848 709 2872 xw,
726 2840 769 2867 57.

179 2880 286 2910 “11,8.

1011 2269 1131 2297 melioris
1144 2269 1267 2296 ordinem
1280 2269 1372 2295 habet.
1385 2268 1420 2295 At
1431 2268 1613 2304 prmstanliori
1629 2269 1724 2297 virtuti
1738 2278 1799 2297 om-

1010 2315 1055 2342 nia
1076 2314 1215 2349 possibilia
1239 2319 1313 2341 sunt.
1330 2313 1398 2341 Nam
1415 2314 1485 2342 Dens
1504 2319 1597 2341 noster
1621 2315 1715 2342 dolere
1730 2315 1798 2344 facit

1009 2367 1036 2389 et
1059 2369 1155 2389 rursus
1177 2360 1312 2393 restituit;
1338 2360 1429 2388 facere
1450 2365 1541 2388 autem
1563 2360 1662 2387 malum
1682 2362 1796 2396 nequit;

1010 2415 1097 2442 neque
1113 2407 1185 2434 enim
1203 2406 1289 2434 solum
1313 2406 1427 2438 habitu,
1445 2407 1492 2433 sed
1517 2410 1545 2433 et
1567 2406 1717 2433 substantia
1739 2407 1797 2441 ipsa

1011 2453 1098 2480 bonus
1113 2458 1163 2480 est.

1046 2500 1127 2535 272
1144 2498 1282 2533 Ejusdem.
1298 2496 1325 2524 In
1341 2497 1467 2524 humanis
1490 2496 1611 2529 quadam
1628 2497 1710 2524 etiam
1728 2498 1798 2525 vati-

1011 2545 1082 2572 cinia
1099 2544 1218 2572 eduntur
1236 2548 1262 2570 et
1278 2543 1400 2577 quaedam
1428 2541 1563 2568 sacriﬁcia
1587 2542 1623 2569 ad
1643 2543 1713 2569 dona
1729 2544 1797 2570 olle-

1011 2595 1107 2617 runtur
1121 2589 1272 2621 daemoniis,
1288 2588 1325 2615 ita
1341 2592 1370 2614 ut
1388 2587 1431 2614 his
1444 2586 1628 2616 oblatioaihus
1643 2589 1796 2617 vaticinari-

1012 2640 1054 2663 tur
1069 2635 1114 2670 qui
1132 2634 1277 2662 voluerint.
1293 2633 1456 2661 Vaticinium
1470 2639 1512 2660 cst
1526 2642 1570 2662 res
1583 2635 1723 2670 quaslibet.
1739 2637 1796 2665 Ne-

1009 2688 1062 2715 que
1076 2680 1147 2708 enim
1162 2687 1225 2707 vera
1238 2683 1279 2706 est
1291 2678 1441 2714 przedictio.

1051 2778 1084 2805 Et
1098 2778 1167 2805 venit
1184 2777 1313 2805 Dominus
1334 2781 1366 2804 ad
1389 2785 1447 2804 cum
1466 2778 1499 2805 “.
1518 2779 1672 2809 Secundum
1696 2785 1797 2812 verita-

817 2840 836 2857 “
850 2840 941 2874 Num.,
958 2841 1092 2873 X“lll,9L
1131 2841 1153 2857 “
1168 2840 1247 2868 Num.
1260 2849 1305 2874 xx,
1326 2842 1367 2869 l0.
1407 2842 1428 2856 ‘3
1445 2841 1523 2869 Nunt.
1537 2850 1603 2876 un,
1622 2842 1646 2870 ί.
1685 2842 1796 2871 “Nam.
