2043 3109
159 159 213 185 585
771 156 804 183 IN
823 155 944 184 NUIIEII

1009 156 1151 185 IIOMILIA
1174 158 1194 184 I.
1751 161 1803 188 586

159 240 211 264 que
225 232 346 265 ιιιιειαιὶο,
363 231 404 257 ubi
418 229 520 264 fugitur
535 237 581 263 per
600 229 703 255 marina
716 228 882 260 discrimina,
899 234 922 254 et
939 236 970 255 ne
983 228 1042 263 ipsa
1052 228 1157 263 quidem
1171 229 1268 263 absque
1287 233 1357 255 metu
1376 228 1504 255 habentur
1517 230 1613 257 exsilia
1623 231 1635 257 l’
1647 231 1679 257 In
1693 239 1803 265 conspe-

161 283 205 304 ctu
221 278 329 307 ctenim.
344 280 374 303 ut
387 276 489 303 videbas
504 275 582 302 etiam
601 275 666 308 ipse,
684 279 772 301 nostra
791 273 938 304 Barbarus,
958 274 1003 308 qui
1018 275 1115 307 Regina
1135 275 1229 307 oppido
1246 273 1301 308 (48)
1322 274 1448 301 miscebat
1464 275 1597 306 incendia,
1612 276 1802 310 angustissimo

162 333 178 351 a
198 325 274 351 nobis
288 324 367 359 freto,
381 323 424 350 ubi
441 322 530 349 Italia:
544 323 629 349 so!um
647 321 738 349 Siculo
756 321 905 352 dirimitur,
917 322 1068 348 arcebatur.
1087 320 1119 347 In
1132 322 1171 348 Itis
1185 330 1247 356 ergo
1257 322 1355 356 posito,
1369 330 1428 357 qute
1437 330 1492 348 esse
1501 322 1536 348 ad
1551 323 1717 350 scribendum
1726 332 1803 350 secu-

163 371 229 397 ritas
244 371 337 404 potuit,
351 375 374 396 et
387 370 519 404 prwcipue
532 368 567 395 ad
583 367 822 402 interpretandum.
836 367 881 394 ubi
898 375 949 393 non
964 367 1002 393 ita
1014 368 1134 401 proprios
1150 367 1273 399 expedire
1282 376 1384 398 sensus,
1403 372 1430 394 ut
1445 368 1546 395 alienos
1562 373 1654 401 aptare
1674 370 1799 403 proponi.

164 419 227 445 tur?
241 417 338 443 Tamen
348 417 372 443 si
385 423 444 450 qua
455 423 508 441 nos;
520 414 621 441 animos
640 414 741 440 minore
754 417 823 439 metu
838 413 942 440 lmstilis
954 413 1086 440 concussit
1100 413 1208 445 excidii,
1221 418 1244 439 et
1256 414 1330 440 breve
1342 413 1435 440 saltent
1446 413 1605 440 lucubrandi
1619 415 1701 441 otiunt
1716 414 1803 448 dedit,

162 463 239 498 quasi
257 463 292 489 ad
305 462 424 488 solamen
442 460 572 487 malorum
587 459 756 493 levanda'que
769 459 990 493 peregrinationis
1005 459 1104 493 gratia,
1121 467 1281 494 qua'cuuque
1301 460 1328 486 in
1341 460 1520 486 Numerorum
1533 460 1611 492 libro,
1624 461 1677 487 sive
1689 461 1800 488 homile-

163 510 214 536 tico
230 507 310 542 slylo,
326 507 379 533 sive
396 506 474 532 etiam
493 513 525 531 ea:
544 504 584 531 Itis
606 512 665 539 qua:
691 503 823 537 Exrerpta
837 504 1015 538 appellantur,
1029 505 1129 537 scripta
1151 505 1306 538 reperimus,
1326 505 1392 538 htec,
1404 511 1559 539 perurgente
1575 511 1609 538 te,
1626 505 1755 539 Romana,
1771 513 1798 534 ut

163 555 307 590 potuimus,
325 561 386 580 uoce
402 561 434 580 ex
448 553 557 580 diuersis
579 553 605 579 in
622 560 703 578 unum
722 551 842 578 ordinem
865 552 973 578 collecta
993 551 1161 586 digessimus,
1182 557 1206 578 te
1227 560 1329 586 quoque
1344 553 1399 585 ipso
1422 553 1447 579 in
1465 552 1666 587 quamplurimis
1681 555 1804 589 juuunte,

166 601 271 633 Ursaci,
289 607 406 628 nostrum
418 600 545 631 laborem,
564 601 626 626 dum
640 600 717 626 nimis
732 599 855 632 cupidus,
870 600 974 632 pueruli
989 599 1087 626 notarii
1100 599 1205 625 tardum
1214 604 1291 633 putas
1303 607 1359 626 esse
1376 600 1562 627 ministerium.
1584 599 1660 627 Scire
1676 606 1763 628 tamen
1777 608 1801 628 te

165 649 233 679 uolo,
249 649 343 682 frater,
363 647 431 683 quod
445 647 501 673 lucc
514 646 592 673 lectio
604 646 659 673 vias
674 646 779 680 quidem
792 647 894 679 aperiat
907 645 1101 680 intelligentiae,
1114 653 1165 671 non
1178 650 1264 671 tamen
1279 645 1434 679 singillatim
1448 651 1542 671 Cltttt’ltl
1556 654 1615 680 qttt'l‘
1631 647 1729 681 scripta
1742 652 1804 674 sunt

165 696 288 727 disserat,
309 699 337 721 ut
358 695 384 720 in
403 693 608 726 explicatiouum
627 693 701 719 libris
724 692 827 727 legisti;
848 701 900 728 quo
916 693 1014 719 scilicet
1033 693 1113 719 etiam
1131 692 1213 719 lector
1233 700 1286 718 non
1303 691 1430 719 reddatur
1444 693 1554 725 otiosus,
1574 694 1619 719 sed
1632 699 1730 729 pungat
1760 703 1806 721 tor

166 752 252 776 suum,
275 743 341 769 sicut
359 742 486 775 scriptum
501 746 551 771 est.
568 747 591 767 et
613 741 741 774 producat
758 749 876 774 sensum,
891 746 914 767 et
930 742 1023 767 audito
1036 741 1111 768 verba
1129 741 1207 773 bono,
1227 745 1254 767 ut
1276 741 1381 775 sapiens
1400 742 1511 776 adjiciat
1527 742 1562 767 ad
1582 742 1658 769 illud.
1675 743 1761 778 Igitur
1777 748 1804 769 ut

164 796 268 823 possum
287 796 347 823 qure
358 787 500 821 iujunxisti
512 786 644 819 explicare
657 786 796 812 contendo.
810 786 873 812 lam
891 786 960 812 enim
975 793 1007 812 ex
1020 785 1140 812 omnibus
1153 794 1212 821 qua:
1225 787 1252 812 in
1267 786 1322 821 lege
1335 786 1435 819 scripta
1448 787 1543 820 reperi,
1561 787 1637 819 solae,
1649 794 1674 814 ut
1684 794 1759 823 puto,
1777 789 1804 816 in

165 834 398 862 Deuteronomium
420 833 512 859 desunt
534 831 720 861 oratiuncula.
741 840 819 865 quas,
840 831 863 857 si
878 830 1005 857 Dominus
1022 830 1121 864 juverit
1136 834 1161 856 et
1179 831 1320 857 sanitatem
1336 830 1438 857 dederit
1455 832 1550 862 oculis.
1571 832 1689 865 cupimus
1703 833 1804 868 reliquo

165 880 269 913 corpori
284 880 385 906 sociare
402 885 411 903 :
429 877 546 911 quamvis
565 877 762 903 ﬂtttnttlissittttts
778 877 850 909 [ilius
864 882 953 902 noster
975 876 1113 908 Pinianus,
1139 877 1215 911 cujus
1229 876 1380 910 religiosum
1395 882 1488 904 (telum
1500 886 1549 912 pro
1562 887 1651 906 antore
1667 881 1803 914 pudicitia:

166 926 307 961 profugum
320 925 487 954 comitamur,
498 923 619 957 injungat
632 927 657 949 et
670 922 734 950 alia.
749 922 800 949 Sed
815 927 889 949 orate
903 922 1085 954 communiter,
1098 927 1126 948 ut
1141 922 1210 948 adsit
1223 922 1360 954 Dominus,
1373 928 1397 949 et
1410 923 1570 956 temporibus
1582 932 1672 959 pacem
1683 925 1798 960 tribuat,

168 974 280 1010 gratiam
294 971 474 999 laborantibus
488 970 576 1002 donet,
587 975 610 996 et
625 969 740 1004 fructum
758 970 844 1004 operis
863 969 944 996 nostri
954 969 980 995 in
995 968 1140 1003 profectum
1155 968 1298 1003 legentium
1312 975 1415 1003 promat
1431 969 1500 1004 (49).

422 1114 561 1143 IIOSIILIA
575 1113 692 1142 PRIMA.

204 1165 230 1192 Ι.
247 1163 349 1191 Divinis
366 1162 486 1189 numeris
512 1169 564 1188 non
586 1168 681 1188 omnes
709 1160 784 1196 digni
806 1164 879 1195 sunt,
908 1161 955 1188 sed

165 1211 249 1238 certis
268 1209 417 1244 quibusque
445 1206 632 1242 prmrogativis
652 1206 829 1241 designantur
851 1206 878 1234 hi
907 1207 954 1241 qui

167 1259 236 1284 intra
251 1262 390 1282 numerum
404 1253 449 1281 Dei
466 1253 579 1280 debeant
594 1253 797 1287 comprehendi.
811 1252 895 1287 IIujus
907 1261 956 1280 au-

167 1307 220 1328 tem
234 1301 270 1328 rei
288 1301 397 1327 evidens
409 1299 535 1325 indicium
548 1298 669 1326 continet
682 1298 815 1331 liberhic,
827 1300 871 1333 qui
887 1299 956 1326 scri-

166 1347 239 1374 bitur
265 1344 321 1380 (50)
344 1344 531 1371 Numerorum.
558 1341 585 1368 Ιιι
604 1349 658 1376 quo
685 1341 803 1368 refertur
827 1342 897 1377 quod
920 1349 953 1369 ex

165 1397 300 1428 przccepto
317 1390 362 1417 Dei
376 1395 464 1423 neque
479 1387 606 1414 mulieres
624 1387 794 1414 deducantur
807 1387 840 1414 ad
861 1395 954 1415 nume-

166 1447 236 1472 rum,
250 1438 371 1466 femineae
382 1437 440 1464 sine
460 1435 542 1462 dubio
557 1433 724 1461 inﬁrmitatis
740 1433 891 1467 obstaculo,
907 1440 954 1461 ne-

164 1493 217 1520 que
243 1491 382 1512 servarunt
402 1483 555 1518 quisquam,
580 1485 673 1515 utpote
697 1480 749 1507 vita
780 1480 954 1515 moribusque

165 1532 322 1567 degeneres.
335 1529 388 1558 Sed
400 1537 434 1557 ne
445 1528 636 1563 Egyptiurum
653 1527 760 1561 quidem
781 1527 852 1554 ullus
866 1535 899 1554 ex
919 1527 953 1554 iis

163 1578 209 1613 qui
222 1581 302 1604 erant
313 1575 420 1603 admisti
433 1578 599 1605 numeratur,
611 1574 732 1607 profecto
741 1578 769 1599 ιιι
781 1572 952 1608 alienigenas,

162 1628 191 1650 et
204 1622 332 1654 barbari;
355 1621 401 1647 sed
424 1620 473 1647 soli
494 1624 672 1646 numerantur
695 1618 831 1650 Israelita},
857 1622 885 1646 et
907 1618 951 1646 isti

163 1676 218 1697 non
230 1675 336 1699 omnes,
352 1667 397 1694 sed
414 1674 427 1691 a
447 1666 539 1699 viginti
555 1665 645 1696 annis,
665 1669 691 1692 et
713 1672 805 1698 supra.
820 1664 876 1693 Nec
895 1666 951 1693 sola

163 1713 251 1741 atatis
266 1713 381 1739 habetur
395 1711 561 1742 observatio.
574 1710 621 1737 sed
637 1710 770 1744 quzerittsr
781 1710 804 1737 si
818 1715 847 1738 et
858 1715 951 1746 aptum

163 1759 243 1787 bellis
258 1758 340 1786 robur
357 1758 500 1784 ostendat:
516 1756 672 1791 designatur
688 1755 760 1782 enim
773 1763 822 1790 per
839 1756 950 1784 verbum

163 1804 222 1837 Dei,
247 1808 277 1830 ut
302 1808 460 1830 numeretur
483 1801 570 1828 omnis
597 1801 643 1835 qui
659 1801 779 1835 procedit
802 1801 828 1827 in
851 1801 950 1830 virtute

161 1849 244 1877 Israel
271 1847 337 1883 (5|).
368 1847 424 1874 Non
448 1854 513 1879 ergo
536 1847 591 1874 sola
612 1850 688 1877 tetas,
707 1846 754 1872 sed
776 1850 803 1872 et
823 1845 910 1873 virtus
924 1847 950 1874 in

160 1893 282 1921 Israelita
297 1892 453 1927 requiritur.
473 1891 555 1927 276
567 1890 680 1917 Puerilis
699 1895 766 1917 retas
781 1898 833 1917 non
857 1899 951 1919 nume-

161 1944 248 1970 ratur,
277 1945 328 1965 nec
343 1943 405 1973 apta
423 1937 521 1964 divinis
534 1935 645 1963 calculis
660 1936 779 1968 ducitur,
804 1937 856 1963 nisi
880 1937 949 1965 forte

159 1983 330 2020 primogeniti
347 1984 412 2015 sint,
429 1986 475 2009 aut
491 1980 654 2009 sacerdotali
671 1980 711 2007 vel
730 1979 847 2009 Levitica
864 1982 949 2017 stirpe

159 2029 334 2058 descendant.
355 2027 399 2056 Isti
417 2027 467 2055 soli
489 2028 515 2055 in
535 2028 628 2062 pueris
651 2027 824 2055 adducuntur
841 2027 873 2054 ad
898 2036 950 2054 nu-

159 2083 275 2103 merum.
298 2074 470 2102 Feminarum
491 2081 556 2101 vero
576 2073 647 2101 nulla
663 2080 775 2108 prorsus
790 2073 944 2100 adducitur.

159 2120 193 2147 Et
204 2120 267 2155 quid
282 2119 407 2146 videtur?
420 2119 537 2147 Possunt
553 2120 609 2146 haec
623 2126 708 2146 vacua
718 2125 778 2145 esse
793 2118 947 2154 mysteriis?

159 2163 212 2191 Sed
227 2164 279 2191 hoc
291 2164 378 2191 solum
393 2171 551 2198 procurasse
564 2164 684 2191 creditur
697 2163 816 2198 Spiritus
825 2168 945 2196 sanctus,

158 2211 203 2244 qui
221 2211 278 2238 haec
288 2210 433 2238 scribenda
450 2209 574 2244 dictavit,
591 2214 620 2236 ut
631 2209 764 2237 sciremus
777 2208 823 2244 qui
839 2213 900 2236 tunc
919 2209 944 2236 in

157 2256 204 2283 illo
219 2255 318 2290 populo
333 2255 465 2282 numerati
475 2254 540 2286 sint,
557 2259 583 2281 et
598 2254 643 2289 qui
665 2254 724 2281 sine
740 2260 854 2280 numero
870 2261 946 2280 Inan-

155 2301 261 2328 serint?
275 2300 309 2328 Et
322 2301 384 2335 quis
402 2300 511 2328 dabitur
528 2307 561 2327 ex
576 2300 629 2327 hoc
642 2298 780 2334 prolectus
798 2298 830 2326 iis
842 2299 887 2334 qui
901 2306 946 2326 sa-

192 2370 216 2387 ⁸⁸
229 2370 309 2398 Νυιιι.
332 2379 353 2403 l,
377 2371 403 2398 3.
442 2372 464 2387 ¹⁹
482 2371 553 2399 Psal.
577 2379 681 2404 cxuvu,
701 2371 729 2399 4.

967 1119 992 1148 Α
1008 1116 1063 1144 cris
1079 1115 1263 1143 voluminibus
1277 1116 1398 1150 gestiunt
1415 1114 1536 1142 erudiri?
1558 1115 1627 1148 Quid
1645 1117 1719 1144 etim
1737 1125 1803 1153 pro-

1008 1163 1069 1191 dest
1091 1163 1143 1190 ista
1166 1161 1313 1189 didicisse?
1330 1162 1384 1188 Aut
1403 1161 1467 1196 quid
1487 1161 1584 1189 anima:
1599 1161 1741 1190 conlertur
1767 1163 1802 1191 ad

1009 1204 1139 1240 salutem,‘
1149 1207 1170 1235 si
1186 1208 1254 1235 sciat
1267 1207 1338 1241 quod
1360 1214 1424 1242 pars
1443 1206 1533 1242 aliqua
1551 1208 1642 1243 populi
1659 1214 1802 1238 numerata

1006 1252 1084 1280 estin
1104 1252 1222 1281 deserto.
1241 1259 1305 1286 pars
1318 1259 1384 1279 vero
1402 1252 1573 1279 innumerata
1591 1253 1722 1280 derelicta
1737 1254 1801 1282 est!

1006 1297 1034 1325 Si
1052 1305 1116 1325 vero
1135 1301 1278 1331 sequentes
1298 1296 1374 1324 Pauli
1397 1297 1560 1324 sententiain
1583 1297 1670 1332 legem
1688 1299 1801 1334 spirits-

1004 1343 1058 1371 lem
1071 1351 1131 1372 esse
1148 1344 1301 1375 credamus,
1314 1347 1341 1371 et
1355 1342 1513 1377 spiritaliter
1534 1351 1594 1378 qua:
1611 1345 1736 1373 continet
1751 1355 1800 1373 au-

1005 1390 1121 1423 diamus,
1139 1390 1234 1424 ingens
1253 1390 1391 1424 profectus
1404 1390 1503 1416 animae
1523 1390 1548 1416 in
1565 1391 1599 1418 iis
1617 1399 1678 1426 qurc
1693 1393 1797 1428 scripta

1005 1440 1070 1464 sunt
1084 1436 1235 1471 apparebit.
1251 1435 1333 1463 Docet
1347 1435 1419 1462 enim
1434 1442 1476 1462 me
1488 1443 1607 1470 praesens
1621 1437 1710 1470 lectio,
1728 1443 1798 1473 quod

1005 1481 1027 1509 si
1048 1481 1245 1509 lranscendcro
1260 1480 1373 1514 puerilis
1384 1480 1473 1508 aetatis
1489 1481 1686 1517 insipientiam,
1705 1485 1727 1511 si
1749 1486 1797 1512 de-

1004 1528 1077 1555 siero
1099 1527 1228 1563 parvulus
1244 1535 1305 1554 csse
1323 1527 1459 1559 sensibus,
1474 1531 1499 1554 et
1517 1528 1558 1554 vir
1575 1528 1689 1557 ell‘cctus
1712 1532 1799 1567 (lupo-

1005 1580 1087 1601 suero
1103 1581 1163 1608 quae
1180 1577 1241 1600 sunt
1257 1572 1376 1608 parvuli,
1392 1574 1426 1605 si,
1450 1573 1572 1606 inquam,
1593 1573 1706 1603 eﬂ‘ectus
1722 1577 1800 1605 fuero

1001 1620 1120 1655 juvenis.
1154 1623 1182 1647 et
1209 1618 1270 1646 talis
1292 1619 1412 1653 juvenis.
1435 1620 1480 1654 qui
1502 1620 1606 1646 vincam
1638 1621 1796 1656 malignum,

1004 1669 1083 1700 aptus
1096 1663 1207 1691 videbor
1231 1663 1275 1695 iis,
1298 1664 1331 1690 de
1346 1664 1444 1697 quibus
1456 1665 1586 1698 scriptum
1603 1669 1644 1693 est
1661 1665 1694 1697 ⁸⁸,
1712 1676 1720 1693 ι
1738 1675 1798 1694 οιιι-

1005 1717 1053 1737 nes
1067 1710 1112 1744 qui
1131 1710 1280 1743 procedunt
1292 1709 1318 1736 in
1334 1709 1436 1736 virtute
1450 1709 1543 1743 Israel,
1560 1720 1569 1736 ι
1597 1715 1624 1737 et
1640 1712 1739 1747 dignus
1756 1714 1797 1740 (Ιί-

1003 1755 1074 1782 vinis
1093 1754 1214 1782 numeris
1228 1754 1417 1788 computabor.
1438 1754 1529 1782 Donec
1548 1761 1640 1783 autem
1661 1757 1731 1786 inest
1746 1758 1796 1785 all-

1001 1800 1044 1827 cui
1060 1805 1191 1832 nostrum,
1208 1800 1249 1827 vel
1266 1799 1376 1834 puerilis
1390 1805 1416 1826 et
1429 1799 1548 1828 lubricus
1569 1809 1678 1836 sensus,
1699 1805 1741 1831 vel
1755 1805 1790 1832 le-

1003 1846 1091 1874 minea
1106 1846 1229 1874 etsoluta
1247 1845 1304 1881 (52)
1316 1846 1457 1880 segnities,
1471 1846 1662 1882 vclAEgyptios
1674 1850 1795 1884 gerinms

1002 1897 1030 1919 et
1044 1892 1175 1919 barbaros
1191 1899 1290 1922 mores,
1306 1891 1398 1919 haberi
1413 1892 1483 1926 apud
1504 1892 1588 1919 Deum
1609 1894 1635 1920 in
1656 1900 1751 1922 sancto
1768 1901 1796 1922 ct

1002 1942 1164 1965 consecrato
1180 1944 1294 1964 numero
1311 1944 1363 1964 non
1390 1945 1537 1965 lucremur.
1559 1938 1694 1966 Innumeri
1721 1941 1793 1967 enim

1000 1983 1071 2017 apud
1091 1983 1263 2010 Salomonem
1275 1984 1402 2010 dicuntur
1415 1991 1476 2011 esse
1487 1984 1532 2018 qui
1554 1990 1682 2018 pereunt;
1700 1994 1794 2013 nume-

1002 2028 1053 2054 rati
1083 2033 1173 2054 autent
1198 2035 1294 2055 omnes
1314 2028 1352 2055 illi
1379 2029 1426 2063 qui
1451 2029 1601 2057 salvantur.
1632 2030 1665 2057 Et
1691 2032 1731 2058 vis
1745 2031 1792 2058 tibi

1000 2073 1142 2100 ostendam
1160 2073 1223 2108 quia
1251 2078 1408 2101 sanctorum
1431 2083 1562 2102 numerus
1584 2075 1700 2104 habetur
1721 2078 1792 2112 apud

1001 2118 1105 2145 Deum?
1123 2119 1194 2146 Audi
1214 2120 1352 2153 quomodo
1367 2120 1400 2147 de
1415 2121 1497 2148 astris
1510 2122 1619 2155 quidem
1636 2123 1792 2150 caelestibus

1000 2164 1065 2191 dicit
1084 2165 1166 2192 David
1178 2165 1200 2181 "
1216 2173 1224 2192 :
1242 2175 1252 2191 s
1268 2165 1317 2199 Qui
1339 2172 1463 2193 numerat
1483 2168 1683 2196 multitudinem
1699 2170 1791 2196 stella-

1001 2218 1071 2243 rum,
1087 2216 1113 2238 et
1134 2211 1260 2238 omnibus
1272 2212 1313 2239 eis
1326 2212 1434 2239 nomina
1451 2218 1537 2241 vocat.
1557 2222 1567 2240 ι
1586 2214 1715 2243 Salvator
1728 2223 1791 2244 vero

1001 2264 1053 2283 non
1075 2256 1161 2284 solum
1177 2257 1323 2292 discipulos
1335 2265 1400 2286 suos
1421 2259 1522 2287 electos
1535 2260 1587 2288 sub
1604 2268 1719 2289 numero
1736 2266 1791 2290 sta-

1001 2301 1063 2334 tuit,
1081 2309 1174 2329 verum
1188 2307 1216 2330 et
1228 2303 1341 2339 capillos
1358 2304 1457 2339 capitis
1471 2312 1564 2332 eorum
1584 2305 1650 2334 dicit
1668 2314 1729 2335 esse
1740 2315 1790 2335 nu—

153 2441 208 2473 sis;
222 2441 249 2471 2.
266 2440 388 2468 ecclesiae
410 2442 574 2469 cathedralis
596 2441 787 2474 Ebroicensis;
802 2441 829 2473 5,
843 2449 935 2468 mnna-
952 2444 973 2473 ε
991 2441 1083 2468 Sancti
1105 2441 1264 2469 Theodorici
1282 2441 1391 2476 legitur,
1408 2451 1418 2468 ι
1436 2443 1604 2470 arctahatur.
1624 2452 1634 2468 ι

152 2476 230 2503 stcrii
243 2476 333 2503 Sancti
350 2475 511 2503 Theodorici
526 2480 615 2511 prope
633 2476 760 2503 Rliemos.
776 2491 812 2497 ——
824 2477 937 2504 Collatze

151 2515 216 2537 sunt
230 2510 346 2545 humilia;
357 2518 416 2537 cum
432 2519 478 2538 sex
495 2510 560 2539 mss.
575 2510 587 2538 :'
597 2512 622 2538 l°
635 2512 800 2538 cathedralis
815 2512 937 2539 ecclesia:

152 2545 326 2572 Ebroicensis
341 2545 386 2579 qui
404 2546 509 2573 decimo
525 2546 624 2573 sarculo
632 2551 760 2573 exaralus
780 2547 897 2573 videtur.
909 2546 935 2573 In

150 2587 184 2607 eo
197 2580 366 2606 desideratur
379 2581 486 2607 Immilia
504 2584 600 2614 prima.
611 2581 642 2607 2w
657 2581 772 2608 abbati/Ie
785 2582 877 2609 Sancti
887 2581 937 2608 Pe-

152 2615 186 2641 tri
199 2615 386 2645 Carnotensis.
402 2616 465 2642 dato
478 2616 541 2642 huic
556 2616 723 2642 monasterio
738 2616 772 2642 ab
794 2617 880 2644 Alveo
891 2618 937 2643 ab-

152 2649 214 2676 bate
225 2650 269 2683 qui
283 2649 349 2684 obiit
362 2657 425 2676 ann.
441 2650 504 2677 955.
520 2650 548 2676 5⁸
558 2650 667 2684 Maioris
679 2652 836 2678 monasterii
850 2651 936 2678 'l‘uro-

152 2684 254 2710 nensis.
284 2683 314 2710 4ο
336 2684 464 2711 Ecclesia:
487 2685 652 2712 catltedralis
675 2685 887 2713 Bellovaccusis.
906 2687 934 2712 5°

152 2718 277 2756 bicclesia:
291 2719 455 2756 cztthedralis
473 2718 669 2756 Lauduuensis.
683 2721 710 2747 6=
724 2721 843 2756 Denique
852 2722 934 2749 abba-

151 2754 195 2779 tize
206 2753 297 2780 Sancti
311 2753 416 2780 Martini
433 2753 582 2788 Sagicnsis.

185 2787 241 2826 (48)
259 2787 576 2826 Codd,_Bellov;ai:_ensis,
600 2794 628 2817 et
646 2790 830 2826 Ebrroiecnsis.
849 2803 861 2815 α
889 2792 934 2826 qui

151 2824 206 2861 regi
230 2824 255 2861 in
280 2824 387 2861 oppido.
409 2834 431 2861 ι.
444 2824 533 2851 Codex
559 2825 650 2853 Sancti
668 2825 839 2858 Theudorici,
860 2836 869 2852 ι
888 2824 933 2861 qui

151 2858 236 2893 regini
261 2858 363 2893 oppidi.
382 2867 391 2883 ι
410 2858 469 2886 Mox
491 2868 539 2893 pro
555 2869 563 2885 ι
587 2861 742 2894 arcebatur,
763 2870 772 2887 ι
797 2863 823 2888 iu
841 2858 934 2890 codice

310 2905 446 2936 ΡΑτιιοι.
462 2906 520 2936 Gn.
537 2907 605 2938 XII.

1028 2476 1084 2511 (ιθ)
1100 2477 1191 2504 Codex
1205 2476 1378 2504 Belvacensis
1391 2482 1419 2504 et
1429 2479 1498 2504 alter
1513 2477 1605 2506 Sancti
1620 2476 1732 2508 Theodo
1741 2482 1790 2508 riui

994 2520 1003 2536 ι
1022 2516 1114 2545 ponat.
1134 2520 1144 2536 ›

1027 2547 1084 2581 (50)
1099 2546 1188 2573 Codex
1212 2546 1413 2580 Laudunensls,
1431 2555 1442 2572 ι
1462 2547 1631 2577 inscribitur.
1651 2558 1661 2575 ι
1687 2550 1790 2579 Ebroi-

993 2582 1094 2612 censis,
1112 2589 1121 2606 ι
1140 2582 1317 2608 describitur.
1334 2590 1343 2606 ι

1027 2616 1084 2651 (bl)
1101 2614 1229 2653 Nanneius
1254 2616 1336 2643 Israel
1349 2624 1359 2642 ι
1379 2616 1457 2653 deest
1472 2617 1498 2644 in
1515 2618 1633 2653 vulgatis
1653 2621 1783 2651 editioni-

990 2652 1053 2692 [ιιιςι
1072 2651 1118 2678 sed
1139 2651 1316 2692 su'l'rplleture
1334 2660 1397 2692 mss.
1418 2651 1575 2692 Ebroicensi
1598 2654 1780 2692 etVSagiensi.

990 2686 1074 2727 Paulo
1086 2690 1149 2728 pOst
1169 2686 1233 2728 libb.
1250 2686 1352 2728 editi.t
1370 2689 1454 2714 virtus
1477 2689 1667 2728 ilrlsraclitica
1682 2686 1780 2728 "plebe

989 2721 1152 2761 requiritur;
1173 2730 1182 2746 ι
1206 2721 1259 2748 Sed
1270 2727 1386 2761 quatuor
1406 2731 1469 2761 mss:
1492 2724 1676 2761 Ehroicensis,
1692 2721 1780 2758 bello;

988 2755 1298 2796 νδέςρβὶξηςιξιιιοιιςιιδιδ
1312 2763 1338 2783 et
1350 2759 1497 2792 Sagicnsis,
1515 2762 1577 2788 utin
1589 2755 1680 2791 nostra
1691 2755 1778 2796 {diu}.

1023 2791 1079 2827 (52)
1092 2790 1269 2832 .Libb._cdit‘i,
1290 2800 1299 2817 ι
1321 2790 1450 2832 resoluta.
1469 2803 1478 2820 ι
1491 2790 1552 2824 Sed
1569 2797 1622 2826 duo
1637 2790 1780 2832 inutilia—1:

987 2826 1113 2854 Vaccnsis
1129 2831 1155 2854 et
1174 2826 1360 2862 Ebruicensis,
1377 2839 1384 2855 ι
1402 2830 1499 2859 soluta.
1519 2841 1529 2857 ι

1584 2919 1619 2951 19
