4086 6218
504 291 604 346 587

1988 286 2317 342 ORIGENIS

3668 298 3777 354 588

505 416 765 471 meratos,
813 406 888 459 ait
913 404 1055 459 enim
1084 404 1129 434 "°
1167 417 1180 454 :
1217 420 1234 452 t
1267 403 1446 458 Vestri
1489 415 1669 460 autem
1703 407 1870 461 etiam
1905 407 2084 476 capilli
2119 409 2162 466 Α
2193 416 2246 459 ta
2284 408 2582 470 toleranda,
2609 417 2743 478 quot
2791 408 3144 477 profectibus,
3184 419 3316 480 quot
3355 414 3777 480 teutationibus,

436 553 443 564 ,
501 500 698 570 capitis
733 497 1000 552 numerati
1031 506 1177 551 sunt.
1217 515 1234 547 ι
1264 495 1318 550 1η
1349 511 1456 566 quo
1486 498 1673 567 utique
1699 514 1803 552 non
1832 498 1948 552 illos
2003 499 2088 550 di-

502 593 661 646 ccbat
698 588 922 658 capillos
962 602 1083 643 esse
1117 599 1454 654 numeratos,
1487 590 1578 658 qui
1611 590 1692 644 vel
1731 589 1876 645 ferro
1908 600 2089 644 atton~

502 683 619 739 deri
644 691 695 736 et
719 679 910 751 projici
944 679 1144 743 solent,
1175 679 1258 733 vel
1297 679 1556 748 temporis
1591 689 1750 734 aetate
1772 680 2006 734 deﬂuere
2026 695 2090 734 ac

496 770 720 838 perire;
751 770 846 825 sed
879 769 955 824 illi
994 771 1188 839 capitis
1227 769 1404 836 capilli
1433 771 1572 839 apud
1607 770 1773 824 Deum
1819 771 2086 824 numerati

501 875 650 928 sunt,
695 863 786 932 qui
828 862 879 915 in
931 860 1202 914 Nazarmis
1238 870 1417 925 erant,
1464 861 1661 929 quibus
1699 862 1874 914 inerat
1915 863 2088 916 virtus

505 958 741 1029 Spiritus
781 955 952 1009 sancti
990 952 1056 1008 ad
1097 953 1516 1022 prosternemlos
1563 952 1917 1024 alienigenas.
1971 956 2089 1009 Vir-

503 1063 649 1106 tutes
678 1065 808 1117 ergo
840 1047 1005 1101 animi
1041 1057 1095 1099 et
1130 1043 1526 1098 multitudinem
1561 1060 1842 1110 sensuum,
1883 1048 1970 1115 qui
2018 1047 2086 1101 de

502 1143 792 1216 principali
849 1139 1046 1195 mentis
1101 1147 1356 1203 tanquam
1403 1137 1470 1191 de
1504 1137 1683 1206 capite
1719 1140 2084 1208 apostolorum

506 1236 973 1307 producebantur,
1017 1229 1244 1299 capillos
1280 1231 1477 1298 capitis
1518 1229 1825 1299 appellavit.
1863 1230 1966 1286 Sed
2031 1233 2083 1286 in

501 1332 619 1386 haec
659 1346 754 1400 per
790 1344 1072 1384 excessum
1121 1328 1408 1397 quemdam
1446 1325 1784 1388 devenimus,
1831 1340 1977 1379 nunc
2017 1325 2084 1378 ad

501 1423 835 1492 propositum
866 1430 1226 1475 revertamur.

569 1515 624 1567 2.
661 1533 679 1565 ι
713 1514 775 1568 Ει
800 1514 1010 1568 locutus
1037 1523 1141 1576 est,
1171 1511 1345 1582 inquit
1370 1511 1441 1575 τί,
1475 1509 1736 1567 Dominus
1761 1510 1828 1564 ad
1861 1508 2082 1580 Moysen

505 1608 557 1660 in
591 1607 804 1661 deserto
843 1606 1006 1660 Sina:
1041 1623 1058 1655 ι
1093 1603 1179 1657 illa
1217 1602 1426 1657 scilicet
1459 1603 1640 1656 omnia
1673 1617 1792 1671 qua!
1833 1603 2085 1669 superius

501 1700 882 1768 compendiosa
918 1699 1229 1752 narratione
1257 1696 1794 1765 comprehendimus,
1828 1693 1916 1746 ubi
1947 1708 2085 1762 pra:-

502 1792 700 1861 cipitur
731 1790 1005 1843 numerari
1035 1805 1064 1843 a
1094 1791 1278 1860 viginti
1318 1788 1474 1842 annis
1501 1796 1555 1841 et
1593 1801 1754 1855 supra
1791 1785 1966 1840 Omnis
1993 1787 2081 1853 qui

503 1883 746 1952 procedit
778 1883 828 1935 in
865 1883 1064 1937 virtute
1092 1881 1277 1936 Israel.
1313 1881 1369 1934 Si
1398 1881 1521 1950 quis
1571 1895 1700 1950 ergo
1731 1880 1976 1948 procedit
2029 1880 2081 1932 in

492 1979 719 2042 virtute,
753 1977 866 2044 ipse
899 1985 1239 2036 numeratur,
1271 1984 1323 2028 et
1353 1989 1457 2027 non
1491 1973 1542 2026 in
1574 1971 1942 2041 qualicunque
1973 1972 2082 2024 vir-

500 2078 634 2128 tute,
679 2068 728 2121 id
769 2076 874 2132 est,
905 2083 1009 2120 non
1044 2066 1096 2118 in
1131 2064 1511 2135 ngyptiorum
1540 2064 1768 2126 virtute,
1803 2077 1977 2131 neque
2027 2064 2080 2116 in

499 2158 868 2228 Assyriorum,
897 2170 1068 2224 neque
1128 2155 1181 2208 in
1238 2155 1575 2216 Grmcorum,
1629 2153 1721 2205 scd
1770 2151 1822 2204 in
1877 2151 2083 2205 virtute

499 2249 682 2315 lsrael,
714 2251 825 2318 ipse
855 2259 1172 2302 numeratur
1199 2246 1339 2314 apud
1376 2245 1566 2299 Deum.
1602 2243 1694 2297 Est
1727 2243 1872 2297 enim
1910 2245 2083 2296 virtus

501 2345 689 2408 animi,
717 2358 878 2412 quam
903 2341 1218 2395 Grzrcorum
1249 2339 1552 2409 philosophi
1586 2340 1805 2393 docent.
1837 2337 1942 2392 Sed
1970 2340 2082 2391 lucc

504 2453 609 2490 nou
643 2433 876 2505 pertinet
911 2433 976 2485 ad
1011 2446 1294 2485 numerum
1329 2429 1446 2483 Dei.
1490 2428 1606 2482 Non
1635 2430 1778 2481 enint
1821 2443 1918 2496 pro
1949 2429 2077 2489 Deo,

501 2529 592 2582 scd
619 2542 714 2596 pro
739 2523 908 2593 gloria
928 2533 1216 2578 exercetur
1247 2522 1504 2574 lnnnaua.
1535 2519 1624 2574 Est
1657 2529 1709 2572 et
1734 2520 2079 2590 Assyriorum

504 2621 698 2677 virtus,
731 2626 817 2668 est
859 2615 1260 2675 Chaldaeorum,
1289 2629 1409 2682 qua:
1445 2613 1496 2666 iu
1541 2611 1846 2681 astrologiae
1890 2613 2082 2667 studiis

503 2709 848 2779 prmdiCatur.
894 2705 998 2762 Sed
1038 2722 1141 2759 non
1187 2715 1271 2759 est
1305 2706 1404 2757 ista
1438 2704 1612 2756 virtus
1655 2703 1974 2766 lsraelitica,
2029 2712 2083 2756 et

504 2804 625 2856 ideo
658 2816 760 2853 non
787 2799 1018 2868 pertinet
1048 2798 1114 2850 ad
1141 2797 1326 2850 Deum.
1361 2795 1454 2849 Est
1485 2805 1536 2848 et
1561 2793 1942 2866 IEgyptiorum
1977 2795 2081 2848 vir-

505 2905 592 2946 tus
627 2893 677 2946 itt
708 2907 769 2944 ea
821 2905 982 2958 quant
1012 2889 1198 2942 dicunt
1249 2895 1460 2942 secreta
1501 2884 1791 2953 sapientia,
1826 2887 1920 2939 sed
1962 2885 2080 2938 haec

503 3000 608 3039 non
640 2962 948 3051 adjttngitur
991 2981 1056 3034 ad
1082 2978 1350 3034 ealeulnm
1395 2977 1512 3032 Dei.
1557 2976 1686 3032 Sola
1741 2977 1882 3045 apud
1915 2975 2080 3030 Deum

2193 509 2325 567 quot
2359 499 2563 567 prmliis
2599 501 2942 571 pugnandum
2977 501 3070 554 tibi
3120 511 3203 554 est
3240 517 3292 556 et
3323 507 3673 574 vincendum,
3713 520 3778 562 ιιι

2194 594 2368 661 possis
2406 593 2471 645 ad
2502 593 2746 646 divinqu
2796 608 3080 648 numerum
3127 597 3401 664 pertinere
3436 599 3572 668 (53),
3622 610 3682 653 ιιι
3717 602 3780 655 in

2192 694 2445 752 computo
2467 685 2650 752 alituo
2687 687 2939 740 habearis
2963 690 3103 758 apud
3142 688 3334 753 Deum,
3377 702 3435 744 ιιι
3475 692 3619 746 inter
3640 709 3779 747 san-

2193 786 2309 831 ctas
2345 777 2516 831 tribus
2553 778 2896 831 adnumerari
2937 779 3129 848 dignus
3165 781 3439 845 babearis,
3473 794 3531 837 ut
3559 785 3714 839 visita
3729 788 3777 840 ri

2193 869 2393 934 possis,
2423 878 2476 922 et
2517 883 2611 936 per
2644 868 2734 922 Dei
2770 869 3081 922 sacerdotes
3109 868 3286 923 Aaron
3328 880 3382 924 et
3414 871 3630 942 Moysen
3669 892 3777 928 tnt-

2192 973 2465 1012 merorunt
2489 960 2746 1013 censibus
2773 957 2990 1011 ascribi.
3028 958 3384 1029 Suscipiemla
3425 961 3519 1014 tibi
3545 974 3628 1015 est
3657 966 3778 1033 pri-

2192 1065 2280 1104 mo
2318 1048 2398 1105 lex
2426 1049 2542 1116 Dei,
2574 1051 2657 1106 lex
2687 1051 2923 1120 Spiritus
2941 1053 3138 1108 sancti.
3169 1052 3446 1108 olferenda
3475 1057 3773 1123 sacrilicia,

2190 1143 2468 1211 explenda:
2498 1143 2928 1212 puriﬁcationes,
2971 1149 3275 1218 peragenda
3311 1155 3502 1200 cuncta
3535 1162 3653 1215 qua:
3681 1148 3770 1201 lex

2189 1233 2416 1302 spiritus
2447 1233 2622 1297 docet,
2663 1245 2715 1287 ιιι
2747 1236 2921 1304 possis
2953 1239 3244 1306 aliquando
3295 1239 3360 1291 ad
3408 1237 3770 1293 lsracliticunt

2191 1340 2476 1379 numerum
2511 1331 2784 1395 pertinere
2817 1329 2953 1398 (54).

2258 1417 2312 1471 5.
2365 1417 2476 1486 Ego
2529 1420 2705 1474 adhuc
2750 1422 2986 1491 amplius
3041 1419 3243 1490 aliquid
3291 1419 3505 1474 intueor
3549 1420 3608 1474 in
3664 1421 3770 1476 hoc

2188 1508 2550 1566 Numerorum
2635 1513 2773 1569 libro
2854 1515 3125 1584 mysterii.
3205 1511 3362 1566 Ratio
3449 1515 3596 1566 enim
3675 1518 3767 1567 tri-

2189 1603 2395 1671 buunt,
2458 1615 2510 1658 et
2552 1607 2826 1660 distinctio
2867 1607 3158 1668 ordinum,
3231 1605 3465 1660 societas
3526 1605 3762 1658 familia-

2192 1711 2306 1748 rum
2334 1735 2350 1759 ,
2409 1707 2571 1764 atque
2624 1698 2898 1753 ordinatio
2938 1707 3134 1753 cuncta
3204 1704 3550 1763 castrorum,
3590 1698 3752 1767 277

2191 1788 2486 1858 ingentium
2556 1791 2684 1844 mihi
2753 1801 3218 1846 sacramentorum
3288 1790 3470 1858 prodit
3520 1789 3742 1843 iudicia:

2185 1881 2428 1945 apostolo
2480 1881 2638 1936 nobis
2683 1881 2850 1936 Paulo
2915 1884 3173 1951 spiritalis
3246 1881 3622 1951 itttcliigenl'm
3677 1897 3750 1934 se-

2186 1973 2328 2026 mina
2380 1987 2746 2044 respergente.
2803 1976 2868 2031 Et
2905 1990 3038 2044 age,
3099 1975 3208 2044 jam
3249 1975 3376 2043 quid
3429 1973 3612 2027 omnis
3643 1973 3753 2024 hac.

2187 2081 2536 2119 numerorum
2571 2070 2743 2131 ratio,
2782 2067 2911 2136 quid
2952 2068 3202 2122 ordinum
3238 2066 3524 2122 diversitas
3570 2063 3762 2117 intelli-

2183 2159 2374 2228 gentiae
2427 2159 2664 2229 mystica:
2710 2159 3012 2223 contineat,
3051 2159 3348 2213 videamus.
3406 2157 3756 2226 Exspectatio

2183 2262 2326 2304 certa
2369 2251 2522 2305 nobis
2556 2261 2638 2305 est
2685 2251 3101 2305 resurrectionis
3145 2260 3506 2312 mortuoru-u,
3550 2265 3672 2301 runt
3709 2248 3762 2301 hi

2183 2341 2270 2408 qui
2310 2342 2516 2406 vivunt,
2571 2345 2660 2408 qui
2716 2343 2905 2413 reliqui
2947 2352 3107 2405 sunt,
3172 2357 3276 2394 non
3332 2341 3664 2410 przevenient
3711 2339 3761 2391 in

2185 2434 2415 2488 adventu
2465 2433 2668 2488 Christi
2715 2450 2809 2488 eos
2880 2437 2969 2504 qui
3033 2435 3411 2496 dormierunt,
3456 2435 3549 2485 sed
3603 2431 3763 2486 simul

2184 2541 2306 2578 cum
2339 2525 2416 2576 eis
2439 2511 2608 2593 juncti
2640 2537 2692 2579 et
2717 2527 2933 2589 sociati,
2987 2527 3270 2596 rapientur
3301 2525 3352 2577 in
3401 2523 3634 2576 nubibus
3665 2525 3765 2575 ob-

2183 2615 2324 2668 viam
2360 2613 2576 2670 Christo
2617 2617 2669 2670 in
2722 2632 2870 2681 aera,
2919 2618 3121 2671 terreni
3178 2615 3386 2669 scilicet
3441 2613 3598 2682 hujus
3655 2612 3762 2666 Iocl

2183 2709 2545 2778 corruptelam
2580 2717 2635 2762 et
2668 2709 2856 2761 mortis
2912 2709 3224 2764 habitacula
3275 2710 3616 2768 deserentes,
3649 2705 3766 2757 sivo

2183 2813 2371 2854 omnes
2398 2799 2450 2851 in
2479 2811 2624 2863 aere,
2654 2810 2707 2851 ut
2733 2796 2929 2853 Paulus
2954 2800 3296 2869 pronuntiat,
3321 2797 3664 2868 permansuri
3690 2800 3760 2856 τ’,

2184 2889 2299 2944 sive
2347 2887 2511 2942 etiam
2569 2889 2736 2957 aliqui
2769 2890 2836 2943 ad
2877 2890 3187 2959 paradisum
3228 2898 3322 2943 aut
3364 2888 3469 2942 alia
3507 2887 3767 2956 quaelibet

2183 2996 2249 3034 ex
2304 2979 2493 3034 multis
2548 2980 2923 3036 mansionibus
2981 2996 3098 3049 qua:
3152 2981 3295 3050 apud
3357 2979 3573 3034 Patrem
3633 2986 3764 3030 sunt

502 3079 676 3130 virtus
733 3074 1026 3129 Israelitica
1078 3080 1416 3125 numeratur.
1465 3069 1590 3124 llaec
1638 3082 1722 3126 est
1760 3069 1849 3123 illa
1881 3071 2074 3134 virtus,
2107 3101 2150 3158 Ο
2187 3073 2550 3128 transferendi
2593 3074 2712 3128 loca
2750 3073 2882 3144 (55),
2936 3073 3230 3129 υῑνετεῑιειε
3292 3084 3470 3126 autem
3527 3070 3764 3124 transh-

501 3183 623 3238 qua:
671 3187 699 3221 a
761 3167 870 3222 Deo
911 3167 1159 3227 docetur,
1200 3180 1320 3234 qua:
1365 3179 1460 3234 per
1518 3163 1832 3232 Scripturas
1867 3163 2080 3216 divinas

501 3263 758 3326 discitur,
797 3275 918 3329 quae
953 3274 1048 3328 per
1082 3259 1240 3313 ﬁdem
1298 3257 1669 3327 evangelicum
1716 3266 1772 3310 et
1822 3255 2081 3326 apostoli-

502 3371 621 3408 cam
650 3355 901 3407 traditur.
948 3352 1010 3405 Et
1040 3353 1159 3404 ideo
1199 3351 1329 3404 dicit
1366 3360 1423 3402 ut
1449 3349 1524 3402 illi
1558 3349 1659 3402 soli
1699 3356 2077 3414 numerentur,

503 3448 592 3516 qui
647 3444 1067 3514 progrediuntur
1124 3442 1174 3494 in
1230 3440 1432 3493 virtute
1485 3439 1669 3492 Israel.
1705 3437 1809 3492 Sed
1855 3447 1908 3490 et
1945 3437 2078 3490 illud

502 3539 933 3598 consideremus,
963 3534 1090 3602 quid
1117 3543 1200 3586 est
1223 3531 1365 3602 quod
1399 3547 1502 3584 non
1535 3530 1717 3585 statim
1749 3538 1805 3582 ιιι
1827 3544 2081 3600 egressus

503 3641 583 3685 est
615 3630 682 3684 de
739 3627 972 3698 Egypto
1022 3624 1250 3693 populus
1301 3632 1638 3676 muneratur.
1692 3622 1882 3674 Adhuc
1935 3621 2078 3674 enim

504 3723 930 3794 persequebatur
959 3720 1190 3772 Pharao.
1224 3716 1329 3771 Sed
1362 3733 1461 3770 nec
1489 3732 1609 3768 eum
1645 3729 1792 3774 mare
1836 3714 2080 3767 Rubrum

503 3815 723 3886 quidem
764 3814 1031 3868 transiens
1061 3809 1209 3861 venit
1241 3810 1293 3861 in
1336 3809 1612 3862 desertum
1655 3807 1852 3859 dicitur
1892 3822 2080 3860 nume-

507 3906 640 3961 rari.
673 3904 919 3959 Nondum
965 3903 1109 3956 enim
1143 3899 1355 3963 tentati,
1386 3898 1622 3952 nondum
1667 3899 1735 3950 ab
1782 3898 1934 3950 hoste
1967 3898 2082 3951 fue-

506 4007 629 4052 rant
669 3993 988 4066 impnguati.
1031 3988 1339 4058 Couﬂigunt
1383 3989 1669 4042 adversum
1704 3988 1987 4051 Amalech,
2028 3998 2084 4042 et

508 4090 750 4142 vincunt.
799 4086 903 4140 Sed
954 4099 1054 4138 nec
1098 4095 1226 4136 tunc
1273 4080 1491 4150 quidem
1542 4091 1924 4135 numerantur.
1966 4079 2080 4133 Non

507 4179 650 4233 enim
681 4176 876 4232 sullicit
905 4175 970 4229 ad
1008 4172 1397 4244 porreetionem
1423 4168 1660 4223 tendenti
1696 4184 1798 4223 una
1831 4170 2080 4225 victoria.

508 4270 714 4324 Manna:
757 4268 1031 4338 accipiunt
1075 4267 1282 4330 cibum,
1314 4273 1362 4318 et
1403 4277 1554 4333 aqua:
1596 4261 1845 4330 poculum
1879 4263 1944 4316 de
1997 4276 2084 4316 se-

507 4361 696 4429 quenti
727 4360 982 4413 hauriunt
1009 4367 1187 4425 petra;
1223 4355 1317 4410 sed
1337 4369 1509 4423 neque
1540 4363 1666 4409 tunc
1699 4363 2080 4407 numerantur.

2183 3168 2365 3232 tionis,
2399 3177 2453 3222 et
2484 3167 2653 3239 gloria
2696 3182 2761 3220 ex
2812 3168 3028 3222 meritis
3059 3169 3178 3222 sine
3220 3167 3383 3222 dubio
3433 3175 3488 3221 et
3540 3167 3758 3221 actibus

2183 3261 2606 3330 uniuscujusque
2677 3260 3042 3329 praestabitur,
3093 3270 3144 3314 ct
3223 3259 3327 3313 erit
3386 3260 3764 3328 unusquisque

2185 3354 2236 3407 in
2283 3369 2348 3408 eo
2393 3352 2604 3419 ordine,
2649 3368 2810 3421 quem
2850 3353 2955 3406 sibi
3001 3363 3278 3420 gestorum
3333 3352 3526 3406 merita
3565 3362 3766 3405 contu-

2184 3445 2377 3507 lerint;
2431 3448 2568 3498 sicut
2627 3453 2676 3496 et
2743 3443 2885 3497 idem
2945 3440 3142 3495 Paulus
3181 3447 3518 3509 protestetur
3573 3439 3765 3492 dicens

2183 3537 2250 3588 de
2322 3531 2726 3603 resurgentibus
2789 3532 2872 3583 7':
2933 3547 2953 3581 ‹
2995 3528 3377 3598 Unusquisque
3439 3536 3621 3582 autem
3703 3528 3758 3580 in

2184 3643 2281 3681 suo
2345 3625 2601 3680 ordine.)
2681 3622 2819 3677 lliuc
2905 3637 3033 3692 ergo
3091 3621 3302 3675 accidet
3360 3620 3412 3673 in
3507 3632 3761 3674 resurre-

2187 3719 2388 3782 crione,
2424 3727 2482 3770 ιιι
2511 3715 2881 3783 unusquisque
2904 3722 2997 3766 aut
3025 3713 3077 3765 in
3111 3712 3254 3765 tribu
3287 3711 3473 3766 Ruben
3503 3709 3768 3780 spiritali-

2185 3811 2284 3864 bus
2319 3807 2532 3862 indiciis
2563 3806 2893 3868 ascribatur,
2937 3805 3008 3860 ob
3041 3807 3142 3859 hoc
3183 3803 3450 3874 profecto,
3482 3801 3626 3870 quod
3663 3799 3767 3853 ali-

2185 3900 2316 3968 quid
2344 3900 2394 3951 in
2423 3899 2687 3962 moribus,
2722 3897 2956 3959 actibus,
2988 3903 3079 3948 aut
3105 3895 3210 3948 vita
3240 3894 3339 3962 ipsi
3371 3889 3557 3946 Ruben
3586 3891 3765 3946 simile

2184 4003 2240 4047 et
2302 3989 2762 4059 consanguineum
2814 3987 3022 4042 habuit.
3071 3985 3224 4041 Alius
3260 3994 3446 4040 autem
3498 3983 3553 4038 in
3608 3984 3760 4038 tribu

2187 4083 2429 4149 Simeou,
2487 4081 2737 4135 fortassis
2787 4095 2886 4149 pro
2938 4079 3271 4133 obedientia.
3324 4077 3474 4130 Alius
3515 4076 3570 4128 in
3615 4075 3755 4128 tribu

2186 4175 2335 4240 Levi,
2368 4175 2530 4228 credo
2563 4173 2655 4242 qui
2688 4173 2825 4226 bene
2877 4169 3094 4239 prtel'uit
3141 4168 3468 4230 sacerdotio,
3528 4165 3611 4221 vel
3670 4165 3758 4232 qui

2187 4266 2320 4319 bene
2372 4264 2687 4319 tninistrans
2745 4261 2971 4331 gradum
3026 4260 3126 4315 sibi
3179 4261 3380 4315 bonum
3450 4258 3758 4328 acquisivit.

2187 4358 2337 4411 Alius
2366 4358 2416 4410 in
2451 4357 2594 4409 tribu
2624 4353 2762 4408 Juda
2789 4394 2803 4417 ,
2841 4369 2946 4408 non
2975 4353 3160 4409 dubito
3195 4353 3337 4424 quod
3380 4353 3424 4406 is
3464 4351 3558 4420 qui
3586 4350 3759 4419 regios

508 4451 754 4508 Nondum
796 4453 938 4505 enim
979 4452 1030 4503 in
1071 4451 1155 4503 his
1189 4463 1250 4500 ea
1293 4461 1414 4514 qua:
1443 4447 1684 4499 numeris
1717 4455 1837 4512 apta
1869 4447 2078 4497 ducun-
2118 4449 2158 4502 D
2189 4450 2414 4518 spiritus
2450 4446 2641 4516 gessit,
2671 4456 2724 4499 et
2755 4446 2892 4500 bene
2929 4445 3072 4499 rexit
3103 4444 3360 4514 populum
3405 4443 3498 4512 qui
3537 4442 3679 4496 intra
3703 4455 3760 4494 se

511 4555 617 4608 tur,
651 4543 1016 4598 adoleverant.
1043 4539 1470 4594 Tabernaculum
1502 4536 2083 4591 testimoniiconstrui-

509 4644 620 4700 tur,
651 4638 743 4690 sed
776 4650 873 4688 nec
914 4635 964 4687 in
994 4633 1096 4686 hoc
1124 4631 1342 4698 quidem
1369 4628 1687 4680 numerandi
1723 4629 1902 4697 pepuli
1944 4640 2081 4683 lent-

511 4743 611 4799 pus
658 4728 895 4779 advenLt.
949 4722 1054 4775 Lex
1085 4735 1181 4789 per
1217 4719 1434 4788 Moysen
1468 4719 1646 4780 datur,
1685 4717 2080 4773 sacriﬁciorum

508 4834 628 4873 mos
664 4817 914 4882 traditur,
947 4811 1385 4884 puriIiCationutn
1431 4809 1568 4863 ritus
1599 4809 1846 4875 docetur,
1880 4812 2084 4864 sancti-

510 4907 827 4961 ﬁcationum
860 4905 1004 4972 leges
1037 4917 1090 4956 et
1139 4909 1480 4955 sacramenta
1520 4901 1847 4961 comlunlur,
1874 4910 1926 4952 et
1959 4911 2084 4954 tunc

509 5000 578 5053 ad
620 5012 906 5052 numerum
952 5010 1017 5049 ex
1051 5003 1320 5064 praecepto
1374 4991 1464 5045 Dei
1508 4988 1736 5058 populus
1772 4991 2080 5046 adducitur.

514 5089 768 5145 Describe
796 5092 932 5152 ha‘c,
972 5103 1004 5142 ο
1035 5086 1270 5146 auditor,
1305 5085 1356 5136 in
1398 5082 1560 5136 corde
1595 5083 2001 5151 tuo-dupliciter
2031 5099 2086 5141 et

512 5181 817 5250 tripl-iciter.
853 5178 982 5233 Vide
1003 5186 1204 5247 quanta
1240 5176 1332 5229 tibi
1371 5173 1695 5228 transeumla
1727 5185 1874 5239 sant,
1918 5191 2086 5244 quan-

589 5323 633 5356 ⁷⁸
659 5324 852 5378 Matth.
888 5340 941 5383 κ,
978 5321 1067 5375 50.
1139 5321 1181 5349 ⁷⁸
1221 5319 1379 5372 Num.
1425 5334 1464 5379 ι,
1498 5318 1551 5370 1.
1629 5317 1672 5346 τ’
1717 5315 1731 5368 Ι
1771 5311 1961 5373 Thess.
2005 5333 2079 5383 Iv,

583 5444 695 5512 (53)
711 5443 882 5498 Codd.
911 5441 1308 5512 Bellovaccusis
1332 5449 1386 5493 et
1407 5437 1638 5512 Turno,
1665 5453 1682 5485 ι
1714 5438 2015 5512 pervenire.
2062 5458 2080 5488 ι

513 5506 688 5567 Paulo
715 5524 832 5582 post
860 5514 1013 5566 codd.
1053 5511 1392 5582 Ebroicens‘ts
1420 5521 1473 5560 ct
1518 5506 1809 5582 Sagieusis,
1853 5524 1870 5556 ι
1908 5508 2084 5560 adnu-

519 5579 728 5637 morari
744 5584 1026 5646 merearis,
1052 5593 1110 5633 ut
1146 5581 1350 5633 visitavi
1399 5579 1590 5644 possis.
1630 5596 1647 5627 ι

587 5652 698 5716 (54)
732 5653 908 5704 Codex
945 5649 1358 5711 Bellovaeensls,
1389 5665 1406 5695 ι
1441 5647 1742 5714 pervenire.
1776 5663 1795 5696 ι

590 5721 698 5792 (sa)
737 5722 971 5790 Vulgalte
1003 5722 1265 5774 editiones
1300 5718 1495 5772 habent
1530 5734 1538 5767 :
1581 5733 1596 5766 t
1628 5727 1787 5785 :thttu
1833 5715 1896 5768 ad
1931 5729 2082 5784 para-

2189 4550 2292 4606 cst,
2315 4555 2569 4594 sensuum
2594 4537 2803 4592 scilicet
2833 4540 3028 4592 mentis
3059 4549 3114 4592 et
3140 4536 3526 4607 cogitationum
3554 4531 3757 4588 cordis.

2191 4631 2295 4685 Sed
2345 4639 2399 4683 et
2442 4630 2667 4698 singulis
2723 4629 3024 4698 quibusque
3083 4629 3332 4683 tribubus
3389 4625 3761 4695 unusquisque

2191 4723 2487 4778 soeiabitur
2536 4738 2631 4792 pro
2679 4723 2765 4777 his
2789 4737 2911 4791 quae
2943 4723 3010 4777 ad
3063 4733 3503 4789 unamquamque
3547 4730 3759 4779 earum,

2191 4817 2272 4869 vel
2310 4815 2359 4869 in
2387 4816 2601 4870 actibus
2627 4827 2854 4886 cognata
2886 4816 2965 4871 vel
2991 4817 3042 4869 in
3078 4815 3316 4869 moribus
3346 4812 3555 4867 habuit.
3589 4810 3761 4863 Erunt

2191 4922 2319 4976 ergo
2370 4906 2678 4974 hujusmodi
2733 4908 2951 4975 quidam
2996 4907 3214 4960 ordines
3261 4905 3311 4958 in
3363 4901 3764 4958 resurrectione

2193 5009 2548 5062 mortuorum,
2580 4997 2720 5052 sicut
2735 4998 2984 5068 designat
3010 4996 3332 5065 Apostolus;
3357 5007 3595 5063 quorum
3621 4993 3767 5047 ordi-

2192 5106 2320 5144 num
2351 5100 2506 5157 typus
2539 5089 2590 5142 in
2621 5090 2720 5142 hoc
2758 5087 2894 5142 libro
2932 5099 2988 5142 et
3025 5089 3192 5157 ﬁgura
3246 5083 3588 5155 praeformata
3633 5081 3764 5134 mihi

2197 5184 2426 5236 videtur.
2485 5181 2591 5236 Sed
2631 5191 2686 5234 et
2728 5180 2862 5236 illud
2891 5181 3033 5250 quod
3077 5178 3486 5234 consociatione
3527 5172 3769 5244 quadarn

2133 5323 2219 5376 M.
2295 5324 2340 5354 ⁷³
2380 5323 2395 5376 Ι
2431 5321 2558 5376 Cor.
2601 5338 2692 5386 xv,
2733 5322 2820 5376 23.

2196 5445 2368 5500 disum
2413 5445 2464 5500 in
2501 5459 2660 5498 uuam
2705 5459 2768 5498 ex
2815 5443 2998 5496 multis
3047 5457 3168 5509 quae
3197 5441 3338 5508 apud
3375 5439 3588 5495 Patrem
3631 5445 3768 5493 sunt

2195 5517 2563 5569 mansionibus
2599 5515 2980 5569 transferendi.
3010 5532 3028 5564 ι
3079 5512 3185 5566 Sed
3221 5526 3410 5566 omnes
3449 5526 3578 5565 mss.
3614 5517 3671 5562 ιιι
3707 5511 3766 5562 in

2195 5598 2381 5640 nostro
2442 5596 2609 5638 textu.
2680 5584 2913 5638 Consule
2985 5582 3234 5636 Huctium
3315 5579 3768 5651 Origem’nuorum

2192 5654 2282 5708 lib.
2316 5669 2376 5718 ll,
2402 5665 2596 5723 qua-st.
2631 5655 2714 5720 ll,
2749 5668 2895 5707 num.
2929 5651 2983 5719 9,
3010 5653 3101 5717 40,
3129 5653 3186 5704 Η
3216 5660 3267 5705 et
3297 5651 3379 5705 li.
