2043 3109
210 179 260 206 58'.)

212 237 332 265 tribuum
346 241 374 263 et
389 236 567 267 connexione,
582 240 738 263 castrorum
761 235 861 268 positio
876 239 904 262 et
918 240 1002 261 meta-
1017 238 1041 263 Α

213 285 295 312 tionis
307 284 373 311 ordo
386 282 560 314 describitur,
584 282 704 316 pertinet
721 281 781 308 sino
797 280 880 308 dubio
902 281 935 306 ad
952 280 1003 306 ali-

213 339 293 367 quem
316 331 342 357 in
369 329 570 357 resurrectione
595 332 764 355 mortuorum
783 332 894 354 statum.
926 326 1004 359 Quod

215 381 270 403 tres
285 376 316 403 ad
332 376 464 402 orientem
480 374 619 401 collocata:
637 373 767 400 dicuntur
782 373 879 403 tribus,
899 377 955 399 tres
970 371 1003 397 ad

214 420 393 451 occidentem,
418 424 473 446 trcs
497 419 581 445 etiam
604 419 637 445 ad
657 418 798 445 meridiem
819 417 874 453 (56)
897 422 923 444 et
948 422 1004 444 tres

214 466 313 492 ultima:
341 465 374 491 ad
405 465 569 499 aquilonem,
595 464 642 499 qui
660 465 744 491 durtts
763 464 864 491 dicitur
886 468 1002 495 ventus;

212 513 258 539 sed
274 516 300 539 et
317 511 389 545 quod
403 511 491 537 tribus
502 511 581 542 .luda,
598 517 658 545 quin
674 510 773 544 regalis
793 514 846 542 est,
866 509 898 535 ad
912 508 1005 535 orien-

213 563 267 584 tem
283 558 420 588 statuitur.
431 565 463 584 ex
476 565 528 591 qua
544 562 619 584 orttts
631 565 673 584 est
688 557 818 584 Dominus
833 561 935 588 noster,
950 562 1002 582 nun

214 610 277 636 puto
292 603 421 636 otiosum,
442 607 470 630 et
490 603 561 637 quod
584 602 709 631 lssachar
735 604 798 629 huic
818 602 952 637 jungitur,
976 606 1004 628 ct

212 648 343 680 Zabulon,
368 654 396 676 et
422 649 493 683 quod
521 649 547 675 in
572 655 689 683 quatuor
718 655 809 683 partes
840 649 928 675 lriuus
953 648 1004 674 iste

214 702 340 722 numerus
351 695 504 722 ordinatur.
521 695 586 728 Quae
610 696 736 730 quamvis
754 695 920 730 positionum
940 701 1004 721 sua-

213 748 271 766 rum
287 740 411 768 divcrsas
434 740 551 768 habeant
568 741 730 776 qualitates,
745 748 839 767 omnes
855 745 943 767 tamen
963 740 1005 766 in-

214 792 254 813 tra
280 786 411 813 trinitatis
436 790 576 814 nun‘tcrnm
601 787 786 813 continentur.
806 786 840 813 Et
864 786 934 820 quod
956 793 1004 819 per

214 838 283 860 totas
297 834 347 859 has
360 837 476 867 quatuor
495 839 588 867 partes
600 834 625 859 in
643 841 725 860 unum
742 840 884 859 numerum
899 832 1001 866 colligi-

213 884 257 906 tur
271 879 365 905 eadcm
381 879 489 906 trinitas
504 886 623 913 semper,
639 887 689 913 pro
702 886 734 905 eo
750 879 807 905 sine
828 878 910 905 dubio
930 878 1001 912 quod

213 926 263 952 sul)
285 932 339 951 uno
355 925 463 952 nomine
488 924 577 951 Patris
602 930 630 952 et
649 924 708 951 Filii
731 930 758 951 et
778 924 895 958 Spiritus
912 925 1001 951 sancti

216 977 361 998 censentur
379 979 483 1002 omnes.
510 972 555 1006 qui
577 979 610 998 ex
640 978 758 1005 quatuor
783 970 858 997 orbis
879 972 1003 1006 partibus

215 1018 354 1045 venientes
385 1017 511 1044 invocant
535 1024 632 1044 nomen
662 1017 786 1049 Domini,
813 1018 1002 1046 recumbentes

213 1072 274 1090 cum
291 1063 426 1089 Abraham
440 1067 466 1089 ct
479 1062 554 1090 lsaac
566 1067 592 1089 et
606 1060 693 1089 .lacob
712 1062 738 1089 in
755 1069 839 1097 regno
860 1063 919 1090 Dei.
937 1063 999 1089 ll:ec

213 1116 227 1134 a
243 1109 321 1135 nobis
343 1107 506 1141 generaliter
530 1107 650 1135 indicata
673 1107 725 1134 sint
749 1108 903 1136 volentibus
920 1108 1002 1135 totius

212 1155 281 1181 sacri
299 1154 379 1189 hujus
395 1153 540 1180 voluminis
557 1154 756 1181 continentiam
779 1154 923 1190 mysticam
943 1155 1004 1182 bre-

213 1200 282 1226 viter
297 1199 541 1234 comprehendere,
562 1204 592 1226 ut
606 1206 638 1226 ex
653 1199 696 1227 his
716 1199 903 1235 intelligentia;
922 1201 1005 1235 spiri-

216 1245 277 1272 talis
294 1246 441 1272 occasione
458 1249 585 1279 suscepta
599 1246 789 1280 unusquisque
809 1251 835 1273 et
850 1246 877 1273 in
893 1247 1004 1282 reliquis

213 1292 348 1323 similent.
366 1296 414 1318 aut
434 1291 515 1318 etiam
538 1291 561 1319 si
587 1291 630 1318 cui
654 1292 770 1327 amplius
791 1292 860 1319 Deus
890 1293 1003 1327 revelat,

214 1338 380 1371 superiorem
396 1343 423 1365 et
438 1339 618 1366 excelsiorem
633 1343 813 1373 persequatur
837 1338 1002 1374 indaginem.

215 1384 270 1418 Ego
283 1386 355 1411 enim
374 1393 437 1411 vere
459 1385 591 1420 imparem
616 1394 658 1413 me
679 1385 772 1419 judico
794 1386 828 1411 ad
848 1387 1004 1413 enarranda

214 1430 361 1465 mysteria,
389 1438 449 1465 quze
482 1430 552 1458 liber
577 1431 621 1458 hic
654 1431 775 1458 continet
799 1429 1002 1464 Numerorum;

215 1476 298 1502 multo
310 1481 400 1503 autem
419 1477 576 1504 inferiorem
593 1477 625 1504 ad
639 1478 684 1504 illa
698 1498 705 1510 ,
721 1484 780 1511 qtue
800 1477 1003 1504 Deuteronomii

214 1521 337 1548 volntnen
362 1521 485 1550 includit.
513 1522 547 1549 Et
573 1522 633 1549 ideo
651 1523 834 1549 festinandum
857 1522 936 1549 nobis
961 1526 1004 1549 est

214 1566 358 1600 tcrvenire
371 1567 404 1593 ad
418 1565 523 1598 Iesum,
539 1574 592 1594 non
608 1567 683 1593 illum
701 1567 783 1593 lilium
803 1567 886 1598 Nave,
903 1568 949 1593 sed
969 1567 1001 1593 ad
1018 1582 1038 1610 ο

213 1610 303 1637 Iesum
329 1611 475 1638 Christum.
509 1611 587 1638 Prius
614 1616 702 1638 tamen
729 1612 874 1646 pzedagogo
896 1617 1002 1638 utentes

216 1658 319 1691 Moyse,
329 1658 434 1691 etapud
450 1665 510 1685 eum
527 1658 679 1685 rudimenta
695 1658 815 1685 infantia:
827 1658 1002 1692 deponentes,

215 1702 256 1727 sic
272 1702 412 1728 tendamus
425 1703 457 1728 ad
472 1701 665 1735 perfectionem
680 1702 790 1729 Christi.
814 1703 919 1737 Moyses
931 1702 1002 1728 cnim

218 1754 270 1772 ron
288 1747 368 1772 multa
386 1747 455 1773 bella
468 1748 640 1781 compressit.
659 1747 737 1775 Jesus
750 1753 838 1775 autem
857 1748 924 1775 bella
943 1748 1004 1782 qui-

216 1792 276 1817 dem
303 1793 425 1818 universa
451 1793 630 1826 compescuit,
663 1801 755 1827 pacem
786 1801 850 1820 vero
877 1793 1004 1820 omnibus

216 1838 301 1867 dedit,
318 1838 353 1863 ita
374 1843 402 1864 ut
418 1838 552 1872 scriptum
573 1839 606 1865 sit
635 1839 668 1870 ⁷⁵,
691 1839 752 1873 quia
773 1848 782 1863 ι
798 1840 913 1866 cessavit
931 1842 1002 1865 terra

216 1891 228 1908 a
248 1882 333 1909 bellis.
360 1892 369 1908 ›
388 1883 471 1909 Terra
491 1884 718 1917 repromissionis,
740 1887 810 1910 terra
827 1884 1003 1916 haereditatis,

216 1933 288 1954 terra
312 1936 373 1962 qum
396 1928 455 1955 ﬂuit
481 1929 523 1955 lac
543 1934 566 1955 et
586 1928 648 1961 mel,
666 1929 699 1955 ab
726 1928 789 1955 Jesu
820 1929 1002 1956 distribuitur.

217 1974 322 2001 tBeatin
336 1975 409 2001 enim
426 1975 531 2006 unites,
542 1975 604 2009 quia
615 1975 680 2008 ipsi»
698 1983 745 2008 per
756 1974 848 2002 Iesum
868 1976 1003 2003 cluercdi-

214 2021 310 2047 tabunt
324 2025 425 2047 terram
440 2021 489 2049 ⁷⁵.»
509 2020 561 2047 Sed
576 2025 604 2047 et
618 2020 701 2054 ipsius
712 2021 912 2048 distributionis
926 2021 1003 2048 inve-

215 2067 274 2093 uics
290 2072 367 2102 typos
383 2071 410 2093 et
430 2067 562 2101 imagines
577 2067 761 2100 pra-cessisse.
777 2066 833 2093 Non
849 2068 921 2094 cnim
939 2068 1004 2093 otio-

215 2120 274 2138 sum
291 2112 418 2145 estquod
432 2112 493 2139 aliis
513 2111 583 2137 ultra
599 2111 743 2138 Jordancm
764 2116 836 2139 terra
861 2113 1003 2145 dividitur,

216 2156 276 2183 aliis
295 2157 365 2183 intra
390 2155 552 2187 Iordanem,
583 2161 610 2183 ct.
634 2157 693 2183 aliis
719 2158 824 2191 primis,
854 2157 916 2185 aliis
939 2165 1004 2184 vero

215 2202 354 2233 secundis,
369 2202 505 2228 nonnullis
519 2202 601 2228 etiam
618 2202 712 2234 tertiis,
723 2206 749 2228 ct
765 2202 804 2228 sic
818 2210 865 2236 per
881 2203 1003 2229 ordinem

829 174 861 201 IN
879 173 1044 201 NUMEROS
1064 173 1206 201 llOMlLIA
1226 174 1257 202 ll.
1795 179 1848 207 590

1353 234 1494 262 llOMlLlA
1515 235 1546 262 ll.

1187 280 1223 306 De
1245 280 1337 307 ordine
1356 286 1380 307 ιι
1401 281 1541 307 collatione
1561 287 1718 311 castrorum.

1092 326 1118 352 l.
1142 324 1235 352 Prima
1256 326 1438 354 Numerorum
1458 326 1539 353 lectio
1556 327 1658 356 docuit.
1677 329 1748 361 quod
1767 337 1849 356 exer~

1056 369 1125 396 citus
1143 370 1190 397 Dei
1214 371 1259 404 qui
1287 371 1373 398 exivit
1402 371 1436 398 de
1463 376 1536 397 terra
1556 370 1666 406 ,Ἐπιιιί
1684 376 1711 399 et
1727 373 1779 399 iter
1795 375 1851 408 egit

1056 422 1104 448 per
1115 415 1265 449 desertum,
1287 416 1413 444 visitatus
1426 417 1472 448 sit,
1497 417 1549 444 hoc
1562 421 1613 449 ρει,
1629 422 1788 446 numeratus
1802 427 1849 453 per

1056 461 1164 496 Moysen
1182 466 1210 488 et
1232 462 1334 495 Aaron,
1354 470 1386 489 ac
1411 470 1459 496 per
1476 462 1596 496 singulas
1617 471 1738 498 quasque
1763 465 1850 493 tribus

1056 513 1242 542 scquestratus
1260 513 1336 536 certo
1348 509 1401 535 sub
1413 516 1527 535 numero
1544 510 1694 538 recensitos
1708 512 1744 538 sit
1757 522 1763 539 ζ
1778 514 1850 546 quin]

1056 562 1106 581 nos
1124 554 1199 581 velut
1217 563 1279 582 cum
1297 559 1353 582 tota
1367 554 1447 581 simul
1470 554 1551 582 libelli
1579 557 1748 584 continentia
1766 566 1850 593 expo—

1057 607 1163 634 nentes,
1175 601 1288 628 formam
1301 601 1420 628 diximus
1434 608 1494 628 esse
1507 602 1699 636 perscriptum,
1713 606 1849 638 quomodo

1057 647 1173 682 populus
1192 647 1238 674 Dei
1252 647 1397 682 egrediens
1409 646 1443 674 de
1460 647 1551 673 mundi
1569 647 1648 681 hujus
1669 648 1805 684 Egypto,
1822 656 1850 678 ct

1056 694 1089 720 ad
1109 700 1208 720 terram
1234 693 1473 727 repromissionis,
1497 693 1522 720 id
1547 698 1607 726 est,
1625 695 1709 730 278
1738 696 1781 723 vel
1814 697 1847 724 ad

1056 739 1186 766 virtutum
1209 738 1308 770 locum,
1336 738 1379 765 vel
1403 738 1436 765 ad
1460 738 1534 773 regni
1575 739 1705 767 cmlurum
1732 742 1847 776 gloriam

1057 785 1299 818 hmreditatemque
1317 783 1451 811 festinans
1462 803 1469 815 ,
1485 785 1627 812 ordinibus
1644 786 1805 820 quibusdam
1821 792 1849 815 ct

1056 831 1217 857 meritorum
1233 830 1362 864 gradibus
1374 830 1535 857 deducatur.
1551 831 1581 857 Et
1596 839 1643 866 per
1657 833 1715 859 hmc
1726 833 1849 860 ostendi-

1056 885 1116 903 mus
1145 877 1298 903 luturorum
1325 878 1458 904 bonorum
1488 878 1717 912 magniﬁcentiam
1739 879 1765 905 in
1781 880 1849 914 legis

1055 922 1221 957 imaginibus
1238 923 1440 950 adumbratam.
1460 923 1537 950 Nunc
1549 931 1613 951 vero
1630 924 1756 952 lectionis
1768 925 1848 959 hujus

1054 968 1172 1000 initium,
1188 975 1247 1001 quae
1265 968 1345 994 hodie
1367 969 1479 995 recitata
1493 973 1545 1001 cst,
1557 969 1653 1001 edocet
1666 978 1716 997 nos
1731 971 1849 1005 qualiter

1054 1015 1087 1041 ab
1105 1015 1146 1041 his
1161 1015 1207 1048 qui
1225 1014 1282 1041 Deo
1309 1015 1457 1048 mancipati
1480 1021 1563 1048 sunt,
1584 1024 1634 1044 nec
1660 1018 1801 1052 implicant
1820 1026 1850 1045 se

1055 1060 1170 1094 negotiis
1183 1059 1377 1092 smcularibus,
1403 1065 1579 1094 componatur
1598 1061 1666 1088 ordo
1685 1066 1848 1088 castrorum.

1055 1106 1100 1132 Ait
1117 1106 1188 1132 enim
1209 1106 1232 1122 ⁷⁸
1251 1115 1256 1131 :
1281 1115 1290 1131 ι
1304 1104 1337 1132 Ει
1355 1106 1461 1133 locutus
1476 1111 1517 1133 est
1534 1106 1662 1134 Dominus
1681 1107 1716 1133 ad
1739 1107 1849 1141 Moysen

1054 1157 1081 1178 et
1101 1151 1192 1178 Aaron
1210 1151 1323 1179 dicens:
1339 1151 1426 1179 llomo
1442 1153 1593 1180 secundutu
1611 1153 1737 1181 ordinem
1756 1161 1848 1184 suurn,

1055 1202 1083 1224 et
1098 1198 1247 1224 secundum
1270 1198 1347 1233 signa
1371 1207 1430 1231 sua,
1449 1204 1474 1226 et
1489 1200 1639 1227 secundum
1658 1200 1757 1227 domus
1769 1199 1849 1226 faxiti—

1055 1243 1151 1269 liarum
1161 1249 1272 1269 suarum
1286 1248 1377 1270 castra
1392 1243 1518 1277 collocet,
1528 1244 1576 1271 ﬁlii
1591 1244 1674 1272 Israel
1686 1253 1719 1273 ex
1731 1247 1849 1275 adverso

1056 1288 1083 1315 iu
1119 1288 1235 1315 circuitu
1270 1289 1441 1316 tabernaculi
1478 1290 1627 1317 testimonii
1662 1292 1817 1320 considant.
1837 1304 1847 1319 ι

1055 1334 1162 1370 Moyses
1178 1335 1244 1362 dicit
1261 1334 1372 1362 :llomo
1390 1336 1537 1363 secundum
1560 1337 1684 1364 ordinetn
1705 1346 1796 1370 suum,
1821 1345 1850 1366 et

1055 1381 1204 1409 secundum
1219 1380 1296 1415 signa
1322 1388 1382 1410 sua.
1406 1385 1434 1408 et
1449 1382 1598 1410 secundum
1624 1385 1717 1411 dmitos
1734 1384 1851 1411 lainilia-

1056 1435 1115 1454 rum
1126 1434 1236 1454 suarum
1252 1427 1362 1454 incedat
1380 1427 1407 1454 in
1424 1428 1541 1461 castris;
1560 1433 1586 1456 et
1612 1429 1711 1457 Paulus
1725 1430 1790 1457 dicit
1801 1431 1824 1446 "
1841 1441 1847 1458 :

1057 1482 1066 1498 ι
1081 1473 1179 1501 Omnia
1201 1473 1315 1501 honeste
1330 1479 1358 1501 et
1381 1474 1530 1501 secundum
1548 1475 1672 1502 ordinem
1691 1476 1768 1504 ﬁant.
1787 1486 1796 1502 ι
1815 1477 1850 1504 Et

1055 1528 1107 1547 non
1124 1520 1170 1547 tibi
1186 1520 1295 1547 videtur
1310 1528 1379 1547 unus
1397 1527 1458 1547 esse
1488 1520 1607 1554 Spiritus
1633 1521 1690 1555 Dei,
1707 1523 1752 1556 qui
1773 1528 1800 1550 et
1819 1524 1846 1550 in

1056 1565 1147 1600 Moyse
1167 1566 1298 1600 loquitur,
1318 1571 1345 1593 ct
1370 1566 1395 1593 iu
1412 1566 1517 1592 Paulo?
1539 1566 1698 1594 Secundum
1723 1569 1846 1596 ordinem

1057 1612 1164 1647 Moyses
1178 1612 1266 1638 inec-li
1282 1613 1393 1639 mamlat
1418 1612 1445 1638 iu
1473 1613 1587 1644 castris;
1613 1614 1760 1639 secundum
1774 1615 1848 1641 ordi.

1057 1666 1118 1683 nent
1144 1662 1242 1684 cuncta
1260 1658 1317 1691 geri
1339 1658 1365 1683 in
1383 1658 1506 1684 Ecclesia
1533 1658 1656 1692 prtecip'tt
1678 1658 1787 1687 Paulus.
1816 1659 1850 1686 Et

1057 1703 1163 1738 Moyses
1186 1703 1306 1737 quidem,
1333 1703 1378 1737 qui
1408 1703 1461 1737 legi
1487 1703 1670 1735 ministrabat,
1699 1704 1724 1730 iu
1749 1704 1848 1731 castris

1056 1749 1187 1776 custodiri
1217 1749 1342 1775 ordinem
1369 1748 1465 1781 jubet:
1492 1748 1594 1775 Paulus
1625 1756 1692 1775 vero
1719 1754 1847 1783 tanquam

1056 1795 1197 1831 Evangelii
1212 1795 1350 1827 minister,
1377 1802 1430 1821 non
1454 1794 1540 1821 solum
1557 1794 1583 1821 in
1605 1794 1731 1827 actibus,
1754 1796 1802 1822 sed
1821 1795 1846 1822 in

1057 1842 1114 1877 ipso
1131 1843 1223 1869 habitu
1239 1862 1247 1873 ,
1264 1842 1418 1869 ordinatum
1439 1840 1496 1867 vult
1512 1848 1572 1867 esse
1594 1840 1782 1867 Christianum
1797 1848 1806 1874 ;
1821 1847 1848 1868 t-t

1060 1889 1121 1915 idco
1137 1888 1202 1915 dicit
1216 1888 1239 1903 "°
1254 1897 1259 1914 :
1276 1888 1419 1915 «Mulieres
1433 1887 1560 1914 similiter
1573 1887 1598 1912 in
1612 1886 1707 1913 habitu
1721 1893 1845 1914 ornato.)

1028 1952 1035 1962 ι
1058 1934 1134 1962 Unde
1157 1940 1207 1968 ego
1221 1933 1342 1960 arbitror
1359 1933 1432 1967 quod
1461 1939 1514 1958 non
1540 1931 1625 1957 solum
1649 1931 1676 1958 in
1699 1931 1794 1958 odit-iis
1822 1938 1849 1959 et

1057 1979 1150 2007 habitu
1169 1978 1274 2006 servari
1301 1979 1425 2005 ordinem
1443 1977 1554 2007 volunt,
1584 1976 1630 2003 sed
1652 1977 1717 2002 dant
1735 1977 1847 2012 intelligi

1056 2026 1128 2060 quod
1148 2025 1184 2051 sit
1203 2025 1301 2058 aliquis
1311 2024 1394 2051 etiam
1415 2023 1440 2049 in
1457 2023 1546 2049 anima
1564 2022 1641 2053 ordo,
1658 2024 1757 2055 dequo
1776 2022 1849 2048 dieu—

1058 2077 1100 2098 tur
1117 2070 1190 2105 quod
1213 2070 1400 2104 unusquisque
1425 2069 1553 2095 incedere
1574 2068 1673 2094 debeat
1696 2067 1847 2094 secundum

1056 2116 1180 2143 ordinem
1195 2123 1286 2142 suurn.
1299 2115 1350 2148 Qui
1366 2114 1433 2142 ordo
1448 2113 1587 2147 prmcipue
1605 2112 1714 2146 quidem
1736 2119 1769 2139 ex
1784 2120 1849 2147 ope-

1058 2170 1117 2189 rum
1149 2162 1239 2188 l‘ructu
1266 2161 1403 2187 indicatur
1421 2169 1427 2186 ι
1445 2159 1620 2186 nihilominus
1643 2165 1733 2185 autem
1759 2164 1787 2185 et
1815 2167 1846 2186 ex

1059 2207 1261 2242 magniﬁcentia
1277 2215 1418 2234 scnsumu.
1435 2205 1500 2232 Nam
1517 2212 1587 2239 stepe
1604 2206 1714 2238 accidit,
1727 2210 1755 2232 ut
1768 2205 1791 2232 is
1803 2207 1846 2239 qui

216 2248 361 2274 harretlitas
373 2252 450 2275 terra
462 2248 613 2279 dividitur;
630 2248 673 2274 ubi
696 2248 881 2282 unusquisque
900 2249 1004 2282 requie-
1021 2248 1043 2275 Ι)
1059 2254 1189 2280 immitem
1205 2260 1314 2280 sensum
1331 2252 1401 2287 gerit
1416 2257 1442 2279 et
1452 2252 1588 2286 abjectum
1600 2272 1608 2284 ,
1626 2257 1654 2278 et
1673 2251 1718 2285 qui
1738 2255 1847 2278 terrena

215 2294 330 2321 scatsub
344 2294 394 2321 ﬁcu
409 2301 468 2327 sua,
484 2299 511 2320 et
527 2294 577 2321 sub
592 2294 648 2320 vite
662 2301 709 2320 sua
724 2293 760 2325 ⁷⁸,
774 2298 801 2320 et
814 2301 865 2320 non
882 2294 917 2320 sit
933 2294 1003 2320 ultra

214 2340 260 2372 qui
279 2344 425 2366 exterreat.
453 2340 518 2371 Qua:
541 2343 638 2365 cuncta
664 2339 816 2374 magniﬁcis
841 2330 1003 2373 przesignuta

215 2386 363 2421 mysteriis,
385 2384 586 2419 ipsc’Dumiuus
603 2384 682 2412 Iesus
697 2385 722 2411 in
745 2385 786 2411 die
807 2385 943 2411 adventus
963 2385 1003 2411 sui

215 2440 268 2459 non
280 2431 334 2465 jam
354 2439 400 2465 per
416 2431 553 2465 speculum
566 2436 595 2457 et
609 2432 635 2458 in
649 2432 793 2466 mnigmate
805 2451 812 2462 ,
829 2431 875 2456 scd
890 2430 958 2456 l’acic
973 2430 1005 2456 ad

216 2477 310 2504 faciem
325 2478 347 2493 τ⁷
367 2479 392 2504 ιιι
408 2479 531 2505 veritate.
545 2478 691 2512 complebit
719 2476 866 2510 unicuique
878 2497 885 2508 ,
910 2483 1006 2502 secun-

216 2525 278 2549 lllllll
305 2524 377 2558 quod
400 2524 457 2558 ipse
480 2524 586 2551 noverit
617 2524 711 2550 merita
739 2522 906 2556 singulorum
925 2542 932 2553 ,
958 2521 1004 2555 qui

215 2570 337 2604 cognitor
350 2571 439 2597 cordis
455 2575 505 2602 est,
516 2570 557 2596 cui
571 2569 655 2604 gloria
667 2574 695 2595 et
710 2568 852 2602 imperium
865 2568 892 2594 in
906 2567 1003 2594 Stecula

217 2616 387 2643 saeculorum.
407 2617 505 2644 Amen.

250 2737 273 2752 7‘
307 2735 362 2761 .los.
378 2743 431 2766 xtv,
456 2734 497 2761 l5.
536 2735 558 2749 "
578 2733 673 2761 Matth.
691 2741 718 2767 v,
738 2734 766 2760 4.

216 2778 271 2803 XIV,
287 2772 331 2797 40.
359 2771 381 2786 ⁸⁸³
403 2771 455 2796 Ὶίι.
478 2777 508 2802 ll,
530 2770 556 2796 5.

264 2830 308 2866 56)
327 2830 412 2857 Codd.
431 2830 568 2863 Sagieusis
584 2835 609 2866 et
626 2828 835 2866 Bellovacensis,
866 2836 875 2852 ι
889 2835 994 2866 mare.)

264 2831 308 2866 56)
327 2831 412 2857 Codd.
431 2831 568 2863 Sagieusis
584 2835 609 2855 et
626 2831 835 2860 Bellovaeensis,
866 2836 875 2852 ι
889 2835 972 2853 mare.
986 2836 994 2852 ι

252 2831 308 2899 l5?)
329 2866 390 2891 Mss.
422 2864 629 2900 Ili-llovagcnsis,
649 2863 825 2900 ’I‘uronensis,
851 2869 875 2900 et
890 2862 998 2900 librili--

216 2902 323 2935 censis,
343 2909 351 2925 t
366 2901 489 2927 insideat.
507 2909 515 2924 ι
537 2899 656 2933 Vulgata:
667 2898 799 2925 editiones
819 2906 827 2921 ι
839 2898 969 2923 obsideat.
988 2906 996 2921 ι

805 2733 827 2748 ⁷⁸
847 2732 931 2759 Zach.
946 2741 986 2766 Ill,
1000 2733 1041 2759 10.

1059 2300 1139 2334 Sapit,
1158 2299 1295 2326 excelsum
1310 2298 1456 2325 sacerdotii
1474 2299 1586 2331 gradum
1601 2317 1608 2329 ,
1631 2297 1670 2323 vel
1685 2297 1846 2324 eathedram

1059 2345 1179 2372 doctoris
1195 2344 1312 2371 insideat
1326 2343 1394 2379 (57);
1408 2348 1434 2370 ct
1450 2343 1496 2369 ille
1512 2343 1557 2377 qui
1572 2342 1705 2376 spiritalis
1720 2346 1779 2373 est,
1795 2345 1847 2367 eta

1060 2394 1169 2416 terrena
1191 2390 1397 2417 conversatione
1418 2393 1471 2415 tam
1489 2388 1556 2415 liber
1584 2392 1612 2413 ut
1635 2387 1719 2421 possit
1743 2386 1849 2412 exarui—

1059 2442 1124 2463 nare
1138 2436 1239 2468 omnia,
1252 2440 1279 2462 et
1290 2435 1349 2469 ipse
1362 2442 1378 2462 a
1399 2435 1507 2460 neruine
1523 2432 1640 2467 judieari
1655 2451 1662 2463 ,
1678 2431 1718 2458 vel
1736 2430 1848 2457 inierim

1060 2481 1098 2507 ris
1114 2480 1256 2507 ministerii
1271 2480 1394 2507 ordinem
1412 2482 1502 2505 teneat
1515 2498 1522 2509 ,
1539 2477 1578 2502 vt-l
1599 2476 1681 2502 etiam
1700 2476 1727 2502 iu
1745 2474 1849 2509 pll‘bt‘lt

1060 2525 1235 2551 multitudine
1258 2524 1439 2558 relinquatur.
1467 2522 1520 2548 Sed
1544 2522 1597 2548 hoc
1621 2525 1707 2547 estet
1731 2520 1796 2554 legis
1820 2524 1847 2548 et

1060 2569 1199 2603 Evangelii
1225 2573 1326 2595 statuta
1354 2572 1547 2598 contemnere,
1563 2572 1590 2593 et
1614 2565 1680 2591 nihil
1699 2565 1846 2592 secundum

1060 2615 1182 2640 ordinem
1197 2618 1301 2648 gerere.
1319 2612 1371 2638 Sed
1388 2617 1415 2638 et
1434 2611 1620 2645 unusquisque
1641 2615 1765 2636 nostrum
1780 2610 1800 2635 si
1814 2610 1846 2635 dc

1058 2661 1117 2686 cibo
1134 2665 1161 2685 ct
1174 2664 1235 2694 potu
1252 2658 1385 2685 sollicitus
1397 2658 1443 2689 sit,
1455 2662 1482 2684 et
1494 2664 1599 2683 omnem
1617 2664 1709 2681 curam
1726 2655 1750 2681 in
1765 2658 1845 2681 rebus

1402 2731 1424 2745 ⁷⁸
1444 2729 1523 2755 Νιιιη.
1546 2736 1575 2759 tt,
1596 2728 1621 2759 -l,
1643 2727 1670 2752 2.
1709 2728 1731 2743 ⁷⁹
1751 2726 1760 2753 l
1780 2728 1844 2753 Cor.

1080 2734 1099 2747 ⁷⁷
1123 2731 1208 2758 ltlur.
1232 2739 1299 2762 xm,
1321 2730 1364 2756 l2.

1054 2825 1136 2852 Paulo
1149 2828 1209 2858 post
1224 2823 1325 2850 e:cdem
1338 2821 1470 2847 oditiom-s
1487 2829 1494 2844 ι
1509 2819 1627 2858 inplebit
1645 2826 1658 2844 a
1669 2820 1845 2858 multitudine

1056 2854 1254 2893 relinquantur
1283 2858 1335 2883 Sed
1360 2857 1413 2882 tltto
1430 2863 1495 2881 mss.
1519 2854 1555 2880 ΕΙ·
1592 2854 1597 2859 ’

1645 2855 1690 2881 ‘sis
1709 2859 1735 2880 et
1759 2854 1828 2879 lit-llo
1837 2867 1843 2870 -

1059 2896 1180 2921 iaci-usis
1198 2899 1225 2920 ιιι
1240 2895 1265 2920 in
1283 2898 1374 2920 nostro
1392 2896 1478 2917 textu.
