4086 6218
440 351 546 408 τω
1892 340 2221 397 'ORIGENIS

3598 334 3706 389 592

449 469 803 525 saecularibus
849 474 1025 534 gerat,
1062 477 1220 516 unam
1249 475 1379 516 vero
1421 471 1514 516 aut
1568 460 1703 515 duas
1750 460 1916 515 horas
1956 476 2022 515 ex
2052 467 2100 522 Α
2128 459 2472 522 hominibus,
2510 464 2657 509 tanta
2686 464 2740 510 ct
2770 453 3048 507 inanimis
3090 450 3359 505 invenitur
3389 463 3515 503 esse
3543 450 3703 503 diti‘e-

453 565 664 626 integro
707 558 792 609 die
825 556 986 608 etiam
1044 556 1149 608 Deo
1191 554 1433 621 deputet,
1486 563 1540 607 et
1591 554 1659 607 ad
1708 553 2018 607 orationem

447 648 629 699 vestiat
684 645 735 696 in
777 640 1088 706 ecclesiam,
1137 642 1219 695 vel
1280 642 1332 695 in
1385 642 1617 695 transitu
1668 642 1892 695 verbum
1927 641 2018 695 Dei

444 735 652 795 audiat,
693 732 1022 799 prtecipuam
1056 745 1184 784 vero
1215 744 1403 783 curam
1433 745 1558 798 erga
1595 731 2019 785 sollicitudinem

444 822 627 878 saeculi
663 830 717 876 et
740 821 945 875 ventris
980 820 1295 889 expendat:
1335 821 1436 874 istc
1467 835 1571 874 non
1605 820 1840 889 complet
1866 836 2014 875 matt-

443 922 627 974 datum
677 915 817 984 quod
883 915 1035 979 dicit,
1095 922 1152 966 ut
1200 914 1363 967 homo
1417 913 1716 968 secundum
1769 916 2016 969 ordinem

442 1024 598 1065 suum
631 1008 884 1071 incedat,
923 1005 1006 1060 vel
1040 1004 1182 1074 quod
1218 1004 1371 1067 dicit,
1408 1014 1467 1058 ιιι
1496 1006 1676 1059 omnia
1718 1009 2016 1060 secundum

439 1101 687 1158 ordinem
747 1096 1080 1151 liant.0rdo
1112 1103 1211 1149 est
1246 1094 1390 1149 enim
1422 1104 1658 1151 statutus
1702 1111 1730 1149 a
1774 1098 2015 1163 Christo,

439 1191 861 1264 quazrereprius
892 1203 1117 1257 regnum
1158 1187 1250 1242 Dei
1290 1197 1344 1241 et
1369 1186 1789 1256 justitiam‘cjus
1820 1199 1873 1243 et
1898 1206 2019 1244 cre-

439 1289 567 1339 dere
592 1283 766 1351 iquod
788 1278 1026 1333 secundo
1066 1277 1183 1331 loco
1215 1278 1328 1331 haec
1368 1277 1521 1331 nobis
1564 1290 1904 1347 apponuntur
1942 1281 2014 1334 πί.

441 1377 611 1431 Ilumo
639 1387 766 1442 ergo
794 1370 1095 1425 secundum
1142 1369 1389 1423 ordinem
1427 1385 1582 1423 suum
1631 1370 1861 1425 incedat.
1900 1370 2018 1424 'l‘u-

439 1478 592 1520 tasne
636 1463 726 1532 qui
784 1460 1094 1516 sacerdotio
1148 1458 1470 1529 funguntur,
1508 1460 2014 1516 et-itrsacerdotali

436 1556 990 1626 ordiuegloriantur,
1036 1552 1338 1607 secundum
1372 1553 1621 1607 ordinent
1671 1570 1827 1610 suum
1854 1554 2017 1609 since-

435 1653 590 1716 dunt,
639 1659 691 1703 et
721 1647 1101 1718 aguntomuia
1129 1660 1250 1713 quae
1278 1644 1376 1699 illo
1398 1646 1601 1700 ordine
1646 1645 1807 1715 digna
1841 1648 2017 1700 sunt?

435 1741 699 1797 Similiter
718 1744 982 1791 autemet
1010 1734 1225 1788 diaconi
1258 1745 1414 1803 putas
1445 1734 1742 1789 secundum
1766 1736 2011 1790 ordinem

2126 549 2322 601 rentia.
2350 547 2497 599 Sicut
2522 555 2574 598 et
2606 543 3064 612 sapientissimum
3095 540 3445 594 Salomoncm
3477 539 3702 594 memini
3736 574 3742 581 ρ

2123 640 2352 707 quodam
2386 637 2507 690 loco
2542 636 2808 689 dicentem
2846 649 2859 685 :
2900 651 2916 683 t
2944 632 3099 686 Sicut
3130 629 3333 684 diversi
3370 634 3495 682 sunt
3524 628 3705 684 vultus

2121 730 2376 794 vultibus,
2404 729 2474 780 ita
2506 736 2560 781 et
2590 726 2805 779 diversa
2838 732 2968 777 sunt
3003 720 3170 777 corda
3195 719 3502 774 hominum.
3535 736 3559 771 ι
3594 719 3704 773 Sed

2122 821 2513 889 unusquisque,
2569 826 2627 871 ut
2659 817 2734 870 ait
2764 814 2998 885 Moyses,
3050 812 3350 868 secundum
3401 812 3555 880 signa
3602 826 3701 866 sua

2121 913 2355 973 incedat,
2410 912 2460 964 id
2496 918 2601 975 est,
2640 923 2707 963 ne
2738 907 2782 961 is
2809 944 2824 970 ,
2859 904 3276 982 cujushumilia
3329 912 3384 956 et
3439 903 3702 971 despecta

2120 1011 2245 1057 sunt
2290 1001 2467 1069 signa,
2504 999 2699 1054 elatior
2728 996 2966 1060 incedat,
3020 995 3103 1051 vel
3143 994 3308 1050 altior
3356 1008 3523 1063 quam
3578 992 3701 1047 ani-

2121 1108 2333 1148 morum
2396 1107 2617 1147 suorum
2675 1090 2829 1161 signa
2881 1089 3203 1159 deposcunt.
3270 1086 3345 1140 Et
3410 1096 3468 1141 ut
3526 1086 3703 1142 adhuc

2120 1185 2353 1254 amplius
2381 1184 2714 1239 diversitatis
2744 1183 3027 1253 signorum
3053 1180 3191 1234 ratio
3207 1177 3508 1243 clarescat,
3536 1178 3703 1233 adde-

2125 1291 2243 1330 mus
2289 1277 2453 1330 etiam
2495 1276 2627 1330 haec.
2655 1275 2861 1330 Omnes
2908 1273 3000 1344 qui
3051 1272 3264 1327 litteras
3289 1270 3704 1340 nerunt..279

2110 1373 2328 1418 certum
2368 1371 2450 1416 est
2480 1365 2621 1431 quod
2654 1361 2840 1431 viginti
2890 1366 3126 1429 quatuor
3155 1358 3201 1412 si
3248 1357 3470 1424 Grazca,‘
3512 1359 3700 1429 viginti

2119 1453 2223 1507 tria
2264 1451 2309 1507 si
2350 1449 2549 1505 Latina
2583 1451 2884 1505 litterarum
2918 1449 3185 1506 elementa
3211 1449 3523 1511 didicerint,
3554 1460 3608 1503 et
3634 1464 3705 1503 ex

2119 1543 2208 1598 his
2265 1542 2459 1598 omnia
2497 1557 2845 1612 quaecunque
2902 1542 3187 1597 scribenda
3235 1550 3383 1609 sunt,
3425 1542 3698 1597 scribunt.

2117 1632 2277 1687 Aliud
2314 1642 2494 1687 tamen
2526 1632 2764 1703 signum,
2801 1631 2952 1685 verbi
2984 1631 3182 1700 gratia,
3208 1630 3371 1699 alpha
3394 1632 3538 1701 quod
3562 1631 3699 1687 Pau-

2119 1721 2203 1777 lus
2236 1722 2550 1792 scripserit,
2587 1721 2774 1786 habet,
2817 1731 2871 1775 et
2910 1719 3057 1775 aliud
3087 1719 3233 1790 quod
3266 1718 3493 1787 Petrus;
3532 1729 3585 1775 et
3611 1723 3692 1776 sic

437 1828 722 1888 ministerii
759 1828 842 1881 sui
877 1826 1178 1882 incedunt?
1235 1826 1301 1880 Et
1358 1827 1499 1881 unde
1556 1834 1638 1881 est
1684 1826 1830 1894 quod
1873 1842 2014 1897 saepe

2121 1826 2218 1881 per
2240 1811 2487 1881 singulos
2528 1810 2803 1876 homines,
2843 1809 2933 1879 qui
2962 1807 3176 1864 litteras
3214 1819 3436 1874 nerunt,
3483 1809 3687 1865 diversa

435 1925 684 1977 audimus
732 1920 1111 1988 blasphemarc
1172 1918 1442 1985 homines,
1497 1929 1552 1973 et
1598 1919 1827 1986 dicere,
1876 1920 2015 1976 Ecce

433 2015 610 2085 qualis
645 2012 973 2083 cpiscopus,
1021 2019 1113 2064 aut
1150 2010 1327 2080 qualis
1354 2010 1681 2082 presbyter,
1723 2011 1805 2068 vel
1838 2013 2015 2083 qualis

433 2106 737 2162 diaconus?
784 2103 973 2157 Nonne
1027 2103 1140 2157 hmo
1190 2102 1467 2167 dicuntur,
1518 2103 1608 2158 ubi
1642 2103 1723 2159 vel
1758 2104 2014 2161 sacerdos

431 2199 518 2254 vel
551 2198 798 2254 minister
832 2195 924 2251 Dei
956 2209 1120 2249 ausus
1152 2192 1396 2248 fuerit-in
1429 2194 1830 2266 aliquocontra
1858 2198 2009 2252 ordi-

435 2307 557 2347 nem
599 2306 755 2345 suum
802 2287 1009 2349 venire,
1042 2294 1097 2340 et
1134 2285 1337 2354 aliquid
1386 2295 1574 2341 contra
1618 2290 2011 2345 sacerdotalem

434 2384 518 2438 vel
569 2380 865 2435 Leviticum
905 2377 1151 2431 ordinem
1197 2376 1426 2447 gerere?
1471 2377 1615 2444 Quid
1647 2387 1824 2435 autem
1864 2390 1921 2436 et
1949 2384 2014 2437 de

434 2473 738 2544 virginibus
770 2470 972 2535 dicam,
1002 2477 1096 2522 aut
1120 2467 1188 2521 de
1213 2468 1624 2525 continentibus
1653 2471 1737 2526 vel
1759 2473 2013 2530 omnibus

434 2567 529 2636 qui
574 2566 628 2619 in
690 2561 1030 2633 professione
1067 2561 1347 2632 religionis
1386 2562 1677 2619 videntur?
1730 2565 1922 2622 Nonne
1964 2569 2009 2624 si

434 2655 565 2726 quid
599 2652 1048 2719 inverecundum,
1076 2652 1155 2705 vel
1178 2652 1510 2722 petulans,si
1538 2655 1666 2723 qttid
1699 2669 2009 2726 protervum

434 2748 747 2818 gesserint,
801 2746 983 2812 arguit
1036 2760 1130 2800 eos
1177 2746 1433 2799 continuo
1480 2744 1695 2816 Moyses
1740 2758 1793 2802 et
1841 2751 2010 2818 dicit,

433 2858 459 2893 4
500 2840 676 2896 ilomo
710 2840 1005 2896 secundum
1030 2840 1275 2894 ordinem
1310 2855 1465 2894 suum
1496 2840 1750 2896 incedat?
1772 2859 1793 2893 ι
1827 2842 2011 2911 Agno-

431 2944 552 2990 scat
588 2934 755 3004 igitur
791 2931 1164 3002 unusquisque
1220 2931 1470 2986 ordinem
1532 2947 1717 2997 suum,
1763 2943 1819 2988 et
1881 2934 2010 3004 quid

433 3026 659 3098 dignum
682 3026 770 3079 sit
815 3039 880 3079 eo
906 3025 1099 3079 ordine
1129 3037 1290 3091 quem
1329 3024 1602 3093 suscepit,
1642 3025 1927 3093 intelligat,
1958 3035 2011 3079 ct

432 3119 511 3173 ita
542 3118 697 3171 Iibret
727 3127 881 3171 actus
900 3130 1052 3182 suos,
1088 3116 1156 3169 ita
1183 3116 1349 3170 etiam
1380 3130 1709 3182 sermonem,
1739 3117 2009 3174 incessum

433 3209 849 3281 quoqueipsum
869 3217 924 3262 et
953 3208 1191 3263 habitum
1220 3208 1554 3272 moderetur,
1582 3217 1778 3262 utcum
1802 3212 2011 3269 ordinis

431 3304 516 3356 sui
550 3300 889 3373 professione
929 3301 1254 3364 conveniat,
1308 3315 1374 3353 ne
1423 3300 1606 3353 audiat
1636 3300 1741 3356 dici
1794 3303 1861 3357 ad
1891 3318 1950 3358 se
1981 3320 2010 3359 a

434 3396 571 3461 Deo,
599 3395 725 3466 quia
755 3405 1007 3464 «propter
1041 3410 1141 3450 vos
1157 3409 1352 3450 nomen
1385 3408 1566 3449 meum
1601 3392 2011 3465 blasphematur

434 3488 577 3541 inter
605 3495 794 3555 gentes
822 3485 887 3539 '3.
915 3505 933 3537 ι

503 3602 563 3656 2.
602 3600 741 3667 Quid
790 3610 972 3656 autem
1028 3602 1097 3657 sit
1146 3602 1291 3672 quod
1340 3602 1506 3670 dicit,
1562 3614 1655 3659 ret
1714 3608 2011 3662 secundum

432 3694 585 3765 signa
619 3709 781 3758 sua,»
835 3694 1133 3749 vidcatmts.
1191 3695 1303 3764 Ego
1346 3684 1484 3767 puto
1541 3698 1695 3767 signa
1750 3714 1871 3755 esse
1926 3717 2010 3764 ea,

431 3785 632 3853 quibus
660 3785 1083 3853 uniuscujusque
1114 3788 1420 3855 proprietas
1467 3789 1785 3860 designatur
1816 3807 1830 3845 :
1860 3792 2008 3847 verbi

437 3878 635 3946 gratia,
667 3891 856 3929 otnues
885 3877 1099 3945 quidem
1148 3877 1393 3932 homines
1427 3880 1634 3935 similes
1672 3897 1891 3951 sumus,
1919 3884 2012 3937 sed

434 3979 518 4021 est
552 3967 1039 4037 propria-qua'dam
1089 3968 1516 4038 uniuscujusque
1559 3974 1869 4041 distinctio,
1929 3975 2012 4029 vel

434 4059 490 4114 in
524 4060 637 4127 ipso
661 4057 834 4122 vultu,
867 4058 948 4112 vel
979 4059 1032 4111 in
1067 4068 1290 4120 statura,
1324 4060 1407 4114 vel
1443 4064 1495 4114 in
1524 4063 1809 4131 positione,
1843 4067 1925 4121 vel
1961 4069 2011 4121 in

440 4151 648 4213 habitu,
682 4163 777 4217 per
807 4163 947 4216 qua),
994 4149 1143 4202 verbi
1175 4150 1370 4219 gratia,
1419 4151 1616 4209 Paulus
1656 4157 1782 4225 quia
1816 4158 2014 4215 Paulus

439 4240 511 4293 s‘t
538 4237 872 4307 designatur,
892 4247 954 4291 et
980 4237 1172 4292 Petrus
1199 4240 1324 4308 quia
1350 4242 1547 4298 Petrus
1577 4244 1684 4312 sit,
1721 4255 1775 4301 et
1803 4263 1908 4302 non
1943 4251 2014 4303 sit

441 4330 655 4385 Paulus.
722 4331 995 4387 Interdum
1064 4343 1245 4387 autem
1300 4337 1463 4391 etiam
1533 4354 1637 4405 non
1702 4341 2015 4399 videntibus

439 4424 868 4493 uniuscujusque
903 4425 1040 4494 signi
1088 4426 1378 4482 diversitas
1412 4430 1591 4498 datur,
1628 4440 1685 4485 ttt
1707 4447 1770 4488 ex
1791 4448 1933 4490 voce
1962 4445 2017 4489 et

442 4515 655 4584 loquela
680 4525 939 4584 agnoscat
971 4517 1118 4569 illutn
1151 4532 1272 4571 esse
1303 4519 1383 4572 vel
1408 4519 1559 4575 illum
1600 4523 1690 4591 qui
1724 4522 1970 4593 loquitur
1998 4542 2012 4578 :
2049 4510 2092 4564 Ῐ)

441 4621 496 4664 et
526 4610 818 4663 secundum
851 4624 962 4663 sua:
1000 4611 1347 4680 proprietatis
1385 4612 1600 4681 signum
1646 4620 2018 4688 unusquisque

441 4702 606 4756 etiam
633 4700 752 4755 sine
780 4701 1047 4770 corporali
1089 4701 1298 4756 visione
1322 4706 1688 4772 cognoscitur.
1714 4705 1826 4763 Hoc
1857 4709 2018 4764 modo

441 4794 683 4847 arbitror
698 4808 820 4849 esse
848 4795 1010 4849 etiam
1042 4794 1093 4847 in
1122 4795 1320 4849 animis
1346 4796 1496 4864 signa
1530 4796 1765 4853 diversa.
1797 4799 1865 4853 Et
1886 4798 2022 4853 alte-

442 4885 556 4939 rius
583 4884 800 4953 quidem
831 4885 994 4938 animi
1023 4896 1202 4939 motus
1227 4885 1401 4941 leuior
1425 4895 1529 4952 est,
1566 4886 1731 4958 mitis,
1756 4888 2019 4959 placidus,

445 4978 790 5046 tranquillus,
819 4979 1077 5048 aequalis;
1104 4979 1327 5033 alterius
1354 4980 1624 5045 turbidus,
1645 4982 1842 5049 elatus,
1866 4999 2023 5053 aspe-

448 5072 580 5131 rior,
615 5070 919 5136 inritatior,
976 5071 1326 5141 petulantior.
1371 5073 1524 5128 Alius
1559 5073 2019 5144 circumspectus,

446 5170 661 5225 cautus,
689 5163 964 5231 providus,
997 5163 1286 5229 sollicitus,
1314 5166 1562 5236 impiger.
1589 5166 1741 5222 Alius
1773 5169 2018 5224 desidio-

448 5274 560 5320 sus,
598 5262 877 5330 remissus,
915 5263 1213 5334 negligens,
1265 5264 1537 5320 incautus.
1590 5265 1656 5319 Et
1685 5267 1739 5321 in
1773 5267 1857 5323 his
1886 5269 2024 5323 alius

449 5350 591 5420 plus,
646 5351 785 5407 alius
836 5354 1037 5409 minus.
1084 5355 1149 5409 Et
1210 5355 1383 5410 audeo
1444 5359 1830 5426 pronuntiare,
1896 5362 2021 5429 quia

450 5443 701 5499 fortassis
742 5456 943 5515 quanta
986 5447 1040 5502 in
1084 5450 1265 5517 specie
1304 5450 1488 5504 vultus
1550 5451 1696 5506 inest
1737 5453 2025 5508 diversitas

526 5541 570 5572 ⁸¹
598 5541 785 5600 Matth.
817 5562 891 5613 vl,
919 5547 1007 5602 55.
1085 5546 1129 5579 ⁸³
1160 5546 1317 5604 Rom.
1349 5564 1409 5615 tt,
1439 5549 1529 5604 24.
1605 5548 1651 5581 ⁸³
1681 5549 1701 5604 Ι
1731 5548 1855 5606 Cor.
1890 5568 1962 5619 Ix,
1991 5552 2016 5607 Ξ

2156 5554 2201 5588 ⁸⁸
2232 5555 2396 5615 Hebr.
2428 5575 2483 5626 χ,
2514 5561 2563 5616 1.

530 5676 639 5745 (58)
670 5676 822 5744 Mss.,
855 5700 871 5731 ι
910 5682 1125 5753 subjici.
1160 5702 1178 5736 ι
1216 5683 1368 5743 Libb.
1407 5686 1556 5754 editi,
1596 5707 1613 5739 (
1648 5688 1937 5759 subjicere.
1978 5711 1997 5744 ›

2120 1902 2390 1958 scribendi
2426 1916 2522 1971 per
2559 1900 2802 1967 singulas
2832 1915 3076 1970 quasque
3101 1900 3319 1956 litteras
3356 1900 3508 1972 signa
3540 1916 3691 1971 repe-

2121 1995 2253 2051 ries.
2302 1988 2471 2047 iUnde
2525 2002 2579 2048 et
2629 1993 2992 2064 chirographa
3055 1994 3394 2064 singulorum
3451 1995 3701 2051 manibus

2118 2083 2347 2154 scripta,
2372 2083 2610 2154 propriis
2637 2083 2965 2153 quibusdam
3000 2084 3175 2155 signis
3200 2094 3254 2139 et
3285 2085 3498 2141 indiciis
3539 2102 3705 2157 agne-

2111 2185 2381 2238 scnntur;
2415 2184 2469 2228 et
2497 2189 2619 2228 cum
2637 2173 2750 2228 sint
2776 2173 3284 2242 elementa-eadem,
3310 2184 3391 2229 est
3426 2186 3605 2230 tamen
3648 2175 3701 2230 in

2119 2264 2235 2334 ipsa
2265 2262 2623 2318 similitudine
2653 2261 2960 2317 litterarum
2996 2263 3165 2317 multa
3198 2264 3593 2319 dissimilitudo
3618 2266 3701 2319 si-

2118 2370 2367 2425 gnorum.
2403 2353 2573 2425 Igitur
2618 2355 2660 2409 si
2697 2354 2908 2424 integre
2954 2356 3049 2409 tibi
3083 2356 3377 2426 prepositte
3411 2356 3486 2410 rei
3531 2358 3703 2426 patuit

2118 2446 2448 2514 exemplum,
2479 2445 2600 2500 veni
2637 2460 2779 2499 nunc
2832 2447 2898 2498 ad
2952 2457 3131 2500 motus
3180 2448 3381 2502 mentis
3411 2459 3464 2502 et
3494 2449 3704 2501 animo-

2121 2553 2263 2601 rum,
2295 2536 2497 2605 quibus
2544 2535 2610 2588 ad
2644 2534 2849 2605 aliqttid
2896 2538 3242 2591 concitantur
3266 2542 3580 2608 gerendum.
3607 2538 3701 2591 Ἰη-

2118 2640 2274 2685 luere
2294 2628 2634 2700 singulorum
2673 2630 2910 2682 virormu
2942 2630 3302 2700 chirographa
3337 2640 3390 2684 et
3422 2632 3541 2685 vide
3560 2648 3699 2700 quo-

2119 2721 2300 2787 modo,
2337 2722 2488 2775 verbi
2524 2721 2723 2791 gratia,
2758 2721 2974 2774 animus
3019 2721 3170 2775 Pauli
3221 2724 3501 2792 proposuit
3530 2726 3699 2778 casti-

2120 2821 2306 2878 tatem,
2324 2822 2379 2867 et
2413 2813 2630 2867 animus
2655 2814 3012 2868 nihilominus
3034 2812 3217 2880 Petri;
3248 2817 3341 2869 sed
3370 2826 3451 2870 est
3482 2818 3699 2885 propria

2117 2904 2363 2974 quzedam
2395 2902 2624 2960 castitas
2636 2903 2804 2969 Petri,
2822 2917 2873 2959 et
2896 2905 3005 2959 alia
3032 2910 3259 2961 castitas
3280 2908 3460 2972 Pauli,
3485 2908 3697 2963 etiamsi

2118 3010 2226 3051 una
2258 2998 2561 3068 eademque
2592 2996 2861 3052 videatur.
2898 2999 3138 3068 Denique
3180 3001 3412 3056 alterius
3452 3003 3695 3071 ipsorum

2122 3089 2252 3146 talis
2308 3091 2534 3146 castitas
2585 3102 2688 3155 est,
2714 3107 2841 3161 quae
2883 3094 3122 3162 requirat
3175 3096 3443 3149 macerari
3496 3109 3697 3163 corpus

2124 3198 2303 3247 suum,
2334 3192 2387 3236 et
2419 3183 2612 3252 subjici
2649 3184 2765 3254 (58)
2816 3186 3089 3249 servituti,
3137 3194 3192 3241 et
3235 3202 3354 3255 qua:
3385 3187 3560 3242 adhuc
3618 3188 3701 3241 di-

2123 3282 2213 3330 cat
2246 3273 2292 3305 ⁸³
2326 3288 2341 3327 :
2381 3292 2400 3325 ι
2436 3273 2657 3341 Castigo
2701 3290 2899 3344 corpus
2925 3293 3128 3341 turum,
3160 3294 3224 3331 ne
3249 3275 3397 3331 forte
3416 3278 3539 3333 aliis
3566 3294 3702 3348 prte—

2120 3365 2312 3420 dicans
2362 3365 2476 3434 ipse
2513 3366 2775 3435 reprobus
2834 3367 3119 3432 inveniar;
3159 3386 3186 3421 ι»
3239 3369 3465 3424 alterius
3519 3382 3701 3424 autem

2120 3457 2346 3512 castitas
2383 3458 2505 3511 talis
2534 3467 2640 3520 est,
2678 3473 2798 3527 quae
2823 3458 2963 3512 istud
2989 3460 3128 3513 forte
3153 3476 3257 3513 non
3309 3461 3514 3514 timeat.
3538 3460 3705 3515 Simi-

2122 3546 2245 3601 liter
2269 3556 2323 3600 et
2345 3548 2557 3615 justitia
2599 3549 2763 3603 habet
2793 3549 2999 3618 aliquid
3039 3551 3393 3619 proprietatis
3422 3552 3478 3606 in
3509 3553 3700 3614 Paule,

2123 3636 2286 3691 habet
2316 3647 2370 3691 et
2404 3639 2454 3691 in
2492 3637 2673 3692 Petro.
2705 3638 2903 3692 Eodem
2938 3640 3097 3694 modo
3128 3650 3182 3695 et
3233 3642 3501 3711 sapientia
3546 3652 3703 3696 caete.

2116 3743 2303 3797 raque
2329 3732 2576 3784 virtutes.
2602 3730 2755 3797 Quod
2781 3731 2824 3785 si
2855 3730 3019 3784 etiam
3052 3732 3105 3787 in
3139 3732 3225 3786 his
3251 3734 3557 3788 nominibus
3581 3749 3704 3804 quae

2124 3822 2355 3892 exempli
2390 3837 2549 3877 causa
2591 3823 2891 3891 posuimus,
2930 3831 3108 3893 potest
3140 3824 3255 3878 fieri
3288 3834 3342 3878 ut
3382 3840 3505 3878 cum
3531 3841 3697 3879 unum

2129 3914 2240 3966 sint
2263 3926 2360 3982 per
2388 3912 2656 3982 Spiritum
2680 3912 2802 3976 Dei,
2821 3913 2893 3966 sit
2916 3921 3093 3966 tamen
3124 3913 3303 3984 aliqua
3332 3914 3620 3970 diversitas
3644 3916 3699 3971 in

2125 4004 2363 4072 ipsarum
2389 4004 2727 4073 proprietate
2752 4003 3037 4068 virtutum,
3068 4016 3275 4074 quanto
3308 4006 3482 4076 magis
3505 4007 3699 4076 reliqui

2126 4108 2317 4149 omnes
2344 4094 2596 4149 homines
2623 4096 2841 4164 propria
2868 4099 3123 4165 quaedam
3171 4098 3325 4167 signa
3370 4099 3421 4152 in
3468 4100 3702 4153 motibus

2124 4185 2430 4239 animorum
2460 4193 2515 4239 et
2543 4186 2740 4240 anima:
2762 4188 3054 4242 virtutibus
3074 4198 3280 4257 gerunt
3295 4188 3320 4244 ἲ
3338 4188 3469 4256 Quae
3489 4189 3701 4262 Moyses

2124 4275 2350 4345 mystica
2402 4274 2615 4329 ratione
2667 4278 3051 4345 perspiciens,
3101 4279 3293 4333 scribit
3351 4281 3401 4332 in
3455 4279 3592 4350 lege,
3643 4289 3700 4331 ut

2125 4369 2494 4436 unusquisque
2526 4368 2823 4423 secundum
2855 4368 3010 4439 signa
3043 4369 3376 4424 suainccdat
3402 4370 3454 4424 in
3482 4370 3697 4423 castris.

2125 4456 2314 4512 Potest
2356 4468 2539 4513 autem
2570 4459 2686 4514 fieri
2717 4468 2775 4513 ut
2796 4459 3153 4515 aemulatione
3181 4476 3409 4531 operum
3434 4462 3698 4514 bonorum

2122 4551 2192 4604 ab
2227 4550 2580 4606 inferioribus
2609 4551 2781 4621 signis
2852 4552 2919 4605 ad
2965 4552 3190 4606 meliora
3242 4562 3297 4607 et
3346 4554 3702 4623 magnificen-

2124 4639 2265 4694 tiora
2300 4640 2600 4695 veniamus.
2638 4640 2694 4694 Si
2730 4640 2875 4696 enim
2918 4650 3069 4698 recte
3115 4656 3145 4695 a
3176 4645 3331 4699 nobis
3365 4644 3696 4698 intellectum

2121 4741 2228 4795 est,
2278 4732 2391 4785 haec
2422 4731 2604 4786 omnia
2635 4747 2755 4801 qua:
2804 4732 2857 4786 in
2893 4732 3010 4803 lege
3054 4736 3258 4805 scripta
3305 4745 3452 4800 sunt,
3497 4735 3699 4789 formas

2122 4836 2245 4876 esse
2277 4822 2587 4877 futurorum
2618 4823 2882 4878 bonorum
2907 4824 2973 4891 “,
2996 4835 3049 4879 et
3073 4826 3218 4881 illius
3251 4828 3436 4882 saeculi
3466 4829 3609 4898 quod
3633 4841 3697 4881 ex

2124 4914 2526 4969 resurrectione
2580 4926 2914 4970 mortuorum
2963 4932 3246 4985 speramus
3274 4959 3291 4985 ,
3361 4931 3572 4974 certum
3619 4928 3702 4973 est

2121 5005 2307 5073 utique
2334 5006 2480 5074 quod
2506 5006 2549 5060 si
2574 5006 2630 5059 in
2659 5008 2908 5076 praesenti
2935 5009 3046 5062 vita
3074 5010 3430 5066 habuerimus
3462 5011 3699 5065 studium

2124 5094 2432 5160 meliorum,
2465 5106 2521 5151 et
2568 5099 2869 5153 secundum
2911 5101 3161 5171 Apostoli
3187 5102 3495 5173 exemplum
3525 5113 3703 5174 poste-

2124 5189 2271 5243 riora
2301 5191 2682 5247 obliviscentes
2741 5194 2808 5247 ad
2840 5209 2901 5248 ea
2948 5212 3069 5265 qua;
3104 5198 3157 5252 in
3201 5208 3328 5253 ante
3357 5210 3485 5254 sunt
3514 5211 3692 5255 exten-

2122 5282 2351 5337 damur:
2375 5283 2427 5336 in
2461 5288 2859 5342 resurrectione
2884 5298 3247 5355 mortuorum,
3268 5290 3361 5345 ubi
3378 5292 3519 5345 sicut
3543 5291 3698 5345 stella

2125 5369 2195 5423 ab
2217 5370 2373 5425 stella
2407 5371 2660 5428 dilfertin
2680 5376 2849 5445 gloria
2884 5377 2952 5442 ⁸⁸,
2981 5377 3121 5434 itaet
3148 5380 3705 5450 uniuscujusquenie-

2121 5462 2225 5515 rita
2256 5462 2618 5533 refulgebunt,
2670 5468 2970 5533 poterimus
2988 5470 3174 5539 utique
3189 5472 3257 5529 ab
3276 5471 3706 5530 inferioribusad

2639 5560 2731 5616 ⁸⁵1
2760 5560 2885 5622 Cor.
2918 5579 3005 5633 xv,
3037 5566 3125 5622 41.
