4086 6218
386 350 547 409 ν593

1649 345 1715 401 IN
1756 341 2084 401 NUMEROS
2127 342 2409 400 llOMlLlA
2445 343 2531 401 lll;

3593 343 3703 398 59f

440 474 672 529 meliOra
706 473 861 545 signa
892 482 946 527 et
985 471 1309 543 fulgentiora
1347 468 1653 537 transferri,
1690 480 1745 524 et
1784 468 2023 539 splendi-
2052 472 2099 528 Α
2130 472 2281 526 crisi.
2337 471 2547 526 Melius.
2598 480 2776 526 autem
2838 469 3070 525 dicimus
3123 472 3188 525 ad
3239 466 3702 539 comparationem

439 567 687 624 dioribus
712 568 988 623 sideribus
1016 566 1315 636 exequari.
1349 568 1527 635 Atque
1552 566 1822 621 intantum
1849 575 2026 633 potest

442 671 640 713 natura
692 660 930 714 humana
969 660 1019 714 in
1056 660 1161 714 hac
1193 658 1303 713 vita
1347 659 1632 727 proﬁcere,
1664 665 1722 711 ut
1748 657 1799 711 in
1836 672 2021 711 resur-

440 750 688 806 rectione
717 760 1059 806 mortuorum
1107 766 1214 806 non
1269 751 1442 806 solum
1477 749 1757 805 stellarum
1813 750 2020 821 gloriae.

440 843 538 899 sed
592 854 648 898 et
694 843 826 898 solis
857 843 1137 913 splendori
1172 844 1348 898 valeat
1395 844 1693 911 exaequari,
1723 844 2021 897 secundum

443 935 583 1002 quod
612 936 871 1005 scriptum
906 946 990 990 est
1019 936 1090 1001 “,
1121 937 1263 1005 quia
1286 956 1305 990 ι
1358 937 1494 1007 justi
1534 936 1898 1008 fulgehttnt‘in
1935 949 2023 989 re-

440 1042 548 1098 gno
577 1026 667 1082 Dei
706 1028 843 1081 sicut
876 1028 981 1083 sol.
1014 1048 1033 1080 ι
1071 1028 1205 1083 llinc
1236 1040 1494 1098 ergoest,
1538 1030 1682 1097 quod
1709 1038 1763 1083 et
1798 1028 1850 1081 in
1886 1026 2024 1082 inl‘e-

443 1117 685 1173 riorihus
713 1118 843 1173 dicit
871 1118 916 1149 ⁸⁷
954 1137 967 1171 :
1013 1137 1031 1171 ι
1067 1120 1367 1175 secundum
1397 1123 1551 1193 signa
1580 1135 1813 1190 sna,per
1833 1120 2025 1174 domos

441 1208 774 1264 familiarum
799 1226 1043 1266 suarum.
1090 1230 1108 1264 ι
1139 1212 1468 1279 Quod‘dicit,
1510 1233 1529 1265 ι
1578 1230 1679 1283 per
1719 1215 1910 1268 domos
1943 1213 2025 1264 Γει-

442 1300 988 1366 miliarumsuarum,
1030 1321 1048 1352 ι
1087 1303 1139 1356 in
1182 1301 1379 1358 Graeco
1431 1304 1575 1358 idem
1607 1319 1787 1357 sermo
1814 1304 2025 1372 positus

441 1397 547 1455 est,
577 1404 736 1459 quem
767 1382 819 1444 et
849 1391 918 1446 ibi
948 1392 1239 1461 Apostolus
1266 1392 1418 1455 dicit,
1438 1392 1530 1447 ubi
1554 1393 1628 1445 ait
1656 1392 1714 1424 ετ
1735 1410 1747 1445 :
1793 1411 1811 1443 ι
1855 1391 2024 1460 Hujus

442 1481 523 1536 rei
541 1484 714 1550 gratia
744 1497 915 1537 curvo
942 1499 1115 1552 genua
1153 1498 1272 1538 mea
1298 1483 1365 1537 ad
1395 1482 1613 1537 Patrem
1659 1482 1874 1537 Domini
1923 1496 2024 1536 no-

441 1572 543 1627 stri
572 1572 700 1628 J'esu
742 1573 971 1638 Christi,
1000 1589 1067 1629 ex
1091 1588 1198 1643 quo
1228 1574 1745 1642 omnispaternitas
1778 1575 1830 1628 in
1883 1572 2027 1628 cmlo

438 1675 498 1719 et
531 1665 582 1718 in
627 1674 787 1719 terra
808 1666 1141 1720 nominatur.
1184 1684 1203 1719 ι
1233 1666 1379 1733 Quas
1407 1679 1542 1735 ergo
1574 1665 1661 1720 hic
1694 1664 1890 1720 I’aulns
1927 1681 2023 1734 pa-

443 1756 729 1811 ternitates
762 1757 1018 1823 dicit,,ibi
1066 1757 1307 1813 familias
1346 1758 1529 1827 posuit
1572 1756 1803 1811 Latinus
1850 1760 2016 1811 inter-

443 1861 594 1917 pres,
623 1850 1055 1918 sedunusatqne
1085 1850 1227 1905 idem
1259 1865 1439 1905 sermo
1467 1850 1703 1904 habetur
1728 1849 1779 1902 in
1806 1846 2015 1903 Graeco.

444 1935 570 1993 Ista
590 1947 720 1993 sunt
744 1954 874 2010 ergo
902 1940 1276 2008 pateruitates,
1307 1942 1389 1997 vel
1418 1940 1641 1994 familia:
1663 1955 1798 2009 quas
1826 1939 2023 1994 Paulus

442 2032 661 2100 quidem
690 2032 802 2100 jam
854 2033 1094 2087 oetendit
1144 2033 1196 2086 in
1241 2032 1416 2095 caelis,
1451 2030 1662 2101 Moyses
1711 2040 1889 2085 autem
1922 2033 2023 2085 sub

442 2123 634 2193 figuris
683 2125 863 2179 adhuc
908 2124 1177 2191 legalibus
1212 2126 1478 2179 describit
1518 2125 1571 2178 in
1604 2125 1801 2189 terris;
1831 2138 2023 2179 secun-

440 2215 568 2266 dum
600 2228 737 2281 quas
761 2213 1015 2268 incedere
1052 2229 1149 2268 nos
1176 2224 1377 2278 monet,
1412 2225 1471 2267 ut
1524 2216 1794 2285 possimus
1853 2215 2019 2269 caele-

437 2305 618 2361 stibus
650 2305 1068 2373 paternitatibus
1110 2307 1334 2360 sociari.
1366 2305 1506 2361 Sunt
1544 2308 1709 2369 enim,
1748 2305 2020 2363 utPaulus

438 2387 688 2465 superius
702 2397 1093 2466 pronuntiavit,
1115 2397 1227 2451 sive
1243 2396 1461 2452 familia:
1480 2399 1597 2451 isne
1614 2398 1855 2452 dicenda:
1871 2409 2018 2461 sunt,

438 2488 556 2542 sive
573 2489 923 2557 paternitates
937 2489 989 2542 in
1007 2490 1164 2551 cmlo,
1185 2504 1246 2543 ex
1264 2488 1459 2557 quibus
1477 2489 1613 2542 forte
1628 2498 1708 2543 est
1727 2489 1837 2556 illa,
1857 2503 2019 2557 quam

441 2579 495 2633 in
526 2580 634 2634 alio
668 2579 787 2635 loco
824 2581 1075 2634 nominat
1104 2581 1243 2634 idem
1276 2580 1479 2635 Paulus
1504 2581 1801 2635 Ecclesium
1830 2581 2017 2651 primi-

437 2672 671 2730 tivorum
712 2673 1008 2741 ascriptam
1078 2672 1130 2725 in
1185 2673 1340 2727 caelis
1367 2673 1449 2737 ‘9;
1522 2672 1608 2725 cui
1661 2688 1760 2726 nos
1796 2673 2014 2727 eveniet

437 2763 662 2828 sociari,
695 2764 739 2818 si
779 2766 1078 2819 secumlum
1108 2765 1356 2819 ordinem
1394 2764 1711 2820 incedamus
1747 2773 1801 2817 et
1836 2765 2016 2818 omnia

438 2858 736 2912 secundum
760 2859 1007 2912 ordinem
1042 2874 1315 2927 geramus.
1358 2856 1415 2911 Si
1450 2857 1582 2911 nihil
1626 2858 2016 2923 inordinatum,

437 2948 573 3003 nihil
621 2948 963 3018 inquietum,
1007 2948 1147 3002 nihil
1198 2950 1544 3004 inhonestum
1592 2949 1904 3003 inveniatur
1961 2948 2018 3005 in

438 3041 619 3105 nobis,
657 3050 789 3096 tunc
820 3051 873 3097 et
905 3042 1049 3097 sicut
1099 3042 1504 3095 ﬁrmamentum
1530 3043 2015 3112 resplendebimus.

2127 566 2415 619 malorum.
2454 564 2593 620 Vere
2638 574 2820 622 autem
2861 565 3080 629 melius,
3127 574 3182 618 et
3212 578 3339 617 vere
3387 561 3608 625 rectius,
3639 574 3704 615 ac

2128 657 2426 727 perfectius
2481 667 2582 721 cst,
2640 658 2824 728 utqui
2875 658 3025 712 audit
3073 656 3297 711 verbum
3346 656 3463 721 Dei,
3511 652 3703 708 audiat

2127 752 2293 807 corde
2326 754 2469 808 bono
2510 763 2565 807 et
2606 753 2864 823 simplici,
2890 754 3077 807 audiat
3108 753 3271 808 corde
3300 759 3450 804 recto
3497 758 3552 802 et
3606 763 3705 819 pa—
3783 733 3789 743 ’

2127 852 2273 909 rato,
2300 851 2355 896 ut
2384 842 2539 912 quasi
2570 843 2621 896 in
2668 852 2817 897 terra
2853 844 3005 897 bona
3028 841 3326 897 fructiﬁcet
3365 847 3419 894 et
3467 847 3702 893 crescat.

2126 937 2252 994 Hinc
2283 940 2335 992 in
2365 937 2683 1007 przel'atione
2699 936 2936 991 diximus
2954 944 3174 1005 propter
3200 931 3493 988 nonnullos
3515 944 3702 985 eorum

2127 1030 2223 1100 qui
2254 1030 2320 1083 ad
2372 1029 2701 1082 audiendum
2737 1043 2839 1081 non
2881 1026 3145 1096 simplici,
3194 1040 3293 1081 nec
3332 1024 3477 1078 ﬁdeli
3525 1031 3707 1077 mente

2126 1120 2480 1173 conveniunt.
2516 1119 2681 1188 280
2729 1118 2804 1172 De
2830 1116 3154 1187 quibusdam
3201 1116 3325 1169 dico
3368 1113 3711 1169 catecbumeo

2131 1215 2233 1272 nis.
2269 1211 2468 1281 quibus
2501 1213 2744 1266 fortasse
2765 1210 3011 1264 nonnulli
3048 1209 3213 1264 etiam
3256 1223 3443 1262 eorum
3477 1207 3566 1274 qui
3592 1205 3704 1272 jam

2130 1308 2463 1374 baptismum
2506 1306 2966 1369 consecuti‘sunt,
2999 1304 3305 1357 sociantur.
3346 1320 3363 1350 ι
3406 1299 3521 1353 Non
3559 1299 3704 1353 enim

2131 1413 2321 1452 Omnes
2356 1399 2554 1467 quies
2599 1395 2790 1456 lsi'ael,
2828 1396 3018 1449 ii‘sunt
3046 1393 3307 1447 Israelita:
3330 1394 3417 1455 υς
3466 1410 3483 1441 ι
3531 1403 3709 1457 neque

2126 1504 2318 1543 oumes
2371 1488 2462 1557 qui
2506 1488 2599 1541 loti
2654 1495 2777 1540 sunt
2833 1499 2994 1552 aqua,
3056 1483 3317 1537 contimio
3368 1481 3528 1534 etiam
3581 1492 3710 1531 san-

2127 1590 2215 1634 cto
2252 1578 2455 1647 Spiritu
2492 1577 2582 1631 loti
2625 1584 2786 1631 sunt:
2836 1575 2977 1629 sicut
3002 1573 3314 1628 econtrario
3363 1587 3468 1623 non
3517 1582 3709 1621 omnes

2123 1670 2216 1741 qui
2261 1671 2313 1723 in
2380 1665 2796 1724 catechumenis
2831 1671 3217 1727 numerantur,
3257 1660 3420 1715 alieni
3476 1666 3604 1711 sunt
3651 1664 3709 1709 et

2124 1771 2377 1832 expertes
2422 1760 2662 1830 Spiritus
2692 1757 2893 1813 sancti.
2926 1754 3154 1809 Invenio
3182 1752 3325 1806 enim
3368 1752 3419 1803 in
3455 1748 3706 1816 Scriptu-

2128 1857 2203 1909 ris
2227 1853 2431 1906 divinis
2465 1850 2756 1906 nonnullos
2780 1849 3303 1904 catechuntenorum
3331 1841 3525 1911 dignos
3550 1837 3706 1892 habi-

2127 1960 2209 2004 tos
2239 1948 2449 2019 Spiritu
2495 1957 2710 2008 sancto,
2742 1955 2793 1999 ct
2840 1944 2975 1997 alios
3003 1949 3230 2007 accepto
3259 1935 3533 2004 baptismo
3558 1930 3706 1985 indi-

2125 2057 2258 2112 gnos
2296 2039 2461 2094 fuisse
2517 2038 2692 2092 sancti
2726 2036 2963 2103 Spiritus
3018 2033 3216 2099 gratia.
3240 2027 3531 2084 Cornelius.
3556 2030 3705 2078 cate-

2125 2132 2425 2185 chumcnus
2459 2136 2579 2183 erat
2608 2129 2678 2191 ”,
2715 2138 2767 2179 et
2814 2135 3107 2193 antequam
3153 2120 3216 2175 ad
3245 2134 3441 2188 aquam
3471 2116 3702 2175 veniret,

2126 2223 2327 2278 meruit
2355 2221 2607 2289 accipere
2657 2218 2922 2288 Spiritum
2969 2223 3245 2270 sanctum.
3287 2210 3475 2264 Simon
3531 2208 3706 2276 bapti-

2123 2329 2302 2370 smum
2323 2320 2633 2381 acceperat,
2665 2309 2760 2367 sed
2784 2308 3040 2378 quoniam
3066 2321 3188 2358 cum
3219 2300 3491 2375 hypocrisi
3519 2314 3704 2353 acces-

2122 2408 2191 2462 sit
2214 2409 2280 2460 ad
2310 2407 2567 2475 gratiam,
2615 2404 2940 2473 repudiatur
2967 2419 2995 2456 a
3032 2403 3172 2455 dono
3227 2399 3466 2464 Spiritus
3497 2395 3698 2451 sancti.

2123 2502 2261 2557 Nolo
2295 2502 2511 2556 dubites
2545 2508 2599 2553 et
2643 2512 2787 2553 nunc
2831 2510 2957 2550 esse
3005 2494 3057 2547 in
3108 2490 3306 2560 populo
3354 2488 3703 2542 catechume-

2123 2610 2315 2648 norum
2352 2592 2563 2661 aliquos
2587 2590 2897 2652 Cornelios,
2931 2588 2999 2641 ad
3038 2600 3176 2655 quos
3207 2583 3312 2637 diei
3346 2581 3545 2651 possit,
3573 2579 3701 2648 quia

2122 2685 2521 2740 misericordiae
2551 2693 2605 2738 et
2643 2682 2926 2738 orationes
2956 2689 3061 2733 tum
3088 2675 3452 2731 ascenderunt
3491 2672 3543 2725 in
3593 2682 3708 2723 cte-

2121 2780 2231 2833 lnm
2265 2778 2409 2849 (59);
2455 2788 2511 2832 et
2566 2791 2780 2831 rursum
2818 2775 2869 2829 in
2919 2769 3120 2841 populo
3152 2767 3389 2823 ﬁdelium
3420 2778 3545 2819 esse
3599 2760 3703 2815 ali-

2121 2886 2256 2942 quos
2313 2869 2583 2935 Simones,
2614 2869 2813 2938 quibus
2844 2865 3185 2921 conﬁdenter
3201 2860 3490 2916 dicendum
3524 2856 3698 2911 sit“:

2128 2982 2148 3016 ι
2187 2964 2232 3019 Ο
2267 2962 2422 3032 plene
2462 2964 2609 3017 omni
2661 2962 2788 3015 dolo
2834 2968 2888 3012 et
2938 2956 3172 3022 fallacia,
3209 2956 3281 3007 ﬁli
3312 2951 3539 3016 diaboli,
3595 2962 3702 3003 int-

2125 3062 2264 3116 mice
2292 3058 2473 3116 omnis
2522 3054 2772 3124 iustitiae.
2813 3071 2832 3103 ι
2872 3049 2998 3107 Haec
3033 3062 3133 3118 ego
3181 3047 3247 3099 ad
3297 3042 3698 3111 conceptionem

435 3140 495 3187 et
536 3133 682 3188 sicut
729 3133 899 3188 stella:
925 3144 979 3189 et
1025 3134 1103 3189 sol
1151 3133 1267 3203 ipse
1320 3134 1709 3204 refulgcbimus
1753 3135 1804 3188 in
1852 3152 2016 3205 regno
2044 3136 2085 3193 C
2122 3156 2226 3212 mei
2283 3156 2452 3225 ipsius
2505 3152 2736 3222 ιοψιοτ,
2788 3162 2898 3202 non
2950 3143 3124 3199 solum
3169 3140 3499 3195 auditorum.
3551 3135 3700 3192 Unus

437 3225 586 3288 Dei,
669 3240 766 3292 per
833 3224 1110 3279 Christum
1192 3225 1476 3278 Dominum
1546 3237 1851 3287 nostrum,
1928 3229 2015 3281 cui

437 3320 526 3367 est
585 3312 763 3382 gloria
829 3322 885 3369 et
947 3314 1240 3385 imperium
1298 3316 1353 3371 in
1420 3317 1618 3371 smcula
1672 3320 2014 3376 saeculorum.

436 3404 635 3461 Amen.

1024 3499 1317 3557 llOMlLlA.
1340 3501 1429 3557 lll.

438 3609 605 3689 Haec
631 3616 773 3689 quod
800 3617 1146 3689 scriptitans}
1175 3617 1220 3648 ⁹⁰
1246 3631 1321 3689 εμι
1354 3618 1464 3687 Ego
1502 3621 1764 3689 assumpsi
1810 3620 2016 3677 Levita:

511 3685 779 3762 άέῃιεᾴίο
820 3685 1053 3762 filiorum
1105 3686 1277 3740 Israel
1345 3685 1440 3762 pro
1480 3690 1621 3744 omni
1672 3685 2017 3762 primogenita

509 3755 601 3821 qui
636 3756 879 3823 adnperit
913 3756 1144 3820 vulvam,
1174 3775 1192 3808 ι
1226 3767 1276 3809 et
1303 3758 1528 3828 reliqua.

509 3868 563 3923 1.
596 3868 872 3936 Scriptum
910 3878 993 3923 est
1027 3870 1093 3923 de
1131 3884 1363 3937 manna,
1397 3872 1526 3940 quia
1554 3875 1850 3931 secundum
1883 3887 2017 3932 tem-

434 3974 552 4030 pus.
571 3959 701 4015 illud
725 3959 770 4016 si
803 3960 926 4030 quis
956 3960 1010 4015 id
1042 3961 1528 4030 itaassnmpsisset
1580 3975 1638 4018 ut
1680 3978 2016 4037 praeceperat

436 4052 603 4121 Deus,
656 4055 961 4109 nutriretur
1011 4070 1090 4109 ex.
1120 4068 1186 4107 eo
1213 4055 1304 4116 ;.si
1333 4056 1459 4124 quis
1494 4071 1625 4112 vero
1648 4067 1840 4113 contra
1876 4078 2015 4130 pne-

432 4158 653 4216 ceptum
698 4147 813 4210 Dei,
845 4157 899 4202 et
945 4155 1130 4201 contra
1182 4156 1446 4202 statutum
1494 4149 1760 4206 divinitus
1795 4155 2011 4208 modum

432 4238 698 4293 voluisset
727 4254 1027 4301 assumere,
1049 4237 1449 4294 nonl‘rueretur
1482 4256 1587 4307 eo,
1605 4244 1840 4298 utvitali
1866 4246 2010 4310 cibo,

431 4330 526 4385 sed
558 4345 770 4385 vermes
804 4331 1096 4386 ebullirent
1136 4346 1200 4385 ex
1243 4347 1331 4386 eo.
1364 4332 1428 4387 Et
1481 4335 1552 4387 ita
1586 4335 1771 4398 ﬁebat,
1805 4347 1865 4391 nt
1902 4353 2008 4394 una

2121 3250 2264 3304 enim
2292 3259 2346 3303 et
2370 3262 2471 3318 ego
2517 3263 2636 3302 sum
2667 3264 2730 3301 ex
2787 3247 2873 3310 iis,
2904 3245 2995 3316 qui
3052 3243 3281 3298 audiunt
3322 3239 3546 3295 verbum
3584 3235 3701 3289 Dei.

2166 3336 2244 3392 .2.
2280 3336 2711 3390 Scdandiamus
2735 3336 2847 3405 jam
2881 3335 3014 3404 quid
3045 3348 3227 3387 sermo
3265 3329 3482 3384 divinus
3511 3327 3705 3393 loqua-

2121 3436 2210 3481 tur
2233 3426 2300 3480 ad
2339 3424 2583 3496 Moysen.
2614 3443 2631 3476 ι
2668 3425 2734 3480 Ει
2774 3424 2986 3479 locutus
3006 3432 3109 3489 est,
3142 3422 3320 3491 inquit
3344 3421 3412 3484 ’⁸,
3444 3416 3702 3471 Dominus

2119 3520 2185 3572 ad
2220 3518 2464 3590 Moysen,
2498 3518 2686 3572 dicens
2718 3534 2731 3570 :
2766 3517 2909 3572 Ecce
2939 3532 3038 3586 ego
3078 3513 3347 3582 assumpsi
3384 3511 3601 3566 Levitas
3631 3508 3703 3561 de

2118 3611 2298 3666 medio
2348 3608 2582 3663 ﬁliorum
2637 3607 2827 3671 Israel,
2870 3623 2967 3678 pro
3009 3606 3159 3659 omni
3206 3602 3569 3675 primogenita
3604 3598 3701 3670 qui

2119 3701 2367 3771 adaperit
2397 3701 2612 3755 vulvam
2665 3700 2893 3755 ex.ﬁliis
2946 3696 3135 3761 Israel,
3182 3694 3580 3763 redemptiones
3605 3706 3700 3746 eos

2119 3809 2239 3848 rum
2274 3801 2456 3853 erunt.
2489 3802 2547 3847 et
2591 3802 2754 3847 erunt
2801 3791 2932 3845 mihi
2981 3790 3203 3846 Levita.
3234 3786 3409 3842 Meum
3439 3795 3523 3841 est
3550 3786 3697 3837 enim

2115 3899 2279 3941 omne
2332 3884 2774 3955 primogenitum.
2824 3883 2901 3936 Ex
2939 3879 3029 3936 die
3074 3895 3178 3948 qua
3239 3877 3479 3948 percussi
3535 3889 3697 3929 onme

2116 3977 2537 4049 primogenitum
2588 3977 2642 4033 in
2701 3984 2845 4031 terra
2894 3975 3138 4048 Egypti,
3172 3970 3515 4029 sanctiﬁcavi
3564 3970 3694 4024 mihi

2117 4085 2278 4126 onme
2326 4069 2749 4138 primogenitum
2817 4067 3006 4131 Israel,
3058 4066 3125 4121 ab
3161 4066 3382 4120 homine
3428 4064 3695 4132 usquead

2115 4179 2281 4233 pecus
2337 4177 2515 4218 meum
2564 4163 2695 4225 erit,
2752 4160 3177 4229 egoDominus.
3234 4178 3263 4211 ι.
3293 4158 3493 4212 Levita:
3542 4171 3698 4207 assu-

2114 4264 2340 4308 muntur
2366 4268 2466 4324 pro
2499 4251 3269 4322 pritnogeuitis,,cnmutique
3304 4264 3409 4302 non
3449 4249 3557 4301 sint
3587 4249 3696 4316 pri-

2114 4345 2390 4414 mogeniti.
2422 4342 2552 4398 Levi
2597 4343 2742 4397 enim
2789 4340 2982 4397 tertius
3027 4341 3274 4395 nascitur
3298 4355 3363 4393 ex
3395 4338 3509 4392 Lia.
3569 4338 3694 4392 Pri-

433 4429 596 4491 διίιιιθ
646 4425 837 4477 eadem
890 4423 1098 4492 ερεοῖθε
1133 4439 1342 4477 manlia:
1380 4425 1507 4480 aliis
1535 4427 1763 4495 quidem
1796 4444 2013 4485 vermes
2042 4468 2088 4527 η
2116 4452 2236 4490 ntus
2286 4451 2522 4505 namque
2547 4444 2634 4490 est
2662 4434 2886 4497 Ruben;
2918 4433 3139 4488 Simeou
3174 4432 3469 4495 secundus,
3505 4431 3693 4484 tertius

431 4521 487 4566 et
512 4514 830 4581 putredines
868 4526 1177 4584 generaret,
1216 4514 1337 4568 aliis
1367 4530 1494 4569 vero
1532 4517 1800 4573 salubrem
1828 4520 2006 4575 cibum

429 4605 725 4670 conferret,
767 4617 816 4660 et
871 4608 994 4659 vita:
1028 4607 1422 4661 necessarium.
1455 4607 1623 4677 Igitur
1676 4621 1728 4663 et
1757 4621 2003 4668 nostrmn

430 4713 623 4752 malum
662 4701 884 4752 verbum
938 4697 1029 4752 Dei
1079 4707 1185 4762 est,
1238 4708 1291 4751 et
1335 4699 1472 4766 apud
1529 4715 1629 4755 nos
1664 4716 1794 4770 ergo
1823 4719 2006 4760 sermo

431 4786 526 4842 Dei
554 4788 679 4842 aliis
702 4786 931 4842 eﬂicitnr
954 4789 1021 4841 ad
1048 4787 1303 4853 salutem,
1336 4789 1457 4843 aliis
1499 4790 1643 4842 cedit
1673 4794 1736 4844 ad
1765 4809 2002 4862 pinnam.

429 4877 503 4934 Et
524 4890 743 4948 propter
773 4879 875 4933 hoc
902 4880 1138 4933 arbitror
1165 4882 1307 4947 quod
1350 4882 1463 4950 ipse
1497 4883 1758 4938 Dominus
1792 4897 1846 4940 et
1885 4886 2007 4942 Sal-

426 4983 605 5036 vator,
631 4973 720 5041 qui
753 4981 837 5027 est
871 4974 1052 5026 vivum
1104 4972 1207 5026 Dei.
1240 4974 1489 5042 verbum,
1522 4975 1739 5031 dicebat
1771 4980 1814 5010 “
1844 4998 1855 5034 :
1890 4999 1908 5031 ι
1946 4981 2002 5036 In

419 5061 806 5132 judiciuntego
839 5065 959 5119 veni
988 5066 1040 5118 in
1069 5067 1213 5119 hunc
1246 5066 1528 5131 mundum,
1560 5078 1618 5122 ut
1672 5086 1777 5124 nou
1808 5073 2001 5127 viden-

429 5164 507 5209 tes
547 5156 783 5223 videant,
830 5170 884 5212 et
924 5158 1169 5214 videntes
1206 5159 1336 5213 caeci
1380 5157 1534 5215 (iant.
1573 5179 1591 5212 ι
1625 5160 1839 5229 Quanto
1888 5182 2001 5221 me-

427 5244 530 5299 lius
564 5259 709 5302 esset
737 5250 1011 5303 nonnullis
1036 5252 1260 5307 omnino
1291 5270 1392 5309 nec
1419 5258 1605 5311 audire
1638 5260 1858 5311 verbum
1881 5258 2000 5324 Dei,

427 5340 808 5422 quautandire
844 5358 966 5396 eum
1025 5344 1252 5409 malitia,
1312 5347 1396 5399 vel
1444 5349 1634 5404 audire
1679 5363 1800 5403 eum
1829 5350 1999 5421 hypo-

488 5434 532 5505 εἶτ’
572 5434 762 5487 Matth.
804 5453 919 5501 xm,
962 5437 1049 5491 45.
1126 5440 1167 5471 ⁸⁷
1210 5440 1367 5493 Num.
1413 5457 1468 5505 ιι,
1510 5443 1562 5495 2.

481 5601 595 5671 (59)
653 5602 714 5657 1η
742 5608 864 5659 Heln
876 5625 947 5662 ιη.

412 5686 435 5722 1
478 5674 543 5722 ad
578 5674 882 5729 Dominum.
932 5698 947 5730 ι

485 5742 599 5813 (ϋῦ)
628 5745 797 5799 titul-tl.
836 5749 1206 5815 Ebroiccnsis,
1246 5750 1602 5825 Turonensis,
1643 5754 1986 5816 Bellovaccn-

1068 5609 1237 5664 Codd.
1288 5610 1631 5669 Ebroicensis
1658 5624 1713 5669 et
1745 5617 1984 5688 anou.,

1639 5444 1683 5473 ⁸³
1724 5445 1921 5514 Ephes.
1962 5461 2041 5511 ιιι,
2080 5448 2161 5503 Η.

442 5504 462 5532 ¹
494 5502 651 5557 Rom.
683 5521 755 5570 ix,
788 5507 840 5561 6.
918 5508 962 5538 ”
995 5508 1113 5563 Act.
1148 5526 1199 5563 Χ.
1278 5510 1323 5541 ’⁵
1353 5502 1472 5565 Act.
1504 5529 1619 5576 xm,
1662 5514 1741 5569 l0.
1768 5502 1781 5514 ’
1817 5514 1861 5550 ³³
1889 5502 2052 5572 Num.
2085 5535 2165 5575 ill.
2200 5521 2257 5575 ll
2296 5502 2529 5591 etscqq.
2593 5502 2652 5552 I"
2676 5502 2818 5579 Cen.

2118 4528 2247 4584 Levi
2273 4546 2287 4594 ;
2322 4537 2377 4583 et
2408 4536 2767 4583 assunmntur
2799 4527 2854 4581 in
2891 4524 3360 4597 primogenitosii,
3381 4523 3471 4595 qui
3502 4533 3697 4578 natura

2117 4639 2223 4678 non
2283 4632 2409 4678 sunt
2456 4621 2827 4691 primogeniti.
2879 4620 3137 4691 Nunquid
3190 4619 3305 4675 haec
3352 4619 3404 4672 in
3435 4619 3550 4688 lege
3601 4616 3701 4673 Dei

2114 4719 2290 4773 otiose
2313 4717 2517 4785 scripta
2548 4730 2672 4769 esse
2702 4714 3036 4769 credendum
3069 4712 3192 4768 est?
3222 4712 3303 4767 An
3353 4712 3481 4765 illud
3507 4713 3699 4767 edocet

2116 4825 2238 4873 nos,
2271 4810 2413 4878 quod
2450 4811 2588 4878 apud
2617 4810 2784 4863 Deum
2813 4823 2921 4861 non
2950 4807 3024 4860 illi
3063 4804 3421 4877 primogeniti.
3449 4803 3683 4857 habean-

2116 4906 2222 4952 tur.
2247 4897 2338 4964 qni
2365 4911 2624 4965 corporea
2657 4896 2946 4949 nativitate
2990 4894 3326 4962 praecedunt,
3352 4893 3445 4946 sed
3481 4893 3515 4947 ii
3547 4908 3684 4962 quos

2110 4989 2393 5058 proposito
2430 4988 2630 5043 mentis
2674 4988 2944 5055 inspecto,
2986 4985 3130 5040 Dens
3181 4984 3296 5053 ipse
3342 4985 3397 5039 iu
3441 4984 3683 5040 ordinem

2110 5079 2511 5147 primitivornm
2540 5077 2750 5147 judicat
2791 5075 3152 5130 assumendos
3174 5075 3211 5128 ?‘
3245 5074 3337 5129 Sie
3369 5076 3515 5131 enim
3546 5078 3683 5144 apud

2110 5173 2278 5227 Deum
2302 5172 2481 5229 Jacob.
2498 5172 2777 5240 posterior.
2804 5180 2933 5227 natu
2980 5172 3372 5239 primogenitns
3414 5172 3691 5240 iudicatus

2110 5274 2216 5329 est,
2259 5274 2314 5319 et
2356 5264 2767 5322 heuedictiones
2817 5264 3185 5333 primitivatus
3231 5264 3341 5331 (60)
3397 5272 3679 5334 procurata

2109 5355 2381 5411 divinitus
2399 5356 2646 5426 parentis
2671 5356 2920 5412 czecitate
2944 5357 3183 5427 suscepit
3204 5357 3272 5406 ³⁸.
3302 5356 3377 5409 Ex
3406 5357 3678 5427 proposito

2239 5450 2281 5531 ξ’
2315 5451 2478 5531 Hebr.
2511 5450 2721 5531 itm-‘25,:
2798 5454 2844 5485 ⁹⁰
2871 5454 3030 5510 Νιιιιι.
3068 5472 3147 5513 Ill.
3224 5461 3266 5491 ⁹¹
3296 5459 3451 5516 Joan.
3485 5478 3557 5531 ιιι,
3588 5464 3675 5522 59.

2094 5623 2234 5688 sis,¢
2277 5624 2607 5695 primitivas.
2654 5645 2672 5679 ι
2711 5626 2831 5679 Mox
2884 5628 3050 5681 codex
3093 5627 3275 5682 Sanch
3313 5628 3670 5687 Theudorici.

2114 5714 2131 5747 ι
2162 5706 2490 5764 procurante
2514 5697 2800 5753 divinitate
2833 5698 3077 5765 parentis
3099 5700 3362 5769 caecitate,
3404 5718 3421 5752 ι
3459 5710 3567 5759 etc.
