4086 6218
447 297 551 352 595

1891 292 2212 348 ORIGENIS

3594 300 3700 356 596

444 414 650 470 etenim
678 416 859 470 cordis
907 415 1048 484 quod
1100 416 1208 468 Deo
1253 413 1446 484 patuit,
1496 413 1661 466 etiam
1701 413 2012 480 priusquam
2047 415 2093 470 Α
2119 420 2171 463 et
2205 410 2483 474 Mauasse;
2517 410 2570 461 iu
2599 408 2850 477 aquilone
2895 423 3020 461 vero
3059 409 3166 461 Dan
3198 423 3318 462 eum
3352 408 3692 477 Nephthalim

449 504 504 559 in
530 506 634 560 hoc
669 505 871 560 mumlo
892 515 1274 569 nascerentur,
1310 504 1624 574 autaliquid
1651 513 1874 574 agerent
1896 503 2018 555 boni

447 596 531 651 vel
565 599 715 664 mali,
746 599 1056 668 pronuntiat
1096 599 1356 653 Dominus
1401 599 1466 652 de
1494 598 1576 653 eis
1604 599 1671 663 ’⁷,
1715 599 1837 666 quia
1871 617 1890 648 ι
1928 596 2020 650 .la-
2049 629 2052 634 -

445 687 546 744 eob
579 689 760 755 dilexi,
806 691 947 745 Esau
1004 699 1182 744 autem
1227 689 1349 743 odio
1400 689 1587 743 habui.
1648 709 1666 740 ι
1722 689 1841 742 Filii
1887 703 2017 758 ergo

443 777 572 833 Levi
605 779 954 848 primogeniti
989 781 1206 850 quidem
1243 794 1347 834 non
1387 789 1515 834 sunt
1544 779 1840 834 secundum
1889 795 2013 831 rar-

440 883 588 934 nem,
621 871 714 923 sed
741 885 839 939 pro
879 871 1255 942 primogenitis
1293 882 1677 935 assumuntur;
1713 881 1770 925 ut
1795 871 1865 924 sit
1899 886 2015 922 am-

439 960 581 1024 plius
634 960 838 1031 aliquid
887 978 988 1031 pro
1029 963 1391 1030 primogenito
1425 963 1646 1024 assumi,
1687 979 1848 1032 quam
1904 963 2012 1032 pri-

439 1053 772 1122 mogenitum
798 1055 969 1106 nasci.
1005 1071 1022 1103 ι
1069 1054 1227 1119 Ecce,
1263 1054 1460 1122 inquit,
1495 1054 1760 1123 assumpsi
1797 1054 2012 1108 Levitas

427 1153 499 1194 cx
560 1145 734 1196 uedio
769 1144 1004 1197 ﬁliorum
1065 1143 1253 1199 Issael.
1317 1163 1336 1197 ι
1383 1145 1478 1199 Dic
1525 1144 1866 1214 simpliciter,
1907 1156 2010 1201 AS-

431 1231 639 1298 sumpsi
667 1231 883 1285 Levitas
909 1249 971 1286 ex
1014 1234 1140 1288 ﬁliis
1177 1235 1358 1288 Israel.
1385 1234 1523 1300 Quid
1552 1245 1637 1289 est
1664 1237 1808 1302 quod
1831 1235 2008 1298 addis,

430 1329 488 1372 et
527 1320 594 1374 de
645 1323 824 1375 medio
856 1323 1086 1377 ﬁliorum
1126 1323 1336 1378 Israel?
1365 1327 1431 1379 de
1464 1340 1571 1394 quo
1600 1325 1775 1378 medio
1806 1325 1829 1377 ?
1880 1324 2004 1380 Ter-

434 1411 542 1464 tius
577 1421 663 1466 est
693 1411 842 1480 Levi,
891 1424 947 1468 ut
973 1433 1133 1484 supra
1169 1417 1429 1483 diximus,
1469 1418 1609 1469 inter
1645 1416 1788 1470 ﬁlios
1817 1416 2003 1472 Israel.

434 1502 504 1554 lle
535 1517 642 1571 quo
690 1507 821 1574 ergo
867 1508 1046 1565 medio
1093 1519 1442 1563 assumantur
1507 1508 1708 1562 Levilae
1754 1525 2004 1578 cuperem

428 1594 591 1648 seire.
621 1594 846 1651 Invenio
871 1599 921 1651 iu
950 1599 1248 1668 Scripturis
1292 1602 1501 1656 beatam
1529 1601 1673 1655 illam
1709 1601 2006 1654 Sunamiti-

425 1686 550 1739 dem
586 1701 706 1755 quae
732 1688 1253 1758 aluerataliquaudo
1287 1694 1627 1762 prophetam,
1672 1695 2000 1760 responden-

2126 513 2178 556 et
2211 504 2369 556 Aser.
2406 502 2478 554 Ex
2522 502 2604 554 his
2648 501 2900 554 omnibus
2939 503 3091 569 quasi
3146 519 3244 571 per
3274 514 3508 572 quatuor
3537 514 3696 560 terrae

2124 594 2376 648 cardines
2430 593 2484 647 in
2527 592 2758 646 circuitu
2812 591 3132 658 collocatis,
3190 595 3244 649 in
3305 598 3483 652 medio
3506 613 3692 652 eorum

2125 693 2311 753 utpote
2346 683 2453 738 Deo
2481 682 2714 753 proximi
2743 681 2886 736 circa
2919 684 3093 753 ipsum
3144 688 3553 745 tabernaculum
3600 691 3693 746 Dei

2121 776 2528 830 constituuntur
2561 775 2783 832 Levitm.
2813 777 2868 832 In
2918 779 3113 832 castris
3161 779 3382 848 quidem
3411 780 3545 834 Juda
3573 799 3694 849 qua:

2123 876 2248 921 sunt
2299 868 2363 919 ab
2391 868 2626 935 oriente,
2655 867 2868 937 Moyses
2902 880 2956 924 et
2999 870 3217 935 Aaron;
3260 871 3310 924 in
3341 873 3535 927 castris
3564 887 3692 928 vero

2123 955 2349 1022 Ruben,
2402 954 2611 1010 Gerson
2655 972 2668 1020 ;
2737 958 2786 1010 in
2853 959 3052 1012 castris
3126 969 3304 1014 autem
3359 958 3638 1028 Benjamin
3673 1005 3686 1026 ,

2119 1047 2279 1116 28],
2316 1046 2521 1110 Caath;
2568 1047 2654 1102 ubi
2706 1062 2836 1112 vero
2868 1049 2978 1102 Dan
3014 1059 3190 1103 castra
3237 1052 3544 1114 constituit,
3589 1050 3691 1106 Me—
3755 1046 3762 1051 ’

2121 1140 2230 1193 rari
2264 1139 2523 1193 scribitur
2580 1138 2910 1204 collocatus;
2953 1151 3006 1194 et
3035 1142 3106 1194 ita
3157 1139 3210 1194 in
3245 1143 3418 1196 medio
3455 1142 3686 1197 liliormn

2116 1229 2284 1284 Israel
2314 1245 2377 1285 ex
2427 1230 2574 1284 omni
2607 1238 2778 1297 parte,
2829 1241 2882 1284 et
2928 1244 3022 1298 per
3075 1231 3382 1293 circuitum,
3414 1234 3566 1302 quasi
3605 1235 3687 1287 iu—

2115 1321 2246 1376 serti
2276 1321 2487 1376 caeteris
2515 1331 2570 1376 et
2600 1322 2784 1375 innexi
2819 1322 3068 1375 videntur
3093 1337 3216 1376 esse
3251 1323 3344 1376 lilii
3383 1323 3530 1378 Levi.
3563 1323 3688 1379 Ha-c

2115 1421 2239 1467 sunt
2267 1428 2389 1482 qua:
2435 1411 2588 1466 nobis
2612 1412 2786 1467 littera
2834 1413 2969 1483 legis
3010 1412 3250 1482 exp'onit,
3291 1426 3348 1466 ut
3389 1430 3452 1468 ex
3489 1417 3574 1470 his
3604 1433 3689 1471 sa-

2112 1511 2512 1556 cramentorum
2539 1503 2744 1557 semina
2770 1503 3110 1572 colligentes,
3141 1514 3399 1575 tanquam
3430 1508 3689 1576 gradibus

2112 1593 2435 1664 quibusdam
2468 1594 2535 1646 ab
2572 1593 2863 1648 humilibus
2889 1596 2954 1648 ad
2985 1595 3192 1650 excelsa
3214 1635 3230 1659 ,
3278 1606 3331 1649 et
3382 1612 3410 1649 a
3448 1600 3684 1652 terrenis

2113 1683 2178 1734 ad
2221 1683 2465 1736 cwleslia
2513 1685 2955 1741 conscendamus.
3009 1687 3254 1742 Ascendc
3283 1702 3412 1757 ergo
3457 1704 3611 1752 uuuc,
3645 1707 3679 1744 ο

429 1786 534 1830 tem
557 1791 678 1831 cum
714 1778 909 1835 ﬁducia
950 1782 1248 1851 regilsrael
1288 1783 1486 1838 volenti
1512 1783 1618 1838 sibi
1648 1784 1853 1854 aliquid
1880 1799 1994 1839 con-

2111 1771 2350 1838 auditor,
2397 1773 2439 1825 si
2486 1784 2659 1840 potes.
2711 1783 2766 1828 et
2812 1790 2840 1827 a
2909 1778 3136 1832 terrenis
3185 1778 3432 1831 sensibus
3485 1777 3669 1831 intuitu

426 1866 572 1922 ferre
608 1867 877 1936 beneﬁt-ii,
930 1883 984 1926 et
1032 1875 1300 1929 dicentem
1328 1877 1372 1908 ⁸⁸
1405 1897 1418 1932 :
1458 1897 1476 1929 ι
1513 1879 1569 1932 1η
1607 1877 1787 1933 medio
1818 1877 2001 1947 pepuli

427 1959 530 2012 mei
573 1974 672 2029 ego
720 1961 928 2018 habito.
989 1983 1008 2016 ι
1045 1965 1291 2035 Amplius
1339 1977 1609 2023 autemet
1657 1969 2004 2038 magniﬁcen-

424 2050 530 2102 tius
596 2051 648 2110 in
691 2052 986 2124 Evangelio
1043 2057 1200 2111 video
1254 2059 1516 2127 scriptum
1574 2060 1641 2114 de
1688 2059 1916 2114 Domino
1947 2067 2002 2114 et

423 2141 708 2199 Salvatore
741 2156 951 2214 nostro,
982 2147 1202 2203 dicente
1227 2149 1437 2206 Joanne
1458 2153 1503 2185 ’9
1536 2171 1547 2205 :
1589 2170 1606 2204 ι
1645 2153 1852 2207 Medius
1907 2168 2000 2206 ve-

421 2242 593 2288 strum
640 2236 768 2300 s'tat,
805 2253 965 2307 quem
1002 2254 1097 2294 vos
1157 2243 1403 2297 nescitis.
1449 2263 1468 2295 ι
1503 2243 1642 2299 Ρυιο
1681 2260 1814 2315 ergo
1871 2260 1994 2299 eum

424 2328 516 2390 qui
550 2342 828 2396 nunquam
871 2329 1228 2385 declinaverit
1281 2334 1350 2386 ad
1395 2334 1675 2397 dextram,
1718 2350 1891 2403 neque
1931 2336 1995 2389 ad

417 2415 844 2480 sinistram,dici
873 2433 1035 2488 posse
1069 2421 1303 2476 medium
1335 2432 1502 2483 stare.
1530 2442 1548 2474 ι
1591 2425 1678 2494 qui
1714 2435 1993 2494 peccatum

418 2521 522 2557 non
557 2505 705 2568 l'ecit,
736 2522 836 2562 nec
882 2508 1135 2564 inventus
1172 2521 1256 2565 est
1287 2512 1441 2567 dolus
1480 2512 1532 2566 in
1587 2528 1682 2568 ore
1721 2514 1838 2581 ejus
1875 2514 1916 2566 ¹.
1971 2532 1989 2564 ι

417 2598 484 2652 Ει
521 2599 641 2652 ideo
688 2599 779 2653 ille
829 2600 1091 2669 quidem,
1146 2603 1270 2670 quia
1325 2619 1542 2672 semper
1600 2614 1734 2670 stat,
1783 2607 1994 2660 medius

417 2700 564 2745 stare
603 2690 826 2747 dicitur.
869 2693 925 2748 Si
966 2695 1090 2763 quis
1125 2710 1256 2750 vero
1303 2697 1548 2752 imitator
1579 2697 1697 2766 ejus
1726 2707 1828 2762 est,
1853 2698 1994 2752 sicut

415 2796 606 2836 omnes
635 2783 832 2844 sancti,
883 2793 940 2838 et
978 2784 1068 2838 illa
1108 2784 1267 2839 beata
1297 2786 1512 2852 mulier,
1552 2786 1707 2856 cujus
1739 2787 1990 2858 superius

416 2869 646 2926 fecimus
673 2875 1034 2940 mentionem,
1065 2883 1211 2930 stare
1239 2877 1455 2945 quidem
1491 2892 1596 2932 non
1629 2878 1846 2933 dicitur.
1873 2877 1988 2932 Non

412 2968 560 3018 enim
591 2975 771 3034 potest
797 2967 939 3032 ﬁeri,
969 2977 1026 3022 ut
1052 2981 1156 3022 non
1180 2967 1493 3038 aliquando,
1533 2979 1626 3023 aut
1649 2971 1716 3024 ad
1742 2972 1987 3024 dextram

412 3056 538 3125 quis
574 3057 864 3115 inclinatus
891 3060 981 3125 sit,
1019 3067 1114 3113 aut
1143 3059 1210 3114 ad
1245 3059 1550 3116 sinistram.
1589 3079 1608 3112 ι
1646 3060 1820 3117 Nemo
1842 3063 1986 3134 enim

2112 1865 2310 1920 mentis
2355 1877 2410 1918 et
2453 1867 2785 1935 perspicacia
2837 1869 3017 1923 cordis
3065 1868 3297 1924 elevare.
3345 1869 3677 1924 Obliviscere

2111 1957 2382 2027 paulisper
2416 1968 2649 2022 terrena,
2680 1971 2839 2029 supra
2874 1961 3042 2016 nubes
3075 1971 3128 2016 et
3163 1977 3324 2030 supra
3366 1961 3540 2032 ipsum
3569 1979 3680 2016 cu:-

2109 2050 2216 2103 lmu
2248 2066 2433 2118 gressu
2470 2053 2667 2105 mentis
2701 2053 2910 2108 incede.
2957 2053 3032 2109 lbi
3082 2055 3299 2122 require
3352 2055 3679 2108 tabernacu-

2107 2143 2215 2197 lum
2253 2144 2366 2208 Dei,
2398 2145 2485 2198 ubi
2518 2161 2820 2214 prtecursor
2850 2162 2949 2216 pro
2975 2149 3126 2202 nobis
3152 2147 3395 2200 introivit
3422 2144 3606 2210 Jcsus,
3627 2157 3681 2201 et

2107 2236 2314 2290 assistit
2348 2253 2490 2290 nunc
2524 2238 2690 2292 vultui
2723 2239 2811 2292 Dei
2866 2237 3213 2305 interpellans
3244 2254 3340 2307 pro
3365 2241 3542 2292 nobis.
3581 2240 3678 2302 Ibi,

2106 2327 2350 2398 inquam,
2391 2329 2608 2397 require
2659 2341 2957 2398 quaternos
3001 2331 3134 2385 istos
3187 2332 3430 2394 ordines,
3480 2333 3677 2386 statio.-

2105 2433 2307 2489 nesque
2334 2430 2660 2475 castrormn.
2713 2422 2788 2476 lbi
2823 2421 3116 2475 Israelitica
3166 2422 3379 2491 agmina
3409 2431 3460 2473 et
3507 2437 3675 2474 excu-

2105 2510 2220 2565 bias
2248 2525 2411 2565 cerne
2435 2519 2770 2578 sanctorum,
2796 2523 2849 2567 et
2875 2514 2945 2566 ibi
2984 2513 3072 2566 illa
3099 2529 3218 2582 quae
3248 2515 3333 2567 hic
3360 2529 3501 2566 nunc
3529 2529 3677 2582 qua--

2103 2600 2272 2654 rimus
2310 2601 2708 2669 primitivorum
2759 2613 3104 2658 sacramenta
3161 2604 3380 2656 rimare.
3432 2603 3536 2656 Sed
3572 2619 3670 2672 ego

2105 2706 2209 2744 non
2243 2693 2414 2747 audeo
2445 2692 2574 2746 illuc
2603 2692 2751 2748 solus
2782 2695 3098 2760 ascendere,
3136 2711 3240 2747 non
3288 2695 3460 2748 audeo
3510 2711 3594 2748 me
3620 2696 3671 2746 in

2099 2779 2202 2834 hos
2254 2788 2362 2834 tam
2402 2789 2642 2836 secretos
2691 2784 3069 2851 mysteriorum
3119 2799 3368 2838 secessus
3416 2784 3532 2836 sine
3571 2798 3670 2834 au-

2101 2869 2350 2924 ctoritate
2385 2871 2564 2939 magni
2606 2871 2834 2941 alicujus
2878 2875 3115 2929 doctoris
3164 2877 3504 2945 immergere.
3551 2875 3669 2932 Non

2100 2977 2321 3032 possum
2349 2962 2473 3018 illuc
2502 2965 2820 3039 ascendere,
2848 2965 2946 3018 nisi
2977 2967 3247 3033 praecedat
3273 2984 3356 3021 me
3386 2967 3671 3034 Paulus,et

2099 3052 2216 3122 ipse
2248 3053 2376 3107 mihi
2410 3053 2550 3107 viam
2580 3054 2705 3107 novi
2753 3052 2914 3122 hujus
2943 3064 2996 3110 et
3043 3057 3198 3110 ardui
3251 3059 3458 3112 itineris
3486 3071 3670 3113 osten-

414 3150 650 3205 mumlus
695 3167 723 3204 a
768 3153 963 3218 sorde;
1027 3167 1128 3207 nec
1178 3153 1223 3208 si
1281 3154 1444 3208 unius
1508 3153 1618 3208 diei
1668 3153 1835 3210 fuerit
1881 3155 1990 3209 vita

2101 3141 2214 3198 dat.
2264 3142 2383 3213 Ipse
2429 3160 2557 3215 ergo
2589 3145 2956 3215 apostolorum
3004 3148 3306 3212 maximus,
3357 3151 3445 3218 qui
3506 3151 3666 3204 sciret

410 3237 529 3307 ejus
557 3239 600 3292 ’.
640 3257 658 3290 ›
697 3239 958 3297 Habitare
984 3253 1165 3297 tamen
1193 3239 1399 3298 dicitur
1440 3244 1494 3298 in
1542 3242 1721 3298 medio
1751 3245 1932 3314 populi
1975 3262 1988 3298 :

409 3341 464 3382 et
495 3329 699 3384 Levitae
747 3347 880 3402 ergo
913 3345 1270 3391 assumuntur
1301 3337 1367 3392 de
1411 3336 1590 3391 medio
1631 3334 1870 3392 ﬁliorum
1914 3335 1991 3391 ls-

411 3419 544 3474 rael.
575 3420 776 3476 Levita:
803 3433 930 3477 sunt
957 3426 1101 3478 enim
1150 3428 1242 3496 qui
1293 3443 1398 3481 non
1440 3436 1815 3497 cegnoverunt
1854 3427 1987 3482 dex-

413 3519 547 3563 tram
583 3521 636 3565 et
677 3513 954 3567 sinistram
985 3530 1162 3584 suam,
1195 3517 1287 3571 sed
1317 3528 1609 3586 sequentes
1649 3517 1893 3590 Moysen,
1938 3519 1989 3572 id

409 3605 499 3651 est
533 3597 702 3667 legem
745 3602 858 3664 Dei,
893 3619 998 3657 non
1061 3617 1427 3674 pepercerunt
1484 3607 1624 3676 patri
1664 3623 1764 3662 nec
1802 3607 1986 3662 matri.

412 3686 480 3738 Et
516 3697 570 3740 tu
615 3703 745 3759 ergo
794 3691 836 3746 si
880 3692 1134 3748 veniente
1173 3696 1497 3761 tentatione,
1542 3697 1586 3752 si
1623 3699 1874 3753 veniente
1905 3699 1986 3753 ira

410 3781 620 3846 peccati
658 3798 762 3837 non
797 3784 1076 3839 iuclineris
1133 3786 1198 3839 ad
1248 3787 1550 3854 dexteram,
1609 3804 1785 3861 neque
1818 3791 1884 3844 ad
1911 3789 1984 3844 si-

411 3869 660 3937 nistram,
705 3889 803 3929 nec
851 3879 1241 3944 przevaricatus
1284 3882 1456 3936 fueris
1501 3880 1675 3951 legem
1729 3883 1846 3945 Dei,
1892 3879 1985 3936 sed

411 3969 522 4015 stes
555 3963 604 4016 in
641 3966 820 4021 medio
871 3965 1015 4022 ﬁxus
1061 3981 1118 4024 et
1165 3970 1397 4036 stabilis,
1436 3981 1488 4025 et
1541 3987 1647 4026 non
1682 3971 1984 4038 iuclineris,

409 4068 584 4120 neque
610 4068 804 4109 curves
829 4071 1007 4126 genua
1031 4067 1118 4112 tua
1148 4070 1396 4129 peccato,
1429 4075 1527 4117 nec
1548 4063 1774 4131 pecudis
1799 4072 1983 4132 caput,

408 4145 461 4199 id
511 4155 597 4200 est
649 4147 893 4204 stultitia:
918 4153 1171 4220 sequaris
1219 4154 1534 4225 imaginem,
1570 4157 1869 4211 assumeris
1920 4158 1986 4212 de

410 4235 590 4288 medio
620 4234 854 4291 ﬁliorum
902 4238 1092 4306 Israel,
1125 4251 1180 4296 et
1231 4242 1284 4297 in
1321 4244 1721 4312 primitivorum
1758 4261 1984 4303 numero

405 4324 783 4383 collocaberis.
820 4328 944 4386 Ilaec
973 4348 1072 4403 pro
1109 4347 1175 4388 eo
1203 4334 1345 4401 quod
1393 4336 1659 4406 scriptum
1710 4347 1813 4400 est,
1852 4355 1870 4388 ι
1930 4347 1984 4394 et

405 4429 679 4471 assumam
711 4417 933 4475 Levitas
960 4425 1027 4478 de
1063 4427 1241 4480 medio
1266 4426 1502 4481 ﬁliorum
1537 4426 1728 4482 Israel.
1771 4445 1790 4480 ι

475 4507 529 4562 5.
582 4507 804 4576 Verum,
834 4511 879 4566 si
906 4512 1142 4581 videtur,
1195 4529 1545 4572 reeurramus
1597 4518 1774 4573 adhuc
1801 4520 1868 4573 ad
1901 4519 1980 4586 ip-

403 4618 521 4657 sum
557 4603 800 4658 ordinem
833 4605 1098 4673 historize,
1135 4611 1224 4678 qui
1257 4612 1496 4665 refertur
1543 4611 1596 4665 in
1623 4611 1896 4677 Numeris,
1925 4623 1977 4667 et

401 4711 470 4750 ex
502 4696 618 4765 ipso
664 4700 980 4767 mysterium
1018 4702 1443 4770 primitivorum,
1474 4704 1564 4758 ubi
1597 4702 1681 4758 vel
1710 4707 1980 4774 quomodo

405 4790 612 4857 requiri
641 4791 858 4856 debeat,
887 4796 1339 4864 contemplemur.
1387 4796 1556 4868 Igitur
1594 4813 1980 4854 reccnseamus

403 4882 688 4948 attentius,
735 4885 1006 4952 quomodo
1049 4887 1452 4943 distribuuntur
1481 4889 1766 4944 duodecim
1807 4888 1980 4943 tribus

402 4990 500 5038 per
531 4987 716 5029 ternas
769 4978 820 5030 in
849 4986 1080 5048 quatuor
1102 4987 1305 5050 partes,
1339 4991 1388 5036 et
1411 4995 1507 5051 per
1536 4979 1784 5051 singulas
1817 4995 1980 5049 quas-

400 5080 506 5132 que
533 5067 654 5121 coeli
696 5068 880 5138 plagas
907 5081 1058 5124 certa
1088 5072 1326 5127 statione
1373 5072 1661 5126 considunt
1696 5089 1709 5126 :
1743 5079 1796 5125 et
1833 5071 1982 5125 inve-

402 5158 612 5211 niemus
647 5153 842 5214 Judam
883 5161 1100 5230 quidem
1134 5163 1201 5217 ab
1231 5164 1441 5218 oriente
1484 5163 1649 5218 statui
1697 5179 1819 5218 cum
1843 5163 1981 5218 Issa-

399 5250 536 5302 rhar
572 5261 627 5305 et
658 5252 936 5320 Zabulon;
989 5254 1178 5318 Ruben
1221 5273 1348 5312 vero
1393 5258 1462 5312 ab
1502 5258 1803 5322 occidente,
1856 5267 1976 5310 cmn

401 5337 620 5398 Simeon
647 5354 703 5399 et
740 5343 889 5412 Gad;
916 5347 969 5401 iu
1011 5348 1239 5403 meridie
1273 5347 1505 5418 Ephrem
1533 5363 1656 5403 cum
1695 5346 1974 5417 Benjamin

471 5524 772 5602 f'_M:t|:ch.
801 5529 982 5602 t._2,_5.
1037 5531 1105 5602 _?'
1127 5528 1215 5584 IV.
1245 5532 1375 5602 Reg.
1406 5549 1482 5597 tv,
1515 5533 1599 5586 I3.

399 5593 602 5652 ‘llebr.
647 5610 748 5662 xu,
791 5600 877 5662 18,
910 5600 1000 5665 22,
1031 5599 1123 5656 2'5.

1676 5534 1722 5566 ⁹⁹
1745 5530 1901 5585 Joan.
1940 5547 1979 5597 ι,
2014 5529 2105 5584 9.6.

2098 3235 2294 3290 multas
2331 3251 2453 3291 esse
2500 3252 2606 3291 non
2642 3237 2816 3292 solum
2862 3239 2915 3292 in
2965 3239 3146 3305 terris,
3197 3241 3289 3294 sed
3341 3251 3394 3296 et
3428 3241 3480 3293 in
3518 3243 3669 3297 cmlis

2095 3325 2390 3392 Ecclesias,
2434 3341 2500 3381 ex
2547 3328 2745 3397 quibus
2787 3341 2840 3384 et
2885 3339 3088 3398 septem
3130 3333 3388 3400 quasdam
3431 3331 3667 3389 Joannes

2095 3428 2379 3473 enumerat
2419 3418 2440 3450 ³
2477 3437 2490 3474 :
2522 3419 2635 3489 ipse
2665 3431 2848 3474 tamen
2899 3419 3098 3475 Paulus
3141 3423 3430 3478 ostendere
3483 3423 3666 3479 volens

2092 3522 2213 3563 esse
2236 3510 2520 3577 quamdam
2557 3517 2752 3580 praster
2777 3526 2872 3564 eas
2904 3511 3070 3564 etiam
3121 3512 3516 3581 primitivorum
3564 3515 3664 3569 Ec-

2092 3598 2337 3664 clesium,
2365 3599 2498 3655 dicit
2523 3602 2587 3654 ad
2617 3600 2874 3656 Hebraeos
2903 3601 3148 3656 scribens
3187 3603 3208 3632 ⁸
3237 3619 3249 3653 :
3309 3621 3328 3654 ι
3369 3603 3484 3658 Non
3517 3606 3662 3659 enim

2091 3692 2402 3747 accessistis
2443 3693 2510 3747 ad
2549 3693 2826 3747 ardentem
2873 3703 2927 3748 et
2967 3694 3304 3749 tractabilem
3335 3697 3534 3766 ignem,
3568 3700 3662 3753 sed

2091 3786 2402 3840 accessistis
2428 3787 2492 3839 ad
2521 3795 2757 3840 montem
2792 3785 2942 3852 Sion,
2977 3797 3031 3840 et
3054 3785 3327 3843 civitatem
3358 3790 3449 3844 Dei
3481 3793 3665 3846 viven-

2093 3872 2159 3928 tis
2187 3871 2488 3928 Jerusalem
2523 3873 2818 3938 cmlestem,
2844 3882 2897 3928 et
2927 3876 3323 3934 multitudinem
3351 3881 3662 3950 angelorum

2090 3964 2538 4030 collaudantium,
2589 3974 2641 4019 et
2683 3964 2980 4019 Ecclesiam
3035 3970 3434 4037 primitivorum
3489 3973 3663 4026 ascri-

2089 4063 2236 4123 ptam
2267 4054 2318 4109 in
2348 4055 2522 4109 cazlis.
2561 4074 2579 4105 ι
2640 4054 2806 4123 Igitur
2834 4055 3041 4126 Moyses
3070 4073 3167 4127 per
3219 4069 3454 4128 quatuor
3486 4071 3660 4115 castra

2088 4147 2338 4216 populum
2375 4146 2465 4200 Dei
2515 4147 2747 4199 divisum
2795 4146 3057 4202 describit
3093 4150 3145 4203 in
3185 4153 3344 4205 terris
3383 4170 3396 4205 :
3437 4163 3491 4208 et
3517 4153 3660 4222 Apo-

2088 4239 2262 4292 stolus
2293 4250 2527 4308 quatuor
2557 4242 2777 4295 ordines
2811 4250 3124 4295 sanctorum
3162 4240 3276 4310 (61)
3323 4243 3578 4298 describit
3605 4247 3655 4297 iu

2091 4329 2264 4395 malis,
2293 4332 2360 4399 ad
2386 4347 2618 4401 quorum
2647 4332 2888 4403 singulos
2924 4348 3364 4403 unumquemque
3415 4347 3657 4392 nostrum

2090 4424 2221 4479 dicit
2252 4424 2530 4478 accedere.
2573 4423 2690 4480 Non
2739 4424 2884 4479 enim
2933 4437 3126 4478 omnes
3179 4427 3245 4479 ad
3291 4441 3480 4483 omnes
3507 4443 3656 4484 acce-

2089 4518 2244 4582 dunt,
2271 4517 2364 4572 sed
2396 4528 2449 4571 et
2482 4517 2572 4571 alii
2605 4517 2821 4586 quidem
2855 4517 3120 4570 accedunt
3145 4517 3212 4570 ad
3241 4527 3478 4574 montem
3505 4521 3658 4586 Sion,

2090 4607 2282 4664 borum
2319 4620 2495 4665 autem
2530 4610 2692 4679 paulo
2725 4609 2972 4663 meliores
2997 4610 3262 4665 accedunt
3289 4613 3354 4664 ad
3387 4613 3659 4668 civitatem

2091 4703 2184 4757 Dei
2217 4703 2446 4758 viventis
2474 4701 2775 4759 Jerusalem
2811 4706 3123 4772 cmlestem;
3166 4708 3257 4775 qui
3295 4719 3475 4762 autem
3511 4719 3564 4764 et
3595 4709 3659 4764 iis

2089 4795 2476 4851 ennnenliores
2517 4806 2662 4860 sunt,
2694 4798 2960 4852 accedunt
3006 4800 3072 4854 ad
3130 4799 3528 4854 multitudinem
3558 4816 3656 4854 an-

2088 4888 2328 4958 gelorqu
2385 4888 2836 4955 collaudantium;
2905 4892 2996 4959 qui
3049 4901 3228 4946 autem
3297 4907 3461 4961 super
3527 4895 3660 4948 istos

2087 4991 2278 5032 omnes
2307 4987 2453 5042 sunt,
2503 4979 2769 5033 accedunt
2813 4978 2880 5031 ad
2924 4979 3218 5035 Ecclesiam
3263 4982 3655 5052 primitivorum

2087 5069 2379 5138 ascriplam
2413 5069 2466 5122 in
2497 5068 2670 5123 cmlis.
2713 5069 2768 5123 Si
2805 5083 2936 5139 ergo
2975 5085 3039 5126 ex
3078 5073 3143 5128 iis
3193 5076 3505 5130 intellexisti
3539 5077 3662 5146 quis

2089 5160 2162 5214 sit
2192 5165 2326 5215 ordo
2372 5162 2794 5231 primitivormn,
2837 5174 2890 5216 et
2938 5168 3078 5234 quod
3108 5168 3179 5220 sit
3215 5167 3450 5222 nominis
3506 5168 3660 5222 istius

2086 5265 2510 5317 sacramentum,
2542 5269 2782 5326 praepara
2813 5271 2882 5325 te,
2933 5270 2985 5314 et
3015 5261 3223 5314 enitere
3260 5268 3520 5329 quantum
3561 5275 3649 5312 va-

2087 5343 2184 5406 les,
2215 5345 2261 5398 si
2293 5345 2433 5400 forte
2461 5347 2688 5413 actibus,
2727 5351 2862 5420 vita,
2900 5352 3162 5417 moribus,
3196 5351 3321 5417 ﬁde,
3371 5351 3652 5407 institutis-

2187 5530 2428 5586 ‘lPetr.
2465 5549 2524 5600 ιι,
2569 5535 2656 5588 22.
2734 5537 2753 5565 ²
2784 5535 2902 5592 .Iob.
2939 5537 3118 5604 xiv,4,
3149 5537 3198 5590 5.
3267 5537 3473 5606 ³Αιιοο.
3511 5533 3654 5599 ι,11.

472 5709 585 5780 (ﬁt)
617 5710 786 5770 Codd.
818 5713 1048 5778 Turon.,
1080 5712 1429 5770 Belvacensis
1459 5725 1510 5768 et
1536 5714 1724 5769 Sancti
1758 5712 2106 5780 Theoderici,
2139 5732 2156 5765 ι
2195 5722 2527 5770 sanctorum.
2573 5733 2590 5766 ι
2631 5715 2782 5770 Libb.
2811 5715 2960 5782 editi,
2998 5733 3016 5767 ι
3055 5727 3291 5772 sanctos.
3329 5738 3347 5770 ι
