4086 6218
387 351 489 411 597

1630 340 1694 394 IN
1731 338 2064 395 NUMEROS
2097 335 2384 393 IIOMILIA
2427 335 2516 390 IV.

3545 331 3646 388 598

387 484 496 537 que
525 467 796 536 proﬁcias,
833 475 892 520 ut
923 464 1098 534 possis
1123 464 1388 520 accedere
1421 463 1486 516 ad
1520 462 1818 517 Ecclesium
1852 462 1962 531 pri-
1993 467 2037 523 Α
2065 459 2343 523 exstincti,
2392 455 2874 510 sattctilicationem
2925 454 3206 523 percipere
3277 451 3645 506 Israelitarinn

391 561 729 624 nntivorum,
761 573 880 626 qua:
915 557 1150 625 ascripta
1175 565 1259 609 est
1294 555 1344 607 in
1370 555 1544 608 ccelis.
1599 555 1752 619 Quod
1782 554 1825 606 si
1859 568 1964 607 non

388 661 596 706 tantum
649 651 815 714 vales,
863 651 959 704 sed
1001 664 1060 702 es
1115 647 1274 715 paulo
1329 645 1592 708 inferior,
1648 645 1848 700 accede
1899 645 1967 701 ad

389 741 795 796 multitudinem
838 740 1157 810 angelorum
1211 738 1665 793 collaudantium.
1719 736 1874 802 Quod
1921 736 1965 790 si

390 845 490 886 nec
527 831 596 884 ad
625 831 788 886 istum
836 831 1086 883 ordinem
1129 838 1284 897 potes
1329 828 1648 890 ascendere,
1679 828 1742 880 ad
1769 828 1967 882 civita-

390 932 496 974 tem
525 922 716 977 saltem
751 922 842 976 Dei
874 921 1104 975 viventis
1135 919 1435 975 Jerusalem
1467 919 1744 976 cmlcslem
1773 935 1967 988 prope-

390 1025 513 1066 rare
539 1013 816 1066 contende.
852 1011 910 1066 Si
952 1027 1078 1068 vero
1108 1028 1208 1068 nec
1241 1013 1311 1067 ad
1342 1014 1444 1068 hoc
1475 1019 1634 1080 aptus
1666 1025 1744 1076 es,
1775 1011 1966 1065 saltem

388 1103 457 1157 ad
503 1111 737 1156 montem
789 1109 1064 1161 contende
1115 1105 1268 1170 Sion,
1319 1115 1377 1159 ut
1405 1105 1457 1159 in
1493 1113 1675 1160 monte
1718 1103 1964 1157 salveris.

389 1196 620 1251 Tantum
669 1213 736 1252 ne
791 1201 842 1254 in
902 1211 1046 1255 terra
1096 1201 1359 1264 resideas,
1413 1215 1479 1254 ne
1509 1201 1562 1253 in
1596 1198 1829 1252 vallibus
1853 1214 1967 1251 tua-

388 1304 540 1354 neas,
574 1305 640 1344 ne
666 1293 718 1344 in
753 1293 1018 1346 demersis
1052 1302 1105 1346 et
1132 1293 1427 1346 humilibus
1462 1305 1800 1359 perseveres.
1835 1290 1964 1343 Mihi

389 1382 462 1434 ita
513 1383 922 1452 intelligendum
982 1385 1195 1438 videtur
1241 1383 1443 1438 assumi
1489 1382 1880 1451 primogenitos
1907 1381 1965 1434 [i-

388 1469 487 1525 Iios
515 1471 660 1535 Levi,
695 1475 790 1542 qui
829 1475 1138 1530 ministrant
1193 1476 1322 1536 Deo,
1356 1483 1412 1528 et
1435 1474 1598 1527 altari
1637 1472 1757 1540 ejus
1788 1474 1970 1527 taber-

390 1562 693 1629 naculaque
720 1564 1058 1625 deserviunt,
1105 1563 1463 1632 exeuhiisque
1496 1562 1774 1630 perpetuis
1809 1562 1968 1616 mini-

387 1653 552 1704 steria
587 1654 764 1705 divina
796 1654 1200 1706 concelebrant.

457 1740 510 1792 4.
540 1742 647 1795 Sed
673 1754 729 1795 et
757 1743 900 1811 quod
933 1744 1035 1804 ait,
1074 1761 1092 1792 ι
1131 1759 1228 1813 pro
1261 1745 1408 1798 omni
1442 1745 1822 1814 primogenito,
1872 1744 1962 1814 qui

385 1833 632 1901 adaperit
664 1835 898 1897 vulvam,
935 1855 954 1886 ι
997 1851 1100 1888 non
1132 1835 1261 1889 mihi
1303 1835 1460 1892 facile
1512 1836 1732 1891 videtur
1769 1835 1962 1891 disseri

389 1939 548 1988 posse
571 1933 625 1977 et
658 1925 962 1994 explanari.
1004 1925 1191 1993 Neque
1226 1927 1368 1980 enim
1415 1927 1728 1996 quicunque
1763 1929 1964 1995 adape-

392 2017 461 2069 rit
487 2017 717 2082 vulvam,
769 2021 1028 2073 continuo
1055 2019 1250 2088 dignus
1280 2021 1716 2074 sanctilicatioue
1780 2021 1963 2090 primi-

388 2110 589 2162 tivatus
616 2109 897 2164 habendus
925 2120 1031 2172 est,
1066 2111 1192 2178 quia
1226 2121 1278 2164 et
1315 2111 1365 2164 in
1399 2109 1630 2165 Psalmis
1662 2113 1890 2182 legimus
1918 2115 1960 2178 ³,

384 2198 527 2262 quod
561 2215 579 2247 ι
619 2199 834 2252 alienati
887 2210 1012 2252 sunt
1075 2212 1390 2267 peccatores
1431 2216 1460 2253 a
1516 2202 1698 2266 vulva,
1750 2219 1964 2256 errave-

387 2294 509 2339 runt
560 2302 589 2340 a
646 2298 864 2350 ventre,
916 2290 1081 2344 locuti
1133 2299 1260 2344 sunt
1307 2291 1462 2346 falsa.
1507 2312 1526 2345 ι
1569 2294 1718 2359 Quod
1776 2297 1963 2364 utique

383 2387 529 2432 stare
560 2381 854 2434 secundum
900 2382 1134 2436 litteram
1173 2384 1322 2437 nullo
1362 2386 1522 2439 modo
1556 2397 1750 2454 potest.
1810 2388 1957 2454 Quo-

384 2469 542 2521 modo
565 2470 728 2523 etiam
763 2473 887 2538 quis
928 2489 1117 2527 errare
1147 2489 1175 2526 a
1213 2476 1295 2528 via
1342 2476 1434 2529 Dei
1481 2479 1655 2544 potuit
1687 2480 1870 2534 statim
1905 2490 1962 2534 ιιι

383 2559 450 2611 de
474 2569 660 2613 ventre
689 2564 879 2616 matris
914 2564 1120 2617 exivit?
1158 2563 1262 2618 Aut
1298 2569 1569 2633 qttmnodo
1612 2570 1786 2636 potuit
1822 2571 1958 2625 falsa

383 2648 526 2716 loqui
558 2639 727 2718 nuper
766 2653 945 2706 editns
987 2668 1148 2720 puer,
1202 2655 1282 2708 vel
1333 2655 1770 2726 qualemcunque
1828 2675 1957 2726 pro-

382 2738 525 2792 ferre
557 2743 902 2795 sermonem?
931 2742 1063 2795 Cum
1097 2759 1226 2814 ergo
1271 2747 1609 2814 impossibile
1663 2750 1733 2804 sit
1759 2751 1842 2805 vel
1870 2768 1959 2805 er-

383 2844 506 2882 rare
542 2830 772 2898 aliquem
824 2848 852 2884 a
885 2843 1094 2894 ventre,
1159 2832 1243 2886 vel
1305 2833 1449 2903 loqui
1503 2836 1665 2902 falsa,
1705 2853 1959 2895 necessa-

384 2918 521 2972 rittm
548 2921 652 2973 erit
682 2931 734 2975 et
761 2931 1022 2985 veulretn,
1063 2931 1118 2976 et
1151 2923 1368 2978 vulvam
1421 2927 1583 2986 talem
1636 2932 1835 2998 requiri
1870 2935 1956 2987 etti

379 3015 676 3066 Cunvettire
717 3015 886 3081 possit
927 3014 1029 3068 hoc
1074 3014 1278 3074 dictum
1311 3019 1455 3085 quod
1498 3039 1516 3070 ι
1550 3021 1768 3078 alienati
1826 3035 1957 3080 sunt

2073 550 2420 622 primogeniti
2443 549 2665 604 omnino
2696 563 2800 600 non
2831 552 3072 615 possunt.
3100 543 3231 608 Quis
3263 556 3394 612 ergo
3417 551 3494 595 est
3523 543 3646 605 iste,

2071 643 2164 712 qui
2194 641 2585 711 primogenitos
2633 637 3036 707 Aigyptiorum,
3075 635 3128 688 id
3177 643 3259 687 est
3311 636 3652 702 principatus

2071 744 2124 787 et
2163 743 2465 800 potestates
2522 731 2828 785 dmmonum
2876 726 3182 796 percussit?
3229 724 3416 778 Nonne
3465 725 3651 777 Domi-

2071 841 2173 880 nus
2231 839 2380 877 meus
2431 822 2586 877 lesns
2637 821 2909 882 Christus,
2966 821 3057 886 qui
3119 826 3201 870 est
3260 815 3653 884 primugeuitns

2070 917 2248 973 omnis
2277 915 2441 986 282
2475 923 2757 977 creaturae,
2797 911 2887 980 qui
2917 911 3256 979 principatus
3276 918 3329 961 et
3356 917 3651 977 potestates

2072 1009 2333 1061 adversas
2379 1004 2640 1067 traduxit,
2674 1001 3016 1069 triumphans
3050 1015 3142 1052 eus
3171 1000 3222 1053 in
3273 997 3482 1052 crure?
3507 1000 3653 1063 Quos

2073 1095 2262 1162 utique
2286 1093 2387 1146 nisi
2423 1092 2510 1148 ille
2547 1091 2933 1162 percussisset,
2971 1097 3025 1142 et
3058 1089 3467 1156 triumphasset,
3529 1104 3654 1142 san-

2073 1185 2330 1240 ctilicatio
2354 1185 2420 1237 ad
2451 1200 2550 1238 nos
2581 1183 2924 1252 primitivalis
2971 1181 3158 1235 venire
3227 1182 3534 1235 nullatenus
3558 1198 3655 1250 po-

2073 1277 2280 1330 tuisset.
2322 1275 2386 1332 Ut
2409 1285 2589 1329 autem
2621 1275 2779 1332 nobis
2805 1274 3284 1343 primogenitorum
3320 1274 3656 1328 benedictio-

2073 1384 2168 1422 ncs
2221 1369 2472 1429 donaret,
2511 1366 2742 1422 ellieitur
2791 1367 2942 1436 prius
2985 1367 3101 1437 ipse
3145 1365 3540 1435 primogenittts
3583 1382 3651 1420 cx

2073 1461 2322 1525 mortuis,
2361 1469 2419 1514 ut
2455 1461 2525 1514 sit
2565 1460 2617 1513 in
2651 1458 2907 1518 omnibus
2956 1459 3072 1528 ipse
3105 1457 3398 1527 primatum
3437 1470 3649 1522 tenens,

2071 1561 2123 1605 et
2157 1567 2253 1606 nos
2290 1553 2578 1606 credentes
2619 1553 3008 1606 resurrectioni
3064 1566 3177 1606 suae
3215 1561 3521 1605 assumeret
3553 1567 3648 1619 pro

2072 1643 2385 1711 primitivis,
2423 1654 2477 1698 et
2508 1645 2559 1698 in
2603 1645 3004 1712 primitivorum
3040 1645 3231 1698 ordine
3261 1631 3576 1708 collocaret,
3602 1645 3651 1697 si

2074 1745 2248 1788 tamett
2291 1735 2726 1788 hcncdictionum
2771 1737 2996 1806 gratiam
3029 1749 3201 1804 usque
3255 1736 3322 1788 ad
3368 1735 3530 1787 tinem
3564 1737 3655 1787 lir-

2071 1841 2212 1878 mam
2243 1827 2594 1891 retineamus,
2624 1825 2793 1894 adjuti
2820 1826 3192 1880 misericordia
3233 1825 3404 1896 ipsitts
3439 1824 3652 1884 Domini

2069 1917 2240 1969 nostri
2269 1916 2394 1969 .Iesn
2427 1917 2655 1980 Christi,
2684 1919 2768 1971 cui
2797 1927 2878 1972 est
2910 1917 3081 1990 gloria
3116 1928 3169 1972 et
3206 1917 3496 1986 impcriunt
3535 1916 3652 1986 ((54)

2069 2006 2121 2058 itt
2148 2005 2343 2059 stucula
2372 2005 2717 2063 smculurum.
2748 2007 2938 2061 Amen.

2653 2116 2930 2172 IIOMILIA
2976 2116 3063 2171 IV.

2069 2229 2146 2282 De
2173 2246 2230 2282 eo
2274 2231 2414 2298 quod
2459 2229 2711 2297 scriptum
2737 2241 2812 2282 est
2842 2231 2884 2291 θ,
2934 2247 2952 2278 ι
2989 2230 3171 2298 viginti
3206 2230 3309 2283 duo
3346 2231 3518 2284 millia
3552 2249 3652 2284 nu-

2140 2315 2282 2352 mero
2327 2300 2568 2352 inventos
2609 2315 2724 2352 esse
2759 2298 3425 2368 Levitas,.primogcnitas
3473 2312 3652 2354 autem

2135 2369 2370 2440 ﬁliorum
2397 2367 2566 2421 Israel
2605 2369 2782 2439 viginti
2822 2371 2926 2421 duo
2954 2368 3126 2421 millia
3152 2367 3404 2424 (lucentes
3432 2384 3648 2440 septua-

2137 2439 2285 2507 ginta
2313 2450 2443 2491 tres.
2485 2456 2502 2488 ο

2143 2553 2190 2606 I.
2233 2550 2588 2606 Numerorum
2615 2550 2754 2605 liber
2783 2560 2884 2615 est,
2917 2551 3006 2620 qui
3034 2551 3230 2620 legitur
3261 2552 3434 2618 nobis,
3457 2553 3510 2608 in
3542 2570 3650 2622 quo

2067 2646 2248 2698 multa:
2283 2652 2407 2698 sunt
2457 2659 2808 2724 numerorum
2853 2642 3203 2709 differentiae,
3255 2661 3376 2716 qua:
3406 2648 3648 2701 conscri-

2066 2734 2270 2790 buntur
2301 2735 2366 2787 dc
2399 2734 2522 2788 ﬁliis
2552 2734 2733 2788 Israel.
2775 2735 2879 2790 Sed
2927 2745 3047 2806 post
3097 2737 3235 2794 ﬁlios
3261 2737 3424 2792 Israel
3458 2755 3647 2793 mune-

2066 2835 2256 2879 rantur
2303 2827 2467 2881 etiam
2511 2824 2712 2879 Levitte
2757 2841 3025 2882 seorsum.
3080 2827 3194 2884 Non
3246 2829 3387 2886 enim
3436 2831 3646 2884 fuerant

2066 2917 2320 2974 recensiti
2355 2933 2477 2972 cum
2512 2918 2636 2972 [iliis
2669 2915 2856 2982 Israel,
2890 2930 2945 2973 et
2972 2920 3202 2975 habetur
3238 2936 3426 2976 eorum
3456 2937 3647 2992 segre—

2063 3018 2220 3076 gatus
2247 3009 2492 3078 quidam,
2524 3025 2588 3064 ac
2620 3010 2920 3079 prwcipuus
2965 3025 3075 3077 pra:
3112 3013 3326 3068 caeteris
3360 3029 3642 3076 numerus,

377 3113 686 3170 peccatores
735 3104 803 3159 ab
852 3117 1029 3172 utero,
1081 3123 1401 3167 erraverunt
1451 3130 1479 3168 a
1529 3127 1738 3180 ventre,
1790 3117 1953 3172 ιυριιιί
1985 3129 2027 3192 C
2064 3116 2171 3169 quo
2207 3101 2516 3156 referuntur
2564 3117 2754 3156 omnes
2785 3101 2948 3156 simul
2991 3101 3178 3170 viginti
3216 3104 3323 3162 duo
3356 3104 3520 3158 mLIlia
3560 3123 3644 3159 re-

379 3205 503 3250 sunt
538 3196 690 3251 l‘alsa.
720 3218 738 3250 ι
766 3198 832 3253 Et
860 3200 946 3253 illa
975 3203 1079 3256 erit
1107 3205 1286 3272 vulva,
1315 3221 1476 3274 quam
1508 3208 1752 3276 adaperit
1773 3211 1954 3264 omnis

377 3288 710 3353 primitivus,
763 3291 857 3358 qui
914 3293 1290 3350 sanetiﬁcatur
1339 3297 1467 3354 Deo.
1517 3299 1816 3368 Adaperuit
1851 3300 1954 3354 ali-

377 3380 593 3445 quando
619 3379 761 3433 Dcns
787 3382 1000 3436 vulvam
1031 3383 1140 3439 Lize
1167 3387 1210 3452 °,
1247 3405 1368 3458 qua:
1391 3400 1507 3446 erat
1545 3391 1748 3456 clausa.
1782 3403 1836 3448 et
1861 3407 1953 3460 pe-

378 3467 518 3533 perit
553 3470 930 3536 patriarchas;
985 3473 1242 3530 similiter
1272 3489 1328 3533 et
1350 3479 1587 3544 Rachel,
1635 3490 1692 3535 ttt
1734 3493 1954 3550 pareret

375 3558 541 3610 etiam
575 3560 686 3629 ipsa
730 3563 884 3628 cujus
932 3567 1079 3622 visus
1115 3584 1235 3625 erat
1269 3571 1579 3639 perspicax,
1632 3582 1683 3628 et
1717 3573 1951 3628 decorus

374 3660 646 3717 aspectus.
686 3653 790 3708 Sed
820 3666 873 3710 et
905 3659 958 3711 in
995 3659 1178 3714 multis
1211 3661 1334 3716 aliis
1368 3662 1666 3730 Scriptura:
1699 3662 1834 3718 locis
1863 3663 1947 3716 iu-

373 3742 560 3797 venies
601 3747 871 3815 adaperiri
905 3754 1108 3806 vulvas.
1157 3755 1394 3819 Quarum
1430 3753 1480 3808 si
1503 3754 1712 3822 singula
1744 3770 1840 3823 pro
1872 3755 1950 3812 Io‘

371 3832 451 3886 cis
480 3836 819 3916 cpnsideres,
861 3843 1106 3898 invenies
1141 3846 1416 3913 quomodo
1458 3855 1512 3898 et
1546 3855 1730 3903 errent
1754 3862 1948 3915 pecca-

371 3932 516 3979 tores
540 3941 567 3978 a
611 3929 786 3995 vulva,
820 3942 874 3985 et
905 3933 979 3986 illi
1015 3934 1394 4003 adaperientes
1425 3936 1661 4003 vulvam,
1697 3938 1945 3993 sanctiﬁ-

369 4028 564 4071 centur
592 4021 644 4073 in
675 4023 867 4077 ordine
898 4024 1318 4092 primitivorum.
1342 4047 1360 4078 ι
1385 4027 1449 4081 Et
1478 4039 1636 4082 erunt
1669 4031 1823 4092 mihi.
1856 4031 1942 4084 in-

369 4109 486 4176 quit
515 4111 558 4176 ⁷,
582 4109 824 4178 Levitze;
861 4132 1036 4170 meum
1077 4127 1159 4172 est
1190 4119 1334 4172 enim
1371 4134 1530 4173 onme
1560 4120 1894 4189 primitivum
1925 4137 1942 4177 :

368 4216 432 4253 ex
465 4217 570 4271 qua
601 4203 685 4256 die
735 4208 981 4272 percussi
1035 4224 1197 4262 mune
1229 4211 1657 4280 primogenitum
1701 4211 1753 4264 in
1798 4221 1939 4267 terra

365 4291 605 4363 Egypti,
650 4297 778 4349 mihi
831 4299 1162 4354 sanctiﬁcavi
1222 4316 1383 4356 oume
1436 4303 1876 4373 primogenitum.
1915 4324 1935 4356 ι

366 4381 559 4438 Notum
589 4393 672 4439 est
692 4387 820 4455 quid
860 4390 926 4442 de
952 4389 1017 4443 iis
1047 4391 1270 4444 historia
1310 4396 1612 4460 contineat,
1666 4399 1938 4464 quomodo

2065 3192 2222 3260 perti,
2273 3193 2346 3246 ita
2395 3205 2452 3248 tit
2492 3209 2666 3263 neque
2697 3193 2929 3262 amplius
2979 3193 3207 3264 aliquid,
3253 3213 3428 3268 neque
3464 3198 3643 3252 minus

2064 3284 2168 3338 hoc
2195 3298 2421 3340 numero
2447 3285 2726 3345 inretitum
2753 3289 2843 3343 sit.
2869 3288 2997 3343 Post
3039 3290 3142 3342 hoc
3170 3289 3425 3358 praecepit
3459 3289 3643 3342 Darni-

2061 3391 2165 3432 nus
2206 3378 2481 3434 numerari
2528 3381 2694 3434 etiam
2753 3380 3143 3450 primogenitos
3192 3379 3424 3436 ﬁliorum
3476 3380 3640 3434 Israel

2059 3469 2248 3523 eodem
2281 3470 2493 3534 ordine,
2525 3486 2630 3542 quo
2658 3472 2858 3530 Levita:
2880 3475 3090 3528 fuerant
3123 3471 3415 3534 numerati,
3451 3471 3504 3525 id
3536 3481 3639 3536 est,

2061 3561 2130 3614 ab
2163 3575 2270 3616 uno
2304 3575 2490 3618 mense
2518 3572 2573 3617 ct
2599 3579 2784 3634 supra,
2820 3577 2874 3618 et
2919 3564 3265 3619 inveniuntur
3292 3563 3637 3634 primogeniti

2061 3653 2293 3708 ﬁliorum
2320 3654 2483 3710 Israel
2521 3657 2709 3726 viginti
2735 3658 2840 3712 diro
2867 3655 3060 3720 millia,
3089 3666 3142 3710 et
3172 3658 3391 3711 ducenti
3419 3669 3638 3727 septua-

2057 3747 2206 3820 ginta
2250 3756 2379 3802 tres.
2427 3747 2671 3804 Putasne
2717 3764 2814 3818 per
2864 3753 2982 3812 haec
3007 3753 3177 3807 solam
3222 3753 3430 3806 muneri
3462 3751 3637 3805 histu-

2058 3845 2192 3900 riam
2224 3847 2422 3902 docere
2453 3861 2550 3902 n03
2581 3847 2748 3900 voluit
2789 3847 3018 3918 Moyses,
3042 3861 3094 3903 et
3122 3849 3325 3906 nullum
3360 3851 3411 3903 in
3447 3850 3514 3904 iis
3548 3851 3632 3902 dt-

2056 3937 2406 3992 versitatibus
2438 3953 2785 3993 numerorum
2845 3939 3113 3996 conclusit
3148 3941 3309 3996 solito
3341 3941 3452 3996 sibi~
3483 3956 3635 3994 more

2054 4030 2411 4100 mysterium?
2459 4028 2678 4087 Nihilne
2723 4029 2991 4084 videbitur
3035 4046 3156 4088 esse
3203 4033 3430 4086 rationis
3489 4039 3633 4099 quod

2053 4117 2267 4176 ducenti
2293 4118 2632 4188 septuaginta
2671 4127 2778 4176 tres
2801 4129 3010 4182 tantum
3047 4121 3328 4175 abundare
3380 4120 3634 4175 dicuntur

2052 4212 2104 4266 in
2132 4212 2509 4282 primogenitis
2534 4212 2722 4276 Israel,
2757 4221 2812 4270 et
2844 4213 2894 4272 itt
2920 4214 3175 4270 Leriticis
3204 4216 3271 4268 ad
3302 4215 3488 4286 viginti
3525 4213 3632 4266 duo

2051 4303 2241 4367 millia,
2289 4319 2466 4375 neque
2523 4304 2802 4360 abundare
2848 4307 3166 4375 quidquam,
3220 4319 3398 4374 neque
3442 4305 3628 4357 deesse

2049 4393 2418 4456 describitur?
2446 4395 2646 4466 Viginti
2693 4398 2798 4453 duo
2843 4399 3061 4468 quidem
3099 4414 3356 4458 numerus
3393 4399 3444 4450 in
3487 4396 3629 4449 Scri-

364 4489 621 4539 percussa
656 4477 760 4531 sint
790 4480 1147 4550 primogenita
1181 4482 1586 4553 Egyptiorttm,
1614 4503 1735 4541 cum
1773 4504 1941 4556 popu-
1974 4484 2017 4538 D
2048 4487 2218 4554 ptnris
2243 4487 2469 4551 divinis,
2501 4488 2545 4540 si
2579 4488 2700 4554 quis
2729 4488 2986 4543 observet
3011 4531 3026 4554 ,
3056 4489 3200 4558 quod
3234 4487 3627 4557 principalibus

364 4564 446 4618 lus
501 4565 663 4622 Israel
703 4571 1027 4626 educeretur
1059 4589 1124 4628 ex
1170 4573 1406 4645 [Egypto
1443 4578 1484 4631 ⁸.
1538 4577 1650 4632 lloc
1688 4591 1770 4633 est
1805 4595 1935 4649 ergo

360 4659 503 4726 quod
531 4660 584 4713 in
614 4661 729 4717 loco
762 4662 1052 4728 indicatur,
1099 4668 1222 4735 quia
1257 4684 1362 4721 non
1398 4670 1553 4738 prius
1605 4672 1932 4726 sanctiﬁeati

358 4759 486 4804 sunt
533 4754 875 4823 primogeniti
913 4757 1075 4814 Israel
1138 4774 1300 4828 quam
1353 4770 1770 4827 percuterentur
1819 4763 1933 4834 (6'2)

356 4837 732 4911 Egyptiorum
765 4849 1107 4919 primogeniti
1140 4867 1155 4904 :
1192 4862 1246 4905 et
1277 4853 1430 4920 quasi
1466 4868 1688 4909 causam
1729 4859 1933 4912 sancti-

356 4929 624 4989 ﬁcationis
657 4935 872 5004 horum,
898 4940 1180 4995 interitum
1203 4953 1258 4996 et
1291 4958 1478 4997 necem
1510 4944 1658 5012 ponit
1689 4945 1924 5001 illorum.

356 5019 510 5077 Unde
535 5033 588 5078 et
633 5025 721 5081 hic
763 5028 1166 5100 intelligendum
1198 5045 1302 5095 est,
1349 5050 1473 5089 esse
1515 5038 1779 5104 quosdam
1813 5039 1927 5107 pri-

351 5116 654 5184 tnogenitos
686 5119 848 5172 etiam
882 5121 933 5174 in
967 5121 1255 5194 Egyptiis,
1310 5128 1361 5180 id
1394 5137 1498 5193 est,
1549 5130 1600 5182 in
1632 5130 1929 5186 contrariis

349 5211 729 5272 potestatibus,
764 5216 920 5280 quasi
953 5214 1154 5270 electos
1203 5217 1257 5271 in
1290 5219 1491 5273 malitia
1523 5229 1576 5275 et
1604 5221 1811 5290 primos
1843 5221 1926 5276 itt-

347 5306 430 5350 ter
485 5300 598 5370 (65)
655 5303 934 5358 daemonas
984 5323 999 5360 :
1061 5308 1153 5376 qui
1217 5310 1318 5364 nisi
1351 5312 1600 5382 percussi
1643 5311 1845 5372 fuerint
1872 5322 1927 5368 et

2043 4578 2364 4645 quibusdam
2392 4581 2576 4636 causis
2601 4582 2869 4650 ascriptus
2895 4583 2986 4648 sit,
3022 4582 3336 4652 frequenter
3364 4582 3620 4636 inveniet.

2040 4665 2174 4720 Nam
2224 4668 2417 4736 viginti
2477 4669 2583 4726 duo
2635 4673 2812 4740 prima
2855 4674 2996 4740 apud
3050 4672 3310 4729 Hebraeos
3352 4673 3619 4726 elementa

2042 4759 2261 4814 tradunt
2302 4776 2425 4816 esse
2475 4761 2807 4818 litterarum.
2871 4764 3068 4836 Viginti
3113 4777 3168 4820 et
3211 4766 3318 4818 duo
3359 4779 3548 4818 rursus
3588 4779 3620 4816 a

2037 4854 2374 4919 protoplasto
2397 4857 2570 4909 Adatn
2597 4872 2768 4926 usque
2799 4860 2865 4912 ad
2895 4856 3088 4923 Jacob,
3125 4871 3191 4910 ex
3220 4854 3374 4924 cujus
3412 4857 3621 4910 semine

2039 4944 2252 5000 initium
2277 4947 2558 5004 duodecim
2593 4950 2764 5006 tribus
2787 4960 3032 5012 sumunt,
3081 4959 3266 5019 patres
3305 4947 3474 5002 fuisse
3509 4963 3622 5001 me-

2041 5049 2337 5092 morantur.
2409 5038 2660 5096 Tradunt
2716 5041 2884 5096 etiam
2934 5042 3178 5098 omnium
3233 5052 3611 5096 creaturarum

2041 5129 2131 5184 Dei
2166 5131 2378 5199 species
2421 5130 2565 5186 intra
2612 5131 2802 5200 viginti
2845 5141 2900 5185 et
2934 5133 3042 5186 duo
3077 5146 3363 5186 numerum
3409 5130 3611 5200 colligi.

2037 5222 2142 5280 Sed
2175 5234 2229 5278 et
2259 5224 2360 5280 alia
2413 5223 2584 5278 multa
2627 5223 2680 5280 in
2717 5224 3044 5294 Scripturis,
3074 5227 3118 5281 si
3157 5226 3280 5295 quis
3305 5223 3616 5295 diligentius

2035 5329 2390 5388 exsequatur,
2424 5319 2524 5373 sub
2569 5319 2673 5377 hoc
2721 5336 2952 5376 numero
3005 5330 3323 5377 consecrata
3356 5321 3618 5388 reperiet.

410 5469 434 5502 ⁸
459 5468 606 5524 Psal.
640 5487 772 5540 LVII,
799 5473 852 5528 4.
926 5476 946 5506 ⁸
969 5475 1106 5532 Gen.
1131 5493 1260 5532 xxx.
1332 5480 1353 5512 '
1385 5478 1541 5537 Num.
1571 5498 1658 5549 Ill,
1691 5483 1781 5550 η.
1810 5484 1895 5542 15.

2060 5487 2201 5545 llud.
2232 5503 2310 5542 χι.
2388 5489 2408 5519 ⁸
2438 5487 2598 5544 Nam.
2629 5506 2713 5558 tu,
2745 5491 2838 5559 39,
2865 5491 2953 5549 43-.

344 5589 532 5713 ω
559 5592 683 5650 Ilss.
720 5595 998 5666 Sagiensis
1013 5607 1067 5653 et
1095 5599 1465 5670 Ehroicensis,
1491 5619 1510 5654 ι
1545 5617 1921 5675 pet-verteren-

419 5731 528 5799 (ῦό)
567 5735 734 5789 Codd.
779 5736 1115 5794 Turonensis
1160 5751 1212 5796 ct
1265 5741 1632 5810 Ebroiccnsis,
1665 5765 1682 5800 t
1722 5749 1920 5812 primo-

2031 5611 2238 5680 gcnilos
2264 5613 2420 5666 inter.
2457 5631 2475 5664 ι

2105 5679 2216 5762 (6.4)
2240 5681 2293 5734 In
2316 5683 2545 5762 vulgatis
2567 5685 2897 5744 cditionibus
2927 5687 3096 5756 deest,
3123 5705 3141 5740 ι
3165 5696 3219 5744 et
3242 5687 3549 5762 imperium,
3577 5712 3595 5744 ι

2030 5753 2169 5814 quod
2200 5752 2478 5823 suppletur
2502 5771 2532 5811 e
2557 5772 2687 5814 mss.
