4086 6218
484 309 588 363 599

1909 310 2232 370 ORIGENIS

3644 300 3747 357 600

486 423 716 494 Propter
743 426 843 479 hoc
871 441 999 496 ergo
1025 435 1078 480 ct
1104 426 1327 491 Levitze,
1372 428 1423 484 id
1458 438 1563 495 est,
1612 431 1704 500 qui
1754 432 2073 487 deserviunt
2102 436 2147 490 A
2177 428 2679 486 construe-tionibus
2730 425 3029 495 exemplari
3080 434 3135 479 et
3195 425 3399 479 umbra:
3442 422 3747 479 caelestium

488 514 738 579 Domino,
781 527 835 571 et
868 517 1212 587 primogeniti
1262 518 1495 576 ﬁliorum
1546 521 1712 577 Israel
1756 522 2060 579 admirabili

483 610 587 663 hoc
615 618 670 663 et
710 621 923 664 sacrato
967 626 1194 666 numero
1243 612 1556 668 titulantur.
1608 614 1763 681 Quod
1795 626 1973 670 autem
2008 616 2059 670 in

483 698 608 753 ﬁliis
634 696 799 753 Israel
828 700 1100 754 adduntur
1144 700 1367 756 ducenti
1415 703 1759 772 septuaginta
1810 715 1941 769 tres,
1975 719 2061 759 ne-

480 804 589 859 que
610 790 844 845 otiosum
878 792 1007 845 mihi
1038 791 1272 856 videtur,
1313 803 1490 861 neque
1521 794 1879 849 absolutionis
1915 796 2056 849 viam

476 879 636 936 facile
667 896 850 947 cerno,
901 883 1000 937 nisi
1055 882 1318 937 Dominus
1369 883 1614 938 velamen
1660 885 1799 938 istud
1838 886 2058 955 imposi-

478 981 592 1025 tum
620 988 650 1025 a
681 970 865 1042 Moyse
894 972 961 1026 iis
1007 972 1203 1027 litteris
1244 973 1533 1043 adaperire
1570 974 1726 1029 nobis
1774 975 2053 1045 dignetur,

473 1069 532 1117 et
560 1060 796 1116 auferre.
830 1062 999 1132 Igitur
1024 1062 1245 1116 humani
1286 1062 1507 1133 generis
1538 1062 1592 1117 in
1637 1078 1801 1119 carne
1828 1079 2062 1135 genera-

478 1155 554 1209 tio
587 1153 749 1223 (sicut
771 1164 1022 1209 asserunt
1051 1155 1143 1224 qui
1177 1156 1229 1209 in
1259 1155 1460 1212 talibus
1492 1157 1649 1227 periti
1676 1158 1826 1229 sunt)
1857 1173 2054 1214 novem

473 1244 695 1313 quidem
718 1244 995 1300 mensibus
1018 1248 1328 1304 continetur
1354 1250 1406 1303 in
1438 1248 1619 1314 vulva,
1649 1250 1741 1305 sed
1772 1265 1878 1305 non
1906 1252 2055 1319 prius

474 1334 677 1389 moveri
711 1334 883 1390 fertur
922 1337 987 1390 ad
1018 1347 1236 1408 partum
1272 1356 1430 1410 quam
1464 1341 1625 1395 etiam
1674 1342 1867 1397 decimi
1899 1358 2052 1397 men-

472 1424 549 1479 sis
591 1425 822 1478 triduum
857 1436 1138 1484 transeat:
1178 1437 1235 1485 et
1271 1430 1343 1485 ita
1374 1431 1651 1485 invenitur
1686 1432 1829 1501 quod
1864 1448 2053 1486 nume-

472 1530 565 1570 rus
591 1515 794 1579 iste,-id
830 1526 935 1583 est,
977 1520 1197 1575 ducenti
1246 1522 1587 1592 septuaginta
1629 1532 1740 1577 tres
1777 1524 1891 1578 dies
1932 1524 2053 1577 illos

471 1607 729 1674 indicent,
759 1609 850 1678 qui
883 1626 946 1664 ex
982 1627 1176 1667 novem
1208 1614 1487 1667 mensibus
1508 1652 1524 1677 ,
1557 1623 1609 1668 et
1646 1614 1822 1668 triduo
1850 1615 2052 1668 mensis

437 1688 664 1759 ldecimi
710 1700 1056 1769 colliguntur,
1107 1711 1162 1757 et
1206 1702 1337 1756 ﬁunt
1371 1703 1533 1758 simul
1578 1704 1795 1759 ducenti
1829 1714 2046 1773 septua-

440 1780 613 1865 lginta
648 1792 759 1841 tres
795 1788 911 1841 dies
944 1789 1058 1854 isti,
1088 1791 1286 1858 quibus
1320 1790 1561 1848 humano
1602 1794 1786 1862 generi
1820 1794 1873 1848 in
1894 1772 2050 1853 Ilutuc
2084 1772 2125 1826 Β

468 1875 725 1929 mundum
757 1881 1029 1946 praebetur
1068 1880 1371 1948 ingressus.
1412 1883 1476 1937 Et
1506 1884 1581 1939 ita
1618 1885 1670 1938 in
1702 1885 1894 1955 viginti
1924 1888 2045 1956 qui-

464 1966 587 2019 dem
610 1975 664 2022 et
694 1969 905 2025 duobus
930 1974 1189 2039 numeris,
1213 1974 1455 2028 omnium
1485 1975 1644 2030 simul
1668 1987 2043 2033 creaturarum

466 2059 769 2115 rationibus
820 2064 1067 2133 mysticis
1110 2080 1321 2120 summa
1364 2067 1662 2137 colligitur.
1707 2067 1763 2122 In
1795 2072 1880 2125 h's
1915 2085 2046 2125 vero

459 2165 581 2219 qua:
628 2166 693 2207 ex
750 2154 1045 2210 abundanti
1127 2158 1178 2209 in
1252 2158 1623 2229 primogenitis
1691 2161 2046 2217 inveniuntur

463 2242 647 2309 Israel,
681 2246 843 2301 etiam
877 2250 1197 2317 mysterium
1242 2251 1492 2307 humana:
1527 2254 1893 2324 generationis
1943 2270 2043 2309 ex-

459 2336 732 2404 primitur.
771 2339 895 2393 Post
944 2340 1056 2395 hazc
1086 2356 1208 2395 cum
1247 2342 1298 2396 in
1340 2353 1451 2398 tres
1488 2346 1708 2399 ordines
1754 2347 1909 2401 divisi
1949 2362 2040 2402 cs-

460 2440 583 2481 sent
613 2429 706 2483 ﬁlii
754 2429 904 2495 Levi,
936 2442 990 2486 et
1043 2449 1107 2487 cx
1160 2433 1332 2488 tribus
1388 2435 1696 2491 nominibus
1736 2437 2038 2507 principum

459 2517 653 2587 singuli
696 2521 899 2591 quique
942 2523 1162 2578 ordines
1207 2534 1564 2579 censerentur
1594 2525 1730 2597 (65).
1782 2527 1949 2581 etiam
1984 2526 2037 2581 in

460 2612 591 2678 ipsis
614 2614 957 2669 diversitates
985 2617 1229 2683 quaedam
1264 2634 1368 2671 non
1393 2619 1509 2672 sine
1549 2618 1830 2690 mysteriis
1863 2619 2037 2674 ascri-

461 2704 679 2757 buntur.
718 2704 851 2758 Nam
882 2706 1109 2760 ﬁliorum
1152 2707 1320 2761 Caath
1364 2709 1571 2777 primus
1604 2710 1741 2763 ordo
1773 2708 2037 2765 describi-

460 2801 569 2855 tur,
598 2804 651 2848 et
692 2796 886 2850 merito
930 2814 943 2851 :
983 2812 1045 2851 ex
1079 2798 1193 2866 ipso
1232 2801 1377 2854 enim
1415 2800 1695 2856 descendit
1730 2801 1941 2873 Moyses
1983 2811 2038 2857 et

456 2887 659 2949 Aaron,
703 2888 898 2955 quibus
934 2889 1225 2943 sacerdotii
1269 2905 1479 2945 summa
1523 2891 1910 2946 committitur.
1955 2892 2031 2947 Ex

456 2979 573 3049 ipso
635 2979 779 3033 enim
832 2981 1070 3034 nascitur
1126 2980 1365 3036 Amram.
1430 2982 1506 3037 Ex
1562 2984 1786 3039 Antram
1854 2996 2032 3039 autem

453 3072 691 3144 Moyses.
738 3083 792 3127 et
825 3072 1029 3130 Aaron.
1064 3074 1348 3130 Secundus
1398 3090 1529 3147 ergo
1584 3087 1669 3132 est
1699 3077 2030 3149 Cersou,qui

454 3164 662 3231 primus
688 3165 902 3235 quidem
940 3165 993 3219 in
1026 3166 1327 3227 nativitatc.
1380 3172 1476 3223 sed
1504 3175 1774 3223 secundus
1803 3168 2033 3223 habetur

453 3256 508 3310 in
534 3256 747 3311 ordine.
783 3255 874 3312 Sic
914 3256 1060 3311 enim
1097 3258 1378 3328 Scriptura
1410 3259 1542 3314 dicit
1573 3260 1617 3291 ¹⁰
1653 3276 1665 3311 :
1710 3278 1729 3312 ι
1766 3259 1885 3313 Filii
1930 3274 2032 3313 au-

451 3358 560 3403 tem
591 3346 740 3413 Levi,
771 3347 1006 3413 Gerson,
1042 3349 1213 3404 Caath
1265 3358 1320 3406 et
1347 3349 1566 3407 Merari.
1604 3371 1624 3404 ι
1665 3351 1771 3407 Sed
1806 3366 1871 3407 ex
1908 3348 2032 3407 ﬁliis

448 3438 621 3492 Caath
652 3438 756 3493 duo
794 3455 982 3494 rursus
1026 3440 1248 3496 ordines
1277 3440 1617 3512 diriguntur,
1670 3450 1727 3498 et
1753 3442 1786 3496 ii
1812 3441 2031 3512 quidem

448 3529 541 3598 qni
573 3543 637 3583 ex
666 3530 849 3585 Aaron
888 3530 1246 3594 descendunt,
1291 3531 1594 3586 sacerdotio
1626 3530 2027 3601 mancipantur,

448 3638 578 3694 pars
618 3639 747 3679 vero
789 3625 993 3695 reliqua
1044 3626 1111 3681 ad
1162 3625 1578 3682 ministrandum
1652 3627 2031 3683 sacerdotibus

447 3716 753 3780 ordinatur,
800 3727 855 3772 et
891 3717 1097 3773 idcirco
1148 3718 1203 3773 in
1233 3727 1471 3789 quatuor
1496 3727 1678 3788 partes
1715 3718 2028 3774 Levitarum

447 3808 765 3863 dividuntur
794 3809 993 3875 ofﬁcia,
1025 3820 1083 3865 ut
1126 3812 1431 3868 sacerdotio
1458 3811 1677 3882 quidem
1733 3810 2030 3882 fungantur

445 3901 630 3954 Aaron
681 3910 735 3955 ct
768 3900 865 3955 ﬁlii
902 3900 1057 3972 ejus,
1120 3901 1322 3958 Sancta
1358 3912 1537 3956 autem
1594 3912 1909 3958 sanctormn
1970 3913 2029 3957 ut

446 3998 666 4060 portent
708 3990 759 4044 in
811 3992 1055 4046 humeris
1093 3991 1205 4046 suis
1240 3990 1274 4044 ii
1305 3992 1395 4061 qui
1439 3991 1634 4063 reliqui
1667 4000 1794 4046 sunt
1835 4006 1900 4047 ex
1933 4007 2029 4061 po-

446 4081 575 4151 pulo
601 4080 771 4137 Caath
804 4080 937 4153 (66).
970 4081 1101 4148 Qum
1133 4092 1317 4138 autem
1349 4082 1416 4137 ad
1452 4083 1862 4138 tabernaculum
1906 4099 2028 4152 per-

436 4178 625 4232 tinent
674 4176 966 4231 testimonii
1017 4176 1101 4232 vel
1144 4178 1211 4232 ad
1259 4177 1396 4232 atria
1433 4175 1573 4245 ejus,
1613 4186 1667 4233 et
1708 4178 1900 4249 pelles,
1943 4180 2025 4234 vel

443 4267 610 4323 etiam
640 4267 966 4333 velamenta,
999 4278 1053 4324 et
1093 4284 1429 4339 quacunque
1470 4280 1597 4325 sunt
1637 4271 1819 4327 minus
1866 4274 2024 4339 dura,

443 4368 501 4414 et
533 4360 600 4416 ad
626 4375 763 4416 onus
795 4362 954 4426 levia,
980 4370 1037 4416 ut
1067 4372 1359 4431 procurent
1388 4361 1483 4417 ﬁlii
1524 4362 1755 4420 Gerson.
1807 4364 2027 4420 Colum-

443 4466 545 4507 nas
593 4466 721 4507 vero
755 4452 1115 4517 tabernaculi,
1163 4460 1217 4506 et
1259 4452 1416 4508 bases
1455 4452 1592 4523 ejus,
1624 4466 1677 4510 et
1705 4469 1857 4509 seras
1884 4455 2021 4523 (67),
2056 4480 2101 4536 ι)

444 4551 505 4595 ut
530 4549 744 4611 portent
780 4541 872 4596 ﬁlii
908 4541 1122 4597 Morari.
1153 4540 1362 4597 Idcirco
1393 4552 1449 4597 et
1475 4543 1529 4597 in
1568 4545 1918 4599 recensendis
1941 4545 2025 4599 eis

444 4636 793 4706 designanter
823 4633 1109 4704 Scriptura
1167 4643 1590 4698 commemorat,
1639 4646 1697 4690 ut
1736 4651 2022 4691 recensea-

441 4738 531 4782 tnr
562 4730 736 4783 virtus
779 4726 976 4784 Merari
1012 4744 1026 4781 :
1062 4725 1263 4781 virtute
1302 4728 1447 4783 enim
1489 4742 1626 4797 opus
1659 4737 1742 4784 est
1782 4728 1849 4782 ad
1893 4745 2020 4800 por-

442 4822 635 4876 laudas
670 4820 973 4891 hujusntodi
1014 4820 1279 4877 sarcinas.

505 4912 563 4967 2.
596 4913 702 4968 Sed
724 4914 1004 4968 redeamus
1029 4912 1324 4982 aliquando
1345 4910 1411 4966 ad
1441 4910 1747 4981 apostolum
1774 4911 2020 4979 Paulum,

438 5002 530 5071 qui
561 5002 676 5059 haec
728 5003 907 5058 omnia
951 5002 1123 5058 libero
1152 5002 1263 5073 jam
1293 5010 1350 5057 et
1401 5001 1639 5056 revelato
1671 5002 1833 5073 283
1862 5004 2022 5057 oculo

442 5099 643 5154 mentis
695 5096 1000 5166 aspiciens,
1039 5106 1094 5149 et
1140 5093 1342 5149 veteris
1383 5092 1716 5148 Testamenti
1772 5093 2017 5150 velamen

441 5187 726 5257 abjiciens,
764 5188 838 5243 ait
866 5188 931 5256 ”,
978 5188 1104 5258 quia
1142 5187 1293 5254 prior
1328 5186 1556 5258 populus
1598 5185 1650 5240 in
1706 5184 2016 5257 hujusmodi

512 5323 555 5355 “
584 5320 742 5377 Num.
775 5340 856 5386 ut,
890 5325 979 5380 I7.
1057 5325 1096 5357 "
1135 5324 1297 5380 Hebr.
1342 5326 1470 5392 vttt',
1499 5325 1553 5380 5.

536 5440 625 5517 65)
651 5441 830 5517 Codex
870 5442 1053 5517 Sancti
1083 5443 1428 5507 Theodorici,
1464 5465 1483 5498 ‹
1520 5446 1879 5517 principatum
1905 5446 2021 5501 sin-

444 5512 776 5583 guliiquique
808 5515 1028 5567 ordines
1057 5512 1538 5583 consequerentur.
1573 5536 1592 5568 ι

515 5582 628 5654 (iiii)
659 5581 798 5654 Idem
830 5586 1019 5647 codex,
1056 5602 1075 5635 ι
1111 5581 1359 5654 exemplo
1387 5585 1578 5641 Caath.
1620 5604 1639 5638 ι

515 5652 629 5720 (67)
651 5652 826 5729 Codd.
867 5654 1210 5729 Ebroicensis
1241 5652 1295 5709 et
1327 5656 1606 5727 Sagicnsis
1629 5671 1749 5729 pro,
1781 5674 1799 5709 ι
1839 5665 1893 5713 ct
1922 5672 2010 5712 se-

444 5736 559 5785 ras,
598 5741 616 5774 ι
651 5722 852 5786 legunt,
884 5741 901 5773 ε
938 5738 1000 5777 ac
1034 5726 1313 5781 scmissas.
1356 5743 1377 5777 ι

1635 5327 1676 5358 ¹²
1715 5325 1873 5381 Num.
1919 5340 1991 5389 Iv,
2024 5323 2080 5379 2.

2167 522 2523 579 deservierit.
2551 521 2617 575 Et
2645 522 2758 575 haec
2790 520 3036 581 audiens,
3068 517 3355 573 considera
3389 531 3455 571 nc
3482 516 3622 570 forte
3657 514 3746 570 isti

2165 626 2402 685 quatuor
2434 614 2653 668 ordines
2682 620 2987 666 castrorum
3037 610 3349 678 exemplum
3384 609 3495 663 sint
3530 616 3588 661 et
3626 623 3750 661 um-

2164 710 2263 765 bra
2315 708 2526 762 illorum
2577 713 2815 773 quatuor
2863 702 3147 767 ordinum,
3194 715 3333 770 quos
3376 700 3440 753 ad
3490 698 3747 754 IIebrmos

2163 802 2408 856 scribens
2458 798 2660 852 Paulus
2710 793 3053 850 enumeravit
3106 794 3158 847 in
3210 792 3387 848 cmlis.
3438 792 3504 846 Et
3556 804 3746 846 rursus

2161 891 2473 948 lsraeliticis
2500 899 2733 959 quatuor
2759 886 3044 942 ordinibus
3074 894 3411 947 castrorum,
3443 892 3745 952 quaternos

2161 982 2334 1050 adiice
2378 980 2724 1042 chitarutn;
2759 990 2883 1045 qua:
2930 989 3028 1031 nos
3059 989 3164 1029 non
3203 982 3310 1027 tam
3350 973 3644 1043 explanare
3682 980 3744 1028 et

2160 1076 2400 1144 aperire,
2448 1087 2611 1142 quam
2654 1068 2951 1138 contigisse
2979 1064 3405 1135 Ltautummodo,
3452 1072 3506 1117 et
3554 1063 3745 1133 purio-

2160 1166 2310 1220 ribus
2346 1164 2600 1219 sensibus
2631 1160 2700 1232 (si
2758 1159 2848 1227 qui
2899 1168 3077 1212 tamen
3114 1166 3237 1211 sunt
3286 1155 3377 1225 qui
3421 1169 3588 1223 puros
3632 1154 3740 1210 huc

2158 1266 2213 1312 et
2246 1255 2444 1310 liberos
2472 1270 2500 1308 a
2537 1250 2891 1308 saecularibus
2940 1246 3367 1317 cogitationibus
3398 1244 3511 1313 (68)
3542 1258 3741 1298 sensus

2158 1348 2467 1415 detulerint)
2512 1346 2802 1408 indicasse,
2832 1353 2888 1399 et
2936 1339 3129 1396 leviter
3158 1336 3547 1407 perstrinxisse
3582 1333 3738 1389 sum-

2156 1442 2285 1495 ciat.
2318 1458 2335 1491 ι
2365 1439 2584 1507 Accipe,
2614 1437 2785 1507 inquit
2808 1437 2877 1499 ",
2908 1445 3198 1487 numerum
3236 1428 3469 1483 ﬁliorum
3498 1425 3733 1481 Caath.»

2155 1533 2296 1587 Ecce
2346 1532 2541 1585 iterum
2576 1530 2715 1584 alius
2772 1523 3140 1581 introducitur
3166 1520 3304 1576 ordo
3354 1535 3733 1575 numerorum.

2156 1624 2434 1679 Numerati
2470 1631 2596 1677 sunt
2627 1621 2740 1690 jam
2784 1618 2878 1673 ﬁlii
2919 1615 3049 1671 Levi
3082 1612 3151 1667 ab
3188 1627 3297 1666 uno
3328 1626 3517 1667 mense
3544 1620 3597 1666 et
3640 1626 3734 1665 su-

2155 1731 2249 1785 pra
2288 1714 2435 1784 (69),
2485 1728 2629 1767 nunc
2680 1719 3036 1765 numerantur
3088 1706 3183 1762 ﬁlii
3232 1703 3360 1760 Levi
3406 1718 3437 1757 a
3472 1702 3727 1758 vicesimo

2156 1808 2348 1875 quinto
2379 1820 2543 1868 anno,
2582 1803 2677 1858 sed
2715 1817 2819 1857 non
2855 1809 2912 1854 ut
2941 1800 2993 1855 in
3028 1797 3245 1855 caeteris
3278 1809 3472 1864 supra,
3514 1794 3601 1849 sed
3631 1807 3721 1846 us-

2156 1915 2263 1970 que
2301 1899 2366 1951 ad
2404 1894 2918 1966 quinquagesimum
2954 1904 3180 1954 annum,
3218 1895 3272 1942 et
3304 1886 3365 1939 ﬁt
3396 1886 3497 1940 iste
3540 1883 3726 1955 praeci-

2155 2008 2293 2059 puus
2327 2003 2584 2043 numerus
2614 1996 2669 2041 et
2694 1985 2922 2038 electus.
2956 1981 3194 2035 Additur
3224 1978 3370 2033 enim
3405 1977 3513 2031 iis:
3551 1995 3569 2027 ι
3600 1974 3730 2032 Om-

2154 2080 2268 2143 nis,
2317 2076 2489 2144 inquit
2517 2075 2579 2141 ¹³,
2628 2073 2716 2143 qui
2766 2070 3012 2141 procedit
3064 2069 3130 2123 ad
3190 2067 3611 2122 ministrandum
3662 2065 3729 2120 ad

2152 2186 2315 2240 opera
2362 2165 2698 2223 tabernaculi
2749 2162 3114 2218 testimonii.»
3154 2160 3244 2215 Isti
3302 2167 3431 2213 sunt
3479 2158 3572 2227 qui
3624 2172 3729 2211 nu-

2153 2269 2438 2316 merantur
2490 2257 2717 2313 meliore
2762 2254 3020 2323 quodam,
3066 2259 3120 2307 et
3166 2249 3441 2320 praecipuo
3468 2262 3728 2303 numero.

2153 2353 2304 2408 Sicut
2334 2351 2478 2405 enim
2511 2350 2563 2402 in
2610 2348 2735 2401 ﬁliis
2775 2344 2944 2399 Israel
2975 2344 3262 2399 dicebatur
3292 2359 3305 2395 :
3342 2360 3360 2394 ι
3392 2339 3584 2395 Omnis
3630 2338 3722 2408 qui

2150 2444 2391 2513 procedit
2419 2442 2485 2494 ad
2526 2438 2778 2508 praelium
2820 2437 2872 2491 in
2909 2436 3030 2491 ﬁliis
3060 2435 3253 2499 Israel;
3277 2452 3296 2487 ι
3331 2435 3405 2488 ita
3439 2443 3495 2486 et
3529 2431 3618 2486 hic
3650 2429 3730 2485 di-

2149 2536 2323 2590 citur:
2353 2555 2372 2586 ι
2402 2531 2588 2591 Omnis
2621 2532 2712 2599 qui
2749 2528 2992 2601 procedit
3021 2529 3087 2583 ad
3130 2526 3513 2588 ministerium,
3554 2531 3612 2577 ut
3647 2522 3728 2576 fa-

2145 2629 2254 2685 ciat
2298 2641 2463 2697 opera
2502 2624 2555 2679 in
2593 2620 2949 2678 tabernaculo
3000 2618 3362 2674 testimonii.»
3418 2617 3550 2671 Post
3607 2616 3725 2669 haec

2145 2720 2344 2773 dicitur
2378 2733 2498 2787 qua:
2532 2716 2641 2771 sint
2680 2728 2845 2784 opera
2882 2712 3113 2767 ﬁliorum
3154 2709 3327 2763 Caath
3362 2710 3413 2763 in
3448 2706 3631 2763 medio
3661 2705 3725 2759 ﬁ-

2147 2813 2338 2867 linrmn
2372 2809 2499 2865 Levi
2545 2809 2845 2863 secundum
2891 2807 3072 2877 plebes
3116 2820 3243 2859 suas
3284 2804 3338 2857 in
3368 2799 3722 2856 tabernaculo

2147 2902 2463 2959 testimonii.
2500 2920 2517 2952 σ
2548 2898 2819 2963 Introibit,
2852 2898 3028 2968 inquit
3054 2898 3118 2964 “,
3149 2898 3334 2952 Aaron
3366 2905 3418 2949 et
3452 2892 3548 2947 ﬁlii
3578 2890 3719 2959 ejus,

2144 3009 2264 3049 cum
2297 2993 2503 3048 elevata
2534 2991 2739 3046 fuerint
2766 2998 2970 3054 castra,
2993 2998 3049 3045 et
3074 2989 3350 3059 deponent
3377 2984 3580 3049 velum,
3607 2996 3718 3052 quo

2145 3094 2405 3156 teguntur
2437 3092 2647 3146 sancta,
2689 3092 2747 3138 et
2793 3082 3045 3152 operient
3088 3096 3154 3137 ex
3186 3077 3308 3149 ipso
3362 3076 3482 3132 velo
3534 3089 3717 3130 arcam

2144 3176 2473 3231 testamenti.
2496 3194 2515 3228 ι
2549 3174 2617 3229 Ει
2645 3184 2768 3244 post
2807 3173 2925 3228 haec
2958 3182 3166 3240 septem
3217 3172 3466 3241 quaedam
3509 3168 3719 3236 species

2140 3274 2554 3329 enumerantur,
2585 3279 2706 3335 qua:
2736 3262 3131 3333 praecipiuntur
3163 3259 3391 3331 operiri.
3443 3256 3626 3310 Primo
3663 3253 3717 3307 in

2139 3358 2291 3421 loco,
2330 3365 2389 3411 ut
2434 3356 2678 3412 omnium
2726 3354 3019 3425 pretiosior
3067 3353 3182 3421 ipsa
3224 3365 3353 3405 arca
3404 3345 3715 3403 testamenti

2138 3447 2420 3519 operiatur
2443 3446 2564 3503 velo
2588 3462 2697 3517 quo
2730 3446 2883 3518 prius
2913 3444 3216 3507 velabatur,
3248 3439 3342 3496 sed
3372 3448 3425 3494 et
3459 3436 3598 3508 pelle
3622 3435 3718 3489 de-

2138 3555 2302 3611 super
2353 3538 2707 3604 hyacinthina
2760 3547 2993 3610 tegatur.
3044 3535 3280 3590 Additur
3341 3532 3510 3588 etiam
3570 3528 3716 3583 aliud

2137 3633 2381 3689 velamen
2432 3632 2665 3701 desuper
2720 3628 3163 3702 hyacinthinum.
3207 3624 3459 3681 Secundo
3495 3622 3548 3675 in
3593 3620 3718 3675 loco

2138 3735 2324 3777 mensa
2367 3721 2631 3791 operitur.
2682 3718 2871 3775 Tertio
2921 3716 3336 3774 candelabrum.
3378 3712 3584 3780 Quarto
3632 3710 3713 3763 al-

2139 3823 2254 3868 tare
2286 3827 2535 3868 aureum.
2573 3811 2777 3877 Quinto
2810 3825 2937 3865 vasa
2968 3806 3287 3864 ministerii.
3317 3805 3484 3860 Sesto
3530 3800 3713 3877 operi-

2136 3912 2379 3958 mentum
2420 3876 2615 3956 altaris
2642 3916 2764 3956 cum
2805 3899 3131 3969 quibusdam
3180 3895 3502 3952 velamentis
3520 3876 3715 3962 'appo-

2136 3994 2301 4048 uitur.
2334 3992 2578 4062 Septimo
2607 3992 2660 4045 in
2706 3992 2828 4046 loco
2856 3990 3101 4059 operitur
3127 3996 3182 4043 et
3230 3987 3464 4049 labrum,
3493 3993 3548 4039 et
3580 3982 3711 4036 nihil

2138 4083 2331 4135 borum
2363 4080 2604 4135 omnium
2635 4080 2836 4134 nudum
2872 4078 3223 4148 relinquitur,
3254 4085 3348 4130 aut
3383 4074 3710 4130 revelatum.

2136 4173 2378 4243 Denique
2404 4172 2624 4227 additur
2647 4173 2812 4226 etiam
2840 4182 3170 4242 praeceptum
3203 4166 3543 4236 huiusmodi:
3568 4182 3587 4216 ‹
3613 4162 3715 4217 Νο-

2135 4265 2255 4332 lite,
2303 4265 2479 4337 inquit
2521 4265 2594 4332 “,
2641 4265 3012 4319 exterminare
3045 4262 3111 4316 de
3157 4260 3304 4315 tribu
3354 4272 3451 4314 sua
3505 4254 3710 4325 plebem

2132 4357 2328 4411 Caath.
2355 4375 2374 4407 ι
2415 4354 2533 4422 Quo
2582 4355 2794 4411 scilicet
2843 4350 3292 4410 exterminandas
3333 4362 3455 4405 esse
3497 4362 3559 4402 se
3601 4344 3710 4400 sci-

2134 4457 2277 4514 rent,
2312 4449 2357 4503 si
2394 4447 2536 4504 forte
2565 4450 2630 4503 ad
2678 4448 2794 4503 ha'c
2829 4445 3096 4503 movenda
3130 4458 3326 4501 manus
3370 4455 3498 4498 suas
3532 4438 3716 4494 mitte-

2135 4551 2278 4606 rent,
2313 4542 2415 4597 nisi
2470 4542 2894 4610 unumquodque
2939 4554 3129 4595 eorum
3182 4538 3336 4609 prius
3378 4552 3406 4590 a
3456 4534 3714 4590 sacerdo-

2133 4634 2279 4688 tibus
2311 4633 2496 4688 fuisset
2527 4635 2823 4687 obtectum.

2204 4726 2259 4781 ὅ.
2300 4725 2454 4781 Nunc
2497 4741 2629 4795 ergo
2667 4726 2954 4780 redeamus
2984 4723 3051 4777 ad
3101 4722 3245 4778 istud
3300 4716 3709 4777 tabernaculum

2136 4818 2393 4874 Ecclesiae
2440 4817 2532 4873 Dei
2574 4818 2834 4882 viventis,
2863 4826 2918 4872 et
2961 4816 3243 4872 videamus
3285 4813 3562 4886 quomodo
3597 4811 3713 4864 hate

2133 4910 2344 4981 singula
2379 4910 2661 4965 observari
2697 4920 2949 4977 oporteat
2978 4910 3031 4964 in
3064 4909 3306 4965 Ecclesia
3336 4907 3429 4961 Dei
3468 4924 3497 4960 a
3530 4918 3713 4958 sacer-

2132 5001 2355 5058 dotibus
2386 5002 2612 5058 Christi.
2651 5001 2708 5056 Si
2738 5003 2865 5072 quis
2899 5019 3027 5059 vero
3062 5004 3317 5061 sacerdos
3344 5010 3430 5057 est
3456 4999 3544 5056 cui
3582 5011 3709 5051 vasa

2132 5109 2314 5163 sacra,
2343 5096 2394 5148 iul
2432 5103 2536 5158 est,
2572 5095 2956 5167 mysteriorum
3001 5096 3284 5168 sapientize
3316 5104 3526 5151 secreta
3563 5104 3711 5145 com-

2130 5188 2294 5241 missa
2341 5196 2504 5253 sunt,
2548 5187 2723 5241 discat
2770 5200 2838 5242 ex
2873 5187 2963 5254 iis,
3012 5197 3067 5243 et
3107 5187 3391 5251 observet,
3434 5180 3712 5255 quomodo

2160 5324 2202 5355 ⁸³
2241 5324 2397 5393 ibid.,
2427 5323 2483 5379 3.
2561 5323 2606 5355 ⁸⁵
2642 5322 2801 5378 Num.
2829 5338 2904 5391 tv,
2934 5322 2988 5378 5.
3068 5322 3111 5356 “
3150 5321 3311 5387 ibid.,
3342 5320 3430 5376 18.

2205 5446 2318 5517 (68)
2358 5443 2538 5501 Codex
2574 5444 2760 5501 Saneti
2806 5444 3152 5517 Theoderici,
3186 5462 3207 5497 ι
3239 5440 3655 5517 tentationibus.
3683 5456 3705 5493 ι

2132 5514 2305 5571 Paulo
2342 5525 2471 5597 post
2510 5530 2701 5597 omnes
2751 5531 2913 5597 mss,
2953 5516 3211 5597 saccipe,
3248 5514 3467 5597 inquit,
3514 5524 3709 5566 nume-

2130 5602 2273 5642 rum.
2300 5604 2317 5636 ι
2355 5586 2514 5641 Lihb.
2556 5587 2714 5650 editi,
2752 5605 2771 5635 ‹
2802 5587 3067 5655 accipiat,
3114 5585 3319 5656 inquit,
3353 5597 3659 5638 numerum.
3683 5598 3703 5631 ι

2200 5656 2317 5727 (69)
2357 5656 2541 5712 Codex
2579 5657 2765 5713 Sancti
2807 5656 3159 5723 Theoderici,
3188 5655 3206 5708 ἀ
3239 5655 3307 5711 ab
3338 5668 3448 5711 uno
3480 5666 3627 5709 anno
3650 5659 3708 5706 et

2126 5742 2310 5795 supra.
2338 5745 2358 5781 ι

2561 5323 2606 5355 ⁸⁵
2642 5322 2801 5378 Num.
2829 5338 2904 5391 tv,
2934 5322 2988 5378 5.
