  <div class='ocr_page' id='page_1' title='image "/cluster/home/n/w/nwhite01/storage/ocr_20150623/12/hvd.32044052796216/306.png"; bbox 0 0 4086 6218; ppageno 0'>
   <div class='ocr_carea' id='block_1_1' title="bbox 409 307 506 362">
    <p class='ocr_par' dir='ltr' id='par_1_1' title="bbox 409 307 506 362">
     <span class='ocr_line' id='line_1_1' title="bbox 409 307 506 362; baseline 0.01 -1"><span class='ocrx_word' id='word_1_1' title='bbox 409 307 506 362; x_wconf 79' lang='lat' dir='ltr'><strong>0H</strong></span> 
     </span>
    </p>
   </div>
   <div class='ocr_carea' id='block_1_2' title="bbox 1656 278 2514 351">
    <p class='ocr_par' dir='ltr' id='par_1_2' title="bbox 1656 278 2514 351">
     <span class='ocr_line' id='line_1_2' title="bbox 1656 278 2514 351; baseline -0.008 0"><span class='ocrx_word' id='word_1_2' title='bbox 1656 296 1719 350; x_wconf 78' lang='lat' dir='ltr'><strong>IN</strong></span> <span class='ocrx_word' id='word_1_3' title='bbox 1761 278 2096 351; x_wconf 67' lang='lat' dir='ltr'><strong>Nummos</strong></span> <span class='ocrx_word' id='word_1_4' title='bbox 2132 289 2413 344; x_wconf 74' lang='lat' dir='ltr'><strong>nonth</strong></span> <span class='ocrx_word' id='word_1_5' title='bbox 2449 286 2514 344; x_wconf 90' lang='lat' dir='ltr'><strong>v.</strong></span> 
     </span>
    </p>
   </div>
   <div class='ocr_carea' id='block_1_3' title="bbox 3577 287 3683 341">
    <p class='ocr_par' dir='ltr' id='par_1_3' title="bbox 3577 287 3683 341">
     <span class='ocr_line' id='line_1_3' title="bbox 3577 287 3683 341; baseline 0.009 -1"><span class='ocrx_word' id='word_1_6' title='bbox 3577 287 3683 341; x_wconf 74' lang='grc'><strong>602</strong></span> 
     </span>
    </p>
   </div>
   <div class='ocr_carea' id='block_1_4' title="bbox 412 403 3682 494">
    <p class='ocr_par' dir='ltr' id='par_1_4' title="bbox 412 403 3682 494">
     <span class='ocr_line' id='line_1_4' title="bbox 412 403 3682 494; baseline -0.007 -14"><span class='ocrx_word' id='word_1_7' title='bbox 412 431 526 481; x_wconf 66' lang='lat' dir='ltr'><strong>haec</strong></span> <span class='ocrx_word' id='word_1_8' title='bbox 565 434 810 494; x_wconf 86' lang='lat' dir='ltr'><strong>oporteat</strong></span> <span class='ocrx_word' id='word_1_9' title='bbox 843 426 984 480; x_wconf 90' lang='lat' dir='ltr'><strong>intra</strong></span> <span class='ocrx_word' id='word_1_10' title='bbox 1017 425 1258 479; x_wconf 83' lang='lat' dir='ltr'><strong>velamen</strong></span> <span class='ocrx_word' id='word_1_11' title='bbox 1308 420 1660 478; x_wconf 87' lang='lat' dir='ltr'><strong>conscientiae</strong></span> <span class='ocrx_word' id='word_1_12' title='bbox 1692 417 1988 480; x_wconf 87' lang='lat' dir='ltr'><strong>custodire,</strong></span> <span class='ocrx_word' id='word_1_13' title='bbox 2020 417 2069 475; x_wconf 79' lang='grc' dir='ltr'><strong>Α</strong></span> <span class='ocrx_word' id='word_1_14' title='bbox 2098 428 2218 466; x_wconf 83' lang='grc' dir='ltr'><strong>ιιιυι·</strong></span> <span class='ocrx_word' id='word_1_15' title='bbox 2253 411 2386 482; x_wconf 89' lang='lat'><strong>(70).</strong></span> <span class='ocrx_word' id='word_1_16' title='bbox 2434 408 2581 464; x_wconf 84' lang='lat' dir='ltr'><strong>Gens</strong></span> <span class='ocrx_word' id='word_1_17' title='bbox 2625 405 2769 460; x_wconf 91' lang='lat' dir='ltr'><strong>enim</strong></span> <span class='ocrx_word' id='word_1_18' title='bbox 2812 413 3036 469; x_wconf 89' lang='lat' dir='ltr'><strong>sancta,</strong></span> <span class='ocrx_word' id='word_1_19' title='bbox 3088 403 3269 476; x_wconf 79' lang='lat' dir='ltr'><strong>regale</strong></span> <span class='ocrx_word' id='word_1_20' title='bbox 3316 405 3682 460; x_wconf 77' lang='lat' dir='ltr'><strong>sacerdotium</strong></span> 
     </span>
    </p>
   </div>
   <div class='ocr_carea' id='block_1_5' title="bbox 409 509 1992 586">
    <p class='ocr_par' dir='ltr' id='par_1_5' title="bbox 409 509 1992 586">
     <span class='ocr_line' id='line_1_5' title="bbox 409 509 1992 586; baseline -0.005 -16"><span class='ocrx_word' id='word_1_21' title='bbox 409 534 507 571; x_wconf 81' lang='lat' dir='ltr'><strong>nec</strong></span> <span class='ocrx_word' id='word_1_22' title='bbox 555 515 712 571; x_wconf 80' lang='lat' dir='ltr'><strong>tacile</strong></span> <span class='ocrx_word' id='word_1_23' title='bbox 742 518 988 586; x_wconf 80' lang='lat' dir='ltr'><strong>proferre</strong></span> <span class='ocrx_word' id='word_1_24' title='bbox 1032 517 1098 570; x_wconf 89' lang='lat' dir='ltr'><strong>ad</strong></span> <span class='ocrx_word' id='word_1_25' title='bbox 1141 515 1438 586; x_wconf 85' lang='lat' dir='ltr'><strong>publicum.</strong></span> <span class='ocrx_word' id='word_1_26' title='bbox 1468 515 1575 566; x_wconf 87' lang='lat' dir='ltr'><strong>Aut</strong></span> <span class='ocrx_word' id='word_1_27' title='bbox 1610 511 1652 565; x_wconf 87' lang='lat' dir='ltr'><strong>si</strong></span> <span class='ocrx_word' id='word_1_28' title='bbox 1693 525 1778 564; x_wconf 83' lang='lat' dir='ltr'><strong>res</strong></span> <span class='ocrx_word' id='word_1_29' title='bbox 1819 509 1992 578; x_wconf 90' lang='lat' dir='ltr'><strong>poscit</strong></span> 
     </span>
    </p>
   </div>
   <div class='ocr_carea' id='block_1_6' title="bbox 406 602 1992 677">
    <p class='ocr_par' dir='ltr' id='par_1_6' title="bbox 406 602 1992 677">
     <span class='ocr_line' id='line_1_6' title="bbox 406 602 1992 677; baseline -0.006 -17"><span class='ocrx_word' id='word_1_30' title='bbox 406 607 678 677; x_wconf 79' lang='lat' dir='ltr'><strong>proferre,</strong></span> <span class='ocrx_word' id='word_1_31' title='bbox 710 617 766 661; x_wconf 92' lang='lat' dir='ltr'><strong>et</strong></span> <span class='ocrx_word' id='word_1_32' title='bbox 799 606 1174 669; x_wconf 78' lang='lat' dir='ltr'><strong>inferioribus,</strong></span> <span class='ocrx_word' id='word_1_33' title='bbox 1206 606 1258 660; x_wconf 87' lang='lat' dir='ltr'><strong>id</strong></span> <span class='ocrx_word' id='word_1_34' title='bbox 1290 613 1395 670; x_wconf 89' lang='lat' dir='ltr'><strong>cst,</strong></span> <span class='ocrx_word' id='word_1_35' title='bbox 1430 602 1856 672; x_wconf 89' lang='lat' dir='ltr'><strong>imperitioribus</strong></span> <span class='ocrx_word' id='word_1_36' title='bbox 1887 610 1992 652; x_wconf 86' lang='lat' dir='ltr'><strong>tra-</strong></span> 
     </span>
    </p>
   </div>
   <div class='ocr_carea' id='block_1_7' title="bbox 407 695 1992 767">
    <p class='ocr_par' dir='ltr' id='par_1_7' title="bbox 407 695 1992 767">
     <span class='ocr_line' id='line_1_7' title="bbox 407 695 1992 767; baseline -0.005 -15"><span class='ocrx_word' id='word_1_37' title='bbox 407 702 560 763; x_wconf 84' lang='lat' dir='ltr'><strong>dere,</strong></span> <span class='ocrx_word' id='word_1_38' title='bbox 610 716 675 751; x_wconf 94' lang='lat' dir='ltr'><strong>ne</strong></span> <span class='ocrx_word' id='word_1_39' title='bbox 709 701 850 751; x_wconf 91' lang='lat' dir='ltr'><strong>nuda</strong></span> <span class='ocrx_word' id='word_1_40' title='bbox 883 698 1145 767; x_wconf 79' lang='lat' dir='ltr'><strong>proferat,</strong></span> <span class='ocrx_word' id='word_1_41' title='bbox 1178 713 1244 752; x_wconf 92' lang='lat' dir='ltr'><strong>ne</strong></span> <span class='ocrx_word' id='word_1_42' title='bbox 1284 707 1469 766; x_wconf 88' lang='lat' dir='ltr'><strong>aperta</strong></span> <span class='ocrx_word' id='word_1_43' title='bbox 1512 695 1780 757; x_wconf 81' lang='lat' dir='ltr'><strong>ostendat,</strong></span> <span class='ocrx_word' id='word_1_44' title='bbox 1816 702 1866 746; x_wconf 89' lang='lat' dir='ltr'><strong>et</strong></span> <span class='ocrx_word' id='word_1_45' title='bbox 1898 707 1992 760; x_wconf 88' lang='lat' dir='ltr'><strong>pe-</strong></span> 
     </span>
    </p>
   </div>
   <div class='ocr_carea' id='block_1_8' title="bbox 411 787 1986 857">
    <p class='ocr_par' dir='ltr' id='par_1_8' title="bbox 411 787 1986 857">
     <span class='ocr_line' id='line_1_8' title="bbox 411 787 1986 857; baseline -0.001 -16"><span class='ocrx_word' id='word_1_46' title='bbox 411 789 556 842; x_wconf 88' lang='lat' dir='ltr'><strong>nitus</strong></span> <span class='ocrx_word' id='word_1_47' title='bbox 602 790 864 857; x_wconf 87' lang='lat' dir='ltr'><strong>patentia,</strong></span> <span class='ocrx_word' id='word_1_48' title='bbox 913 789 1150 856; x_wconf 80' lang='lat' dir='ltr'><strong>alioquin</strong></span> <span class='ocrx_word' id='word_1_49' title='bbox 1206 788 1560 843; x_wconf 83' lang='lat' dir='ltr'><strong>homicidium</strong></span> <span class='ocrx_word' id='word_1_50' title='bbox 1602 787 1754 851; x_wconf 80' lang='lat' dir='ltr'><strong>facit,</strong></span> <span class='ocrx_word' id='word_1_51' title='bbox 1785 798 1839 840; x_wconf 87' lang='lat' dir='ltr'><strong>et</strong></span> <span class='ocrx_word' id='word_1_52' title='bbox 1887 801 1986 841; x_wconf 81' lang='lat' dir='ltr'><strong>ex-</strong></span> 
     </span>
    </p>
   </div>
   <div class='ocr_carea' id='block_1_9' title="bbox 413 879 1986 950">
    <p class='ocr_par' dir='ltr' id='par_1_9' title="bbox 413 879 1986 950">
     <span class='ocr_line' id='line_1_9' title="bbox 413 879 1986 950; baseline 0 -17"><span class='ocrx_word' id='word_1_53' title='bbox 413 881 671 934; x_wconf 81' lang='lat' dir='ltr'><strong>terminat</strong></span> <span class='ocrx_word' id='word_1_54' title='bbox 724 881 959 950; x_wconf 85' lang='lat' dir='ltr'><strong>plebem.</strong></span> <span class='ocrx_word' id='word_1_55' title='bbox 1010 879 1421 934; x_wconf 82' lang='lat' dir='ltr'><strong>Exterminatur</strong></span> <span class='ocrx_word' id='word_1_56' title='bbox 1476 879 1619 933; x_wconf 89' lang='lat' dir='ltr'><strong>enim</strong></span> <span class='ocrx_word' id='word_1_57' title='bbox 1671 879 1850 933; x_wconf 90' lang='lat' dir='ltr'><strong>omnis</strong></span> <span class='ocrx_word' id='word_1_58' title='bbox 1895 879 1986 946; x_wconf 87' lang='lat' dir='ltr'><strong>qui</strong></span> 
     </span>
    </p>
   </div>
   <div class='ocr_carea' id='block_1_10' title="bbox 408 968 1986 1040">
    <p class='ocr_par' dir='ltr' id='par_1_10' title="bbox 408 968 1986 1040">
     <span class='ocr_line' id='line_1_10' title="bbox 408 968 1986 1040; baseline -0.002 -16"><span class='ocrx_word' id='word_1_59' title='bbox 408 981 618 1025; x_wconf 88' lang='lat' dir='ltr'><strong>secreta</strong></span> <span class='ocrx_word' id='word_1_60' title='bbox 647 980 701 1024; x_wconf 90' lang='lat' dir='ltr'><strong>et</strong></span> <span class='ocrx_word' id='word_1_61' title='bbox 744 969 1041 1024; x_wconf 76' lang='lat' dir='ltr'><strong>ineffabilia</strong></span> <span class='ocrx_word' id='word_1_62' title='bbox 1092 978 1440 1024; x_wconf 85' lang='lat' dir='ltr'><strong>sacramenta</strong></span> <span class='ocrx_word' id='word_1_63' title='bbox 1483 968 1797 1037; x_wconf 78' lang='lat' dir='ltr'><strong>contigerit,</strong></span> <span class='ocrx_word' id='word_1_64' title='bbox 1849 983 1986 1040; x_wconf 87' lang='lat' dir='ltr'><strong>non-</strong></span> 
     </span>
    </p>
   </div>
   <div class='ocr_carea' id='block_1_11' title="bbox 410 1060 1984 1130">
    <p class='ocr_par' dir='ltr' id='par_1_11' title="bbox 410 1060 1984 1130">
     <span class='ocr_line' id='line_1_11' title="bbox 410 1060 1984 1130; baseline -0.002 -14"><span class='ocrx_word' id='word_1_65' title='bbox 410 1064 536 1116; x_wconf 91' lang='lat' dir='ltr'><strong>dum</strong></span> <span class='ocrx_word' id='word_1_66' title='bbox 570 1064 780 1116; x_wconf 84' lang='lat' dir='ltr'><strong>meritis</strong></span> <span class='ocrx_word' id='word_1_67' title='bbox 810 1072 864 1116; x_wconf 89' lang='lat' dir='ltr'><strong>et</strong></span> <span class='ocrx_word' id='word_1_68' title='bbox 895 1062 1130 1118; x_wconf 87' lang='lat' dir='ltr'><strong>scientia</strong></span> <span class='ocrx_word' id='word_1_69' title='bbox 1164 1062 1216 1115; x_wconf 94' lang='lat' dir='ltr'><strong>in</strong></span> <span class='ocrx_word' id='word_1_70' title='bbox 1257 1060 1547 1116; x_wconf 83' lang='lat' dir='ltr'><strong>sacerdotii</strong></span> <span class='ocrx_word' id='word_1_71' title='bbox 1579 1060 1826 1115; x_wconf 90' lang='lat' dir='ltr'><strong>ordinem</strong></span> <span class='ocrx_word' id='word_1_72' title='bbox 1863 1076 1984 1130; x_wconf 86' lang='lat' dir='ltr'><strong>gra-</strong></span> 
     </span>
    </p>
   </div>
   <div class='ocr_carea' id='block_1_12' title="bbox 409 1152 1986 1224">
    <p class='ocr_par' dir='ltr' id='par_1_12' title="bbox 409 1152 1986 1224">
     <span class='ocr_line' id='line_1_12' title="bbox 409 1152 1986 1224; baseline -0.002 -15"><span class='ocrx_word' id='word_1_73' title='bbox 409 1156 646 1224; x_wconf 88' lang='lat' dir='ltr'><strong>dumque</strong></span> <span class='ocrx_word' id='word_1_74' title='bbox 679 1155 994 1208; x_wconf 87' lang='lat' dir='ltr'><strong>translatus.</strong></span> <span class='ocrx_word' id='word_1_75' title='bbox 1025 1153 1170 1208; x_wconf 87' lang='lat' dir='ltr'><strong>Solis</strong></span> <span class='ocrx_word' id='word_1_76' title='bbox 1198 1153 1346 1207; x_wconf 89' lang='lat' dir='ltr'><strong>enim</strong></span> <span class='ocrx_word' id='word_1_77' title='bbox 1396 1152 1525 1207; x_wconf 87' lang='lat' dir='ltr'><strong>ﬁliis</strong></span> <span class='ocrx_word' id='word_1_78' title='bbox 1563 1152 1768 1216; x_wconf 86' lang='lat' dir='ltr'><strong>Aaron,</strong></span> <span class='ocrx_word' id='word_1_79' title='bbox 1804 1167 1986 1206; x_wconf 85' lang='lat' dir='ltr'><strong>sacer-</strong></span> 
     </span>
    </p>
   </div>
   <div class='ocr_carea' id='block_1_13' title="bbox 407 1245 1985 1315">
    <p class='ocr_par' dir='ltr' id='par_1_13' title="bbox 407 1245 1985 1315">
     <span class='ocr_line' id='line_1_13' title="bbox 407 1245 1985 1315; baseline 0 -15"><span class='ocrx_word' id='word_1_80' title='bbox 407 1246 626 1300; x_wconf 85' lang='lat' dir='ltr'><strong>dotibus</strong></span> <span class='ocrx_word' id='word_1_81' title='bbox 671 1245 900 1308; x_wconf 83' lang='lat' dir='ltr'><strong>scilicet,</strong></span> <span class='ocrx_word' id='word_1_82' title='bbox 943 1246 1112 1315; x_wconf 83' lang='lat' dir='ltr'><strong>ipsam</strong></span> <span class='ocrx_word' id='word_1_83' title='bbox 1147 1259 1331 1298; x_wconf 90' lang='lat' dir='ltr'><strong>aream</strong></span> <span class='ocrx_word' id='word_1_84' title='bbox 1366 1245 1702 1306; x_wconf 84' lang='lat' dir='ltr'><strong>testamenti,</strong></span> <span class='ocrx_word' id='word_1_85' title='bbox 1730 1255 1784 1298; x_wconf 79' lang='lat' dir='ltr'><strong>et-</strong></span> <span class='ocrx_word' id='word_1_86' title='bbox 1831 1260 1985 1300; x_wconf 78' lang='lat' dir='ltr'><strong>men-</strong></span> 
     </span>
    </p>
   </div>
   <div class='ocr_carea' id='block_1_14' title="bbox 405 1334 1986 1403">
    <p class='ocr_par' dir='ltr' id='par_1_14' title="bbox 405 1334 1986 1403">
     <span class='ocr_line' id='line_1_14' title="bbox 405 1334 1986 1403; baseline -0.003 -12"><span class='ocrx_word' id='word_1_87' title='bbox 405 1351 553 1403; x_wconf 90' lang='lat' dir='ltr'><strong>sam,</strong></span> <span class='ocrx_word' id='word_1_88' title='bbox 603 1344 656 1391; x_wconf 92' lang='lat' dir='ltr'><strong>et</strong></span> <span class='ocrx_word' id='word_1_89' title='bbox 699 1335 1112 1401; x_wconf 84' lang='lat' dir='ltr'><strong>candelabrum,</strong></span> <span class='ocrx_word' id='word_1_90' title='bbox 1160 1343 1214 1389; x_wconf 89' lang='lat' dir='ltr'><strong>et</strong></span> <span class='ocrx_word' id='word_1_91' title='bbox 1257 1334 1302 1388; x_wconf 89' lang='lat' dir='ltr'><strong>si</strong></span> <span class='ocrx_word' id='word_1_92' title='bbox 1341 1334 1469 1402; x_wconf 90' lang='lat' dir='ltr'><strong>quid</strong></span> <span class='ocrx_word' id='word_1_93' title='bbox 1511 1342 1592 1387; x_wconf 91' lang='lat' dir='ltr'><strong>est</strong></span> <span class='ocrx_word' id='word_1_94' title='bbox 1633 1347 1820 1387; x_wconf 91' lang='lat' dir='ltr'><strong>eorum</strong></span> <span class='ocrx_word' id='word_1_95' title='bbox 1865 1349 1986 1401; x_wconf 74' lang='lat' dir='ltr'><strong>qua:</strong></span> 
     </span>
    </p>
   </div>
   <div class='ocr_carea' id='block_1_15' title="bbox 404 1423 1984 1496">
    <p class='ocr_par' dir='ltr' id='par_1_15' title="bbox 404 1423 1984 1496">
     <span class='ocr_line' id='line_1_15' title="bbox 404 1423 1984 1496; baseline -0.003 -14"><span class='ocrx_word' id='word_1_96' title='bbox 404 1443 565 1496; x_wconf 82' lang='lat' dir='ltr'><strong>supra</strong></span> <span class='ocrx_word' id='word_1_97' title='bbox 616 1428 1165 1496; x_wconf 86' lang='lat' dir='ltr'><strong>comprehendimus,</strong></span> <span class='ocrx_word' id='word_1_98' title='bbox 1215 1425 1358 1478; x_wconf 90' lang='lat' dir='ltr'><strong>nuda</strong></span> <span class='ocrx_word' id='word_1_99' title='bbox 1393 1439 1454 1479; x_wconf 88' lang='lat' dir='ltr'><strong>ac</strong></span> <span class='ocrx_word' id='word_1_100' title='bbox 1508 1424 1745 1477; x_wconf 89' lang='lat' dir='ltr'><strong>revelata</strong></span> <span class='ocrx_word' id='word_1_101' title='bbox 1798 1423 1984 1478; x_wconf 88' lang='lat' dir='ltr'><strong>videre</strong></span> 
     </span>
    </p>
   </div>
   <div class='ocr_carea' id='block_1_16' title="bbox 404 1518 1984 1587">
    <p class='ocr_par' dir='ltr' id='par_1_16' title="bbox 404 1518 1984 1587">
     <span class='ocr_line' id='line_1_16' title="bbox 404 1518 1984 1587; baseline -0.003 -9"><span class='ocrx_word' id='word_1_102' title='bbox 404 1538 720 1579; x_wconf 89' lang='lat' dir='ltr'><strong>concessum</strong></span> <span class='ocrx_word' id='word_1_103' title='bbox 745 1532 848 1578; x_wconf 86' lang='lat' dir='ltr'><strong>est.</strong></span> <span class='ocrx_word' id='word_1_104' title='bbox 876 1522 982 1576; x_wconf 84' lang='lat' dir='ltr'><strong>Alii</strong></span> <span class='ocrx_word' id='word_1_105' title='bbox 1021 1530 1202 1574; x_wconf 88' lang='lat' dir='ltr'><strong>autem</strong></span> <span class='ocrx_word' id='word_1_106' title='bbox 1237 1528 1423 1587; x_wconf 90' lang='lat' dir='ltr'><strong>operta</strong></span> <span class='ocrx_word' id='word_1_107' title='bbox 1452 1520 1567 1572; x_wconf 71' lang='lat' dir='ltr'><strong>haec</strong></span> <span class='ocrx_word' id='word_1_108' title='bbox 1601 1518 1838 1582; x_wconf 77' lang='lat' dir='ltr'><strong>videant,</strong></span> <span class='ocrx_word' id='word_1_109' title='bbox 1874 1519 1984 1574; x_wconf 90' lang='lat' dir='ltr'><strong>imo</strong></span> 
     </span>
    </p>
   </div>
   <div class='ocr_carea' id='block_1_17' title="bbox 403 1612 1980 1684">
    <p class='ocr_par' dir='ltr' id='par_1_17' title="bbox 403 1612 1980 1684">
     <span class='ocr_line' id='line_1_17' title="bbox 403 1612 1980 1684; baseline -0.003 -13"><span class='ocrx_word' id='word_1_110' title='bbox 403 1617 588 1684; x_wconf 91' lang='lat' dir='ltr'><strong>p0tius</strong></span> <span class='ocrx_word' id='word_1_111' title='bbox 620 1616 794 1670; x_wconf 91' lang='lat' dir='ltr'><strong>velata</strong></span> <span class='ocrx_word' id='word_1_112' title='bbox 844 1615 960 1669; x_wconf 83' lang='lat' dir='ltr'><strong>haec</strong></span> <span class='ocrx_word' id='word_1_113' title='bbox 991 1614 1044 1667; x_wconf 93' lang='lat' dir='ltr'><strong>in</strong></span> <span class='ocrx_word' id='word_1_114' title='bbox 1080 1613 1323 1666; x_wconf 83' lang='lat' dir='ltr'><strong>humeris</strong></span> <span class='ocrx_word' id='word_1_115' title='bbox 1365 1613 1478 1665; x_wconf 89' lang='lat' dir='ltr'><strong>suis</strong></span> <span class='ocrx_word' id='word_1_116' title='bbox 1508 1620 1747 1680; x_wconf 85' lang='lat' dir='ltr'><strong>portent.</strong></span> <span class='ocrx_word' id='word_1_117' title='bbox 1783 1612 1846 1666; x_wconf 85' lang='lat' dir='ltr'><strong>Et</strong></span> <span class='ocrx_word' id='word_1_118' title='bbox 1887 1612 1980 1666; x_wconf 86' lang='lat' dir='ltr'><strong>ﬁlii</strong></span> 
     </span>
    </p>
   </div>
   <div class='ocr_carea' id='block_1_18' title="bbox 402 1707 1983 1778">
    <p class='ocr_par' dir='ltr' id='par_1_18' title="bbox 402 1707 1983 1778">
     <span class='ocr_line' id='line_1_18' title="bbox 402 1707 1983 1778; baseline -0.003 -14"><span class='ocrx_word' id='word_1_119' title='bbox 402 1711 622 1778; x_wconf 89' lang='lat' dir='ltr'><strong>quidem</strong></span> <span class='ocrx_word' id='word_1_120' title='bbox 662 1708 858 1775; x_wconf 85' lang='lat' dir='ltr'><strong>Caatb,</strong></span> <span class='ocrx_word' id='word_1_121' title='bbox 893 1709 1154 1778; x_wconf 89' lang='lat' dir='ltr'><strong>quoniam</strong></span> <span class='ocrx_word' id='word_1_122' title='bbox 1198 1707 1296 1778; x_wconf 91' lang='lat' dir='ltr'><strong>ipsi</strong></span> <span class='ocrx_word' id='word_1_123' title='bbox 1341 1708 1466 1762; x_wconf 92' lang='lat' dir='ltr'><strong>licet</strong></span> <span class='ocrx_word' id='word_1_124' title='bbox 1508 1723 1612 1761; x_wconf 91' lang='lat' dir='ltr'><strong>non</strong></span> <span class='ocrx_word' id='word_1_125' title='bbox 1643 1709 1755 1763; x_wconf 89' lang='lat' dir='ltr'><strong>sint</strong></span> <span class='ocrx_word' id='word_1_126' title='bbox 1799 1722 1983 1763; x_wconf 87' lang='lat' dir='ltr'><strong>sacer-</strong></span> 
     </span>
    </p>
   </div>
   <div class='ocr_carea' id='block_1_19' title="bbox 401 1799 1982 1870">
    <p class='ocr_par' dir='ltr' id='par_1_19' title="bbox 401 1799 1982 1870">
     <span class='ocr_line' id='line_1_19' title="bbox 401 1799 1982 1870; baseline 0 -15"><span class='ocrx_word' id='word_1_127' title='bbox 401 1803 578 1866; x_wconf 86' lang='lat' dir='ltr'><strong>dotes,</strong></span> <span class='ocrx_word' id='word_1_128' title='bbox 609 1809 738 1854; x_wconf 91' lang='lat' dir='ltr'><strong>sunt</strong></span> <span class='ocrx_word' id='word_1_129' title='bbox 770 1800 1013 1870; x_wconf 79' lang='lat' dir='ltr'><strong>proximi</strong></span> <span class='ocrx_word' id='word_1_130' title='bbox 1062 1801 1462 1862; x_wconf 77' lang='lat' dir='ltr'><strong>sacerdotibus,</strong></span> <span class='ocrx_word' id='word_1_131' title='bbox 1507 1800 1560 1854; x_wconf 92' lang='lat' dir='ltr'><strong>in</strong></span> <span class='ocrx_word' id='word_1_132' title='bbox 1596 1800 1834 1854; x_wconf 88' lang='lat' dir='ltr'><strong>humeris</strong></span> <span class='ocrx_word' id='word_1_133' title='bbox 1866 1799 1982 1855; x_wconf 85' lang='lat' dir='ltr'><strong>suis</strong></span> 
     </span>
    </p>
   </div>
   <div class='ocr_carea' id='block_1_20' title="bbox 400 1891 1983 1962">
    <p class='ocr_par' dir='ltr' id='par_1_20' title="bbox 400 1891 1983 1962">
     <span class='ocr_line' id='line_1_20' title="bbox 400 1891 1983 1962; baseline 0 -16"><span class='ocrx_word' id='word_1_134' title='bbox 400 1901 630 1962; x_wconf 84' lang='lat' dir='ltr'><strong>possunt</strong></span> <span class='ocrx_word' id='word_1_135' title='bbox 671 1891 773 1947; x_wconf 89' lang='lat' dir='ltr'><strong>ista</strong></span> <span class='ocrx_word' id='word_1_136' title='bbox 826 1902 1085 1962; x_wconf 88' lang='lat' dir='ltr'><strong>portare;</strong></span> <span class='ocrx_word' id='word_1_137' title='bbox 1132 1891 1222 1946; x_wconf 88' lang='lat' dir='ltr'><strong>alii</strong></span> <span class='ocrx_word' id='word_1_138' title='bbox 1268 1907 1397 1947; x_wconf 86' lang='lat' dir='ltr'><strong>vero</strong></span> <span class='ocrx_word' id='word_1_139' title='bbox 1448 1891 1690 1946; x_wconf 87' lang='lat' dir='ltr'><strong>sarcinas</strong></span> <span class='ocrx_word' id='word_1_140' title='bbox 1731 1907 1880 1957; x_wconf 90' lang='lat' dir='ltr'><strong>suas,</strong></span> <span class='ocrx_word' id='word_1_141' title='bbox 1928 1902 1983 1947; x_wconf 93' lang='lat' dir='ltr'><strong>et</strong></span> 
     </span>
    </p>
   </div>
   <div class='ocr_carea' id='block_1_21' title="bbox 405 1983 1978 2053">
    <p class='ocr_par' dir='ltr' id='par_1_21' title="bbox 405 1983 1978 2053">
     <span class='ocr_line' id='line_1_21' title="bbox 405 1983 1978 2053; baseline 0.003 -17"><span class='ocrx_word' id='word_1_142' title='bbox 405 1985 702 2040; x_wconf 83' lang='lat' dir='ltr'><strong>ministeria</strong></span> <span class='ocrx_word' id='word_1_143' title='bbox 741 2000 840 2040; x_wconf 92' lang='lat' dir='ltr'><strong>nec</strong></span> <span class='ocrx_word' id='word_1_144' title='bbox 873 1985 925 2039; x_wconf 92' lang='lat' dir='ltr'><strong>in</strong></span> <span class='ocrx_word' id='word_1_145' title='bbox 959 1985 1219 2050; x_wconf 89' lang='lat' dir='ltr'><strong>humeris,</strong></span> <span class='ocrx_word' id='word_1_146' title='bbox 1248 1987 1341 2039; x_wconf 90' lang='lat' dir='ltr'><strong>sed</strong></span> <span class='ocrx_word' id='word_1_147' title='bbox 1373 1987 1430 2039; x_wconf 93' lang='lat' dir='ltr'><strong>in</strong></span> <span class='ocrx_word' id='word_1_148' title='bbox 1467 1983 1724 2053; x_wconf 88' lang='lat' dir='ltr'><strong>plaustris</strong></span> <span class='ocrx_word' id='word_1_149' title='bbox 1749 1995 1978 2052; x_wconf 92' lang='lat' dir='ltr'><strong>ponunt.</strong></span> 
     </span>
    </p>
   </div>
   <div class='ocr_carea' id='block_1_22' title="bbox 405 2071 1980 2146">
    <p class='ocr_par' dir='ltr' id='par_1_22' title="bbox 405 2071 1980 2146">
     <span class='ocr_line' id='line_1_22' title="bbox 405 2071 1980 2146; baseline 0.001 -16"><span class='ocrx_word' id='word_1_150' title='bbox 405 2074 474 2130; x_wconf 88' lang='lat' dir='ltr'><strong>Ut</strong></span> <span class='ocrx_word' id='word_1_151' title='bbox 515 2076 659 2131; x_wconf 91' lang='lat' dir='ltr'><strong>enim</strong></span> <span class='ocrx_word' id='word_1_152' title='bbox 701 2078 1096 2145; x_wconf 75' lang='lat' dir='ltr'><strong>praevenientes</strong></span> <span class='ocrx_word' id='word_1_153' title='bbox 1161 2077 1453 2132; x_wconf 88' lang='lat' dir='ltr'><strong>lectionem</strong></span> <span class='ocrx_word' id='word_1_154' title='bbox 1505 2077 1749 2133; x_wconf 88' lang='lat' dir='ltr'><strong>dicamus</strong></span> <span class='ocrx_word' id='word_1_155' title='bbox 1799 2071 1980 2146; x_wconf 86' lang='lat' dir='ltr'><strong>aliqua</strong></span> 
     </span>
    </p>
   </div>
   <div class='ocr_carea' id='block_1_23' title="bbox 398 2169 1982 2238">
    <p class='ocr_par' dir='ltr' id='par_1_23' title="bbox 398 2169 1982 2238">
     <span class='ocr_line' id='line_1_23' title="bbox 398 2169 1982 2238; baseline 0 -16"><span class='ocrx_word' id='word_1_156' title='bbox 398 2169 564 2222; x_wconf 87' lang='lat' dir='ltr'><strong>etiam</strong></span> <span class='ocrx_word' id='word_1_157' title='bbox 594 2169 660 2222; x_wconf 91' lang='lat' dir='ltr'><strong>de</strong></span> <span class='ocrx_word' id='word_1_158' title='bbox 689 2169 756 2224; x_wconf 90' lang='lat' dir='ltr'><strong>iis</strong></span> <span class='ocrx_word' id='word_1_159' title='bbox 797 2184 921 2238; x_wconf 68' lang='lat' dir='ltr'><strong>quae</strong></span> <span class='ocrx_word' id='word_1_160' title='bbox 952 2169 1101 2224; x_wconf 91' lang='lat' dir='ltr'><strong>locus</strong></span> <span class='ocrx_word' id='word_1_161' title='bbox 1149 2169 1453 2235; x_wconf 87' lang='lat' dir='ltr'><strong>admonuit,</strong></span> <span class='ocrx_word' id='word_1_162' title='bbox 1489 2183 1611 2223; x_wconf 92' lang='lat' dir='ltr'><strong>cum</strong></span> <span class='ocrx_word' id='word_1_163' title='bbox 1649 2169 1982 2225; x_wconf 81' lang='lat' dir='ltr'><strong>oll&#39;errentnr</strong></span> 
     </span>
    </p>
   </div>
   <div class='ocr_carea' id='block_1_24' title="bbox 398 2257 1981 2328">
    <p class='ocr_par' dir='ltr' id='par_1_24' title="bbox 398 2257 1981 2328">
     <span class='ocr_line' id='line_1_24' title="bbox 398 2257 1981 2328; baseline -0.001 -15"><span class='ocrx_word' id='word_1_164' title='bbox 398 2274 428 2313; x_wconf 91' lang='lat' dir='ltr'><strong>a</strong></span> <span class='ocrx_word' id='word_1_165' title='bbox 466 2257 695 2328; x_wconf 76' lang='lat' dir='ltr'><strong>singulis</strong></span> <span class='ocrx_word' id='word_1_166' title='bbox 761 2259 1066 2327; x_wconf 88' lang='lat' dir='ltr'><strong>quibusque</strong></span> <span class='ocrx_word' id='word_1_167' title='bbox 1116 2257 1367 2313; x_wconf 88' lang='lat' dir='ltr'><strong>tribubus</strong></span> <span class='ocrx_word' id='word_1_168' title='bbox 1419 2257 1693 2327; x_wconf 89' lang='lat' dir='ltr'><strong>plaustra,</strong></span> <span class='ocrx_word' id='word_1_169' title='bbox 1746 2267 1981 2327; x_wconf 86' lang='lat' dir='ltr'><strong>quatuor</strong></span> 
     </span>
    </p>
   </div>
   <div class='ocr_carea' id='block_1_25' title="bbox 397 2348 1976 2418">
    <p class='ocr_par' dir='ltr' id='par_1_25' title="bbox 397 2348 1976 2418">
     <span class='ocr_line' id='line_1_25' title="bbox 397 2348 1976 2418; baseline 0.001 -16"><span class='ocrx_word' id='word_1_170' title='bbox 397 2363 466 2402; x_wconf 82' lang='lat' dir='ltr'><strong>ex</strong></span> <span class='ocrx_word' id='word_1_171' title='bbox 516 2348 580 2401; x_wconf 89' lang='lat' dir='ltr'><strong>iis</strong></span> <span class='ocrx_word' id='word_1_172' title='bbox 625 2357 955 2418; x_wconf 89' lang='lat' dir='ltr'><strong>acceperunt</strong></span> <span class='ocrx_word' id='word_1_173' title='bbox 1008 2349 1100 2403; x_wconf 90' lang='lat' dir='ltr'><strong>ﬁlii</strong></span> <span class='ocrx_word' id='word_1_174' title='bbox 1146 2348 1374 2413; x_wconf 81' lang='lat' dir='ltr'><strong>Merari,</strong></span> <span class='ocrx_word' id='word_1_175' title='bbox 1407 2349 1512 2404; x_wconf 92' lang='lat' dir='ltr'><strong>duo</strong></span> <span class='ocrx_word' id='word_1_176' title='bbox 1543 2359 1721 2405; x_wconf 91' lang='lat' dir='ltr'><strong>autem</strong></span> <span class='ocrx_word' id='word_1_177' title='bbox 1768 2349 1976 2405; x_wconf 89' lang='lat' dir='ltr'><strong>Gerson</strong></span> 
     </span>
    </p>
   </div>
   <div class='ocr_carea' id='block_1_26' title="bbox 401 2438 1974 2512">
    <p class='ocr_par' dir='ltr' id='par_1_26' title="bbox 401 2438 1974 2512">
     <span class='ocr_line' id='line_1_26' title="bbox 401 2438 1974 2512; baseline 0.002 -19"><span class='ocrx_word' id='word_1_178' title='bbox 401 2438 518 2494; x_wconf 80' lang='lat' dir='ltr'><strong>lilii.</strong></span> <span class='ocrx_word' id='word_1_179' title='bbox 556 2440 633 2494; x_wconf 94' lang='lat' dir='ltr'><strong>llli</strong></span> <span class='ocrx_word' id='word_1_180' title='bbox 682 2456 812 2495; x_wconf 85' lang='lat' dir='ltr'><strong>vero</strong></span> <span class='ocrx_word' id='word_1_181' title='bbox 860 2443 951 2511; x_wconf 94' lang='lat' dir='ltr'><strong>qui</strong></span> <span class='ocrx_word' id='word_1_182' title='bbox 990 2442 1182 2496; x_wconf 92' lang='lat' dir='ltr'><strong>horum</strong></span> <span class='ocrx_word' id='word_1_183' title='bbox 1234 2440 1485 2496; x_wconf 84' lang='lat' dir='ltr'><strong>meliores</strong></span> <span class='ocrx_word' id='word_1_184' title='bbox 1531 2452 1686 2507; x_wconf 91' lang='lat' dir='ltr'><strong>sunt,</strong></span> <span class='ocrx_word' id='word_1_185' title='bbox 1733 2443 1974 2512; x_wconf 90' lang='lat' dir='ltr'><strong>plaustra</strong></span> 
     </span>
    </p>
   </div>
   <div class='ocr_carea' id='block_1_27' title="bbox 397 2532 1976 2604">
    <p class='ocr_par' dir='ltr' id='par_1_27' title="bbox 397 2532 1976 2604">
     <span class='ocr_line' id='line_1_27' title="bbox 397 2532 1976 2604; baseline 0.001 -17"><span class='ocrx_word' id='word_1_186' title='bbox 397 2548 506 2587; x_wconf 90' lang='lat' dir='ltr'><strong>non</strong></span> <span class='ocrx_word' id='word_1_187' title='bbox 550 2532 844 2601; x_wconf 89' lang='lat' dir='ltr'><strong>accipiunt.</strong></span> <span class='ocrx_word' id='word_1_188' title='bbox 885 2532 1104 2588; x_wconf 89' lang='lat' dir='ltr'><strong>Intuere</strong></span> <span class='ocrx_word' id='word_1_189' title='bbox 1157 2550 1289 2601; x_wconf 84' lang='lat' dir='ltr'><strong>ergo</strong></span> <span class='ocrx_word' id='word_1_190' title='bbox 1339 2552 1482 2590; x_wconf 88' lang='lat' dir='ltr'><strong>nune</strong></span> <span class='ocrx_word' id='word_1_191' title='bbox 1528 2535 1834 2604; x_wconf 61' lang='lat' dir='ltr'><strong>cuiusmodi</strong></span> <span class='ocrx_word' id='word_1_192' title='bbox 1895 2535 1976 2588; x_wconf 89' lang='lat' dir='ltr'><strong>di-</strong></span> 
     </span>
    </p>
   </div>
   <div class='ocr_carea' id='block_1_28' title="bbox 395 2622 1970 2695">
    <p class='ocr_par' dir='ltr' id='par_1_28' title="bbox 395 2622 1970 2695">
     <span class='ocr_line' id='line_1_28' title="bbox 395 2622 1970 2695; baseline 0.001 -19"><span class='ocrx_word' id='word_1_193' title='bbox 395 2623 536 2678; x_wconf 80' lang='lat' dir='ltr'><strong>visio</strong></span> <span class='ocrx_word' id='word_1_194' title='bbox 575 2622 811 2680; x_wconf 78' lang='lat' dir='ltr'><strong>el&#39;ﬁcitur</strong></span> <span class='ocrx_word' id='word_1_195' title='bbox 842 2623 895 2678; x_wconf 91' lang='lat' dir='ltr'><strong>in</strong></span> <span class='ocrx_word' id='word_1_196' title='bbox 932 2623 1122 2678; x_wconf 89' lang='lat' dir='ltr'><strong>olliciis</strong></span> <span class='ocrx_word' id='word_1_197' title='bbox 1167 2625 1461 2680; x_wconf 90' lang='lat' dir='ltr'><strong>ministerii</strong></span> <span class='ocrx_word' id='word_1_198' title='bbox 1508 2627 1700 2690; x_wconf 85' lang='lat' dir='ltr'><strong>divini,</strong></span> <span class='ocrx_word' id='word_1_199' title='bbox 1745 2635 1801 2681; x_wconf 94' lang='lat' dir='ltr'><strong>et</strong></span> <span class='ocrx_word' id='word_1_200' title='bbox 1836 2641 1970 2695; x_wconf 77' lang='lat' dir='ltr'><strong>quo-</strong></span> 
     </span>
    </p>
   </div>
   <div class='ocr_carea' id='block_1_29' title="bbox 399 2714 1972 2787">
    <p class='ocr_par' dir='ltr' id='par_1_29' title="bbox 399 2714 1972 2787">
     <span class='ocr_line' id='line_1_29' title="bbox 399 2714 1972 2787; baseline 0.003 -19"><span class='ocrx_word' id='word_1_201' title='bbox 399 2714 560 2769; x_wconf 92' lang='lat' dir='ltr'><strong>modo</strong></span> <span class='ocrx_word' id='word_1_202' title='bbox 606 2716 694 2769; x_wconf 90' lang='lat' dir='ltr'><strong>illa</strong></span> <span class='ocrx_word' id='word_1_203' title='bbox 743 2716 964 2785; x_wconf 89' lang='lat' dir='ltr'><strong>quidem</strong></span> <span class='ocrx_word' id='word_1_204' title='bbox 1016 2733 1137 2786; x_wconf 71' lang='lat' dir='ltr'><strong>qua:</strong></span> <span class='ocrx_word' id='word_1_205' title='bbox 1188 2727 1376 2772; x_wconf 88' lang='lat' dir='ltr'><strong>sancta</strong></span> <span class='ocrx_word' id='word_1_206' title='bbox 1436 2727 1592 2784; x_wconf 88' lang='lat' dir='ltr'><strong>sunt,</strong></span> <span class='ocrx_word' id='word_1_207' title='bbox 1639 2734 1743 2772; x_wconf 90' lang='lat' dir='ltr'><strong>non</strong></span> <span class='ocrx_word' id='word_1_208' title='bbox 1798 2718 1972 2787; x_wconf 90' lang='lat' dir='ltr'><strong>impo-</strong></span> 
     </span>
    </p>
   </div>
   <div class='ocr_carea' id='block_1_30' title="bbox 400 2808 1974 2876">
    <p class='ocr_par' dir='ltr' id='par_1_30' title="bbox 400 2808 1974 2876">
     <span class='ocr_line' id='line_1_30' title="bbox 400 2808 1974 2876; baseline 0.001 -16"><span class='ocrx_word' id='word_1_209' title='bbox 400 2814 603 2860; x_wconf 90' lang='lat' dir='ltr'><strong>nuntur</strong></span> <span class='ocrx_word' id='word_1_210' title='bbox 645 2809 909 2876; x_wconf 89' lang='lat' dir='ltr'><strong>portanda</strong></span> <span class='ocrx_word' id='word_1_211' title='bbox 964 2808 1292 2864; x_wconf 87' lang='lat' dir='ltr'><strong>animalibus</strong></span> <span class='ocrx_word' id='word_1_212' title='bbox 1347 2812 1541 2874; x_wconf 91' lang='lat' dir='ltr'><strong>mutis,</strong></span> <span class='ocrx_word' id='word_1_213' title='bbox 1587 2811 1681 2864; x_wconf 91' lang='lat' dir='ltr'><strong>sed</strong></span> <span class='ocrx_word' id='word_1_214' title='bbox 1733 2810 1974 2864; x_wconf 85' lang='lat' dir='ltr'><strong>rationa-</strong></span> 
     </span>
    </p>
   </div>
   <div class='ocr_carea' id='block_1_31' title="bbox 396 2898 1974 2972">
    <p class='ocr_par' dir='ltr' id='par_1_31' title="bbox 396 2898 1974 2972">
     <span class='ocr_line' id='line_1_31' title="bbox 396 2898 1974 2972; baseline 0.001 -18"><span class='ocrx_word' id='word_1_215' title='bbox 396 2898 531 2955; x_wconf 85' lang='lat' dir='ltr'><strong>biles</strong></span> <span class='ocrx_word' id='word_1_216' title='bbox 562 2913 681 2955; x_wconf 86' lang='lat' dir='ltr'><strong>esse</strong></span> <span class='ocrx_word' id='word_1_217' title='bbox 710 2899 909 2955; x_wconf 88' lang='lat' dir='ltr'><strong>debent</strong></span> <span class='ocrx_word' id='word_1_218' title='bbox 939 2901 1212 2966; x_wconf 89' lang='lat' dir='ltr'><strong>homines,</strong></span> <span class='ocrx_word' id='word_1_219' title='bbox 1241 2912 1294 2956; x_wconf 91' lang='lat' dir='ltr'><strong>et</strong></span> <span class='ocrx_word' id='word_1_220' title='bbox 1327 2901 1380 2955; x_wconf 91' lang='lat' dir='ltr'><strong>iu</strong></span> <span class='ocrx_word' id='word_1_221' title='bbox 1423 2902 1664 2957; x_wconf 84' lang='lat' dir='ltr'><strong>humeris</strong></span> <span class='ocrx_word' id='word_1_222' title='bbox 1695 2903 1808 2956; x_wconf 88' lang='lat' dir='ltr'><strong>suis</strong></span> <span class='ocrx_word' id='word_1_223' title='bbox 1849 2917 1974 2972; x_wconf 90' lang='lat' dir='ltr'><strong>por-</strong></span> 
     </span>
    </p>
   </div>
   <div class='ocr_carea' id='block_1_32' title="bbox 396 2993 1966 3061">
    <p class='ocr_par' dir='ltr' id='par_1_32' title="bbox 396 2993 1966 3061">
     <span class='ocr_line' id='line_1_32' title="bbox 396 2993 1966 3061; baseline 0.001 -17"><span class='ocrx_word' id='word_1_224' title='bbox 396 3001 513 3048; x_wconf 91' lang='lat' dir='ltr'><strong>tare</strong></span> <span class='ocrx_word' id='word_1_225' title='bbox 545 3006 697 3056; x_wconf 88' lang='lat' dir='ltr'><strong>vasa,</strong></span> <span class='ocrx_word' id='word_1_226' title='bbox 733 2993 928 3061; x_wconf 89' lang='lat' dir='ltr'><strong>quibus</strong></span> <span class='ocrx_word' id='word_1_227' title='bbox 960 2994 1353 3049; x_wconf 87' lang='lat' dir='ltr'><strong>ministrantur</strong></span> <span class='ocrx_word' id='word_1_228' title='bbox 1391 2993 1592 3048; x_wconf 83' lang='lat' dir='ltr'><strong>Sancta</strong></span> <span class='ocrx_word' id='word_1_229' title='bbox 1629 3001 1966 3049; x_wconf 91' lang='lat' dir='ltr'><strong>sanctorum.</strong></span> 
     </span>
    </p>
   </div>
   <div class='ocr_carea' id='block_1_33' title="bbox 393 3084 2041 3161">
    <p class='ocr_par' dir='ltr' id='par_1_33' title="bbox 393 3084 2041 3161">
     <span class='ocr_line' id='line_1_33' title="bbox 393 3084 2041 3161; baseline -0.001 -22"><span class='ocrx_word' id='word_1_230' title='bbox 393 3084 468 3139; x_wconf 87' lang='lat' dir='ltr'><strong>Ea</strong></span> <span class='ocrx_word' id='word_1_231' title='bbox 514 3100 644 3142; x_wconf 86' lang='lat' dir='ltr'><strong>vero</strong></span> <span class='ocrx_word' id='word_1_232' title='bbox 684 3102 802 3156; x_wconf 87' lang='lat' dir='ltr'><strong>quae</strong></span> <span class='ocrx_word' id='word_1_233' title='bbox 837 3088 1087 3155; x_wconf 76' lang='lat' dir='ltr'><strong>graviora</strong></span> <span class='ocrx_word' id='word_1_234' title='bbox 1138 3095 1266 3141; x_wconf 92' lang='lat' dir='ltr'><strong>sunt</strong></span> <span class='ocrx_word' id='word_1_235' title='bbox 1309 3095 1364 3140; x_wconf 89' lang='lat' dir='ltr'><strong>et</strong></span> <span class='ocrx_word' id='word_1_236' title='bbox 1416 3087 1654 3154; x_wconf 89' lang='lat' dir='ltr'><strong>duriora,</strong></span> <span class='ocrx_word' id='word_1_237' title='bbox 1705 3102 1809 3140; x_wconf 93' lang='lat' dir='ltr'><strong>non</strong></span> <span class='ocrx_word' id='word_1_238' title='bbox 1861 3095 1970 3140; x_wconf 91' lang='lat' dir='ltr'><strong>tam</strong></span> <span class='ocrx_word' id='word_1_239' title='bbox 1999 3104 2041 3161; x_wconf 70' lang='grc' dir='ltr'>α</span> 
     </span>
    </p>
   </div>
   <div class='ocr_carea' id='block_1_34' title="bbox 395 3175 1972 3246">
    <p class='ocr_par' dir='ltr' id='par_1_34' title="bbox 395 3175 1972 3246">
     <span class='ocr_line' id='line_1_34' title="bbox 395 3175 1972 3246; baseline 0 -16"><span class='ocrx_word' id='word_1_240' title='bbox 395 3176 811 3232; x_wconf 88' lang='lat' dir='ltr'><strong>rationabilibus</strong></span> <span class='ocrx_word' id='word_1_241' title='bbox 874 3192 1036 3245; x_wconf 87' lang='lat' dir='ltr'><strong>quam</strong></span> <span class='ocrx_word' id='word_1_242' title='bbox 1088 3177 1254 3232; x_wconf 89' lang='lat' dir='ltr'><strong>mutis</strong></span> <span class='ocrx_word' id='word_1_243' title='bbox 1305 3177 1572 3246; x_wconf 90' lang='lat' dir='ltr'><strong>portanda</strong></span> <span class='ocrx_word' id='word_1_244' title='bbox 1641 3175 1972 3230; x_wconf 87' lang='lat' dir='ltr'><strong>animalibus</strong></span> 
     </span>
    </p>
   </div>
   <div class='ocr_carea' id='block_1_35' title="bbox 397 3266 1970 3339">
    <p class='ocr_par' dir='ltr' id='par_1_35' title="bbox 397 3266 1970 3339">
     <span class='ocr_line' id='line_1_35' title="bbox 397 3266 1970 3339; baseline 0.001 -20"><span class='ocrx_word' id='word_1_245' title='bbox 397 3269 769 3336; x_wconf 90' lang='lat' dir='ltr'><strong>imponuntur.</strong></span> <span class='ocrx_word' id='word_1_246' title='bbox 813 3267 919 3322; x_wconf 91' lang='lat' dir='ltr'><strong>Sed</strong></span> <span class='ocrx_word' id='word_1_247' title='bbox 950 3277 1005 3322; x_wconf 92' lang='lat' dir='ltr'><strong>et</strong></span> <span class='ocrx_word' id='word_1_248' title='bbox 1041 3268 1093 3322; x_wconf 93' lang='lat' dir='ltr'><strong>in</strong></span> <span class='ocrx_word' id='word_1_249' title='bbox 1125 3269 1259 3339; x_wconf 84' lang='lat' dir='ltr'><strong>ipsis</strong></span> <span class='ocrx_word' id='word_1_250' title='bbox 1287 3278 1370 3323; x_wconf 92' lang='lat' dir='ltr'><strong>est</strong></span> <span class='ocrx_word' id='word_1_251' title='bbox 1409 3269 1592 3339; x_wconf 90' lang='lat' dir='ltr'><strong>aliqua</strong></span> <span class='ocrx_word' id='word_1_252' title='bbox 1642 3266 1970 3323; x_wconf 80' lang='lat' dir='ltr'><strong>diﬁ’erentia.</strong></span> 
     </span>
    </p>
   </div>
   <div class='ocr_carea' id='block_1_36' title="bbox 395 3358 1968 3430">
    <p class='ocr_par' dir='ltr' id='par_1_36' title="bbox 395 3358 1968 3430">
     <span class='ocr_line' id='line_1_36' title="bbox 395 3358 1968 3430; baseline 0.001 -18"><span class='ocrx_word' id='word_1_253' title='bbox 395 3358 529 3413; x_wconf 82' lang='lat' dir='ltr'><strong>Nam</strong></span> <span class='ocrx_word' id='word_1_254' title='bbox 569 3359 644 3413; x_wconf 92' lang='lat' dir='ltr'><strong>illi</strong></span> <span class='ocrx_word' id='word_1_255' title='bbox 684 3360 776 3429; x_wconf 89' lang='lat' dir='ltr'><strong>qui</strong></span> <span class='ocrx_word' id='word_1_256' title='bbox 825 3361 1076 3430; x_wconf 85' lang='lat' dir='ltr'><strong>graviora</strong></span> <span class='ocrx_word' id='word_1_257' title='bbox 1111 3370 1163 3416; x_wconf 91' lang='lat' dir='ltr'><strong>et</strong></span> <span class='ocrx_word' id='word_1_258' title='bbox 1212 3362 1438 3416; x_wconf 90' lang='lat' dir='ltr'><strong>duriora</strong></span> <span class='ocrx_word' id='word_1_259' title='bbox 1473 3363 1768 3416; x_wconf 87' lang='lat' dir='ltr'><strong>observant</strong></span> <span class='ocrx_word' id='word_1_260' title='bbox 1807 3358 1968 3414; x_wconf 85' lang='lat' dir='ltr'><strong>mini-</strong></span> 
     </span>
    </p>
   </div>
   <div class='ocr_carea' id='block_1_37' title="bbox 394 3450 1972 3521">
    <p class='ocr_par' dir='ltr' id='par_1_37' title="bbox 394 3450 1972 3521">
     <span class='ocr_line' id='line_1_37' title="bbox 394 3450 1972 3521; baseline 0.001 -18"><span class='ocrx_word' id='word_1_261' title='bbox 394 3450 584 3514; x_wconf 88' lang='lat' dir='ltr'><strong>steria,</strong></span> <span class='ocrx_word' id='word_1_262' title='bbox 618 3450 770 3520; x_wconf 90' lang='lat' dir='ltr'><strong>plura</strong></span> <span class='ocrx_word' id='word_1_263' title='bbox 813 3452 1017 3508; x_wconf 86' lang='lat' dir='ltr'><strong>habent</strong></span> <span class='ocrx_word' id='word_1_264' title='bbox 1052 3453 1335 3509; x_wconf 86' lang='lat' dir='ltr'><strong>animalia.</strong></span> <span class='ocrx_word' id='word_1_265' title='bbox 1363 3455 1608 3518; x_wconf 75' lang='lat' dir='ltr'><strong>Quatuor</strong></span> <span class='ocrx_word' id='word_1_266' title='bbox 1639 3451 1784 3506; x_wconf 92' lang='lat' dir='ltr'><strong>enim</strong></span> <span class='ocrx_word' id='word_1_267' title='bbox 1819 3452 1972 3521; x_wconf 91' lang='lat' dir='ltr'><strong>plau-</strong></span> 
     </span>
    </p>
   </div>
   <div class='ocr_carea' id='block_1_38' title="bbox 392 3540 1969 3612">
    <p class='ocr_par' dir='ltr' id='par_1_38' title="bbox 392 3540 1969 3612">
     <span class='ocr_line' id='line_1_38' title="bbox 392 3540 1969 3612; baseline 0.002 -18"><span class='ocrx_word' id='word_1_268' title='bbox 392 3554 506 3594; x_wconf 76' lang='lat' dir='ltr'><strong>Stra</strong></span> <span class='ocrx_word' id='word_1_269' title='bbox 542 3540 740 3596; x_wconf 86' lang='lat' dir='ltr'><strong>dantur</strong></span> <span class='ocrx_word' id='word_1_270' title='bbox 771 3542 899 3598; x_wconf 87' lang='lat' dir='ltr'><strong>ﬁliis</strong></span> <span class='ocrx_word' id='word_1_271' title='bbox 934 3543 1153 3599; x_wconf 88' lang='lat' dir='ltr'><strong>Merari.</strong></span> <span class='ocrx_word' id='word_1_272' title='bbox 1194 3542 1347 3598; x_wconf 90' lang='lat' dir='ltr'><strong>Filiis</strong></span> <span class='ocrx_word' id='word_1_273' title='bbox 1376 3552 1556 3598; x_wconf 89' lang='lat' dir='ltr'><strong>autem</strong></span> <span class='ocrx_word' id='word_1_274' title='bbox 1589 3543 1800 3598; x_wconf 90' lang='lat' dir='ltr'><strong>Gerson</strong></span> <span class='ocrx_word' id='word_1_275' title='bbox 1841 3542 1969 3612; x_wconf 88' lang='lat' dir='ltr'><strong>quia</strong></span> 
     </span>
    </p>
   </div>
   <div class='ocr_carea' id='block_1_39' title="bbox 389 3632 1974 3706">
    <p class='ocr_par' dir='ltr' id='par_1_39' title="bbox 389 3632 1974 3706">
     <span class='ocr_line' id='line_1_39' title="bbox 389 3632 1974 3706; baseline -0.002 -17"><span class='ocrx_word' id='word_1_276' title='bbox 389 3643 549 3689; x_wconf 83' lang='lat' dir='ltr'><strong>erant</strong></span> <span class='ocrx_word' id='word_1_277' title='bbox 583 3650 750 3706; x_wconf 88' lang='lat' dir='ltr'><strong>prope</strong></span> <span class='ocrx_word' id='word_1_278' title='bbox 787 3635 928 3691; x_wconf 89' lang='lat' dir='ltr'><strong>ﬁlios</strong></span> <span class='ocrx_word' id='word_1_279' title='bbox 956 3634 1132 3691; x_wconf 88' lang='lat' dir='ltr'><strong>Caath</strong></span> <span class='ocrx_word' id='word_1_280' title='bbox 1186 3635 1294 3690; x_wconf 91' lang='lat' dir='ltr'><strong>duo</strong></span> <span class='ocrx_word' id='word_1_281' title='bbox 1342 3643 1549 3689; x_wconf 85' lang='lat' dir='ltr'><strong>tantum</strong></span> <span class='ocrx_word' id='word_1_282' title='bbox 1583 3635 1823 3704; x_wconf 90' lang='lat' dir='ltr'><strong>plaustra</strong></span> <span class='ocrx_word' id='word_1_283' title='bbox 1863 3632 1974 3687; x_wconf 78' lang='lat' dir='ltr'><strong>suf-</strong></span> 
     </span>
    </p>
   </div>
   <div class='ocr_carea' id='block_1_40' title="bbox 393 3723 1968 3797">
    <p class='ocr_par' dir='ltr' id='par_1_40' title="bbox 393 3723 1968 3797">
     <span class='ocr_line' id='line_1_40' title="bbox 393 3723 1968 3797; baseline -0.001 -18"><span class='ocrx_word' id='word_1_284' title='bbox 393 3724 603 3791; x_wconf 89' lang='lat' dir='ltr'><strong>ﬁciunt,</strong></span> <span class='ocrx_word' id='word_1_285' title='bbox 631 3743 697 3782; x_wconf 91' lang='lat' dir='ltr'><strong>ex</strong></span> <span class='ocrx_word' id='word_1_286' title='bbox 727 3728 922 3797; x_wconf 89' lang='lat' dir='ltr'><strong>quibus</strong></span> <span class='ocrx_word' id='word_1_287' title='bbox 955 3725 1263 3781; x_wconf 89' lang='lat' dir='ltr'><strong>ostenditur</strong></span> <span class='ocrx_word' id='word_1_288' title='bbox 1293 3726 1436 3795; x_wconf 88' lang='lat' dir='ltr'><strong>quod</strong></span> <span class='ocrx_word' id='word_1_289' title='bbox 1471 3724 1728 3794; x_wconf 87' lang='lat' dir='ltr'><strong>operibus</strong></span> <span class='ocrx_word' id='word_1_290' title='bbox 1749 3723 1968 3793; x_wconf 88' lang='lat' dir='ltr'><strong>quidem</strong></span> 
     </span>
    </p>
   </div>
   <div class='ocr_carea' id='block_1_41' title="bbox 390 3816 1970 3885">
    <p class='ocr_par' dir='ltr' id='par_1_41' title="bbox 390 3816 1970 3885">
     <span class='ocr_line' id='line_1_41' title="bbox 390 3816 1970 3885; baseline -0.001 -13"><span class='ocrx_word' id='word_1_291' title='bbox 390 3817 724 3883; x_wconf 88' lang='lat' dir='ltr'><strong>durioribus,</strong></span> <span class='ocrx_word' id='word_1_292' title='bbox 753 3826 835 3885; x_wconf 88' lang='lat' dir='ltr'><strong>et,</strong></span> <span class='ocrx_word' id='word_1_293' title='bbox 870 3828 928 3872; x_wconf 93' lang='lat' dir='ltr'><strong>ut</strong></span> <span class='ocrx_word' id='word_1_294' title='bbox 974 3818 1046 3873; x_wconf 90' lang='lat' dir='ltr'><strong>ita</strong></span> <span class='ocrx_word' id='word_1_295' title='bbox 1101 3817 1313 3882; x_wconf 91' lang='lat' dir='ltr'><strong>dicam,</strong></span> <span class='ocrx_word' id='word_1_296' title='bbox 1361 3816 1749 3882; x_wconf 85' lang='lat' dir='ltr'><strong>crassioribus,</strong></span> <span class='ocrx_word' id='word_1_297' title='bbox 1789 3817 1970 3885; x_wconf 87' lang='lat' dir='ltr'><strong>plures</strong></span> 
     </span>
    </p>
   </div>
   <div class='ocr_carea' id='block_1_42' title="bbox 389 3907 1968 3978">
    <p class='ocr_par' dir='ltr' id='par_1_42' title="bbox 389 3907 1968 3978">
     <span class='ocr_line' id='line_1_42' title="bbox 389 3907 1968 3978; baseline -0.002 -14"><span class='ocrx_word' id='word_1_298' title='bbox 389 3920 548 3975; x_wconf 89' lang='lat' dir='ltr'><strong>sunt,</strong></span> <span class='ocrx_word' id='word_1_299' title='bbox 589 3909 680 3978; x_wconf 89' lang='lat' dir='ltr'><strong>qui</strong></span> <span class='ocrx_word' id='word_1_300' title='bbox 716 3909 865 3963; x_wconf 92' lang='lat' dir='ltr'><strong>velut</strong></span> <span class='ocrx_word' id='word_1_301' title='bbox 917 3908 1178 3963; x_wconf 88' lang='lat' dir='ltr'><strong>animalia</strong></span> <span class='ocrx_word' id='word_1_302' title='bbox 1229 3907 1531 3963; x_wconf 90' lang='lat' dir='ltr'><strong>inserviunt</strong></span> <span class='ocrx_word' id='word_1_303' title='bbox 1567 3922 1582 3961; x_wconf 91' lang='lat'><strong>:</strong></span> <span class='ocrx_word' id='word_1_304' title='bbox 1631 3909 1698 3962; x_wconf 91' lang='lat' dir='ltr'><strong>ad</strong></span> <span class='ocrx_word' id='word_1_305' title='bbox 1741 3922 1801 3963; x_wconf 88' lang='lat' dir='ltr'><strong>ea</strong></span> <span class='ocrx_word' id='word_1_306' title='bbox 1837 3921 1968 3962; x_wconf 91' lang='lat' dir='ltr'><strong>vero</strong></span> 
     </span>
    </p>
   </div>
   <div class='ocr_carea' id='block_1_43' title="bbox 388 3999 1967 4070">
    <p class='ocr_par' dir='ltr' id='par_1_43' title="bbox 388 3999 1967 4070">
     <span class='ocr_line' id='line_1_43' title="bbox 388 3999 1967 4070; baseline 0.001 -17"><span class='ocrx_word' id='word_1_307' title='bbox 388 4015 508 4070; x_wconf 83' lang='lat' dir='ltr'><strong>quae</strong></span> <span class='ocrx_word' id='word_1_308' title='bbox 557 4000 972 4056; x_wconf 88' lang='lat' dir='ltr'><strong>rationabilibus</strong></span> <span class='ocrx_word' id='word_1_309' title='bbox 1005 4009 1394 4069; x_wconf 89' lang='lat' dir='ltr'><strong>procurantur,</strong></span> <span class='ocrx_word' id='word_1_310' title='bbox 1440 3999 1602 4070; x_wconf 87' lang='lat' dir='ltr'><strong>pauci</strong></span> <span class='ocrx_word' id='word_1_311' title='bbox 1653 4013 1720 4054; x_wconf 87' lang='lat' dir='ltr'><strong>ex</strong></span> <span class='ocrx_word' id='word_1_312' title='bbox 1763 3999 1832 4054; x_wconf 91' lang='lat' dir='ltr'><strong>iis</strong></span> <span class='ocrx_word' id='word_1_313' title='bbox 1875 4000 1967 4069; x_wconf 90' lang='lat' dir='ltr'><strong>qui</strong></span> 
     </span>
    </p>
   </div>
   <div class='ocr_carea' id='block_1_44' title="bbox 388 4089 1965 4156">
    <p class='ocr_par' dir='ltr' id='par_1_44' title="bbox 388 4089 1965 4156">
     <span class='ocr_line' id='line_1_44' title="bbox 388 4089 1965 4156; baseline -0.001 -11"><span class='ocrx_word' id='word_1_314' title='bbox 388 4092 440 4146; x_wconf 92' lang='lat' dir='ltr'><strong>in</strong></span> <span class='ocrx_word' id='word_1_315' title='bbox 473 4091 559 4146; x_wconf 91' lang='lat' dir='ltr'><strong>his</strong></span> <span class='ocrx_word' id='word_1_316' title='bbox 585 4091 835 4148; x_wconf 89' lang='lat' dir='ltr'><strong>instructi</strong></span> <span class='ocrx_word' id='word_1_317' title='bbox 861 4101 954 4145; x_wconf 91' lang='lat' dir='ltr'><strong>aut</strong></span> <span class='ocrx_word' id='word_1_318' title='bbox 976 4090 1176 4146; x_wconf 87' lang='lat' dir='ltr'><strong>eruditi</strong></span> <span class='ocrx_word' id='word_1_319' title='bbox 1208 4091 1482 4156; x_wconf 87' lang='lat' dir='ltr'><strong>videntur,</strong></span> <span class='ocrx_word' id='word_1_320' title='bbox 1510 4089 1797 4149; x_wconf 91' lang='lat' dir='ltr'><strong>accedunt.</strong></span> <span class='ocrx_word' id='word_1_321' title='bbox 1830 4089 1965 4144; x_wconf 87' lang='lat' dir='ltr'><strong>Nam</strong></span> 
     </span>
    </p>
   </div>
   <div class='ocr_carea' id='block_1_45' title="bbox 388 4181 1964 4254">
    <p class='ocr_par' dir='ltr' id='par_1_45' title="bbox 388 4181 1964 4254">
     <span class='ocr_line' id='line_1_45' title="bbox 388 4181 1964 4254; baseline 0 -18"><span class='ocrx_word' id='word_1_322' title='bbox 388 4183 455 4237; x_wconf 92' lang='lat' dir='ltr'><strong>ad</strong></span> <span class='ocrx_word' id='word_1_323' title='bbox 493 4184 582 4237; x_wconf 90' lang='lat' dir='ltr'><strong>illa</strong></span> <span class='ocrx_word' id='word_1_324' title='bbox 617 4199 740 4254; x_wconf 80' lang='lat' dir='ltr'><strong>quae</strong></span> <span class='ocrx_word' id='word_1_325' title='bbox 786 4183 1014 4254; x_wconf 88' lang='lat' dir='ltr'><strong>mystica</strong></span> <span class='ocrx_word' id='word_1_326' title='bbox 1045 4193 1192 4250; x_wconf 87' lang='lat' dir='ltr'><strong>sunt,</strong></span> <span class='ocrx_word' id='word_1_327' title='bbox 1222 4192 1272 4238; x_wconf 91' lang='lat' dir='ltr'><strong>et</strong></span> <span class='ocrx_word' id='word_1_328' title='bbox 1311 4181 1365 4236; x_wconf 90' lang='lat' dir='ltr'><strong>in</strong></span> <span class='ocrx_word' id='word_1_329' title='bbox 1401 4182 1628 4238; x_wconf 91' lang='lat' dir='ltr'><strong>secretis</strong></span> <span class='ocrx_word' id='word_1_330' title='bbox 1659 4182 1964 4249; x_wconf 89' lang='lat' dir='ltr'><strong>recondita,</strong></span> 
     </span>
    </p>
   </div>
   <div class='ocr_carea' id='block_1_46' title="bbox 387 4273 1968 4346">
    <p class='ocr_par' dir='ltr' id='par_1_46' title="bbox 387 4273 1968 4346">
     <span class='ocr_line' id='line_1_46' title="bbox 387 4273 1968 4346; baseline -0.002 -15"><span class='ocrx_word' id='word_1_331' title='bbox 387 4283 441 4331; x_wconf 89' lang='lat' dir='ltr'><strong>et</strong></span> <span class='ocrx_word' id='word_1_332' title='bbox 475 4275 606 4331; x_wconf 90' lang='lat' dir='ltr'><strong>solis</strong></span> <span class='ocrx_word' id='word_1_333' title='bbox 644 4278 1018 4332; x_wconf 89' lang='lat' dir='ltr'><strong>sacerdotibus</strong></span> <span class='ocrx_word' id='word_1_334' title='bbox 1046 4284 1260 4346; x_wconf 91' lang='lat' dir='ltr'><strong>patent,</strong></span> <span class='ocrx_word' id='word_1_335' title='bbox 1291 4290 1396 4330; x_wconf 91' lang='lat' dir='ltr'><strong>non</strong></span> <span class='ocrx_word' id='word_1_336' title='bbox 1431 4274 1603 4330; x_wconf 85' lang='lat' dir='ltr'><strong>solum</strong></span> <span class='ocrx_word' id='word_1_337' title='bbox 1641 4273 1818 4329; x_wconf 92' lang='lat' dir='ltr'><strong>nullus</strong></span> <span class='ocrx_word' id='word_1_338' title='bbox 1848 4275 1968 4329; x_wconf 90' lang='lat' dir='ltr'><strong>ani-</strong></span> 
     </span>
    </p>
   </div>
   <div class='ocr_carea' id='block_1_47' title="bbox 389 4366 1964 4435">
    <p class='ocr_par' dir='ltr' id='par_1_47' title="bbox 389 4366 1964 4435">
     <span class='ocr_line' id='line_1_47' title="bbox 389 4366 1964 4435; baseline 0.001 -16"><span class='ocrx_word' id='word_1_339' title='bbox 389 4367 548 4423; x_wconf 89' lang='lat' dir='ltr'><strong>malis</strong></span> <span class='ocrx_word' id='word_1_340' title='bbox 578 4368 740 4423; x_wconf 92' lang='lat' dir='ltr'><strong>homo</strong></span> <span class='ocrx_word' id='word_1_341' title='bbox 784 4368 1033 4431; x_wconf 85' lang='lat' dir='ltr'><strong>accedit,</strong></span> <span class='ocrx_word' id='word_1_342' title='bbox 1082 4366 1175 4423; x_wconf 88' lang='lat' dir='ltr'><strong>sed</strong></span> <span class='ocrx_word' id='word_1_343' title='bbox 1209 4382 1277 4421; x_wconf 91' lang='lat' dir='ltr'><strong>ne</strong></span> <span class='ocrx_word' id='word_1_344' title='bbox 1315 4366 1418 4435; x_wconf 87' lang='lat' dir='ltr'><strong>ipsi</strong></span> <span class='ocrx_word' id='word_1_345' title='bbox 1466 4366 1681 4434; x_wconf 90' lang='lat' dir='ltr'><strong>quidem</strong></span> <span class='ocrx_word' id='word_1_346' title='bbox 1723 4366 1816 4435; x_wconf 89' lang='lat' dir='ltr'><strong>qui</strong></span> <span class='ocrx_word' id='word_1_347' title='bbox 1865 4367 1964 4420; x_wconf 80' lang='lat' dir='ltr'><strong>ha-</strong></span> 
     </span>
    </p>
   </div>
   <div class='ocr_carea' id='block_1_48' title="bbox 385 4439 2041 4528">
    <p class='ocr_par' dir='ltr' id='par_1_48' title="bbox 385 4439 2041 4528">
     <span class='ocr_line' id='line_1_48' title="bbox 385 4439 2041 4528; baseline -0.002 -13"><span class='ocrx_word' id='word_1_348' title='bbox 385 4457 518 4515; x_wconf 85' lang='lat' dir='ltr'><strong>bere</strong></span> <span class='ocrx_word' id='word_1_349' title='bbox 562 4457 764 4528; x_wconf 91' lang='lat' dir='ltr'><strong>aliquid</strong></span> <span class='ocrx_word' id='word_1_350' title='bbox 796 4458 1045 4514; x_wconf 86' lang='lat' dir='ltr'><strong>exercitii</strong></span> <span class='ocrx_word' id='word_1_351' title='bbox 1089 4466 1144 4512; x_wconf 92' lang='lat' dir='ltr'><strong>et</strong></span> <span class='ocrx_word' id='word_1_352' title='bbox 1173 4456 1494 4511; x_wconf 88' lang='lat' dir='ltr'><strong>eruditionis</strong></span> <span class='ocrx_word' id='word_1_353' title='bbox 1525 4456 1794 4521; x_wconf 89' lang='lat' dir='ltr'><strong>videntur,</strong></span> <span class='ocrx_word' id='word_1_354' title='bbox 1829 4472 1964 4513; x_wconf 84' lang='lat' dir='ltr'><strong>non-</strong></span> <span class='ocrx_word' id='word_1_355' title='bbox 1999 4439 2041 4494; x_wconf 83' lang='grc' dir='ltr'>Ῑ)</span> 
     </span>
    </p>
   </div>
   <div class='ocr_carea' id='block_1_49' title="bbox 385 4547 1960 4621">
    <p class='ocr_par' dir='ltr' id='par_1_49' title="bbox 385 4547 1960 4621">
     <span class='ocr_line' id='line_1_49' title="bbox 385 4547 1960 4621; baseline 0.001 -18"><span class='ocrx_word' id='word_1_356' title='bbox 385 4550 514 4604; x_wconf 89' lang='lat' dir='ltr'><strong>dum</strong></span> <span class='ocrx_word' id='word_1_357' title='bbox 560 4558 741 4606; x_wconf 89' lang='lat' dir='ltr'><strong>tamen</strong></span> <span class='ocrx_word' id='word_1_358' title='bbox 795 4551 1004 4606; x_wconf 89' lang='lat' dir='ltr'><strong>meritis</strong></span> <span class='ocrx_word' id='word_1_359' title='bbox 1033 4557 1087 4604; x_wconf 90' lang='lat' dir='ltr'><strong>et</strong></span> <span class='ocrx_word' id='word_1_360' title='bbox 1116 4549 1228 4602; x_wconf 91' lang='lat' dir='ltr'><strong>vita</strong></span> <span class='ocrx_word' id='word_1_361' title='bbox 1266 4547 1334 4602; x_wconf 89' lang='lat' dir='ltr'><strong>ad</strong></span> <span class='ocrx_word' id='word_1_362' title='bbox 1388 4549 1779 4604; x_wconf 89' lang='lat' dir='ltr'><strong>sacerdotalem</strong></span> <span class='ocrx_word' id='word_1_363' title='bbox 1831 4565 1960 4621; x_wconf 88' lang='lat' dir='ltr'><strong>gra-</strong></span> 
     </span>
    </p>
   </div>
   <div class='ocr_carea' id='block_1_50' title="bbox 387 4642 1962 4716">
    <p class='ocr_par' dir='ltr' id='par_1_50' title="bbox 387 4642 1962 4716">
     <span class='ocr_line' id='line_1_50' title="bbox 387 4642 1962 4716; baseline -0.001 -17"><span class='ocrx_word' id='word_1_364' title='bbox 387 4646 518 4700; x_wconf 90' lang='lat' dir='ltr'><strong>tiam</strong></span> <span class='ocrx_word' id='word_1_365' title='bbox 558 4646 1015 4702; x_wconf 89' lang='lat' dir='ltr'><strong>conscenderunt.</strong></span> <span class='ocrx_word' id='word_1_366' title='bbox 1059 4645 1176 4700; x_wconf 82' lang='lat' dir='ltr'><strong>Non</strong></span> <span class='ocrx_word' id='word_1_367' title='bbox 1227 4642 1402 4698; x_wconf 92' lang='lat' dir='ltr'><strong>solum</strong></span> <span class='ocrx_word' id='word_1_368' title='bbox 1460 4660 1557 4716; x_wconf 90' lang='lat' dir='ltr'><strong>per</strong></span> <span class='ocrx_word' id='word_1_369' title='bbox 1587 4645 1864 4716; x_wconf 89' lang='lat' dir='ltr'><strong>speculum</strong></span> <span class='ocrx_word' id='word_1_370' title='bbox 1898 4658 1962 4699; x_wconf 91' lang='lat' dir='ltr'><strong>ea</strong></span> 
     </span>
    </p>
   </div>
   <div class='ocr_carea' id='block_1_51' title="bbox 387 4738 1965 4809">
    <p class='ocr_par' dir='ltr' id='par_1_51' title="bbox 387 4738 1965 4809">
     <span class='ocr_line' id='line_1_51' title="bbox 387 4738 1965 4809; baseline -0.001 -17"><span class='ocrx_word' id='word_1_371' title='bbox 387 4745 443 4792; x_wconf 88' lang='lat' dir='ltr'><strong>et</strong></span> <span class='ocrx_word' id='word_1_372' title='bbox 474 4741 526 4792; x_wconf 88' lang='lat' dir='ltr'><strong>in</strong></span> <span class='ocrx_word' id='word_1_373' title='bbox 560 4738 847 4808; x_wconf 55' lang='lat' dir='ltr'><strong>aenigmate</strong></span> <span class='ocrx_word' id='word_1_374' title='bbox 875 4739 1078 4802; x_wconf 87' lang='lat' dir='ltr'><strong>vident,</strong></span> <span class='ocrx_word' id='word_1_375' title='bbox 1107 4739 1202 4794; x_wconf 88' lang='lat' dir='ltr'><strong>sed</strong></span> <span class='ocrx_word' id='word_1_376' title='bbox 1229 4750 1284 4793; x_wconf 88' lang='lat' dir='ltr'><strong>et</strong></span> <span class='ocrx_word' id='word_1_377' title='bbox 1322 4747 1508 4809; x_wconf 85' lang='lat' dir='ltr'><strong>operta</strong></span> <span class='ocrx_word' id='word_1_378' title='bbox 1541 4747 1597 4794; x_wconf 89' lang='lat' dir='ltr'><strong>et</strong></span> <span class='ocrx_word' id='word_1_379' title='bbox 1630 4739 1806 4792; x_wconf 87' lang='lat' dir='ltr'><strong>velata</strong></span> <span class='ocrx_word' id='word_1_380' title='bbox 1846 4752 1965 4792; x_wconf 86' lang='lat' dir='ltr'><strong>sus-</strong></span> 
     </span>
    </p>
   </div>
   <div class='ocr_carea' id='block_1_52' title="bbox 388 4828 1965 4901">
    <p class='ocr_par' dir='ltr' id='par_1_52' title="bbox 388 4828 1965 4901">
     <span class='ocr_line' id='line_1_52' title="bbox 388 4828 1965 4901; baseline 0.001 -19"><span class='ocrx_word' id='word_1_381' title='bbox 388 4828 619 4899; x_wconf 88' lang='lat' dir='ltr'><strong>cipiunt,</strong></span> <span class='ocrx_word' id='word_1_382' title='bbox 655 4837 709 4884; x_wconf 91' lang='lat' dir='ltr'><strong>et</strong></span> <span class='ocrx_word' id='word_1_383' title='bbox 741 4831 792 4883; x_wconf 93' lang='lat' dir='ltr'><strong>in</strong></span> <span class='ocrx_word' id='word_1_384' title='bbox 825 4830 1069 4886; x_wconf 86' lang='lat' dir='ltr'><strong>humeris</strong></span> <span class='ocrx_word' id='word_1_385' title='bbox 1107 4839 1350 4901; x_wconf 89' lang='lat' dir='ltr'><strong>portant,</strong></span> <span class='ocrx_word' id='word_1_386' title='bbox 1395 4845 1504 4900; x_wconf 91' lang='lat' dir='ltr'><strong>quo</strong></span> <span class='ocrx_word' id='word_1_387' title='bbox 1536 4829 1748 4885; x_wconf 88' lang='lat' dir='ltr'><strong>scilicet</strong></span> <span class='ocrx_word' id='word_1_388' title='bbox 1794 4828 1965 4899; x_wconf 89' lang='lat' dir='ltr'><strong>magis</strong></span> 
     </span>
    </p>
   </div>
   <div class='ocr_carea' id='block_1_53' title="bbox 383 4923 1965 4992">
    <p class='ocr_par' dir='ltr' id='par_1_53' title="bbox 383 4923 1965 4992">
     <span class='ocr_line' id='line_1_53' title="bbox 383 4923 1965 4992; baseline -0.001 -15"><span class='ocrx_word' id='word_1_389' title='bbox 383 4935 447 4977; x_wconf 90' lang='lat' dir='ltr'><strong>ea</strong></span> <span class='ocrx_word' id='word_1_390' title='bbox 477 4931 599 4977; x_wconf 89' lang='lat' dir='ltr'><strong>actu</strong></span> <span class='ocrx_word' id='word_1_391' title='bbox 631 4936 882 4992; x_wconf 83' lang='lat' dir='ltr'><strong>operum.</strong></span> <span class='ocrx_word' id='word_1_392' title='bbox 912 4937 1075 4992; x_wconf 90' lang='lat' dir='ltr'><strong>quam</strong></span> <span class='ocrx_word' id='word_1_393' title='bbox 1116 4923 1359 4979; x_wconf 64' lang='lat' dir='ltr'><strong>scientiae</strong></span> <span class='ocrx_word' id='word_1_394' title='bbox 1395 4923 1731 4979; x_wconf 89' lang='lat' dir='ltr'><strong>revelatione</strong></span> <span class='ocrx_word' id='word_1_395' title='bbox 1761 4936 1965 4992; x_wconf 86' lang='lat' dir='ltr'><strong>cogno-</strong></span> 
     </span>
    </p>
   </div>
   <div class='ocr_carea' id='block_1_54' title="bbox 383 5014 1965 5087">
    <p class='ocr_par' dir='ltr' id='par_1_54' title="bbox 383 5014 1965 5087">
     <span class='ocr_line' id='line_1_54' title="bbox 383 5014 1965 5087; baseline 0 -17"><span class='ocrx_word' id='word_1_396' title='bbox 383 5024 563 5072; x_wconf 89' lang='lat' dir='ltr'><strong>scant.</strong></span> <span class='ocrx_word' id='word_1_397' title='bbox 585 5014 720 5082; x_wconf 87' lang='lat' dir='ltr'><strong>Quia</strong></span> <span class='ocrx_word' id='word_1_398' title='bbox 754 5016 918 5085; x_wconf 85' lang='lat' dir='ltr'><strong>igitur</strong></span> <span class='ocrx_word' id='word_1_399' title='bbox 950 5015 1254 5083; x_wconf 77' lang='lat' dir='ltr'><strong>huiusmodi</strong></span> <span class='ocrx_word' id='word_1_400' title='bbox 1295 5017 1624 5087; x_wconf 89' lang='lat' dir='ltr'><strong>dispensatio</strong></span> <span class='ocrx_word' id='word_1_401' title='bbox 1659 5025 1741 5071; x_wconf 90' lang='lat' dir='ltr'><strong>est</strong></span> <span class='ocrx_word' id='word_1_402' title='bbox 1763 5024 1965 5086; x_wconf 87' lang='lat' dir='ltr'><strong>myste-</strong></span> 
     </span>
    </p>
   </div>
   <div class='ocr_carea' id='block_1_55' title="bbox 384 5107 1960 5179">
    <p class='ocr_par' dir='ltr' id='par_1_55' title="bbox 384 5107 1960 5179">
     <span class='ocr_line' id='line_1_55' title="bbox 384 5107 1960 5179; baseline 0.002 -21"><span class='ocrx_word' id='word_1_403' title='bbox 384 5107 594 5162; x_wconf 91' lang='lat' dir='ltr'><strong>riorum</strong></span> <span class='ocrx_word' id='word_1_404' title='bbox 632 5107 725 5162; x_wconf 90' lang='lat' dir='ltr'><strong>Dei</strong></span> <span class='ocrx_word' id='word_1_405' title='bbox 758 5117 813 5162; x_wconf 89' lang='lat' dir='ltr'><strong>et</strong></span> <span class='ocrx_word' id='word_1_406' title='bbox 841 5108 1128 5164; x_wconf 88' lang='lat' dir='ltr'><strong>ministerii</strong></span> <span class='ocrx_word' id='word_1_407' title='bbox 1162 5109 1307 5179; x_wconf 88' lang='lat' dir='ltr'><strong>quod</strong></span> <span class='ocrx_word' id='word_1_408' title='bbox 1353 5109 1584 5163; x_wconf 87' lang='lat' dir='ltr'><strong>habetur</strong></span> <span class='ocrx_word' id='word_1_409' title='bbox 1630 5109 1682 5163; x_wconf 91' lang='lat' dir='ltr'><strong>in</strong></span> <span class='ocrx_word' id='word_1_410' title='bbox 1735 5107 1960 5174; x_wconf 89' lang='lat' dir='ltr'><strong>sanctis,</strong></span> 
     </span>
    </p>
   </div>
   <div class='ocr_carea' id='block_1_56' title="bbox 387 5199 1961 5269">
    <p class='ocr_par' dir='ltr' id='par_1_56' title="bbox 387 5199 1961 5269">
     <span class='ocr_line' id='line_1_56' title="bbox 387 5199 1961 5269; baseline 0 -16"><span class='ocrx_word' id='word_1_411' title='bbox 387 5199 524 5256; x_wconf 87' lang='lat' dir='ltr'><strong>tales</strong></span> <span class='ocrx_word' id='word_1_412' title='bbox 575 5214 675 5257; x_wconf 90' lang='lat' dir='ltr'><strong>nos</strong></span> <span class='ocrx_word' id='word_1_413' title='bbox 714 5200 978 5256; x_wconf 84' lang='lat' dir='ltr'><strong>exhibere</strong></span> <span class='ocrx_word' id='word_1_414' title='bbox 1019 5201 1310 5266; x_wconf 86' lang='lat' dir='ltr'><strong>debemus,</strong></span> <span class='ocrx_word' id='word_1_415' title='bbox 1356 5211 1414 5255; x_wconf 91' lang='lat' dir='ltr'><strong>ut</strong></span> <span class='ocrx_word' id='word_1_416' title='bbox 1460 5201 1609 5269; x_wconf 84' lang='lat' dir='ltr'><strong>digni</strong></span> <span class='ocrx_word' id='word_1_417' title='bbox 1666 5199 1961 5255; x_wconf 76' lang='lat' dir='ltr'><strong>efﬁciamur</strong></span> 
     </span>
    </p>
   </div>
   <div class='ocr_carea' id='block_1_57' title="bbox 385 5288 1960 5362">
    <p class='ocr_par' dir='ltr' id='par_1_57' title="bbox 385 5288 1960 5362">
     <span class='ocr_line' id='line_1_57' title="bbox 385 5288 1960 5362; baseline 0 -17"><span class='ocrx_word' id='word_1_418' title='bbox 385 5289 550 5362; x_wconf 64' lang='grc'><strong>284</strong></span> <span class='ocrx_word' id='word_1_419' title='bbox 600 5289 792 5345; x_wconf 87' lang='lat' dir='ltr'><strong>ordine</strong></span> <span class='ocrx_word' id='word_1_420' title='bbox 841 5288 1159 5354; x_wconf 85' lang='lat' dir='ltr'><strong>sacerdotii,</strong></span> <span class='ocrx_word' id='word_1_421' title='bbox 1201 5304 1269 5344; x_wconf 91' lang='lat' dir='ltr'><strong>ne</strong></span> <span class='ocrx_word' id='word_1_422' title='bbox 1304 5289 1448 5345; x_wconf 91' lang='lat' dir='ltr'><strong>velut</strong></span> <span class='ocrx_word' id='word_1_423' title='bbox 1493 5289 1960 5346; x_wconf 89' lang='lat' dir='ltr'><strong>irrationabilibus</strong></span> 
     </span>
    </p>
   </div>
   <div class='ocr_carea' id='block_1_58' title="bbox 384 5380 1957 5452">
    <p class='ocr_par' dir='ltr' id='par_1_58' title="bbox 384 5380 1957 5452">
     <span class='ocr_line' id='line_1_58' title="bbox 384 5380 1957 5452; baseline -0.002 -16"><span class='ocrx_word' id='word_1_424' title='bbox 384 5381 544 5437; x_wconf 87' lang='lat' dir='ltr'><strong>nobis</strong></span> <span class='ocrx_word' id='word_1_425' title='bbox 575 5395 743 5437; x_wconf 91' lang='lat' dir='ltr'><strong>onera</strong></span> <span class='ocrx_word' id='word_1_426' title='bbox 789 5382 972 5452; x_wconf 85' lang='lat' dir='ltr'><strong>gravia</strong></span> <span class='ocrx_word' id='word_1_427' title='bbox 1017 5380 1388 5449; x_wconf 88' lang='lat' dir='ltr'><strong>imponantur,</strong></span> <span class='ocrx_word' id='word_1_428' title='bbox 1427 5380 1521 5437; x_wconf 90' lang='lat' dir='ltr'><strong>sed</strong></span> <span class='ocrx_word' id='word_1_429' title='bbox 1574 5389 1831 5450; x_wconf 88' lang='lat' dir='ltr'><strong>tanquam</strong></span> <span class='ocrx_word' id='word_1_430' title='bbox 1868 5396 1957 5434; x_wconf 89' lang='lat' dir='ltr'><strong>ra-</strong></span> 
     </span>
    </p>
   </div>
   <div class='ocr_carea' id='block_1_59' title="bbox 384 5471 1956 5546">
    <p class='ocr_par' dir='ltr' id='par_1_59' title="bbox 384 5471 1956 5546">
     <span class='ocr_line' id='line_1_59' title="bbox 384 5471 1956 5546; baseline 0.002 -20"><span class='ocrx_word' id='word_1_431' title='bbox 384 5472 678 5529; x_wconf 89' lang='lat' dir='ltr'><strong>tionabiles</strong></span> <span class='ocrx_word' id='word_1_432' title='bbox 716 5480 769 5528; x_wconf 91' lang='lat' dir='ltr'><strong>et</strong></span> <span class='ocrx_word' id='word_1_433' title='bbox 799 5472 973 5528; x_wconf 89' lang='lat' dir='ltr'><strong>sancti</strong></span> <span class='ocrx_word' id='word_1_434' title='bbox 1027 5471 1459 5529; x_wconf 90' lang='lat' dir='ltr'><strong>sacerdotalibus</strong></span> <span class='ocrx_word' id='word_1_435' title='bbox 1505 5472 1695 5530; x_wconf 86' lang='lat' dir='ltr'><strong>olliciis</strong></span> <span class='ocrx_word' id='word_1_436' title='bbox 1727 5475 1956 5546; x_wconf 89' lang='lat' dir='ltr'><strong>depute-</strong></span> 
     </span>
    </p>
   </div>
   <div class='ocr_carea' id='block_1_60' title="bbox 455 5587 1421 5659">
    <p class='ocr_par' dir='ltr' id='par_1_60' title="bbox 455 5587 1421 5659">
     <span class='ocr_line' id='line_1_60' title="bbox 455 5587 1421 5659; baseline 0.004 -16"><span class='ocrx_word' id='word_1_437' title='bbox 455 5588 500 5620; x_wconf 80' lang='lat'><strong>“</strong></span> <span class='ocrx_word' id='word_1_438' title='bbox 537 5587 557 5643; x_wconf 89' lang='grc' dir='ltr'><strong>Ι</strong></span> <span class='ocrx_word' id='word_1_439' title='bbox 594 5588 708 5643; x_wconf 86' lang='lat' dir='ltr'><strong>Pet.</strong></span> <span class='ocrx_word' id='word_1_440' title='bbox 741 5605 808 5654; x_wconf 88' lang='lat' dir='ltr'><strong>tl,</strong></span> <span class='ocrx_word' id='word_1_441' title='bbox 844 5590 897 5645; x_wconf 91' lang='lat'><strong>9.</strong></span> <span class='ocrx_word' id='word_1_442' title='bbox 978 5591 1018 5621; x_wconf 85' lang='lat'>&quot;</span> <span class='ocrx_word' id='word_1_443' title='bbox 1041 5588 1197 5647; x_wconf 84' lang='lat' dir='ltr'><strong>Num.</strong></span> <span class='ocrx_word' id='word_1_444' title='bbox 1228 5607 1302 5659; x_wconf 82' lang='lat' dir='ltr'><strong>tv,</strong></span> <span class='ocrx_word' id='word_1_445' title='bbox 1339 5591 1421 5647; x_wconf 76' lang='lat'><strong>18.</strong></span> 
     </span>
    </p>
   </div>
   <div class='ocr_carea' id='block_1_61' title="bbox 2095 496 3684 570">
    <p class='ocr_par' dir='ltr' id='par_1_61' title="bbox 2095 496 3684 570">
     <span class='ocr_line' id='line_1_61' title="bbox 2095 496 3684 570; baseline -0.006 -12"><span class='ocrx_word' id='word_1_446' title='bbox 2095 519 2282 558; x_wconf 90' lang='lat' dir='ltr'><strong>sumus</strong></span> <span class='ocrx_word' id='word_1_447' title='bbox 2328 512 2383 556; x_wconf 91' lang='lat' dir='ltr'><strong>et</strong></span> <span class='ocrx_word' id='word_1_448' title='bbox 2429 500 2656 570; x_wconf 88' lang='lat' dir='ltr'><strong>populus</strong></span> <span class='ocrx_word' id='word_1_449' title='bbox 2701 500 2754 553; x_wconf 95' lang='lat' dir='ltr'><strong>in</strong></span> <span class='ocrx_word' id='word_1_450' title='bbox 2804 496 3226 566; x_wconf 88' lang='lat' dir='ltr'><strong>acquisitionem</strong></span> <span class='ocrx_word' id='word_1_451' title='bbox 3256 497 3324 561; x_wconf 75' lang='grc'><strong>⁸⁸,</strong></span> <span class='ocrx_word' id='word_1_452' title='bbox 3369 505 3578 550; x_wconf 92' lang='lat' dir='ltr'><strong>tantum</strong></span> <span class='ocrx_word' id='word_1_453' title='bbox 3626 504 3684 549; x_wconf 91' lang='lat' dir='ltr'><strong>ut</strong></span> 
     </span>
    </p>
   </div>
   <div class='ocr_carea' id='block_1_62' title="bbox 2094 587 3680 662">
    <p class='ocr_par' dir='ltr' id='par_1_62' title="bbox 2094 587 3680 662">
     <span class='ocr_line' id='line_1_62' title="bbox 2094 587 3680 662; baseline -0.006 -14"><span class='ocrx_word' id='word_1_454' title='bbox 2094 604 2376 662; x_wconf 82' lang='lat' dir='ltr'><strong>acceptam</strong></span> <span class='ocrx_word' id='word_1_455' title='bbox 2430 593 2660 661; x_wconf 87' lang='lat' dir='ltr'><strong>gratiam</strong></span> <span class='ocrx_word' id='word_1_456' title='bbox 2703 591 2826 644; x_wconf 67' lang='lat' dir='ltr'><strong>vitae</strong></span> <span class='ocrx_word' id='word_1_457' title='bbox 2860 587 3070 642; x_wconf 92' lang='lat' dir='ltr'><strong>meritis</strong></span> <span class='ocrx_word' id='word_1_458' title='bbox 3114 598 3498 656; x_wconf 84' lang='lat' dir='ltr'><strong>exsequentes,</strong></span> <span class='ocrx_word' id='word_1_459' title='bbox 3531 587 3680 656; x_wconf 80' lang='lat' dir='ltr'><strong>digni</strong></span> 
     </span>
    </p>
   </div>
   <div class='ocr_carea' id='block_1_63' title="bbox 2093 677 3683 741">
    <p class='ocr_par' dir='ltr' id='par_1_63' title="bbox 2093 677 3683 741">
     <span class='ocr_line' id='line_1_63' title="bbox 2093 677 3683 741; baseline -0.007 0"><span class='ocrx_word' id='word_1_460' title='bbox 2093 688 2396 741; x_wconf 83' lang='lat' dir='ltr'><strong>habeantur</strong></span> <span class='ocrx_word' id='word_1_461' title='bbox 2424 694 2614 738; x_wconf 87' lang='lat' dir='ltr'><strong>sancto</strong></span> <span class='ocrx_word' id='word_1_462' title='bbox 2647 681 2996 737; x_wconf 87' lang='lat' dir='ltr'><strong>ministerio:</strong></span> <span class='ocrx_word' id='word_1_463' title='bbox 3034 685 3090 732; x_wconf 90' lang='lat' dir='ltr'><strong>ut</strong></span> <span class='ocrx_word' id='word_1_464' title='bbox 3119 692 3240 732; x_wconf 90' lang='lat' dir='ltr'><strong>cum</strong></span> <span class='ocrx_word' id='word_1_465' title='bbox 3271 677 3683 730; x_wconf 88' lang='lat' dir='ltr'><strong>discesserimus</strong></span> 
     </span>
    </p>
   </div>
   <div class='ocr_carea' id='block_1_64' title="bbox 2099 768 3680 839">
    <p class='ocr_par' dir='ltr' id='par_1_64' title="bbox 2099 768 3680 839">
     <span class='ocr_line' id='line_1_64' title="bbox 2099 768 3680 839; baseline -0.005 -7"><span class='ocrx_word' id='word_1_466' title='bbox 2099 779 2166 833; x_wconf 88' lang='lat' dir='ltr'><strong>de</strong></span> <span class='ocrx_word' id='word_1_467' title='bbox 2205 780 2306 832; x_wconf 90' lang='lat' dir='ltr'><strong>hac</strong></span> <span class='ocrx_word' id='word_1_468' title='bbox 2337 778 2468 839; x_wconf 87' lang='lat' dir='ltr'><strong>vita,</strong></span> <span class='ocrx_word' id='word_1_469' title='bbox 2499 789 2813 829; x_wconf 85' lang='lat' dir='ltr'><strong>mereamur</strong></span> <span class='ocrx_word' id='word_1_470' title='bbox 2848 772 3083 836; x_wconf 88' lang='lat' dir='ltr'><strong>assumi,</strong></span> <span class='ocrx_word' id='word_1_471' title='bbox 3129 779 3186 823; x_wconf 94' lang='lat' dir='ltr'><strong>ut</strong></span> <span class='ocrx_word' id='word_1_472' title='bbox 3219 784 3378 837; x_wconf 85' lang='lat' dir='ltr'><strong>supra</strong></span> <span class='ocrx_word' id='word_1_473' title='bbox 3423 768 3680 832; x_wconf 85' lang='lat' dir='ltr'><strong>diximus,</strong></span> 
     </span>
    </p>
   </div>
   <div class='ocr_carea' id='block_1_65' title="bbox 2093 862 3685 928">
    <p class='ocr_par' dir='ltr' id='par_1_65' title="bbox 2093 862 3685 928">
     <span class='ocr_line' id='line_1_65' title="bbox 2093 862 3685 928; baseline -0.009 -4"><span class='ocrx_word' id='word_1_474' title='bbox 2093 870 2241 924; x_wconf 79' lang='lat' dir='ltr'><strong>inter</strong></span> <span class='ocrx_word' id='word_1_475' title='bbox 2279 867 2593 922; x_wconf 88' lang='lat' dir='ltr'><strong>sacerdotes</strong></span> <span class='ocrx_word' id='word_1_476' title='bbox 2645 864 2764 928; x_wconf 88' lang='lat' dir='ltr'><strong>Dei,</strong></span> <span class='ocrx_word' id='word_1_477' title='bbox 2808 873 2861 918; x_wconf 92' lang='lat' dir='ltr'><strong>et</strong></span> <span class='ocrx_word' id='word_1_478' title='bbox 2907 862 3288 915; x_wconf 89' lang='lat' dir='ltr'><strong>ministrantes</strong></span> <span class='ocrx_word' id='word_1_479' title='bbox 3326 873 3467 910; x_wconf 76' lang='lat' dir='ltr'><strong>arcze</strong></span> <span class='ocrx_word' id='word_1_480' title='bbox 3518 866 3685 910; x_wconf 67' lang='lat' dir='ltr'><strong>testan</strong></span> 
     </span>
    </p>
   </div>
   <div class='ocr_carea' id='block_1_66' title="bbox 2093 948 3670 1024">
    <p class='ocr_par' dir='ltr' id='par_1_66' title="bbox 2093 948 3670 1024">
     <span class='ocr_line' id='line_1_66' title="bbox 2093 948 3670 1024; baseline -0.006 -10"><span class='ocrx_word' id='word_1_481' title='bbox 2093 960 2285 1024; x_wconf 91' lang='lat' dir='ltr'><strong>menti,</strong></span> <span class='ocrx_word' id='word_1_482' title='bbox 2331 959 2381 1014; x_wconf 94' lang='lat' dir='ltr'><strong>in</strong></span> <span class='ocrx_word' id='word_1_483' title='bbox 2415 958 2632 1013; x_wconf 90' lang='lat' dir='ltr'><strong>arcanis</strong></span> <span class='ocrx_word' id='word_1_484' title='bbox 2669 956 2880 1012; x_wconf 88' lang='lat' dir='ltr'><strong>scilicet</strong></span> <span class='ocrx_word' id='word_1_485' title='bbox 2923 961 2980 1005; x_wconf 89' lang='lat' dir='ltr'><strong>et</strong></span> <span class='ocrx_word' id='word_1_486' title='bbox 3023 949 3322 1006; x_wconf 90' lang='lat' dir='ltr'><strong>reconditis</strong></span> <span class='ocrx_word' id='word_1_487' title='bbox 3371 948 3670 1018; x_wconf 86' lang='lat' dir='ltr'><strong>mysteriis,</strong></span> 
     </span>
    </p>
   </div>
   <div class='ocr_carea' id='block_1_67' title="bbox 2091 1040 3682 1118">
    <p class='ocr_par' dir='ltr' id='par_1_67' title="bbox 2091 1040 3682 1118">
     <span class='ocr_line' id='line_1_67' title="bbox 2091 1040 3682 1118; baseline -0.007 -14"><span class='ocrx_word' id='word_1_488' title='bbox 2091 1051 2330 1106; x_wconf 88' lang='lat' dir='ltr'><strong>revelata</strong></span> <span class='ocrx_word' id='word_1_489' title='bbox 2380 1049 2515 1103; x_wconf 82' lang='lat' dir='ltr'><strong>faeie</strong></span> <span class='ocrx_word' id='word_1_490' title='bbox 2563 1048 2789 1118; x_wconf 83' lang='lat' dir='ltr'><strong>gloriam</strong></span> <span class='ocrx_word' id='word_1_491' title='bbox 2841 1043 3050 1099; x_wconf 88' lang='lat' dir='ltr'><strong>Domini</strong></span> <span class='ocrx_word' id='word_1_492' title='bbox 3104 1040 3472 1108; x_wconf 81' lang='lat' dir='ltr'><strong>speeulcmur,</strong></span> <span class='ocrx_word' id='word_1_493' title='bbox 3509 1049 3562 1093; x_wconf 92' lang='lat' dir='ltr'><strong>et</strong></span> <span class='ocrx_word' id='word_1_494' title='bbox 3597 1041 3682 1094; x_wconf 92' lang='lat' dir='ltr'><strong>in-</strong></span> 
     </span>
    </p>
   </div>
   <div class='ocr_carea' id='block_1_68' title="bbox 2088 1134 3680 1212">
    <p class='ocr_par' dir='ltr' id='par_1_68' title="bbox 2088 1134 3680 1212">
     <span class='ocr_line' id='line_1_68' title="bbox 2088 1134 3680 1212; baseline -0.009 -14"><span class='ocrx_word' id='word_1_495' title='bbox 2088 1143 2399 1212; x_wconf 80' lang='lat' dir='ltr'><strong>grediantur</strong></span> <span class='ocrx_word' id='word_1_496' title='bbox 2425 1153 2625 1197; x_wconf 90' lang='lat' dir='ltr'><strong>terram</strong></span> <span class='ocrx_word' id='word_1_497' title='bbox 2649 1149 2921 1198; x_wconf 82' lang='lat' dir='ltr'><strong>sanetam.</strong></span> <span class='ocrx_word' id='word_1_498' title='bbox 2944 1136 3097 1206; x_wconf 82' lang='lat' dir='ltr'><strong>cujus</strong></span> <span class='ocrx_word' id='word_1_499' title='bbox 3131 1136 3502 1190; x_wconf 83' lang='lat' dir='ltr'><strong>haereditatcm</strong></span> <span class='ocrx_word' id='word_1_500' title='bbox 3524 1134 3680 1186; x_wconf 86' lang='lat' dir='ltr'><strong>nobis</strong></span> 
     </span>
    </p>
   </div>
   <div class='ocr_carea' id='block_1_69' title="bbox 2088 1223 3679 1302">
    <p class='ocr_par' dir='ltr' id='par_1_69' title="bbox 2088 1223 3679 1302">
     <span class='ocr_line' id='line_1_69' title="bbox 2088 1223 3679 1302; baseline -0.006 -18"><span class='ocrx_word' id='word_1_501' title='bbox 2088 1233 2375 1302; x_wconf 61' lang='lat' dir='ltr'><strong>praestabit</strong></span> <span class='ocrx_word' id='word_1_502' title='bbox 2413 1231 2674 1284; x_wconf 89' lang='lat' dir='ltr'><strong>Dominus</strong></span> <span class='ocrx_word' id='word_1_503' title='bbox 2724 1237 2912 1282; x_wconf 86' lang='lat' dir='ltr'><strong>noster</strong></span> <span class='ocrx_word' id='word_1_504' title='bbox 2959 1225 3118 1280; x_wconf 85' lang='lat' dir='ltr'><strong>Jcsus</strong></span> <span class='ocrx_word' id='word_1_505' title='bbox 3166 1225 3440 1284; x_wconf 71' lang='lat' dir='ltr'><strong>Christus,</strong></span> <span class='ocrx_word' id='word_1_506' title='bbox 3477 1223 3561 1275; x_wconf 90' lang='lat' dir='ltr'><strong>cui</strong></span> <span class='ocrx_word' id='word_1_507' title='bbox 3595 1232 3679 1275; x_wconf 88' lang='lat' dir='ltr'><strong>est</strong></span> 
     </span>
    </p>
   </div>
   <div class='ocr_carea' id='block_1_70' title="bbox 2087 1317 3567 1396">
    <p class='ocr_par' dir='ltr' id='par_1_70' title="bbox 2087 1317 3567 1396">
     <span class='ocr_line' id='line_1_70' title="bbox 2087 1317 3567 1396; baseline -0.008 -18"><span class='ocrx_word' id='word_1_508' title='bbox 2087 1325 2255 1396; x_wconf 89' lang='lat' dir='ltr'><strong>gloria</strong></span> <span class='ocrx_word' id='word_1_509' title='bbox 2286 1333 2339 1380; x_wconf 89' lang='lat' dir='ltr'><strong>et</strong></span> <span class='ocrx_word' id='word_1_510' title='bbox 2373 1324 2659 1394; x_wconf 89' lang='lat' dir='ltr'><strong>imperium</strong></span> <span class='ocrx_word' id='word_1_511' title='bbox 2692 1322 2744 1374; x_wconf 93' lang='lat' dir='ltr'><strong>in</strong></span> <span class='ocrx_word' id='word_1_512' title='bbox 2780 1318 2977 1373; x_wconf 60' lang='lat' dir='ltr'><strong>saecula</strong></span> <span class='ocrx_word' id='word_1_513' title='bbox 3011 1317 3353 1371; x_wconf 71' lang='lat' dir='ltr'><strong>smculorum.</strong></span> <span class='ocrx_word' id='word_1_514' title='bbox 3375 1317 3567 1368; x_wconf 82' lang='lat' dir='ltr'><strong>Amen.</strong></span> 
     </span>
    </p>
   </div>
   <div class='ocr_carea' id='block_1_71' title="bbox 2692 1405 3087 1466">
    <p class='ocr_par' dir='ltr' id='par_1_71' title="bbox 2692 1405 3087 1466">
     <span class='ocr_line' id='line_1_71' title="bbox 2692 1405 3087 1466; baseline -0.01 0"><span class='ocrx_word' id='word_1_515' title='bbox 2692 1407 2980 1466; x_wconf 77' lang='lat' dir='ltr'><strong>HOMILIA</strong></span> <span class='ocrx_word' id='word_1_516' title='bbox 3025 1405 3087 1462; x_wconf 71' lang='grc' dir='ltr'><strong>ν.</strong></span> 
     </span>
    </p>
   </div>
   <div class='ocr_carea' id='block_1_72' title="bbox 2089 1497 3678 1576">
    <p class='ocr_par' dir='ltr' id='par_1_72' title="bbox 2089 1497 3678 1576">
     <span class='ocr_line' id='line_1_72' title="bbox 2089 1497 3678 1576; baseline -0.008 -13"><span class='ocrx_word' id='word_1_517' title='bbox 2089 1508 2164 1563; x_wconf 83' lang='lat' dir='ltr'><strong>De</strong></span> <span class='ocrx_word' id='word_1_518' title='bbox 2193 1523 2255 1562; x_wconf 86' lang='lat' dir='ltr'><strong>eo</strong></span> <span class='ocrx_word' id='word_1_519' title='bbox 2303 1507 2443 1576; x_wconf 84' lang='lat' dir='ltr'><strong>quod</strong></span> <span class='ocrx_word' id='word_1_520' title='bbox 2480 1505 2733 1576; x_wconf 82' lang='lat' dir='ltr'><strong>scriptum</strong></span> <span class='ocrx_word' id='word_1_521' title='bbox 2776 1513 2850 1576; x_wconf 69' lang='lat' dir='ltr'><strong>est</strong></span> <span class='ocrx_word' id='word_1_522' title='bbox 2886 1515 2911 1576; x_wconf 66' lang='grc' dir='ltr'><strong>Δε</strong></span> <span class='ocrx_word' id='word_1_523' title='bbox 2949 1517 2967 1549; x_wconf 75' lang='grc' dir='ltr'><strong>ε</strong></span> <span class='ocrx_word' id='word_1_524' title='bbox 3019 1497 3199 1576; x_wconf 48' lang='grc' dir='ltr'><strong>ῃοιίζε</strong></span> <span class='ocrx_word' id='word_1_525' title='bbox 3238 1498 3589 1552; x_wconf 79' lang='lat' dir='ltr'><strong>exterminare</strong></span> <span class='ocrx_word' id='word_1_526' title='bbox 3615 1497 3678 1550; x_wconf 78' lang='lat' dir='ltr'><strong>de</strong></span> 
     </span>
    </p>
   </div>
   <div class='ocr_carea' id='block_1_73' title="bbox 2508 1567 3250 1639">
    <p class='ocr_par' dir='ltr' id='par_1_73' title="bbox 2508 1567 3250 1639">
     <span class='ocr_line' id='line_1_73' title="bbox 2508 1567 3250 1639; baseline -0.013 -11"><span class='ocrx_word' id='word_1_527' title='bbox 2508 1567 2647 1629; x_wconf 78' lang='lat' dir='ltr'><strong>tribu</strong></span> <span class='ocrx_word' id='word_1_528' title='bbox 2669 1590 2766 1626; x_wconf 82' lang='lat' dir='ltr'><strong>sua</strong></span> <span class='ocrx_word' id='word_1_529' title='bbox 2795 1571 2991 1639; x_wconf 82' lang='lat' dir='ltr'><strong>plebem</strong></span> <span class='ocrx_word' id='word_1_530' title='bbox 3013 1567 3201 1622; x_wconf 81' lang='lat' dir='ltr'><strong>Caallt.</strong></span> <span class='ocrx_word' id='word_1_531' title='bbox 3233 1590 3250 1618; x_wconf 82' lang='lat' dir='ltr'><strong>s</strong></span> 
     </span>
    </p>
   </div>
   <div class='ocr_carea' id='block_1_74' title="bbox 2157 1653 3674 1736">
    <p class='ocr_par' dir='ltr' id='par_1_74' title="bbox 2157 1653 3674 1736">
     <span class='ocr_line' id='line_1_74' title="bbox 2157 1653 3674 1736; baseline -0.015 -12"><span class='ocrx_word' id='word_1_532' title='bbox 2157 1669 2208 1724; x_wconf 78' lang='grc'><strong>1.</strong></span> <span class='ocrx_word' id='word_1_533' title='bbox 2252 1668 2531 1736; x_wconf 77' lang='lat' dir='ltr'><strong>Responsa</strong></span> <span class='ocrx_word' id='word_1_534' title='bbox 2563 1663 2698 1714; x_wconf 89' lang='lat' dir='ltr'><strong>dans</strong></span> <span class='ocrx_word' id='word_1_535' title='bbox 2735 1657 2993 1712; x_wconf 89' lang='lat' dir='ltr'><strong>Dominus</strong></span> <span class='ocrx_word' id='word_1_536' title='bbox 3030 1659 3094 1709; x_wconf 92' lang='lat' dir='ltr'><strong>ad</strong></span> <span class='ocrx_word' id='word_1_537' title='bbox 3131 1653 3350 1724; x_wconf 84' lang='lat' dir='ltr'><strong>Moysen</strong></span> <span class='ocrx_word' id='word_1_538' title='bbox 3379 1663 3432 1706; x_wconf 91' lang='lat' dir='ltr'><strong>et</strong></span> <span class='ocrx_word' id='word_1_539' title='bbox 3463 1655 3674 1716; x_wconf 81' lang='lat' dir='ltr'><strong>Aaron,</strong></span> 
     </span>
    </p>
   </div>
   <div class='ocr_carea' id='block_1_75' title="bbox 2017 1741 3677 1812">
    <p class='ocr_par' dir='ltr' id='par_1_75' title="bbox 2017 1741 3677 1812">
     <span class='ocr_line' id='line_1_75' title="bbox 2017 1741 3677 1812; baseline -0.013 0"><span class='ocrx_word' id='word_1_540' title='bbox 2017 1758 2057 1812; x_wconf 87' lang='grc' dir='ltr'><strong><em>Β</em></strong></span> <span class='ocrx_word' id='word_1_541' title='bbox 2085 1758 2217 1812; x_wconf 92' lang='lat' dir='ltr'><strong>dicit</strong></span> <span class='ocrx_word' id='word_1_542' title='bbox 2244 1757 2287 1788; x_wconf 84' lang='lat'>&quot;</span> <span class='ocrx_word' id='word_1_543' title='bbox 2318 1770 2333 1809; x_wconf 92' lang='lat'><strong>:</strong></span> <span class='ocrx_word' id='word_1_544' title='bbox 2377 1774 2395 1807; x_wconf 76' lang='grc' dir='ltr'>ι</span> <span class='ocrx_word' id='word_1_545' title='bbox 2429 1751 2606 1807; x_wconf 84' lang='lat' dir='ltr'><strong>Nolite</strong></span> <span class='ocrx_word' id='word_1_546' title='bbox 2645 1745 3015 1804; x_wconf 81' lang='lat' dir='ltr'><strong>exterminare</strong></span> <span class='ocrx_word' id='word_1_547' title='bbox 3044 1744 3112 1798; x_wconf 92' lang='lat' dir='ltr'><strong>de</strong></span> <span class='ocrx_word' id='word_1_548' title='bbox 3145 1744 3285 1797; x_wconf 90' lang='lat' dir='ltr'><strong>tribu</strong></span> <span class='ocrx_word' id='word_1_549' title='bbox 3324 1758 3421 1798; x_wconf 87' lang='lat' dir='ltr'><strong>sua</strong></span> <span class='ocrx_word' id='word_1_550' title='bbox 3465 1741 3677 1810; x_wconf 88' lang='lat' dir='ltr'><strong>plebem</strong></span> 
     </span>
    </p>
   </div>
   <div class='ocr_carea' id='block_1_76' title="bbox 2086 1832 3673 1905">
    <p class='ocr_par' dir='ltr' id='par_1_76' title="bbox 2086 1832 3673 1905">
     <span class='ocr_line' id='line_1_76' title="bbox 2086 1832 3673 1905; baseline -0.013 -2"><span class='ocrx_word' id='word_1_551' title='bbox 2086 1849 2257 1905; x_wconf 87' lang='lat' dir='ltr'><strong>Caath</strong></span> <span class='ocrx_word' id='word_1_552' title='bbox 2287 1847 2354 1902; x_wconf 92' lang='lat' dir='ltr'><strong>de</strong></span> <span class='ocrx_word' id='word_1_553' title='bbox 2387 1845 2563 1901; x_wconf 89' lang='lat' dir='ltr'><strong>medio</strong></span> <span class='ocrx_word' id='word_1_554' title='bbox 2600 1842 2831 1896; x_wconf 88' lang='lat' dir='ltr'><strong>ﬁliorum</strong></span> <span class='ocrx_word' id='word_1_555' title='bbox 2882 1838 3048 1904; x_wconf 85' lang='lat' dir='ltr'><strong>Levi,</strong></span> <span class='ocrx_word' id='word_1_556' title='bbox 3101 1838 3194 1892; x_wconf 89' lang='lat' dir='ltr'><strong>sed</strong></span> <span class='ocrx_word' id='word_1_557' title='bbox 3240 1837 3342 1890; x_wconf 91' lang='lat' dir='ltr'><strong>hoc</strong></span> <span class='ocrx_word' id='word_1_558' title='bbox 3376 1833 3538 1888; x_wconf 79' lang='lat' dir='ltr'><strong>facile</strong></span> <span class='ocrx_word' id='word_1_559' title='bbox 3572 1832 3673 1897; x_wconf 86' lang='lat' dir='ltr'><strong>eis,</strong></span> 
     </span>
    </p>
   </div>
   <div class='ocr_carea' id='block_1_77' title="bbox 2085 1926 3670 1996">
    <p class='ocr_par' dir='ltr' id='par_1_77' title="bbox 2085 1926 3670 1996">
     <span class='ocr_line' id='line_1_77' title="bbox 2085 1926 3670 1996; baseline -0.012 0"><span class='ocrx_word' id='word_1_560' title='bbox 2085 1951 2139 1996; x_wconf 94' lang='lat' dir='ltr'><strong>et</strong></span> <span class='ocrx_word' id='word_1_561' title='bbox 2171 1940 2358 1994; x_wconf 87' lang='lat' dir='ltr'><strong>vivent</strong></span> <span class='ocrx_word' id='word_1_562' title='bbox 2385 1948 2436 1992; x_wconf 91' lang='lat' dir='ltr'><strong>et</strong></span> <span class='ocrx_word' id='word_1_563' title='bbox 2474 1952 2582 1992; x_wconf 92' lang='lat' dir='ltr'><strong>non</strong></span> <span class='ocrx_word' id='word_1_564' title='bbox 2610 1934 2917 1989; x_wconf 89' lang='lat' dir='ltr'><strong>morientur</strong></span> <span class='ocrx_word' id='word_1_565' title='bbox 2938 1947 3061 1986; x_wconf 87' lang='lat' dir='ltr'><strong>cum</strong></span> <span class='ocrx_word' id='word_1_566' title='bbox 3089 1931 3350 1985; x_wconf 80' lang='lat' dir='ltr'><strong>accedent</strong></span> <span class='ocrx_word' id='word_1_567' title='bbox 3374 1928 3440 1982; x_wconf 88' lang='lat' dir='ltr'><strong>ad</strong></span> <span class='ocrx_word' id='word_1_568' title='bbox 3471 1926 3670 1980; x_wconf 87' lang='lat' dir='ltr'><strong>Sancta</strong></span> 
     </span>
    </p>
   </div>
   <div class='ocr_carea' id='block_1_78' title="bbox 2085 2019 3670 2094">
    <p class='ocr_par' dir='ltr' id='par_1_78' title="bbox 2085 2019 3670 2094">
     <span class='ocr_line' id='line_1_78' title="bbox 2085 2019 3670 2094; baseline -0.013 -6"><span class='ocrx_word' id='word_1_569' title='bbox 2085 2041 2483 2094; x_wconf 62' lang='lat' dir='ltr'><strong>sanctorum,»</strong></span> <span class='ocrx_word' id='word_1_570' title='bbox 2540 2036 2594 2082; x_wconf 92' lang='lat' dir='ltr'><strong>ct</strong></span> <span class='ocrx_word' id='word_1_571' title='bbox 2642 2025 2877 2094; x_wconf 89' lang='lat' dir='ltr'><strong>reliqua.</strong></span> <span class='ocrx_word' id='word_1_572' title='bbox 2928 2021 3117 2076; x_wconf 87' lang='lat' dir='ltr'><strong>Primo</strong></span> <span class='ocrx_word' id='word_1_573' title='bbox 3169 2019 3537 2087; x_wconf 85' lang='lat' dir='ltr'><strong>intelligamus</strong></span> <span class='ocrx_word' id='word_1_574' title='bbox 3584 2031 3670 2078; x_wconf 91' lang='lat' dir='ltr'><strong>ea,</strong></span> 
     </span>
    </p>
   </div>
   <div class='ocr_carea' id='block_1_79' title="bbox 2085 2111 3659 2194">
    <p class='ocr_par' dir='ltr' id='par_1_79' title="bbox 2085 2111 3659 2194">
     <span class='ocr_line' id='line_1_79' title="bbox 2085 2111 3659 2194; baseline -0.008 -20"><span class='ocrx_word' id='word_1_575' title='bbox 2085 2137 2204 2194; x_wconf 64' lang='lat' dir='ltr'><strong>qua!</strong></span> <span class='ocrx_word' id='word_1_576' title='bbox 2253 2120 2547 2176; x_wconf 88' lang='lat' dir='ltr'><strong>secundum</strong></span> <span class='ocrx_word' id='word_1_577' title='bbox 2601 2117 2844 2171; x_wconf 90' lang='lat' dir='ltr'><strong>litteram</strong></span> <span class='ocrx_word' id='word_1_578' title='bbox 2915 2111 3252 2173; x_wconf 81' lang='lat' dir='ltr'><strong>referuntur.</strong></span> <span class='ocrx_word' id='word_1_579' title='bbox 3304 2121 3358 2164; x_wconf 89' lang='lat' dir='ltr'><strong>et</strong></span> <span class='ocrx_word' id='word_1_580' title='bbox 3399 2111 3472 2163; x_wconf 88' lang='lat' dir='ltr'><strong>ita</strong></span> <span class='ocrx_word' id='word_1_581' title='bbox 3529 2124 3659 2176; x_wconf 72' lang='lat' dir='ltr'><strong>pra:-</strong></span> 
     </span>
    </p>
   </div>
   <div class='ocr_carea' id='block_1_80' title="bbox 2082 2199 3667 2269">
    <p class='ocr_par' dir='ltr' id='par_1_80' title="bbox 2082 2199 3667 2269">
     <span class='ocr_line' id='line_1_80' title="bbox 2082 2199 3667 2269; baseline -0.015 0"><span class='ocrx_word' id='word_1_582' title='bbox 2082 2222 2260 2269; x_wconf 84' lang='lat' dir='ltr'><strong>stante</strong></span> <span class='ocrx_word' id='word_1_583' title='bbox 2295 2209 2521 2265; x_wconf 91' lang='lat' dir='ltr'><strong>Domino</strong></span> <span class='ocrx_word' id='word_1_584' title='bbox 2553 2208 2621 2261; x_wconf 93' lang='lat' dir='ltr'><strong>ab</strong></span> <span class='ocrx_word' id='word_1_585' title='bbox 2648 2206 2927 2261; x_wconf 91' lang='lat' dir='ltr'><strong>intellectu</strong></span> <span class='ocrx_word' id='word_1_586' title='bbox 2969 2203 3169 2256; x_wconf 70' lang='lat' dir='ltr'><strong>iitterze</strong></span> <span class='ocrx_word' id='word_1_587' title='bbox 3217 2201 3573 2255; x_wconf 88' lang='lat' dir='ltr'><strong>ascendemus</strong></span> <span class='ocrx_word' id='word_1_588' title='bbox 3600 2199 3667 2251; x_wconf 87' lang='lat' dir='ltr'><strong>ad</strong></span> 
     </span>
    </p>
   </div>
   <div class='ocr_carea' id='block_1_81' title="bbox 2082 2290 3665 2370">
    <p class='ocr_par' dir='ltr' id='par_1_81' title="bbox 2082 2290 3665 2370">
     <span class='ocr_line' id='line_1_81' title="bbox 2082 2290 3665 2370; baseline -0.011 -12"><span class='ocrx_word' id='word_1_589' title='bbox 2082 2298 2499 2370; x_wconf 86' lang='lat' dir='ltr'><strong>intelligentiam</strong></span> <span class='ocrx_word' id='word_1_590' title='bbox 2527 2295 2854 2366; x_wconf 89' lang='lat' dir='ltr'><strong>spiritalem.</strong></span> <span class='ocrx_word' id='word_1_591' title='bbox 2884 2293 3124 2360; x_wconf 87' lang='lat' dir='ltr'><strong>lntellige</strong></span> <span class='ocrx_word' id='word_1_592' title='bbox 3154 2306 3286 2361; x_wconf 85' lang='lat' dir='ltr'><strong>ergo</strong></span> <span class='ocrx_word' id='word_1_593' title='bbox 3315 2291 3464 2359; x_wconf 90' lang='lat' dir='ltr'><strong>prius</strong></span> <span class='ocrx_word' id='word_1_594' title='bbox 3495 2290 3665 2357; x_wconf 84' lang='lat' dir='ltr'><strong>ipsam</strong></span> 
     </span>
    </p>
   </div>
   <div class='ocr_carea' id='block_1_82' title="bbox 2080 2381 3667 2451">
    <p class='ocr_par' dir='ltr' id='par_1_82' title="bbox 2080 2381 3667 2451">
     <span class='ocr_line' id='line_1_82' title="bbox 2080 2381 3667 2451; baseline -0.011 -2"><span class='ocrx_word' id='word_1_595' title='bbox 2080 2392 2495 2450; x_wconf 87' lang='lat' dir='ltr'><strong>collocationem</strong></span> <span class='ocrx_word' id='word_1_596' title='bbox 2549 2386 2889 2443; x_wconf 87' lang='lat' dir='ltr'><strong>tabernaculi</strong></span> <span class='ocrx_word' id='word_1_597' title='bbox 2950 2384 3290 2448; x_wconf 89' lang='lat' dir='ltr'><strong>testimonii,</strong></span> <span class='ocrx_word' id='word_1_598' title='bbox 3335 2381 3570 2451; x_wconf 83' lang='lat' dir='ltr'><strong>intellige</strong></span> <span class='ocrx_word' id='word_1_599' title='bbox 3612 2390 3667 2433; x_wconf 84' lang='lat' dir='ltr'><strong>et</strong></span> 
     </span>
    </p>
   </div>
   <div class='ocr_carea' id='block_1_83' title="bbox 2080 2472 3669 2550">
    <p class='ocr_par' dir='ltr' id='par_1_83' title="bbox 2080 2472 3669 2550">
     <span class='ocr_line' id='line_1_83' title="bbox 2080 2472 3669 2550; baseline -0.014 -7"><span class='ocrx_word' id='word_1_600' title='bbox 2080 2487 2277 2543; x_wconf 86' lang='lat' dir='ltr'><strong>Sancta</strong></span> <span class='ocrx_word' id='word_1_601' title='bbox 2327 2494 2677 2545; x_wconf 87' lang='lat' dir='ltr'><strong>sanctorum,</strong></span> <span class='ocrx_word' id='word_1_602' title='bbox 2724 2493 2842 2550; x_wconf 79' lang='lat' dir='ltr'><strong>quae</strong></span> <span class='ocrx_word' id='word_1_603' title='bbox 2893 2477 3179 2546; x_wconf 75' lang='lat' dir='ltr'><strong>interiecto</strong></span> <span class='ocrx_word' id='word_1_604' title='bbox 3217 2490 3246 2528; x_wconf 90' lang='lat' dir='ltr'><strong>a</strong></span> <span class='ocrx_word' id='word_1_605' title='bbox 3283 2474 3485 2528; x_wconf 88' lang='lat' dir='ltr'><strong>sanctis</strong></span> <span class='ocrx_word' id='word_1_606' title='bbox 3522 2472 3669 2525; x_wconf 82' lang='lat' dir='ltr'><strong>vela-</strong></span> 
     </span>
    </p>
   </div>
   <div class='ocr_carea' id='block_1_84' title="bbox 2079 2562 3668 2642">
    <p class='ocr_par' dir='ltr' id='par_1_84' title="bbox 2079 2562 3668 2642">
     <span class='ocr_line' id='line_1_84' title="bbox 2079 2562 3668 2642; baseline -0.012 -10"><span class='ocrx_word' id='word_1_607' title='bbox 2079 2580 2225 2634; x_wconf 87' lang='lat' dir='ltr'><strong>mine</strong></span> <span class='ocrx_word' id='word_1_608' title='bbox 2261 2577 2616 2637; x_wconf 89' lang='lat' dir='ltr'><strong>dirimuntur,</strong></span> <span class='ocrx_word' id='word_1_609' title='bbox 2639 2587 2761 2642; x_wconf 64' lang='lat' dir='ltr'><strong>quae</strong></span> <span class='ocrx_word' id='word_1_610' title='bbox 2802 2570 2994 2638; x_wconf 92' lang='lat' dir='ltr'><strong>inspici</strong></span> <span class='ocrx_word' id='word_1_611' title='bbox 3033 2583 3136 2620; x_wconf 89' lang='lat' dir='ltr'><strong>non</strong></span> <span class='ocrx_word' id='word_1_612' title='bbox 3180 2567 3302 2620; x_wconf 88' lang='lat' dir='ltr'><strong>licet</strong></span> <span class='ocrx_word' id='word_1_613' title='bbox 3335 2565 3402 2618; x_wconf 90' lang='lat' dir='ltr'><strong>ab</strong></span> <span class='ocrx_word' id='word_1_614' title='bbox 3435 2564 3543 2616; x_wconf 91' lang='lat' dir='ltr'><strong>ullo</strong></span> <span class='ocrx_word' id='word_1_615' title='bbox 3570 2562 3668 2616; x_wconf 81' lang='lat' dir='ltr'><strong>lto-</strong></span> 
     </span>
    </p>
   </div>
   <div class='ocr_carea' id='block_1_85' title="bbox 2078 2653 3664 2735">
    <p class='ocr_par' dir='ltr' id='par_1_85' title="bbox 2078 2653 3664 2735">
     <span class='ocr_line' id='line_1_85' title="bbox 2078 2653 3664 2735; baseline -0.014 -11"><span class='ocrx_word' id='word_1_616' title='bbox 2078 2670 2305 2735; x_wconf 89' lang='lat' dir='ltr'><strong>minum,</strong></span> <span class='ocrx_word' id='word_1_617' title='bbox 2337 2667 2438 2721; x_wconf 91' lang='lat' dir='ltr'><strong>nisi</strong></span> <span class='ocrx_word' id='word_1_618' title='bbox 2464 2682 2492 2720; x_wconf 90' lang='lat' dir='ltr'><strong>a</strong></span> <span class='ocrx_word' id='word_1_619' title='bbox 2520 2661 2898 2721; x_wconf 87' lang='lat' dir='ltr'><strong>sacerdotibus</strong></span> <span class='ocrx_word' id='word_1_620' title='bbox 2922 2660 3070 2714; x_wconf 87' lang='lat' dir='ltr'><strong>solis.</strong></span> <span class='ocrx_word' id='word_1_621' title='bbox 3105 2657 3234 2711; x_wconf 86' lang='lat' dir='ltr'><strong>Post</strong></span> <span class='ocrx_word' id='word_1_622' title='bbox 3265 2657 3376 2710; x_wconf 75' lang='lat' dir='ltr'><strong>hare</strong></span> <span class='ocrx_word' id='word_1_623' title='bbox 3406 2653 3664 2720; x_wconf 76' lang='lat' dir='ltr'><strong>intelligo,</strong></span> 
     </span>
    </p>
   </div>
   <div class='ocr_carea' id='block_1_86' title="bbox 2075 2743 3664 2831">
    <p class='ocr_par' dir='ltr' id='par_1_86' title="bbox 2075 2743 3664 2831">
     <span class='ocr_line' id='line_1_86' title="bbox 2075 2743 3664 2831; baseline -0.012 -15"><span class='ocrx_word' id='word_1_624' title='bbox 2075 2761 2346 2831; x_wconf 91' lang='lat' dir='ltr'><strong>quomodo</strong></span> <span class='ocrx_word' id='word_1_625' title='bbox 2380 2759 2470 2813; x_wconf 90' lang='lat' dir='ltr'><strong>ubi</strong></span> <span class='ocrx_word' id='word_1_626' title='bbox 2509 2767 2728 2812; x_wconf 90' lang='lat' dir='ltr'><strong>ventum</strong></span> <span class='ocrx_word' id='word_1_627' title='bbox 2772 2753 2936 2808; x_wconf 81' lang='lat' dir='ltr'><strong>fuerit</strong></span> <span class='ocrx_word' id='word_1_628' title='bbox 2965 2761 3020 2804; x_wconf 91' lang='lat' dir='ltr'><strong>ut</strong></span> <span class='ocrx_word' id='word_1_629' title='bbox 3052 2761 3231 2804; x_wconf 86' lang='lat' dir='ltr'><strong>castra</strong></span> <span class='ocrx_word' id='word_1_630' title='bbox 3277 2755 3528 2801; x_wconf 88' lang='lat' dir='ltr'><strong>moveant</strong></span> <span class='ocrx_word' id='word_1_631' title='bbox 3572 2743 3664 2797; x_wconf 71' lang='lat' dir='ltr'><strong>ﬁiii</strong></span> 
     </span>
    </p>
   </div>
   <div class='ocr_carea' id='block_1_87' title="bbox 2078 2833 3666 2917">
    <p class='ocr_par' dir='ltr' id='par_1_87' title="bbox 2078 2833 3666 2917">
     <span class='ocr_line' id='line_1_87' title="bbox 2078 2833 3666 2917; baseline -0.013 -10"><span class='ocrx_word' id='word_1_632' title='bbox 2078 2852 2267 2917; x_wconf 87' lang='lat' dir='ltr'><strong>Israel,</strong></span> <span class='ocrx_word' id='word_1_633' title='bbox 2295 2851 2528 2905; x_wconf 85' lang='lat' dir='ltr'><strong>solvitur</strong></span> <span class='ocrx_word' id='word_1_634' title='bbox 2562 2843 2995 2905; x_wconf 90' lang='lat' dir='ltr'><strong>tabernaculum,</strong></span> <span class='ocrx_word' id='word_1_635' title='bbox 3022 2849 3074 2894; x_wconf 85' lang='lat' dir='ltr'><strong>et</strong></span> <span class='ocrx_word' id='word_1_636' title='bbox 3108 2840 3288 2893; x_wconf 86' lang='lat' dir='ltr'><strong>Aaron</strong></span> <span class='ocrx_word' id='word_1_637' title='bbox 3324 2853 3387 2890; x_wconf 92' lang='lat' dir='ltr'><strong>ac</strong></span> <span class='ocrx_word' id='word_1_638' title='bbox 3420 2835 3509 2887; x_wconf 90' lang='lat' dir='ltr'><strong>ﬁlii</strong></span> <span class='ocrx_word' id='word_1_639' title='bbox 3548 2833 3666 2900; x_wconf 81' lang='lat' dir='ltr'><strong>ejus</strong></span> 
     </span>
    </p>
   </div>
   <div class='ocr_carea' id='block_1_88' title="bbox 2076 2921 3664 2997">
    <p class='ocr_par' dir='ltr' id='par_1_88' title="bbox 2076 2921 3664 2997">
     <span class='ocr_line' id='line_1_88' title="bbox 2076 2921 3664 2997; baseline -0.014 -1"><span class='ocrx_word' id='word_1_640' title='bbox 2076 2940 2386 2996; x_wconf 88' lang='lat' dir='ltr'><strong>sacerdotes</strong></span> <span class='ocrx_word' id='word_1_641' title='bbox 2415 2939 2555 2992; x_wconf 89' lang='lat' dir='ltr'><strong>intra</strong></span> <span class='ocrx_word' id='word_1_642' title='bbox 2591 2936 2791 2989; x_wconf 89' lang='lat' dir='ltr'><strong>Sancta</strong></span> <span class='ocrx_word' id='word_1_643' title='bbox 2821 2941 3134 2988; x_wconf 89' lang='lat' dir='ltr'><strong>sanctorum</strong></span> <span class='ocrx_word' id='word_1_644' title='bbox 3164 2928 3419 2997; x_wconf 83' lang='lat' dir='ltr'><strong>operiunt</strong></span> <span class='ocrx_word' id='word_1_645' title='bbox 3451 2921 3664 2992; x_wconf 82' lang='lat' dir='ltr'><strong>singula</strong></span> 
     </span>
    </p>
   </div>
   <div class='ocr_carea' id='block_1_89' title="bbox 2075 3015 3663 3100">
    <p class='ocr_par' dir='ltr' id='par_1_89' title="bbox 2075 3015 3663 3100">
     <span class='ocr_line' id='line_1_89' title="bbox 2075 3015 3663 3100; baseline -0.013 -15"><span class='ocrx_word' id='word_1_646' title='bbox 2075 3045 2302 3100; x_wconf 63' lang='lat' dir='ltr'><strong>quaeque</strong></span> <span class='ocrx_word' id='word_1_647' title='bbox 2330 3027 2686 3098; x_wconf 89' lang='lat' dir='ltr'><strong>operimentis</strong></span> <span class='ocrx_word' id='word_1_648' title='bbox 2714 3038 2778 3076; x_wconf 90' lang='lat' dir='ltr'><strong>ac</strong></span> <span class='ocrx_word' id='word_1_649' title='bbox 2809 3017 3168 3073; x_wconf 83' lang='lat' dir='ltr'><strong>velaminihns</strong></span> <span class='ocrx_word' id='word_1_650' title='bbox 3203 3019 3334 3078; x_wconf 86' lang='lat' dir='ltr'><strong>suis,</strong></span> <span class='ocrx_word' id='word_1_651' title='bbox 3363 3024 3418 3068; x_wconf 90' lang='lat' dir='ltr'><strong>et</strong></span> <span class='ocrx_word' id='word_1_652' title='bbox 3446 3015 3663 3068; x_wconf 85' lang='lat' dir='ltr'><strong>obtecta</strong></span> 
     </span>
    </p>
   </div>
   <div class='ocr_carea' id='block_1_90' title="bbox 2075 3104 3665 3186">
    <p class='ocr_par' dir='ltr' id='par_1_90' title="bbox 2075 3104 3665 3186">
     <span class='ocr_line' id='line_1_90' title="bbox 2075 3104 3665 3186; baseline -0.012 -12"><span class='ocrx_word' id='word_1_653' title='bbox 2075 3135 2139 3175; x_wconf 90' lang='lat' dir='ltr'><strong>ea</strong></span> <span class='ocrx_word' id='word_1_654' title='bbox 2179 3119 2550 3186; x_wconf 88' lang='lat' dir='ltr'><strong>relinquentes</strong></span> <span class='ocrx_word' id='word_1_655' title='bbox 2597 3117 2649 3168; x_wconf 92' lang='lat' dir='ltr'><strong>in</strong></span> <span class='ocrx_word' id='word_1_656' title='bbox 2695 3113 2884 3166; x_wconf 89' lang='lat' dir='ltr'><strong>eodem</strong></span> <span class='ocrx_word' id='word_1_657' title='bbox 2932 3125 3039 3178; x_wconf 86' lang='lat' dir='ltr'><strong>quo</strong></span> <span class='ocrx_word' id='word_1_658' title='bbox 3075 3107 3289 3160; x_wconf 83' lang='lat' dir='ltr'><strong>fuerant</strong></span> <span class='ocrx_word' id='word_1_659' title='bbox 3324 3105 3460 3168; x_wconf 90' lang='lat' dir='ltr'><strong>loco,</strong></span> <span class='ocrx_word' id='word_1_660' title='bbox 3495 3104 3665 3156; x_wconf 90' lang='lat' dir='ltr'><strong>intro-</strong></span> 
     </span>
    </p>
   </div>
   <div class='ocr_carea' id='block_1_91' title="bbox 2077 3193 3662 3269">
    <p class='ocr_par' dir='ltr' id='par_1_91' title="bbox 2077 3193 3662 3269">
     <span class='ocr_line' id='line_1_91' title="bbox 2077 3193 3662 3269; baseline -0.014 -3"><span class='ocrx_word' id='word_1_661' title='bbox 2077 3212 2279 3266; x_wconf 90' lang='lat' dir='ltr'><strong>ducunt</strong></span> <span class='ocrx_word' id='word_1_662' title='bbox 2311 3207 2449 3262; x_wconf 91' lang='lat' dir='ltr'><strong>ﬁlios</strong></span> <span class='ocrx_word' id='word_1_663' title='bbox 2487 3205 2680 3267; x_wconf 90' lang='lat' dir='ltr'><strong>Caatb,</strong></span> <span class='ocrx_word' id='word_1_664' title='bbox 2715 3203 2807 3269; x_wconf 89' lang='lat' dir='ltr'><strong>qui</strong></span> <span class='ocrx_word' id='word_1_665' title='bbox 2844 3202 2909 3253; x_wconf 89' lang='lat' dir='ltr'><strong>ad</strong></span> <span class='ocrx_word' id='word_1_666' title='bbox 2955 3199 3093 3252; x_wconf 91' lang='lat' dir='ltr'><strong>istud</strong></span> <span class='ocrx_word' id='word_1_667' title='bbox 3137 3196 3374 3251; x_wconf 86' lang='lat' dir='ltr'><strong>otlieium</strong></span> <span class='ocrx_word' id='word_1_668' title='bbox 3419 3193 3662 3261; x_wconf 89' lang='lat' dir='ltr'><strong>deputati</strong></span> 
     </span>
    </p>
   </div>
   <div class='ocr_carea' id='block_1_92' title="bbox 2075 3281 3661 3363">
    <p class='ocr_par' dir='ltr' id='par_1_92' title="bbox 2075 3281 3661 3363">
     <span class='ocr_line' id='line_1_92' title="bbox 2075 3281 3661 3363; baseline -0.013 -9"><span class='ocrx_word' id='word_1_669' title='bbox 2075 3307 2233 3363; x_wconf 87' lang='lat' dir='ltr'><strong>sunt,</strong></span> <span class='ocrx_word' id='word_1_670' title='bbox 2261 3305 2315 3352; x_wconf 87' lang='lat' dir='ltr'><strong>et</strong></span> <span class='ocrx_word' id='word_1_671' title='bbox 2343 3297 2548 3350; x_wconf 81' lang='lat' dir='ltr'><strong>faciunt</strong></span> <span class='ocrx_word' id='word_1_672' title='bbox 2581 3308 2674 3347; x_wconf 90' lang='lat' dir='ltr'><strong>eos</strong></span> <span class='ocrx_word' id='word_1_673' title='bbox 2699 3293 2914 3343; x_wconf 87' lang='lat' dir='ltr'><strong>elevare</strong></span> <span class='ocrx_word' id='word_1_674' title='bbox 2940 3286 3182 3342; x_wconf 88' lang='lat' dir='ltr'><strong>humeris</strong></span> <span class='ocrx_word' id='word_1_675' title='bbox 3222 3286 3334 3339; x_wconf 85' lang='lat' dir='ltr'><strong>suis</strong></span> <span class='ocrx_word' id='word_1_676' title='bbox 3363 3282 3540 3337; x_wconf 92' lang='lat' dir='ltr'><strong>omnia</strong></span> <span class='ocrx_word' id='word_1_677' title='bbox 3573 3281 3661 3334; x_wconf 87' lang='lat' dir='ltr'><strong>illa</strong></span> 
     </span>
    </p>
   </div>
   <div class='ocr_carea' id='block_1_93' title="bbox 2075 3374 3663 3456">
    <p class='ocr_par' dir='ltr' id='par_1_93' title="bbox 2075 3374 3663 3456">
     <span class='ocr_line' id='line_1_93' title="bbox 2075 3374 3663 3456; baseline -0.013 -10"><span class='ocrx_word' id='word_1_678' title='bbox 2075 3406 2194 3456; x_wconf 69' lang='lat' dir='ltr'><strong>quae</strong></span> <span class='ocrx_word' id='word_1_679' title='bbox 2226 3403 2422 3444; x_wconf 89' lang='lat' dir='ltr'><strong>manus</strong></span> <span class='ocrx_word' id='word_1_680' title='bbox 2452 3384 2808 3441; x_wconf 88' lang='lat' dir='ltr'><strong>sacerdotalis</strong></span> <span class='ocrx_word' id='word_1_681' title='bbox 2850 3381 3156 3436; x_wconf 87' lang='lat' dir='ltr'><strong>ohtcxerat.</strong></span> <span class='ocrx_word' id='word_1_682' title='bbox 3203 3378 3266 3432; x_wconf 83' lang='lat' dir='ltr'><strong>Et</strong></span> <span class='ocrx_word' id='word_1_683' title='bbox 3310 3386 3528 3446; x_wconf 86' lang='lat' dir='ltr'><strong>propter</strong></span> <span class='ocrx_word' id='word_1_684' title='bbox 3562 3374 3663 3426; x_wconf 87' lang='lat' dir='ltr'><strong>hoc</strong></span> 
     </span>
    </p>
   </div>
   <div class='ocr_carea' id='block_1_94' title="bbox 2074 3467 3659 3536">
    <p class='ocr_par' dir='ltr' id='par_1_94' title="bbox 2074 3467 3659 3536">
     <span class='ocr_line' id='line_1_94' title="bbox 2074 3467 3659 3536; baseline -0.013 0"><span class='ocrx_word' id='word_1_685' title='bbox 2074 3481 2272 3536; x_wconf 90' lang='lat' dir='ltr'><strong>dicitur</strong></span> <span class='ocrx_word' id='word_1_686' title='bbox 2298 3496 2328 3534; x_wconf 90' lang='lat' dir='ltr'><strong>a</strong></span> <span class='ocrx_word' id='word_1_687' title='bbox 2365 3477 2630 3532; x_wconf 90' lang='lat' dir='ltr'><strong>Domino:</strong></span> <span class='ocrx_word' id='word_1_688' title='bbox 2674 3492 2692 3525; x_wconf 73' lang='grc' dir='ltr'><strong><em>ι</em></strong></span> <span class='ocrx_word' id='word_1_689' title='bbox 2721 3473 2797 3528; x_wconf 89' lang='lat' dir='ltr'><strong>Ne</strong></span> <span class='ocrx_word' id='word_1_690' title='bbox 2839 3469 3218 3527; x_wconf 83' lang='lat' dir='ltr'><strong>exterminctis</strong></span> <span class='ocrx_word' id='word_1_691' title='bbox 3263 3470 3329 3522; x_wconf 92' lang='lat' dir='ltr'><strong>de</strong></span> <span class='ocrx_word' id='word_1_692' title='bbox 3380 3467 3520 3519; x_wconf 87' lang='lat' dir='ltr'><strong>tribu</strong></span> <span class='ocrx_word' id='word_1_693' title='bbox 3560 3478 3659 3516; x_wconf 84' lang='lat' dir='ltr'><strong>sua</strong></span> 
     </span>
    </p>
   </div>
   <div class='ocr_carea' id='block_1_95' title="bbox 2073 3557 3659 3642">
    <p class='ocr_par' dir='ltr' id='par_1_95' title="bbox 2073 3557 3659 3642">
     <span class='ocr_line' id='line_1_95' title="bbox 2073 3557 3659 3642; baseline -0.014 -16"><span class='ocrx_word' id='word_1_694' title='bbox 2073 3572 2288 3642; x_wconf 84' lang='lat' dir='ltr'><strong>plebem</strong></span> <span class='ocrx_word' id='word_1_695' title='bbox 2319 3567 2521 3633; x_wconf 87' lang='lat' dir='ltr'><strong>Caath;</strong></span> <span class='ocrx_word' id='word_1_696' title='bbox 2547 3585 2566 3619; x_wconf 67' lang='grc' dir='ltr'><strong><em>υ</em></strong></span> <span class='ocrx_word' id='word_1_697' title='bbox 2604 3564 2760 3635; x_wconf 90' lang='lat' dir='ltr'><strong>quasi</strong></span> <span class='ocrx_word' id='word_1_698' title='bbox 2806 3562 2858 3616; x_wconf 92' lang='lat' dir='ltr'><strong>in</strong></span> <span class='ocrx_word' id='word_1_699' title='bbox 2890 3576 2955 3615; x_wconf 93' lang='lat' dir='ltr'><strong>eo</strong></span> <span class='ocrx_word' id='word_1_700' title='bbox 2999 3557 3393 3614; x_wconf 85' lang='lat' dir='ltr'><strong>cxterminandi</strong></span> <span class='ocrx_word' id='word_1_701' title='bbox 3443 3562 3659 3618; x_wconf 69' lang='lat' dir='ltr'><strong>essvnt,</strong></span> 
     </span>
    </p>
   </div>
   <div class='ocr_carea' id='block_1_96' title="bbox 2074 3648 3660 3722">
    <p class='ocr_par' dir='ltr' id='par_1_96' title="bbox 2074 3648 3660 3722">
     <span class='ocr_line' id='line_1_96' title="bbox 2074 3648 3660 3722; baseline -0.013 -5"><span class='ocrx_word' id='word_1_702' title='bbox 2074 3662 2118 3718; x_wconf 87' lang='lat' dir='ltr'><strong>si</strong></span> <span class='ocrx_word' id='word_1_703' title='bbox 2155 3661 2352 3715; x_wconf 89' lang='lat' dir='ltr'><strong>Sancta</strong></span> <span class='ocrx_word' id='word_1_704' title='bbox 2384 3668 2698 3712; x_wconf 89' lang='lat' dir='ltr'><strong>sanctorum</strong></span> <span class='ocrx_word' id='word_1_705' title='bbox 2729 3654 2870 3709; x_wconf 91' lang='lat' dir='ltr'><strong>nuda</strong></span> <span class='ocrx_word' id='word_1_706' title='bbox 2915 3663 2970 3707; x_wconf 92' lang='lat' dir='ltr'><strong>ct</strong></span> <span class='ocrx_word' id='word_1_707' title='bbox 3004 3652 3243 3722; x_wconf 90' lang='lat' dir='ltr'><strong>patentia</strong></span> <span class='ocrx_word' id='word_1_708' title='bbox 3279 3648 3660 3716; x_wconf 82' lang='lat' dir='ltr'><strong>contigissent,</strong></span> 
     </span>
    </p>
   </div>
   <div class='ocr_carea' id='block_1_97' title="bbox 2073 3736 3658 3820">
    <p class='ocr_par' dir='ltr' id='par_1_97' title="bbox 2073 3736 3658 3820">
     <span class='ocr_line' id='line_1_97' title="bbox 2073 3736 3658 3820; baseline -0.011 -16"><span class='ocrx_word' id='word_1_709' title='bbox 2073 3766 2194 3820; x_wconf 84' lang='lat' dir='ltr'><strong>quae</strong></span> <span class='ocrx_word' id='word_1_710' title='bbox 2248 3765 2352 3806; x_wconf 85' lang='lat' dir='ltr'><strong>non</strong></span> <span class='ocrx_word' id='word_1_711' title='bbox 2407 3748 2582 3804; x_wconf 89' lang='lat' dir='ltr'><strong>solum</strong></span> <span class='ocrx_word' id='word_1_712' title='bbox 2636 3762 2741 3801; x_wconf 91' lang='lat' dir='ltr'><strong>non</strong></span> <span class='ocrx_word' id='word_1_713' title='bbox 2791 3744 3143 3812; x_wconf 89' lang='lat' dir='ltr'><strong>contingere,</strong></span> <span class='ocrx_word' id='word_1_714' title='bbox 3192 3743 3285 3795; x_wconf 91' lang='lat' dir='ltr'><strong>sed</strong></span> <span class='ocrx_word' id='word_1_715' title='bbox 3337 3753 3403 3792; x_wconf 91' lang='lat' dir='ltr'><strong>ne</strong></span> <span class='ocrx_word' id='word_1_716' title='bbox 3460 3736 3658 3790; x_wconf 87' lang='lat' dir='ltr'><strong>intueri</strong></span> 
     </span>
    </p>
   </div>
   <div class='ocr_carea' id='block_1_98' title="bbox 2073 3826 3656 3910">
    <p class='ocr_par' dir='ltr' id='par_1_98' title="bbox 2073 3826 3656 3910">
     <span class='ocr_line' id='line_1_98' title="bbox 2073 3826 3656 3910; baseline -0.009 -15"><span class='ocrx_word' id='word_1_717' title='bbox 2073 3843 2286 3910; x_wconf 87' lang='lat' dir='ltr'><strong>quidem</strong></span> <span class='ocrx_word' id='word_1_718' title='bbox 2340 3843 2421 3894; x_wconf 84' lang='lat' dir='ltr'><strong>las</strong></span> <span class='ocrx_word' id='word_1_719' title='bbox 2471 3848 2588 3893; x_wconf 91' lang='lat' dir='ltr'><strong>erat</strong></span> <span class='ocrx_word' id='word_1_720' title='bbox 2641 3855 2746 3892; x_wconf 91' lang='lat' dir='ltr'><strong>non</strong></span> <span class='ocrx_word' id='word_1_721' title='bbox 2795 3838 2992 3892; x_wconf 90' lang='lat' dir='ltr'><strong>velata.</strong></span> <span class='ocrx_word' id='word_1_722' title='bbox 3044 3835 3101 3889; x_wconf 89' lang='lat' dir='ltr'><strong>Si</strong></span> <span class='ocrx_word' id='word_1_723' title='bbox 3159 3832 3470 3887; x_wconf 79' lang='lat' dir='ltr'><strong>intellexisti</strong></span> <span class='ocrx_word' id='word_1_724' title='bbox 3527 3826 3656 3896; x_wconf 86' lang='lat' dir='ltr'><strong>quld</strong></span> 
     </span>
    </p>
   </div>
   <div class='ocr_carea' id='block_1_99' title="bbox 2073 3918 3655 3992">
    <p class='ocr_par' dir='ltr' id='par_1_99' title="bbox 2073 3918 3655 3992">
     <span class='ocr_line' id='line_1_99' title="bbox 2073 3918 3655 3992; baseline -0.009 -8"><span class='ocrx_word' id='word_1_725' title='bbox 2073 3931 2310 3984; x_wconf 69' lang='lat' dir='ltr'><strong>historia:</strong></span> <span class='ocrx_word' id='word_1_726' title='bbox 2358 3931 2490 3982; x_wconf 88' lang='lat' dir='ltr'><strong>ordo</strong></span> <span class='ocrx_word' id='word_1_727' title='bbox 2533 3927 2844 3992; x_wconf 90' lang='lat' dir='ltr'><strong>contineat,</strong></span> <span class='ocrx_word' id='word_1_728' title='bbox 2889 3924 3122 3978; x_wconf 87' lang='lat' dir='ltr'><strong>ascende</strong></span> <span class='ocrx_word' id='word_1_729' title='bbox 3170 3936 3313 3975; x_wconf 93' lang='lat' dir='ltr'><strong>nunc</strong></span> <span class='ocrx_word' id='word_1_730' title='bbox 3357 3920 3422 3974; x_wconf 89' lang='lat' dir='ltr'><strong>ad</strong></span> <span class='ocrx_word' id='word_1_731' title='bbox 3474 3918 3655 3986; x_wconf 87' lang='lat' dir='ltr'><strong>splen-</strong></span> 
     </span>
    </p>
   </div>
   <div class='ocr_carea' id='block_1_100' title="bbox 2071 4010 3657 4089">
    <p class='ocr_par' dir='ltr' id='par_1_100' title="bbox 2071 4010 3657 4089">
     <span class='ocr_line' id='line_1_100' title="bbox 2071 4010 3657 4089; baseline -0.009 -15"><span class='ocrx_word' id='word_1_732' title='bbox 2071 4021 2255 4074; x_wconf 88' lang='lat' dir='ltr'><strong>dorem</strong></span> <span class='ocrx_word' id='word_1_733' title='bbox 2287 4019 2527 4089; x_wconf 86' lang='lat' dir='ltr'><strong>mystcrii</strong></span> <span class='ocrx_word' id='word_1_734' title='bbox 2557 4036 2570 4071; x_wconf 89' lang='lat'><strong>:</strong></span> <span class='ocrx_word' id='word_1_735' title='bbox 2603 4026 2656 4071; x_wconf 90' lang='lat' dir='ltr'><strong>et</strong></span> <span class='ocrx_word' id='word_1_736' title='bbox 2687 4017 2820 4086; x_wconf 87' lang='lat' dir='ltr'><strong>legis</strong></span> <span class='ocrx_word' id='word_1_737' title='bbox 2863 4014 3124 4084; x_wconf 87' lang='lat' dir='ltr'><strong>spiritalis</strong></span> <span class='ocrx_word' id='word_1_738' title='bbox 3158 4013 3358 4073; x_wconf 85' lang='lat' dir='ltr'><strong>lumen,</strong></span> <span class='ocrx_word' id='word_1_739' title='bbox 3397 4010 3441 4064; x_wconf 91' lang='lat' dir='ltr'><strong>si</strong></span> <span class='ocrx_word' id='word_1_740' title='bbox 3491 4022 3657 4078; x_wconf 88' lang='lat' dir='ltr'><strong>purus</strong></span> 
     </span>
    </p>
   </div>
   <div class='ocr_carea' id='block_1_101' title="bbox 2072 4101 3654 4171">
    <p class='ocr_par' dir='ltr' id='par_1_101' title="bbox 2072 4101 3654 4171">
     <span class='ocr_line' id='line_1_101' title="bbox 2072 4101 3654 4171; baseline -0.008 -8"><span class='ocrx_word' id='word_1_741' title='bbox 2072 4111 2167 4164; x_wconf 93' lang='lat' dir='ltr'><strong>tibi</strong></span> <span class='ocrx_word' id='word_1_742' title='bbox 2203 4120 2286 4165; x_wconf 90' lang='lat' dir='ltr'><strong>est</strong></span> <span class='ocrx_word' id='word_1_743' title='bbox 2317 4109 2512 4164; x_wconf 89' lang='lat' dir='ltr'><strong>mentis</strong></span> <span class='ocrx_word' id='word_1_744' title='bbox 2546 4110 2758 4171; x_wconf 86' lang='lat' dir='ltr'><strong>oculus,</strong></span> <span class='ocrx_word' id='word_1_745' title='bbox 2783 4116 3062 4162; x_wconf 89' lang='lat' dir='ltr'><strong>contuere.</strong></span> <span class='ocrx_word' id='word_1_746' title='bbox 3099 4103 3153 4157; x_wconf 98' lang='lat' dir='ltr'><strong>Si</strong></span> <span class='ocrx_word' id='word_1_747' title='bbox 3194 4103 3317 4171; x_wconf 91' lang='lat' dir='ltr'><strong>quis</strong></span> <span class='ocrx_word' id='word_1_748' title='bbox 3357 4101 3551 4168; x_wconf 78' lang='lat' dir='ltr'><strong>dignus</strong></span> <span class='ocrx_word' id='word_1_749' title='bbox 3589 4112 3654 4150; x_wconf 86' lang='lat' dir='ltr'><strong>ex</strong></span> 
     </span>
    </p>
   </div>
   <div class='ocr_carea' id='block_1_102' title="bbox 2071 4193 3654 4272">
    <p class='ocr_par' dir='ltr' id='par_1_102' title="bbox 2071 4193 3654 4272">
     <span class='ocr_line' id='line_1_102' title="bbox 2071 4193 3654 4272; baseline -0.01 -15"><span class='ocrx_word' id='word_1_750' title='bbox 2071 4202 2134 4257; x_wconf 90' lang='lat' dir='ltr'><strong>iis</strong></span> <span class='ocrx_word' id='word_1_751' title='bbox 2157 4202 2249 4272; x_wconf 91' lang='lat' dir='ltr'><strong>qui</strong></span> <span class='ocrx_word' id='word_1_752' title='bbox 2293 4202 2400 4256; x_wconf 94' lang='lat' dir='ltr'><strong>Deo</strong></span> <span class='ocrx_word' id='word_1_753' title='bbox 2439 4201 2776 4263; x_wconf 88' lang='lat' dir='ltr'><strong>ministrant,</strong></span> <span class='ocrx_word' id='word_1_754' title='bbox 2807 4197 2986 4252; x_wconf 88' lang='lat' dir='ltr'><strong>divina</strong></span> <span class='ocrx_word' id='word_1_755' title='bbox 3020 4210 3217 4263; x_wconf 87' lang='lat' dir='ltr'><strong>capere</strong></span> <span class='ocrx_word' id='word_1_756' title='bbox 3246 4202 3299 4247; x_wconf 91' lang='lat' dir='ltr'><strong>et</strong></span> <span class='ocrx_word' id='word_1_757' title='bbox 3336 4193 3514 4245; x_wconf 88' lang='lat' dir='ltr'><strong>videre</strong></span> <span class='ocrx_word' id='word_1_758' title='bbox 3542 4203 3654 4259; x_wconf 77' lang='lat' dir='ltr'><strong>my-</strong></span> 
     </span>
    </p>
   </div>
   <div class='ocr_carea' id='block_1_103' title="bbox 2069 4289 3656 4362">
    <p class='ocr_par' dir='ltr' id='par_1_103' title="bbox 2069 4289 3656 4362">
     <span class='ocr_line' id='line_1_103' title="bbox 2069 4289 3656 4362; baseline -0.01 -12"><span class='ocrx_word' id='word_1_759' title='bbox 2069 4295 2265 4358; x_wconf 89' lang='lat' dir='ltr'><strong>steria,</strong></span> <span class='ocrx_word' id='word_1_760' title='bbox 2315 4293 2380 4347; x_wconf 90' lang='lat' dir='ltr'><strong>ad</strong></span> <span class='ocrx_word' id='word_1_761' title='bbox 2427 4309 2547 4362; x_wconf 68' lang='lat' dir='ltr'><strong>qua:</strong></span> <span class='ocrx_word' id='word_1_762' title='bbox 2607 4293 2914 4347; x_wconf 87' lang='lat' dir='ltr'><strong>contncnda</strong></span> <span class='ocrx_word' id='word_1_763' title='bbox 2963 4290 3142 4344; x_wconf 72' lang='lat' dir='ltr'><strong>caeteri</strong></span> <span class='ocrx_word' id='word_1_764' title='bbox 3201 4289 3379 4340; x_wconf 84' lang='lat' dir='ltr'><strong>minus</strong></span> <span class='ocrx_word' id='word_1_765' title='bbox 3426 4298 3656 4352; x_wconf 85' lang='lat' dir='ltr'><strong>capaces</strong></span> 
     </span>
    </p>
   </div>
   <div class='ocr_carea' id='block_1_104' title="bbox 2071 4376 3652 4450">
    <p class='ocr_par' dir='ltr' id='par_1_104' title="bbox 2071 4376 3652 4450">
     <span class='ocr_line' id='line_1_104' title="bbox 2071 4376 3652 4450; baseline -0.009 -10"><span class='ocrx_word' id='word_1_766' title='bbox 2071 4394 2225 4450; x_wconf 88' lang='lat' dir='ltr'><strong>sunt,</strong></span> <span class='ocrx_word' id='word_1_767' title='bbox 2255 4385 2343 4438; x_wconf 91' lang='lat' dir='ltr'><strong>hic</strong></span> <span class='ocrx_word' id='word_1_768' title='bbox 2376 4385 2581 4449; x_wconf 85' lang='lat' dir='ltr'><strong>Aaron,</strong></span> <span class='ocrx_word' id='word_1_769' title='bbox 2613 4384 2695 4436; x_wconf 90' lang='lat' dir='ltr'><strong>vel</strong></span> <span class='ocrx_word' id='word_1_770' title='bbox 2738 4383 2880 4436; x_wconf 91' lang='lat' dir='ltr'><strong>ﬁlius</strong></span> <span class='ocrx_word' id='word_1_771' title='bbox 2922 4383 3100 4435; x_wconf 84' lang='lat' dir='ltr'><strong>Aaron</strong></span> <span class='ocrx_word' id='word_1_772' title='bbox 3147 4393 3266 4433; x_wconf 87' lang='lat' dir='ltr'><strong>esse</strong></span> <span class='ocrx_word' id='word_1_773' title='bbox 3313 4376 3652 4444; x_wconf 82' lang='lat' dir='ltr'><strong>intelligitur,</strong></span> 
     </span>
    </p>
   </div>
   <div class='ocr_carea' id='block_1_105' title="bbox 2072 4468 3651 4548">
    <p class='ocr_par' dir='ltr' id='par_1_105' title="bbox 2072 4468 3651 4548">
     <span class='ocr_line' id='line_1_105' title="bbox 2072 4468 3651 4548; baseline -0.008 -18"><span class='ocrx_word' id='word_1_774' title='bbox 2072 4480 2164 4548; x_wconf 87' lang='lat' dir='ltr'><strong>qui</strong></span> <span class='ocrx_word' id='word_1_775' title='bbox 2213 4477 2419 4548; x_wconf 87' lang='lat' dir='ltr'><strong>ingredi</strong></span> <span class='ocrx_word' id='word_1_776' title='bbox 2463 4485 2640 4546; x_wconf 87' lang='lat' dir='ltr'><strong>potest</strong></span> <span class='ocrx_word' id='word_1_777' title='bbox 2682 4477 2748 4528; x_wconf 86' lang='lat' dir='ltr'><strong>ad</strong></span> <span class='ocrx_word' id='word_1_778' title='bbox 2796 4492 2856 4529; x_wconf 91' lang='lat' dir='ltr'><strong>ea</strong></span> <span class='ocrx_word' id='word_1_779' title='bbox 2891 4490 3010 4542; x_wconf 85' lang='lat' dir='ltr'><strong>quae</strong></span> <span class='ocrx_word' id='word_1_780' title='bbox 3056 4473 3209 4526; x_wconf 90' lang='lat' dir='ltr'><strong>adire</strong></span> <span class='ocrx_word' id='word_1_781' title='bbox 3257 4470 3380 4524; x_wconf 87' lang='lat' dir='ltr'><strong>aliis</strong></span> <span class='ocrx_word' id='word_1_782' title='bbox 3421 4468 3500 4522; x_wconf 81' lang='lat' dir='ltr'><strong>fas</strong></span> <span class='ocrx_word' id='word_1_783' title='bbox 3547 4481 3651 4521; x_wconf 93' lang='lat' dir='ltr'><strong>non</strong></span> 
     </span>
    </p>
   </div>
   <div class='ocr_carea' id='block_1_106' title="bbox 2071 4562 3650 4638">
    <p class='ocr_par' dir='ltr' id='par_1_106' title="bbox 2071 4562 3650 4638">
     <span class='ocr_line' id='line_1_106' title="bbox 2071 4562 3650 4638; baseline -0.009 -12"><span class='ocrx_word' id='word_1_784' title='bbox 2071 4581 2173 4626; x_wconf 91' lang='lat' dir='ltr'><strong>est.</strong></span> <span class='ocrx_word' id='word_1_785' title='bbox 2203 4571 2260 4625; x_wconf 84' lang='lat' dir='ltr'><strong>Si</strong></span> <span class='ocrx_word' id='word_1_786' title='bbox 2293 4569 2417 4638; x_wconf 90' lang='lat' dir='ltr'><strong>quis</strong></span> <span class='ocrx_word' id='word_1_787' title='bbox 2447 4583 2574 4638; x_wconf 91' lang='lat' dir='ltr'><strong>ergo</strong></span> <span class='ocrx_word' id='word_1_788' title='bbox 2621 4569 2744 4622; x_wconf 90' lang='lat' dir='ltr'><strong>talis</strong></span> <span class='ocrx_word' id='word_1_789' title='bbox 2781 4577 2887 4632; x_wconf 87' lang='lat' dir='ltr'><strong>est,</strong></span> <span class='ocrx_word' id='word_1_790' title='bbox 2930 4567 3055 4621; x_wconf 91' lang='lat' dir='ltr'><strong>huic</strong></span> <span class='ocrx_word' id='word_1_791' title='bbox 3095 4565 3194 4620; x_wconf 90' lang='lat' dir='ltr'><strong>soli</strong></span> <span class='ocrx_word' id='word_1_792' title='bbox 3237 4562 3471 4620; x_wconf 91' lang='lat' dir='ltr'><strong>revelata</strong></span> <span class='ocrx_word' id='word_1_793' title='bbox 3507 4567 3650 4629; x_wconf 86' lang='lat' dir='ltr'><strong>patet</strong></span> 
     </span>
    </p>
   </div>
   <div class='ocr_carea' id='block_1_107' title="bbox 2073 4653 3650 4726">
    <p class='ocr_par' dir='ltr' id='par_1_107' title="bbox 2073 4653 3650 4726">
     <span class='ocr_line' id='line_1_107' title="bbox 2073 4653 3650 4726; baseline -0.008 -11"><span class='ocrx_word' id='word_1_794' title='bbox 2073 4677 2199 4716; x_wconf 89' lang='lat' dir='ltr'><strong>arca</strong></span> <span class='ocrx_word' id='word_1_795' title='bbox 2257 4661 2598 4726; x_wconf 89' lang='lat' dir='ltr'><strong>testamenti,</strong></span> <span class='ocrx_word' id='word_1_796' title='bbox 2647 4661 2735 4714; x_wconf 84' lang='lat' dir='ltr'><strong>hic</strong></span> <span class='ocrx_word' id='word_1_797' title='bbox 2785 4660 2928 4713; x_wconf 89' lang='lat' dir='ltr'><strong>videt</strong></span> <span class='ocrx_word' id='word_1_798' title='bbox 2992 4673 3182 4712; x_wconf 91' lang='lat' dir='ltr'><strong>urnam</strong></span> <span class='ocrx_word' id='word_1_799' title='bbox 3244 4656 3387 4708; x_wconf 88' lang='lat' dir='ltr'><strong>intra</strong></span> <span class='ocrx_word' id='word_1_800' title='bbox 3435 4667 3495 4706; x_wconf 90' lang='lat' dir='ltr'><strong>se</strong></span> <span class='ocrx_word' id='word_1_801' title='bbox 3551 4653 3650 4704; x_wconf 83' lang='lat' dir='ltr'><strong>ha-</strong></span> 
     </span>
    </p>
   </div>
   <div class='ocr_carea' id='block_1_108' title="bbox 2073 4740 3646 4815">
    <p class='ocr_par' dir='ltr' id='par_1_108' title="bbox 2073 4740 3646 4815">
     <span class='ocr_line' id='line_1_108' title="bbox 2073 4740 3646 4815; baseline -0.007 -10"><span class='ocrx_word' id='word_1_802' title='bbox 2073 4750 2289 4806; x_wconf 88' lang='lat' dir='ltr'><strong>hentem</strong></span> <span class='ocrx_word' id='word_1_803' title='bbox 2345 4766 2564 4815; x_wconf 91' lang='lat' dir='ltr'><strong>manna,</strong></span> <span class='ocrx_word' id='word_1_804' title='bbox 2603 4750 2691 4804; x_wconf 89' lang='lat' dir='ltr'><strong>hic</strong></span> <span class='ocrx_word' id='word_1_805' title='bbox 2729 4750 3041 4804; x_wconf 89' lang='lat' dir='ltr'><strong>considerat</strong></span> <span class='ocrx_word' id='word_1_806' title='bbox 3069 4757 3122 4801; x_wconf 89' lang='lat' dir='ltr'><strong>et</strong></span> <span class='ocrx_word' id='word_1_807' title='bbox 3175 4744 3430 4812; x_wconf 79' lang='lat' dir='ltr'><strong>intelligit</strong></span> <span class='ocrx_word' id='word_1_808' title='bbox 3471 4740 3646 4809; x_wconf 88' lang='lat' dir='ltr'><strong>propi-</strong></span> 
     </span>
    </p>
   </div>
   <div class='ocr_carea' id='block_1_109' title="bbox 2075 4837 3648 4900">
    <p class='ocr_par' dir='ltr' id='par_1_109' title="bbox 2075 4837 3648 4900">
     <span class='ocr_line' id='line_1_109' title="bbox 2075 4837 3648 4900; baseline -0.008 -4"><span class='ocrx_word' id='word_1_809' title='bbox 2075 4841 2374 4897; x_wconf 91' lang='lat' dir='ltr'><strong>tiatorium.</strong></span> <span class='ocrx_word' id='word_1_810' title='bbox 2420 4841 2520 4896; x_wconf 90' lang='lat' dir='ltr'><strong>Hic</strong></span> <span class='ocrx_word' id='word_1_811' title='bbox 2568 4842 2816 4896; x_wconf 86' lang='lat' dir='ltr'><strong>intuetur</strong></span> <span class='ocrx_word' id='word_1_812' title='bbox 2881 4850 2938 4894; x_wconf 91' lang='lat' dir='ltr'><strong>et</strong></span> <span class='ocrx_word' id='word_1_813' title='bbox 3006 4837 3288 4894; x_wconf 81' lang='lat' dir='ltr'><strong>cherubim</strong></span> <span class='ocrx_word' id='word_1_814' title='bbox 3340 4843 3648 4900; x_wconf 87' lang='lat' dir='ltr'><strong>utrumque,</strong></span> 
     </span>
    </p>
   </div>
   <div class='ocr_carea' id='block_1_110' title="bbox 2072 4923 3647 4996">
    <p class='ocr_par' dir='ltr' id='par_1_110' title="bbox 2072 4923 3647 4996">
     <span class='ocr_line' id='line_1_110' title="bbox 2072 4923 3647 4996; baseline -0.008 -10"><span class='ocrx_word' id='word_1_815' title='bbox 2072 4941 2126 4986; x_wconf 88' lang='lat' dir='ltr'><strong>et</strong></span> <span class='ocrx_word' id='word_1_816' title='bbox 2171 4946 2412 4986; x_wconf 91' lang='lat' dir='ltr'><strong>mensam</strong></span> <span class='ocrx_word' id='word_1_817' title='bbox 2459 4939 2736 4996; x_wconf 87' lang='lat' dir='ltr'><strong>sanctam,</strong></span> <span class='ocrx_word' id='word_1_818' title='bbox 2785 4939 2840 4985; x_wconf 90' lang='lat' dir='ltr'><strong>et</strong></span> <span class='ocrx_word' id='word_1_819' title='bbox 2889 4928 3275 4984; x_wconf 85' lang='lat' dir='ltr'><strong>candelabrum</strong></span> <span class='ocrx_word' id='word_1_820' title='bbox 3327 4923 3566 4987; x_wconf 89' lang='lat' dir='ltr'><strong>lmninis,</strong></span> <span class='ocrx_word' id='word_1_821' title='bbox 3598 4931 3647 4975; x_wconf 89' lang='lat' dir='ltr'><strong>et</strong></span> 
     </span>
    </p>
   </div>
   <div class='ocr_carea' id='block_1_111' title="bbox 2071 5013 3644 5081">
    <p class='ocr_par' dir='ltr' id='par_1_111' title="bbox 2071 5013 3644 5081">
     <span class='ocr_line' id='line_1_111' title="bbox 2071 5013 3644 5081; baseline -0.008 -5"><span class='ocrx_word' id='word_1_822' title='bbox 2071 5023 2245 5078; x_wconf 89' lang='lat' dir='ltr'><strong>altare</strong></span> <span class='ocrx_word' id='word_1_823' title='bbox 2295 5024 2528 5079; x_wconf 87' lang='lat' dir='ltr'><strong>incensi.</strong></span> <span class='ocrx_word' id='word_1_824' title='bbox 2578 5024 2684 5077; x_wconf 89' lang='lat' dir='ltr'><strong>Iste</strong></span> <span class='ocrx_word' id='word_1_825' title='bbox 2759 5021 2876 5075; x_wconf 61' lang='lat' dir='ltr'><strong>hac</strong></span> <span class='ocrx_word' id='word_1_826' title='bbox 2933 5019 3244 5074; x_wconf 88' lang='lat' dir='ltr'><strong>considerat</strong></span> <span class='ocrx_word' id='word_1_827' title='bbox 3299 5025 3354 5069; x_wconf 90' lang='lat' dir='ltr'><strong>et</strong></span> <span class='ocrx_word' id='word_1_828' title='bbox 3401 5013 3644 5081; x_wconf 82' lang='lat' dir='ltr'><strong>intelligit</strong></span> 
     </span>
    </p>
   </div>
   <div class='ocr_carea' id='block_1_112' title="bbox 2069 5105 3644 5184">
    <p class='ocr_par' dir='ltr' id='par_1_112' title="bbox 2069 5105 3644 5184">
     <span class='ocr_line' id='line_1_112' title="bbox 2069 5105 3644 5184; baseline -0.01 -15"><span class='ocrx_word' id='word_1_829' title='bbox 2069 5115 2414 5184; x_wconf 87' lang='lat' dir='ltr'><strong>spiritaliter,</strong></span> <span class='ocrx_word' id='word_1_830' title='bbox 2444 5114 2496 5169; x_wconf 91' lang='lat' dir='ltr'><strong>id</strong></span> <span class='ocrx_word' id='word_1_831' title='bbox 2526 5123 2610 5167; x_wconf 90' lang='lat' dir='ltr'><strong>est</strong></span> <span class='ocrx_word' id='word_1_832' title='bbox 2649 5113 2740 5182; x_wconf 93' lang='lat' dir='ltr'><strong>qui</strong></span> <span class='ocrx_word' id='word_1_833' title='bbox 2772 5111 2936 5166; x_wconf 90' lang='lat' dir='ltr'><strong>verbo</strong></span> <span class='ocrx_word' id='word_1_834' title='bbox 2979 5110 3071 5164; x_wconf 91' lang='lat' dir='ltr'><strong>Dei</strong></span> <span class='ocrx_word' id='word_1_835' title='bbox 3109 5117 3165 5164; x_wconf 89' lang='lat' dir='ltr'><strong>et</strong></span> <span class='ocrx_word' id='word_1_836' title='bbox 3205 5105 3486 5176; x_wconf 86' lang='lat' dir='ltr'><strong>sapientiae</strong></span> <span class='ocrx_word' id='word_1_837' title='bbox 3535 5119 3644 5173; x_wconf 61' lang='lat' dir='ltr'><strong>my.</strong></span> 
     </span>
    </p>
   </div>
   <div class='ocr_carea' id='block_1_113' title="bbox 2069 5198 3645 5275">
    <p class='ocr_par' dir='ltr' id='par_1_113' title="bbox 2069 5198 3645 5275">
     <span class='ocr_line' id='line_1_113' title="bbox 2069 5198 3645 5275; baseline -0.007 -16"><span class='ocrx_word' id='word_1_838' title='bbox 2069 5207 2254 5261; x_wconf 89' lang='lat' dir='ltr'><strong>steriis</strong></span> <span class='ocrx_word' id='word_1_839' title='bbox 2294 5222 2513 5275; x_wconf 85' lang='lat' dir='ltr'><strong>operam</strong></span> <span class='ocrx_word' id='word_1_840' title='bbox 2563 5207 2684 5268; x_wconf 89' lang='lat' dir='ltr'><strong>dat,</strong></span> <span class='ocrx_word' id='word_1_841' title='bbox 2723 5213 2778 5259; x_wconf 86' lang='lat' dir='ltr'><strong>et</strong></span> <span class='ocrx_word' id='word_1_842' title='bbox 2808 5203 2920 5258; x_wconf 89' lang='lat' dir='ltr'><strong>Deo</strong></span> <span class='ocrx_word' id='word_1_843' title='bbox 2961 5201 3060 5257; x_wconf 88' lang='lat' dir='ltr'><strong>soli</strong></span> <span class='ocrx_word' id='word_1_844' title='bbox 3115 5201 3166 5256; x_wconf 91' lang='lat' dir='ltr'><strong>in</strong></span> <span class='ocrx_word' id='word_1_845' title='bbox 3212 5198 3415 5254; x_wconf 87' lang='lat' dir='ltr'><strong>sanetis</strong></span> <span class='ocrx_word' id='word_1_846' title='bbox 3468 5205 3645 5249; x_wconf 87' lang='lat' dir='ltr'><strong>vacat.</strong></span> 
     </span>
    </p>
   </div>
   <div class='ocr_carea' id='block_1_114' title="bbox 2070 5287 3642 5361">
    <p class='ocr_par' dir='ltr' id='par_1_114' title="bbox 2070 5287 3642 5361">
     <span class='ocr_line' id='line_1_114' title="bbox 2070 5287 3642 5361; baseline -0.008 -8"><span class='ocrx_word' id='word_1_847' title='bbox 2070 5297 2219 5353; x_wconf 86' lang='lat' dir='ltr'><strong>Sciat</strong></span> <span class='ocrx_word' id='word_1_848' title='bbox 2262 5314 2394 5353; x_wconf 88' lang='lat' dir='ltr'><strong>sane</strong></span> <span class='ocrx_word' id='word_1_849' title='bbox 2439 5299 2523 5351; x_wconf 90' lang='lat' dir='ltr'><strong>cui</strong></span> <span class='ocrx_word' id='word_1_850' title='bbox 2567 5298 2681 5351; x_wconf 65' lang='lat' dir='ltr'><strong>hinc</strong></span> <span class='ocrx_word' id='word_1_851' title='bbox 2727 5295 3058 5359; x_wconf 86' lang='lat' dir='ltr'><strong>revelantur,</strong></span> <span class='ocrx_word' id='word_1_852' title='bbox 3106 5302 3162 5347; x_wconf 91' lang='lat' dir='ltr'><strong>et</strong></span> <span class='ocrx_word' id='word_1_853' title='bbox 3204 5288 3523 5361; x_wconf 82' lang='lat' dir='ltr'><strong>spiritaliter</strong></span> <span class='ocrx_word' id='word_1_854' title='bbox 3567 5287 3642 5340; x_wconf 87' lang='lat' dir='ltr'><strong>in-</strong></span> 
     </span>
    </p>
   </div>
   <div class='ocr_carea' id='block_1_115' title="bbox 2067 5381 3642 5458">
    <p class='ocr_par' dir='ltr' id='par_1_115' title="bbox 2067 5381 3642 5458">
     <span class='ocr_line' id='line_1_115' title="bbox 2067 5381 3642 5458; baseline -0.01 -13"><span class='ocrx_word' id='word_1_855' title='bbox 2067 5389 2338 5458; x_wconf 86' lang='lat' dir='ltr'><strong>spicienda</strong></span> <span class='ocrx_word' id='word_1_856' title='bbox 2367 5389 2687 5453; x_wconf 90' lang='lat' dir='ltr'><strong>creduntur,</strong></span> <span class='ocrx_word' id='word_1_857' title='bbox 2707 5404 2810 5443; x_wconf 93' lang='lat' dir='ltr'><strong>non</strong></span> <span class='ocrx_word' id='word_1_858' title='bbox 2833 5386 2934 5442; x_wconf 88' lang='lat' dir='ltr'><strong>sibi</strong></span> <span class='ocrx_word' id='word_1_859' title='bbox 2970 5396 3142 5439; x_wconf 90' lang='lat' dir='ltr'><strong>tutum</strong></span> <span class='ocrx_word' id='word_1_860' title='bbox 3172 5399 3293 5440; x_wconf 89' lang='lat' dir='ltr'><strong>esse</strong></span> <span class='ocrx_word' id='word_1_861' title='bbox 3321 5381 3532 5450; x_wconf 84' lang='lat' dir='ltr'><strong>aperire</strong></span> <span class='ocrx_word' id='word_1_862' title='bbox 3558 5394 3642 5442; x_wconf 87' lang='lat' dir='ltr'><strong>ea,</strong></span> 
     </span>
    </p>
   </div>
   <div class='ocr_carea' id='block_1_116' title="bbox 2065 5463 3646 5547">
    <p class='ocr_par' dir='ltr' id='par_1_116' title="bbox 2065 5463 3646 5547">
     <span class='ocr_line' id='line_1_116' title="bbox 2065 5463 3646 5547; baseline -0.012 -14"><span class='ocrx_word' id='word_1_863' title='bbox 2065 5488 2120 5533; x_wconf 87' lang='lat' dir='ltr'><strong>et</strong></span> <span class='ocrx_word' id='word_1_864' title='bbox 2171 5477 2405 5546; x_wconf 86' lang='lat' dir='ltr'><strong>pandere</strong></span> <span class='ocrx_word' id='word_1_865' title='bbox 2461 5478 2659 5547; x_wconf 89' lang='lat' dir='ltr'><strong>quibus</strong></span> <span class='ocrx_word' id='word_1_866' title='bbox 2711 5491 2816 5530; x_wconf 88' lang='lat' dir='ltr'><strong>non</strong></span> <span class='ocrx_word' id='word_1_867' title='bbox 2865 5474 2992 5529; x_wconf 86' lang='lat' dir='ltr'><strong>licet</strong></span> <span class='ocrx_word' id='word_1_868' title='bbox 3031 5471 3232 5542; x_wconf 69' lang='lat' dir='ltr'><strong>pandi.</strong></span> <span class='ocrx_word' id='word_1_869' title='bbox 3278 5466 3370 5521; x_wconf 83' lang='lat' dir='ltr'><strong>sed</strong></span> <span class='ocrx_word' id='word_1_870' title='bbox 3433 5463 3646 5534; x_wconf 78' lang='lat' dir='ltr'><strong>operire</strong></span> 
     </span>
    </p>
   </div>
   <div class='ocr_carea' id='block_1_117' title="bbox 454 5733 3394 5808">
    <p class='ocr_par' dir='ltr' id='par_1_117' title="bbox 454 5733 3394 5808">
     <span class='ocr_line' id='line_1_117' title="bbox 454 5733 3394 5808; baseline -0.005 -15"><span class='ocrx_word' id='word_1_871' title='bbox 454 5735 568 5808; x_wconf 79' lang='lat'><strong>(70)</strong></span> <span class='ocrx_word' id='word_1_872' title='bbox 608 5736 789 5793; x_wconf 85' lang='lat' dir='ltr'><strong>Codex</strong></span> <span class='ocrx_word' id='word_1_873' title='bbox 840 5736 1027 5794; x_wconf 84' lang='lat' dir='ltr'><strong>Sancti</strong></span> <span class='ocrx_word' id='word_1_874' title='bbox 1074 5736 1428 5808; x_wconf 82' lang='lat' dir='ltr'><strong>Theudorici,</strong></span> <span class='ocrx_word' id='word_1_875' title='bbox 1483 5754 1501 5793; x_wconf 72' lang='grc' dir='ltr'>ι</span> <span class='ocrx_word' id='word_1_876' title='bbox 1532 5738 1721 5798; x_wconf 85' lang='lat' dir='ltr'><strong>ordine</strong></span> <span class='ocrx_word' id='word_1_877' title='bbox 1760 5737 2050 5796; x_wconf 82' lang='lat' dir='ltr'><strong>sacerdotii</strong></span> <span class='ocrx_word' id='word_1_878' title='bbox 2081 5737 2274 5804; x_wconf 80' lang='lat' dir='ltr'><strong>sancti,</strong></span> <span class='ocrx_word' id='word_1_879' title='bbox 2303 5754 2367 5792; x_wconf 89' lang='lat' dir='ltr'><strong>ne</strong></span> <span class='ocrx_word' id='word_1_880' title='bbox 2400 5736 2481 5792; x_wconf 82' lang='lat' dir='ltr'><strong>vel</strong></span> <span class='ocrx_word' id='word_1_881' title='bbox 2516 5733 2983 5792; x_wconf 82' lang='lat' dir='ltr'><strong>irrationabilibus</strong></span> <span class='ocrx_word' id='word_1_882' title='bbox 3011 5733 3346 5802; x_wconf 77' lang='lat' dir='ltr'><strong>deputentur.</strong></span> <span class='ocrx_word' id='word_1_883' title='bbox 3374 5741 3394 5776; x_wconf 69' lang='grc' dir='ltr'><strong><em>ι</em></strong></span> 
     </span>
    </p>
   </div>
  </div>
