4086 6218
344 294 446 350 (ἔοό

1545 280 1610 333 IN
1654 276 1987 334 NUMEROS
2027 275 2310 332 llOMlLlA
2350 275 2416 330 V.

3493 285 3597 343 606

343 413 493 464 enim
546 409 938 480 quinquaginta
993 408 1197 462 faciunt
1247 405 1594 475 quingentos.
1627 404 1732 456 Sed
1775 411 1826 454 et
1863 417 1927 454 ex
1961 404 2001 459 Α
2033 397 2652 466 niunt,propitiatorium
2687 397 3051 452 nominentur.
3078 401 3255 472 Atqui
3302 409 3602 462 ιιιριιιιρτῖιιι

343 505 448 556 alia
505 511 661 572 parte
694 513 954 556 numerus
981 499 1088 554 iste
1130 509 1378 553 sacratus
1413 498 1491 551 lit.
1525 496 1740 564 Septem
1777 495 1924 548 enim

342 593 672 662 septimanis
702 592 747 646 si
775 591 1004 645 addatur
1035 590 1195 643 unius
1219 588 1426 643 numeri
1453 584 1739 655 perfectio,
1768 586 1926 653 quin-

342 683 606 752 quaginta
649 681 854 735 faciunt
891 680 1031 735 dies.
1066 678 1336 733 Similiter
1367 689 1422 733 et
1450 676 1796 747 septuaginta
1848 690 1927 728 se-

347 775 610 844 ptimanis
656 775 701 828 si
743 773 982 827 addatur
1021 772 1182 826 unius
1235 771 1454 826 decadze
1505 767 1922 831 consummatio,

349 865 556 920 faciunt
595 865 944 936 quingentos.
979 862 1131 930 Quod
1167 873 1220 917 et
1261 863 1305 918 si
1355 861 1722 916 abundantius
1752 859 1927 912 adhuc

344 967 688 1014 sacramenta
718 956 1120 1026 quinquaginta
1155 965 1210 1009 et
1246 957 1666 1024 quingentorum
1713 952 1922 1005 muneri

343 1051 524 1119 placet
552 1048 830 1118 colligere,
859 1047 1122 1101 habemus
1154 1055 1208 1100 et
1246 1047 1298 1101 in
1325 1047 1427 1101 hoc
1463 1046 1578 1114 ipso
1610 1044 1700 1113 qui
1735 1041 1786 1097 in
1813 1057 1924 1096 ma-

344 1141 510 1196 nibus
535 1150 618 1194 est
649 1139 1007 1194 Numerorum
1044 1138 1182 1209 libro
1217 1139 1280 1205 ‘9,
1312 1138 1398 1192 ubi
1429 1140 1496 1192 de
1532 1136 1766 1191 hostium
1798 1149 1922 1204 spo-

342 1231 433 1288 liis
464 1233 686 1300 quidam
714 1230 932 1301 quidem
967 1229 1204 1284 olferunt
1249 1231 1302 1284 in
1346 1229 1486 1283 dona
1522 1227 1617 1284 Dei
1656 1227 1924 1296 quinqua-

340 1325 608 1396 gesimam
679 1322 1029 1393 portionem,
1108 1323 1197 1390 qui
1255 1336 1362 1376 non
1421 1327 1805 1389 processerunt
1857 1317 1922 1370 ad

341 1415 562 1479 bellum,
586 1415 802 1484 quidam
831 1427 961 1468 vero
979 1411 1494 1483 quingentesimam;
1526 1419 1580 1462 ct
1606 1409 1788 1476 utique
1818 1422 1922 1460 non

299 1488 304 1492 1
343 1511 580 1566 inaniter
603 1511 765 1566 etiam
792 1510 880 1564 hic
921 1507 1400 1577 quinquagesimus
1445 1513 1494 1559 et
1544 1502 1918 1573 quingentesi-

344 1614 465 1653 mus
499 1614 762 1652 numerus
795 1598 1048 1652 habetur.
1103 1595 1208 1648 Sed
1242 1605 1296 1647 et
1331 1594 1382 1647 iu
1418 1593 1616 1648 Genesi
1655 1593 1742 1646 ubi
1781 1592 1922 1646 Deus

343 1688 620 1744 tractabat
664 1689 729 1743 de
783 1687 1122 1756 indulgentia
1155 1686 1514 1740 Sodomorum
1543 1685 1589 1739 si
1621 1685 1760 1738 forte
1797 1699 1919 1754 pos-

2033 492 2430 543 multitudinem
2476 488 2737 552 scientiae,
2787 501 2840 542 et
2897 491 3238 546 abundantes
3289 495 3511 550 divitias
3545 500 3597 551 in

2030 583 2310 650 agnitione
2368 581 2482 646 Dei,
2517 580 2796 635 cherubim
2833 581 3059 649 intelligi
3101 598 3346 651 possunt.
3393 590 3598 644 Cheru-

2029 675 2138 729 bim
2173 687 2400 741 namque
2432 674 2482 725 in
2523 681 2708 726 nostra
2741 672 2920 742 lingua
2965 675 3247 729 multitudo
3270 681 3496 734 scientia:
3525 685 3604 736 iu-

2031 773 2381 831 terpretatur.
2413 763 2517 817 Sed
2565 764 2661 816 hos
2709 779 2926 828 omnes,
2977 765 3066 832 qui
3107 781 3200 832 per
3232 769 3343 823 hinc
3390 765 3598 842 singula

2028 872 2147 926 qua:
2197 871 2358 926 supra
2419 865 2734 909 cnumcrata
2793 866 2915 909 sunt
2968 859 3342 930 designantur,
3398 867 3599 933 portari

2029 965 2250 1003 necesse
2272 958 2372 1012 est,
2417 958 2469 1002 et
2503 950 2706 1016 portari
2743 949 2792 1000 in
2830 950 3086 1004 humeris.
3118 952 3268 1006 Unde
3315 955 3601 1026 fortassis,

2031 1053 2086 1096 ut
2125 1059 2223 1112 ego
2274 1044 2488 1112 opinor,
2536 1043 2712 1113 angeli
2764 1046 2853 1113 qui
2909 1047 3147 1100 ordinati
3203 1061 3328 1104 sunt
3383 1067 3600 1124 propter

1989 1191 1996 1197 ,
2028 1149 2143 1196 eos,
2187 1134 2276 1202 qui
2327 1135 2698 1189 [nereditatem
2749 1138 2970 1204 capiunt
3006 1138 3196 1193 salutis
3228 1143 3297 1203 ¹¹,
3335 1146 3434 1213 ipsi
3467 1148 3596 1210 sint,

2027 1225 2120 1293 qui
2172 1225 2418 1291 singulos
2445 1240 2631 1278 eorum
2687 1242 2823 1294 (ιιιυε
2876 1244 3032 1297 supra
3085 1231 3323 1288 diximus
3357 1248 3595 1305 portant.

2026 1313 2162 1366 Cum
2195 1313 2335 1365 enim
2361 1313 2594 1366 solutum
2626 1315 2786 1369 fuerit
2819 1319 3226 1376 tabernaculum
3253 1325 3374 1390 hoc,
3406 1338 3459 1379 et
3487 1343 3598 1381 coe-

2027 1404 2266 1470 perimtts
2298 1404 2408 1472 (7‘2)
2444 1405 2648 1472 ingredi
2697 1409 2761 1458 ad
2794 1409 2880 1460 illa
2923 1421 3107 1464 sancta
3134 1451 3147 1476 ,
3193 1425 3246 1468 et
3275 1433 3500 1487 pergere
3529 1423 3596 1472 ad

2025 1487 2201 1546 locum
2239 1496 2700 1562 repromissionis,
2726 1499 2759 1550 ii
2788 1500 2878 1566 qui
2905 1517 3033 1556 vere
3068 1507 3242 1558 sancti
3271 1519 3416 1570 sunt,
3446 1519 3500 1562 ct
3542 1509 3595 1562 in

2024 1583 2228 1637 sanctis
2259 1593 2570 1639 sanctorum
2604 1587 2889 1656 habentur,
2913 1595 3118 1662 angelis
3142 1597 3257 1649 sine
3285 1599 3443 1651 dubio
3470 1603 3596 1654 sub-

2024 1675 2370 1728 vectantihus
2400 1675 2682 1741 incedunt,
2707 1690 2758 1734 et
2789 1698 3066 1752 usquequo
3087 1690 3386 1757 requiescat
3419 1691 3598 1745 taber—

342 1791 466 1835 sent
489 1781 556 1834 ad
589 1782 804 1835 veniam
833 1780 1147 1848 pervenire,
1174 1780 1479 1847 hujusmodi
1531 1777 1912 1848 mysteriorum
1953 1753 1994 1807 Β
2024 1770 2268 1826 naculum
2305 1776 2416 1843 Dei,
2443 1785 2729 1843 portantur
2757 1779 2807 1829 in
2835 1778 3078 1831 humeris
3103 1787 3156 1832 et
3181 1783 3518 1839 extolluntur
3543 1787 3595 1839 in

341 1869 600 1922 conscius
630 1869 940 1936 patriarcha
975 1869 1244 1922 Abraham
1286 1885 1314 1922 a
1339 1868 1788 1938 tptinquagesimo
1822 1883 1914 1919 nu-

342 1971 496 2012 mero
528 1959 720 2028 incipit
770 1973 870 2029 pro
917 1959 1246 2028 indulgentia
1289 1959 1645 2012 Sodomorum
1684 1958 1915 2012 Domino

342 2047 670 2116 supplicare,
699 2059 753 2102 et
784 2049 916 2104 dicit
944 2049 990 2081 ²⁰
1028 2064 1042 2100 :
1078 2069 1093 2100 ι
1131 2049 1188 2102 Si
1242 2050 1444 2102 inventi
1500 2049 1701 2102 fuerint
1751 2049 1913 2118 quin-

337 2139 598 2206 quaginta
637 2140 689 2192 in
719 2139 957 2206 civitate,
991 2155 1094 2194 non
1130 2140 1366 2195 salvabis
1393 2126 1618 2210 propier
1650 2141 1916 2210 quinqua-

335 2227 485 2296 ginta
517 2229 824 2284 civitatem?
861 2251 880 2282 ι

407 2321 461 2373 5.
488 2321 593 2375 Sed
625 2323 688 2375 ad
720 2325 1058 2394 propositmu
1111 2337 1470 2403 revertamur.
1515 2327 1742 2397 Oportet
1786 2340 1916 2396 ergo

331 2411 550 2478 Operari
586 2409 804 2467 Levitas
853 2415 905 2468 in
959 2417 1164 2469 sanctis
1192 2431 1364 2484 usque
1415 2416 1479 2469 ad
1515 2417 1911 2486 quinquaginta

331 2517 526 2565 annos,
547 2501 834 2559 inferiores
859 2507 1078 2575 quidem
1104 2522 1290 2576 opera,
1317 2509 1571 2562 meliores
1595 2523 1724 2562 vero
1748 2516 1912 2576 opera

328 2609 558 2659 operum
609 2597 858 2651 :horum
915 2611 1093 2653 autem
1150 2602 1505 2670 superiores,
1572 2601 1912 2670 spiritalibus

333 2683 532 2739 ofﬁciis
555 2685 856 2755 deservire,
892 2699 945 2745 et
977 2693 1205 2747 introire
1241 2695 1294 2746 in
1333 2693 1532 2747 Sancta
1571 2702 1910 2756 sanctorum,

331 2775 520 2844 illique
551 2781 764 2847 operire
796 2796 916 2850 qua:
939 2783 1230 2846 operienda
1259 2794 1404 2846 sunt,
1452 2793 1506 2838 et
1539 2784 1756 2839 tradere
1786 2783 1912 2836 filiis

328 2867 504 2922 Caath
535 2872 804 2938 portanda
841 2874 1103 2938 humeris,
1129 2883 1181 2928 et
1205 2875 1454 2928 manibus
1486 2872 1910 2931 evehenda.Sed

329 2968 388 3012 et
423 2959 646 3030 reliquis
682 2965 972 3034 unicuique
1004 2967 1300 3021 secundum
1332 2984 1394 3022 ea
1435 2983 1556 3036 quae
1601 2966 1710 3034 jam
1745 2982 1910 3036 supe-

330 3050 449 3104 rius
479 3067 622 3122 saepe
640 3053 868 3109 disserta
897 3065 1022 3109 sunt
1046 3059 1386 3114 ordinantur.
1426 3056 1622 3112 Verum
1648 3074 1714 3111 ne
1745 3057 1909 3111 nimia
1939 3090 1984 3149 ε

333 3144 452 3198 ltzrc
490 3145 948 3213 operimentorum
983 3149 1524 3219 velamentorutnque
1564 3149 1772 3207 Cautela
1820 3151 1912 3203 de-

331 3235 700 3301 sperationem
733 3240 1024 3305 quamdam
1051 3251 1103 3294 et
1135 3243 1450 3298 mmstitiam
1491 3250 1714 3311 generet
1756 3239 1910 3294 audi-

338 3323 566 3389 toribus,
615 3339 781 3392 pauea
823 3327 998 3396 aliqua
1031 3346 1147 3397 qua:
1175 3341 1230 3385 et
1271 3333 1425 3386 nobis
1456 3333 1694 3401 pandere
1733 3340 1907 3385 tutqu

337 3414 428 3472 sit,
460 3425 513 3467 et
549 3415 703 3469 vobis
737 3413 816 3470 fas
857 3419 927 3470 sit
968 3420 1233 3486 aspicere,
1283 3423 1540 3490 quoniam
1575 3423 1814 3492 quidem,
1851 3430 1910 3476 ut

337 3504 487 3572 prius
529 3507 791 3570 diximus,
833 3524 1000 3578 genus
1037 3511 1214 3580 regale
1259 3523 1314 3564 et
1358 3513 1739 3576 sacerdotium,
1776 3527 1908 3581 gens

333 3609 520 3651 sancta
568 3607 623 3652 et
673 3600 904 3668 populus
954 3601 1004 3652 in
1041 3603 1399 3670 acquisitione
1441 3603 1566 3657 dicti
1617 3619 1804 3657 sumus
1836 3603 1907 3668 ²¹,

331 3688 548 3753 aperire
599 3690 952 3743 tentabimus.
989 3689 1364 3761 lntelliga‘mus
1408 3707 1536 3762 ergo
1581 3693 1904 3746 tabernacu-

330 3777 440 3830 lum
473 3777 771 3834 testimonii
821 3795 1010 3834 onmes
1053 3789 1297 3843 sanctos,
1327 3782 1418 3849 qui
1450 3781 1548 3834 sub
1582 3791 1906 3837 testamento

332 3868 425 3921 Dei
455 3877 747 3923 censentur
775 3887 787 3921 :
824 3879 878 3924 et
903 3870 955 3922 in
993 3869 1094 3922 hoc
1119 3869 1468 3924 tabernaculo
1491 3884 1611 3926 esse
1643 3872 1902 3940 quosdam

326 3958 592 4013 celsiores
618 3960 828 4014 meritis
849 3969 901 4013 et
936 3960 1106 4029 gratia
1141 3959 1486 4027 superiores:
1525 3970 1578 4014 et
1608 3975 1672 4014 ex
1706 3962 1769 4015 iis
1809 3962 1906 4018 ali-

330 4061 470 4116 quos
509 4049 727 4120 quidem
769 4051 1152 4105 candelabrum
1187 4048 1314 4114 dici,
1351 4049 1495 4118 ipsos
1531 4049 1668 4104 forte
1694 4060 1907 4120 aposto-

329 4139 437 4204 los,
465 4139 556 4208 qui
589 4139 897 4194 illuminant
923 4142 1248 4195 accedentes
1294 4140 1360 4191 ad
1394 4141 1587 4194 Deum.
1619 4140 1727 4195 Sed
1761 4150 1813 4195 et
1857 4140 1900 4194 si

325 4231 423 4299 qui
456 4231 544 4285 alii
585 4240 729 4295 sunt,
761 4233 852 4300 qui
883 4233 934 4285 in
981 4233 1083 4287 hoc
1132 4233 1480 4285 tabernaculo
1523 4232 1614 4286 Dei
1652 4234 1904 4287 omnibus

325 4321 762 4389 ingredientibus
795 4322 1034 4376 scientia:
1081 4332 1135 4376 et
1179 4323 1440 4376 doctrina:
1493 4323 1672 4378 lumen
1719 4333 1904 4377 osten-

2021 1863 2288 1920 manihus.
2317 1865 2470 1932 Quod
2499 1870 2831 1936 prospiciens
2860 1871 2912 1923 in
2939 1873 3131 1940 spiritu
3156 1872 3425 1943 Propheta
3450 1878 3596 1932 dieeo

2019 1951 2110 2005 bat
2141 1953 2185 1984 ’³
2220 1972 2232 2007 :
2275 1973 2294 2004 ι
2325 1955 2589 2022 Quoniam
2622 1961 2830 2028 angelis
2866 1962 2980 2015 suis
3030 1965 3306 2021 mandavit
3339 1968 3402 2022 tle
3433 1979 3505 2034 te,
3540 1982 3593 2022 ut

2019 2042 2070 2095 in
2100 2045 2348 2099 manibus
2379 2047 2565 2101 tollant
2598 2059 2669 2115 te,
2707 2067 2773 2104 ne
2816 2052 2954 2106 forte
3000 2052 3243 2109 oﬂ‘endas
3264 2059 3329 2111 ad
3362 2060 3592 2128 lapidem

2018 2133 2208 2202 pedem
2237 2145 2403 2190 tttum.
2441 2157 2458 2190 ›
2494 2138 2644 2205 Quod
2679 2143 2892 2210 quidem
2936 2147 3134 2199 dictum
3167 2150 3376 2215 putavit
3409 2151 3598 2204 diabo-

2017 2223 2100 2277 lus
2132 2225 2196 2278 de
2233 2226 2516 2282 Salvatore
2548 2231 2946 2300 accipiendum,
2975 2238 3067 2290 sed
3105 2248 3337 2293 ctrcatns
3366 2241 3594 2306 malitia,

2018 2330 2127 2369 non
2157 2318 2425 2373 intellexit
2459 2321 2675 2390 eloquia
2706 2323 2918 2378 Domini
2949 2328 3203 2395 mystica.
3241 2329 3428 2400 Neque
3451 2335 3594 2386 enim

2019 2405 2269 2486 Salvator
2302 2427 2452 2466 nteus
2475 2413 2682 2481 angelis
2721 2415 3020 2485 indigebat,
3064 2429 3122 2473 ut
3153 2437 3260 2474 non
3297 2421 3596 2478 olfenderet

2016 2497 2082 2550 ad
2119 2496 2348 2566 lapidem
2375 2501 2564 2569 pedem
2607 2519 2786 2557 suum.
2817 2505 3059 2574 Namque
3091 2509 3454 2565 calumniatur
3479 2515 3596 2566 dia-

2015 2584 2171 2641 holus
2189 2588 2526 2656 Scripturam
2545 2592 2806 2654 divinam,
2827 2597 2915 2662 qui
2936 2597 3044 2650 haec
3065 2598 3130 2651 de
3149 2596 3430 2655 Salvatore
3450 2604 3593 2657 dicta

2015 2680 2342 2749 protulerit:
2381 2698 2487 2736 non
2516 2687 2580 2736 de
2611 2684 2724 2749 illo,
2761 2689 2852 2740 sed
2889 2689 2954 2740 de
2973 2690 3225 2746 omnibus
3259 2695 3462 2749 sanctis
3495 2699 3598 2750 hoc.

2014 2769 2234 2832 dicitur,
2266 2771 2390 2840 quia
2418 2774 2627 2842 angelis
2661 2776 2773 2829 suis
2807 2779 3083 2832 mandavit
3118 2781 3370 2852 Deuspro
3398 2788 3596 2855 popqu

2015 2875 2134 2925 suo,
2168 2871 2224 2914 ut
2258 2880 2362 2918 non
2388 2863 2623 2919 oll'endat
2653 2869 2718 2921 ad
2759 2869 2989 2938 lapidem
3029 2875 3222 2942 pedem
3263 2892 3442 2930 suum.
3487 2879 3592 2933 Sed

2014 2961 2066 3005 et
2102 2955 2285 3006 omnia
2321 2970 2438 3022 qua:
2469 2957 2518 3008 in
2559 2956 2660 3010 hoc
2712 2960 2918 3026 psalmo
2970 2965 3171 3031 scripta
3228 2977 3374 3030 sunt,
3423 2969 3594 3035 justis

2015 3045 2329 3114 quibusque
2359 3047 2532 3116 magis
2563 3063 2722 3116 quam
2761 3052 3027 3106 Salvatori
3057 3059 3408 3111 conveniunt.
3435 3059 3594 3116 Libe-

2019 3146 2100 3189 rat
2125 3137 2266 3190 enim
2306 3138 2564 3194 Dominus
2592 3159 2618 3193 a
2657 3139 2836 3206 ruina,
2880 3153 2935 3198 et
2991 3147 3263 3201 daemonio
3293 3155 3594 3210 meridiano

2021 3241 2128 3280 non
2164 3226 2534 3294 Salvatorem,
2569 3235 2712 3300 quod
2749 3233 2887 3288 absit
2920 3251 2946 3287 a
2978 3238 3133 3291 nobis
3167 3240 3237 3291 ita
3272 3240 3590 3310 intelligere,

2014 3317 2108 3368 sed
2143 3331 2358 3369 omnem
2389 3318 2619 3385 justum.
2667 3321 2807 3375 Justi
2837 3327 2980 3377 euiut
3036 3339 3181 3390 sunt,
3212 3333 3302 3398 qui
3354 3333 3594 3404 indigent

2015 3406 2288 3476 adiutorio
2320 3410 2634 3476 angelorum
2672 3413 2784 3480 Dei,
2826 3417 2900 3468 uti
2938 3434 3003 3471 ne
3033 3435 3062 3470 a
3093 3421 3431 3479 daemonibus
3467 3428 3592 3479 sub-

2015 3508 2272 3562 ruantur,
2330 3509 2382 3552 et
2439 3517 2506 3552 ne
2557 3503 2718 3555 corda
2783 3520 2971 3560 eorum
3025 3513 3219 3580 sagitta
3273 3515 3484 3568 volante
3535 3519 3587 3570 in

2015 3591 2254 3644 tenebris
2285 3593 2646 3646 terchrcntur.
2681 3595 2781 3648 Per
2817 3597 2964 3666 ipsos
3009 3604 3229 3672 angelos
3261 3608 3361 3662 sth
3400 3613 3586 3664 eoden:

2011 3683 2270 3751 mysterio
2297 3683 2496 3738 Paulus
2522 3687 2816 3752 portandos
2849 3705 2968 3745 esse
3001 3697 3264 3761 quosdam
3302 3701 3590 3756 continuat

2011 3772 2065 3824 in
2102 3772 2334 3827 nubibus
2361 3789 2480 3827 cum
2514 3777 2642 3830 dicit
2674 3776 2717 3808 “
2748 3796 2760 3830 :
2807 3797 2826 3830 ι
2861 3777 2966 3834 Sed
2997 3794 3051 3835 et
3087 3801 3184 3840 nos
3213 3788 3304 3855 qui
3337 3790 3587 3854 vivimus,

2012 3863 2103 3930 qui
2139 3862 2330 3932 reliqui
2366 3881 2574 3930 sumus,
2605 3867 2764 3922 simul
2797 3887 2918 3924 cum
2952 3874 3062 3928 illis
3108 3878 3382 3944 rapientur
3415 3882 3464 3934 in
3498 3900 3590 3936 nu-

2009 3956 2166 4011 bibus
2196 3958 2408 4011 obviam
2451 3958 2667 4015 Chrislo
2703 3961 2753 4014 in
2781 3978 2930 4017 acra.
2967 3983 2984 4014 ι
3029 3965 3334 4035 liapiuntur
3371 3989 3499 4043 ergo
3519 3976 3591 4028 ab

2010 4049 2214 4117 angelis
2246 4049 2277 4102 ii
2306 4050 2393 4118 qui
2419 4051 2634 4118 penitus
2667 4055 2878 4122 purgati
2933 4065 2987 4109 et
3022 4057 3164 4113 leves
3197 4061 3369 4116 cll‘ecti
3400 4075 3523 4118 sunt
3559 4083 3590 4120 a

2011 4143 2240 4197 delictis.
2271 4142 2566 4199 Portautur
2607 4163 2736 4202 vero
2765 4149 2799 4202 ii
2827 4151 2916 4220 qui
2952 4151 3226 4221 aliquibus
3258 4160 3434 4212 adhuc
3460 4161 3586 4214 reli-

2011 4235 2148 4302 quiis
2180 4248 2611 4306 prmgravantur.
2643 4238 2938 4295 Portaulur
2963 4257 3091 4298 vero
3119 4255 3172 4298 et
3196 4247 3462 4302 columna:
3506 4261 3589 4303 ta-

2011 4327 2286 4380 bernaculi
2315 4343 2342 4380 a
2375 4329 2726 4396 quibusdam,
2755 4341 2810 4383 et
2859 4327 3022 4398 atria,
3054 4345 3106 4387 et
3139 4346 3335 4391 cmtera
3385 4355 3504 4408 qua:
3554 4358 3584 4392 a

327 4417 484 4480 dunt,
526 4428 719 4468 omnes
751 4415 837 4470 isti
869 4415 1250 4470 candelabrum
1296 4419 1579 4484 mysticum
1618 4417 1898 4472 nomineu-
1932 4417 1976 4472 D
2005 4416 2290 4484 Scriptura
2344 4417 2682 4472 referuntur.
2749 4419 3048 4477 Portantur
3111 4437 3288 4480 autem
3352 4445 3455 4482 non
3517 4432 3586 4484 ab

326 4517 440 4558 tur.
471 4505 572 4559 Alii
601 4505 710 4559 sint
742 4521 926 4571 mensa
984 4522 1159 4569 saera,
1205 4507 1419 4560 scilicet
1460 4509 1771 4577 (plicunque
1803 4511 1903 4563 ha-

325 4599 459 4651 bent
482 4613 649 4667 panes
689 4599 800 4666 Dei,
827 4610 881 4653 et
905 4599 1153 4654 reﬁciunt
1180 4615 1242 4652 ac
1273 4612 1499 4668 pascunt
1534 4603 1742 4657 animas
1777 4619 1904 4658 esu-

329 4691 540 4746 rientes
579 4691 869 4759 justitiam.
902 4693 1002 4748 Alii
1038 4693 1146 4748 sint
1187 4696 1358 4748 altare
1413 4695 1642 4764 incensi,
1675 4697 1906 4765 quicun-

324 4798 437 4853 que
474 4784 814 4839 orationibus
847 4794 899 4840 et
937 4786 1160 4857 jejuniis
1196 4787 1282 4840 die
1316 4803 1379 4841 ac
1420 4796 1578 4841 nocte
1625 4798 1820 4842 vacant
1851 4789 1901 4842 in

324 4874 528 4945 templo
553 4874 669 4941 Dei,
691 4886 916 4932 orantes
949 4895 1054 4932 non
1079 4879 1244 4950 286
1267 4879 1438 4933 solum
1465 4895 1561 4949 pro
1579 4881 1910 4952 semetipsis,

322 4969 418 5022 sed
455 4977 506 5021 et
557 4982 653 5033 pro
702 4969 955 5022 universo
1002 4971 1219 5038 populo.
1245 4970 1283 5023 li
1322 4984 1450 5023 vero
1488 4967 1685 5038 quibus
1712 4985 1910 5024 arcana

327 5060 586 5126 mysteria
605 5059 835 5115 credidit
854 5059 1414 5123 Deus,etoccultorum
1432 5059 1780 5128 providentiae
1798 5077 1908 5116 sure

331 5150 649 5222 indiciorum
703 5158 912 5206 secreta
973 5151 1264 5216 commisit,
1301 5165 1426 5204 arca
1465 5151 1770 5204 testamenti
1811 5151 1902 5204 Dei

326 5245 682 5318 appellentur.
710 5243 882 5299 Porro
911 5243 1000 5310 qui
1027 5259 1147 5296 cum
1171 5245 1319 5298 omni
1353 5243 1546 5296 tiducia
1577 5258 1672 5310 per
1692 5242 1901 5298 hostias

329 5349 579 5405 precum,
637 5333 1200 5404 supplicationumque
1232 5332 1481 5384 victimas
1514 5331 1678 5385 Deum
1733 5331 1898 5384 homi-

330 5426 490 5483 nibus
525 5428 898 5498 reprupitiant,
943 5437 993 5481 et
1025 5442 1120 5495 pro
1167 5423 1380 5478 delictis
1421 5423 1596 5491 populi
1649 5422 1907 5477 interve--

407 5565 447 5596 ¹⁹
475 5563 631 5616 Nunt.
665 5578 814 5616 xui.
895 5563 938 5593 ὀ
970 5561 1103 5616 Gen.
1133 5574 1287 5621 ιιι-ιιι,
1314 5557 1407 5610 “ll.
1484 5558 1524 5586 ²¹
1564 5556 1752 5610 lPetr.
1779 5572 1839 5622 ιι,
1861 5555 1912 5610 9.

1991 5559 2034 5588 ²²
2069 5557 2229 5614 llcbr.
2267 5576 2302 5624 I,
2331 5560 2414 5613 H.

2005 4505 2290 4571 Israelitis,
2323 4509 2415 4562 sed
2446 4524 2473 4561 a
2521 4507 2750 4574 Levitis,
2811 4515 3114 4568 secundum
3174 4517 3316 4572 hunc
3363 4535 3582 4575 sensum

2004 4612 2163 4666 quem
2191 4601 2241 4652 in
2278 4610 2595 4655 transcursu
2626 4602 2874 4657 videmur
2901 4603 3052 4660 brevi
3085 4611 3400 4677 contigisse,
3427 4614 3589 4666 relin-

2002 4703 2234 4761 quentes
2265 4694 2517 4748 sensibus
2542 4695 2874 4762 auditorum,
2903 4708 2959 4753 ut
2987 4703 3030 4754 si
3052 4704 3174 4771 quis
3193 4703 3256 4756 de
3290 4703 3353 4756 iis
3380 4703 3586 4771 tiiajoro

2003 4783 2273 4838 desiderio
2299 4783 2636 4854 flagraverit,
2673 4789 2937 4843 accendat
2964 4791 3065 4844 sibi
3107 4793 3283 4846 lumen
3322 4795 3583 4856 scientiae,

2013 4884 2069 4930 et
2121 4874 2324 4943 majora
2397 4877 2589 4931 horum
2639 4880 2797 4934 oculo
2852 4883 3254 4951 perspicaciore
3310 4883 3584 4952 conjician

2014 4963 2180 5020 Nobis
2223 4975 2401 5019 autem
2432 4969 2702 5022 concedat
2735 4969 3016 5036 Dominus,
3067 4980 3122 5025 ut
3154 4987 3181 5024 a
3238 4971 3433 5023 talibus
3459 4989 3587 5038 ope-

2013 5057 2169 5110 rariis
2203 5058 2402 5126 portati
2431 5068 2484 5111 et
2504 5058 2800 5123 sublevati,
2830 5059 3130 5113 liberemur
3157 5069 3208 5114 et
3233 5061 3586 5117 dclemlamur

2006 5163 2036 5200 a
2068 5148 2259 5216 sagitta
2287 5149 2505 5203 volante
2539 5151 2591 5202 in
2630 5151 2900 5214 tenebris,
2950 5160 3005 5204 et
3034 5167 3062 5204 a
3094 5153 3269 5217 ruina,
3304 5163 3358 5206 et
3382 5155 3584 5208 theton.

2003 5241 2094 5294 nio
2120 5241 2442 5308 meridiano,
2485 5257 2552 5295 ne
2580 5241 2719 5296 forte
2748 5241 3091 5298 oﬂ'endamus
3121 5245 3188 5299 ad
3216 5245 3444 5313 lapidem
3483 5261 3579 5314 pes

2000 5332 2120 5386 dem
2151 5343 2422 5397 nostrum,
2459 5348 2742 5402 usquequo
2769 5339 3153 5404 perveniamus
3191 5339 3255 5392 ad
3297 5339 3472 5391 locum
3505 5355 3594 5392 re-

1999 5423 2382 5492 promissionis
2433 5435 2773 5494 sanctorum,
2817 5443 2917 5500 per
2955 5429 3232 5487 Christum
3289 5433 3574 5487 Dominum

2491 5561 2534 5592 ¹³
2557 5560 2698 5620 Psal.
2735 5580 2841 5627 xei,
2881 5565 2966 5620 ll.
3046 5569 3091 5597 “
3124 5565 3140 5619 Ι
3173 5565 3361 5625 Thess.
3391 5583 3464 5632 tv,
3498 5567 3574 5620 l6.

400 5701 518 5768 t7‘2)
566 5701 722 5767 Mss,
769 5722 784 5753 ς
833 5701 1174 5772 coeperimus.
1221 5720 1236 5753 ι
1277 5699 1432 5756 Libb.
1473 5700 1633 5762 editi,
1683 5719 1699 5752 ι
1738 5701 2018 5772 ('(L‘pitltuts.
2059 5720 2079 5753 ι
