4086 6218
534 324 638 379 6οῚ

1987 332 2311 390 ORIGENIS

3695 329 3801 387 608

537 452 803 506 nostrum,
838 446 925 501 cui
952 455 1036 501 est
1060 446 1235 503 honor
1261 448 1626 521 etimpcrium
1671 451 1783 521 (75)
1826 453 1877 509 in
1920 453 2113 509 sarcula
2145 455 2188 512 A
2220 454 2395 524 inquit
2418 453 2481 518 ³³,
2525 465 2689 523 super
2743 467 2835 508 eos
2879 450 3121 521 spiritus,
3157 447 3624 521 prophetavernnt
3670 462 3798 502 om-

532 529 879 587 szecnlorum.
907 536 1099 591 Amen.

1118 650 1399 708 llOMlLlA
1433 654 1519 709 Vl.

529 735 617 822 De,
646 754 707 791 eo
744 741 886 822 quod
912 744 1166 822 scriptum
1199 757 1272 822 est
1309 763 1327 799 :
1364 766 1381 797 ι
1418 747 1563 822 Εφὶἱι
1602 749 1813 822 Moyses
1837 757 1907 806 ad
1939 769 2101 822 popu-

597 807 728 886 lum,
762 827 780 860 ι
820 820 867 863 et
902 814 965 865 de
994 807 1321 886 septuaginta
1359 807 1772 886 ρνεεὺῃιενίεξᾱ
1801 823 1865 876 de
1888 807 2109 878 iulio-

600 878 768 944 pisaa,
816 896 975 943 quam
1008 878 1216 952 Moyse]:
1240 878 1435 954 accepit
1472 878 1712 943 uioreui.

598 985 649 1041 l.
682 985 843 1042 Plura
868 991 1022 1044 nobis
1047 992 1208 1045 simul
1248 995 1473 1049 recitata
1505 1008 1651 1062 sunt,
1681 1009 1734 1055 et
1760 1002 1825 1058 de
1854 1006 2106 1063 omnibus

526 1075 592 1131 iis
626 1077 831 1140 dicere.
866 1096 967 1135 nec
998 1084 1264 1152 temporis
1299 1086 1559 1156 brevitas,
1591 1106 1688 1148 nec
1719 1097 2103 1164 mysteriorum

526 1168 840 1234 magnitudo
872 1174 1163 1239 permittit.
1211 1175 1423 1231 Licebit
1467 1189 1650 1236 tamen
1688 1197 1754 1239 ex
1788 1186 2103 1257 ingentibus

523 1259 731 1326 campis
774 1277 979 1330 paucos
1016 1265 1267 1323 flosculos
1310 1270 1508 1341 legere,
1566 1284 1621 1329 et
1678 1293 1786 1332 non
1835 1292 2099 1349 quantum

520 1362 652 1415 ager
684 1354 970 1419 exuberat,
1003 1358 1096 1412 sed
1126 1372 1393 1428 quantum
1422 1364 1673 1420 odoratui
1721 1368 1953 1425 sufﬁciat
1980 1388 2101 1429 car-

518 1452 669 1507 pere.
706 1440 934 1499 Sicutet
962 1462 1082 1502 ctum
1112 1451 1233 1518 quis
1282 1454 1495 1507 accedit
1540 1455 1607 1508 ad
1661 1456 1886 1525 fontem,
1912 1477 2019 1519 non
2047 1465 2097 1520 ei

522 1537 729 1619 tantum
769 1532 990 1591 haurire
1037 1554 1259 1597 necesse
1310 1555 1425 1611 est,
1472 1560 1735 1619 quantum
1773 1568 1909 1609 vena
1945 1557 2097 1613 dives

516 1615 793 1689 effuderit,
824 1627 918 1678 sed
955 1640 1217 1694 quantum
1264 1615 1598 1694 arentes—siti
1644 1642 1856 1711 mitiget
1884 1643 2094 1710 fauces,

519 1724 588 1762 ne
643 1711 784 1767 forte
816 1714 937 1784 plus
962 1716 1114 1785 justo
1155 1734 1391 1792 sumpta,
1443 1730 1536 1783 iiat
1608 1734 1815 1799 potanti
1860 1734 2093 1793 salubris

517 1802 660 1855 unda
688 1806 977 1873 pernicies.
1003 1828 1021 1861 ι
1043 1810 1108 1865 Ει
1129 1814 1285 1879 exiit,
1307 1817 1480 1885 inquit
1506 1821 1573 1884 ³⁸,
1599 1821 1811 1893 Moyses
1837 1824 1904 1879 ad
1922 1840 2094 1897 popu-

518 1891 648 1959 lum,
672 1905 725 1949 et
762 1896 974 1955 locutus
1000 1912 1083 1956 est
1119 1904 1184 1957 ad
1212 1920 1335 1959 emn
1368 1909 1530 1965 verba
1578 1891 1815 1968 Domini.
1864 1933 1885 1968 ι
1915 1891 2096 1974 Donec

516 1988 679 2042 verba
700 1988 908 2045 Domini
939 1995 1090 2050 audit
1119 1997 1331 2068 Moyses
1353 2009 1409 2054 et
1437 2002 1505 2055 ab
1527 2004 1647 2073 ipso
1678 2007 1921 2077 docetur,
1950 2012 2098 2067 intus

510 2090 617 2147 est,
638 2082 761 2135 etin
789 2083 1142 2144 interioribus
1158 2090 1411 2145 consistit
1429 2103 1593 2163 atque
1613 2096 1664 2150 in
1688 2097 1901 2155 intimis
1921 2115 2097 2158 secre«

514 2169 585 2224 tis
641 2171 896 2229 habetur.
940 2175 1040 2232 Ubi
1096 2194 1224 2235 vero
1262 2181 1442 2235 turbis
1496 2183 1739 2254 loquitur
1772 2196 1827 2241 et
1861 2188 2093 2257 populis,

512 2262 785 2320 ministrat
815 2266 861 2321 ei
896 2269 985 2336 qui
1027 2269 1175 2325 intus
1204 2289 1311 2327 non
1347 2284 1527 2344 potest
1580 2290 1749 2343 Stare,
1780 2281 1932 2335 exire
1960 2280 2096 2335 dici-

512 2363 601 2408 tur
648 2357 817 2414 foras.
854 2359 992 2427 Quid
1034 2376 1164 2432 ergo
1210 2365 1403 2420 forma:
1441 2366 1564 2423 talis
1596 2370 1839 2425 continet
1875 2372 2092 2427 sermo?

509 2444 666 2512 Quod
696 2450 875 2505 omnis
897 2451 1114 2518 doctor,
1144 2464 1199 2509 et
1220 2457 1482 2527 magister
1504 2458 1762 2515 Ecclesiae
1790 2462 1837 2516 si
1876 2463 1943 2517 de
1968 2478 2095 2532 pro-

512 2534 853 2595 fundioribus
904 2545 1183 2614 mysteriis
1217 2546 1422 2616 aliquid
1453 2561 1703 2617 moveat,
1751 2552 1796 2607 si
1833 2568 2090 2610 arcanum

509 2628 639 2696 quid
670 2639 725 2685 et
763 2635 1100 2690 reconditum
1130 2637 1197 2693 de
1230 2638 1323 2695 Dei
1372 2642 1639 2710 sapientia
1679 2643 1915 2713 proferat
1951 2646 2093 2701 inter

511 2724 807 2791 perfectos,
847 2725 1020 2782 donec
1077 2729 1129 2783 in
1182 2732 1467 2801 profundis
1516 2734 1773 2791 sensibus
1814 2748 2088 2805 versatur,

509 2814 657 2870 intus
686 2830 828 2882 esse,
862 2828 919 2873 et
969 2818 1022 2873 in
1075 2819 1428 2879 interioribus
1471 2828 1777 2883 consistere
1830 2830 2091 2886 dicendus

504 2914 611 2960 est.
638 2906 772 2962 Cum
803 2924 931 2966 vero
956 2910 1197 2981 loquitur
1217 2914 1285 2969 ad
1330 2917 1538 2984 turbas,
1565 2927 1623 2973 et
1647 2932 1709 2974 ea
1736 2918 1943 2988 profert
1970 2936 2091 2991 quae

510 2999 781 3056 sufﬁciant
816 3003 881 3058 iis
909 3004 1001 3073 qui
1045 3004 1180 3060 foris
1225 3016 1376 3074 sunt,
1408 3017 1464 3063 et
1507 3025 1627 3079 que
1666 3021 1848 3082 potest
1895 3014 2087 3083 vulgus

2217 562 2333 602 nes.
2378 564 2397 598 ι
2440 545 2593 613 Quod
2621 546 2785 609 dixit,
2815 545 2943 614 quia
2973 558 3257 599 assumens
3282 546 3346 597 de
3372 541 3807 614 SpirituMoysi,

2213 641 2361 695 dedit
2396 642 2736 709 septuaginta
2770 639 3081 694 senioribus
3123 637 3399 707 Spiritum,
3436 651 3541 690 non
3595 635 3667 690 ita
3712 637 3793 690 in-

2214 727 2425 798 telligas
2456 729 2615 796 quasi
2677 728 3016 783 materialem
3070 726 3305 796 aliquam
3359 740 3796 795 corporeamque

2210 819 2573 874 substantiam
2604 820 2858 875 auferens
2890 821 3031 874 Deus
3065 834 3093 871 a
3122 818 3309 890 Moyse
3348 818 3399 871 in
3449 819 3792 888 septuaginta

2208 912 2446 967 secuerit
2474 913 2776 982 portiones,
2815 923 2868 967 et
2904 913 2976 965 ita
3014 912 3305 980 unicuique
3346 912 3635 966 seniorum
3668 913 3792 967 exi-

2209 1018 2370 1071 guam
2402 1004 2728 1072 particulam
2767 1005 2998 1059 dederit.
3052 1004 3277 1073 lmpium
3332 1014 3418 1058 est
3470 1004 3543 1057 ita
3592 1005 3794 1059 intelli-

2206 1109 2339 1165 gere
2375 1105 2626 1149 naturam
2666 1094 2899 1164 Spirittts
2943 1095 3138 1149 sancti.
3174 1093 3286 1147 Sed
3328 1094 3428 1146 hoc
3459 1092 3621 1147 modo
3649 1093 3790 1163 ﬁgu-

2206 1198 2322 1239 ram
2358 1185 2570 1251 mystici
2607 1184 2764 1254 hujus
2788 1184 3057 1239 sermonis
3089 1184 3332 1247 adverte,
3358 1184 3516 1252 quasi
3551 1183 3789 1255 Moyses,

2205 1282 2257 1329 et
2286 1274 2513 1344 spiritus
2540 1275 2634 1345 qui
2665 1285 2785 1329 erat
2823 1274 2875 1328 in
2917 1274 3135 1345 Moyse,
3181 1274 3471 1329 clarissimi
3508 1274 3787 1341 cujusdam

2202 1363 2423 1422 luminis
2486 1366 2654 1422 fuerit
2712 1367 2933 1421 lucerna
2957 1408 2971 1431 ,
3029 1382 3094 1421 ex
3131 1381 3236 1436 qua
3268 1365 3405 1420 alias
3443 1369 3791 1435 septuaginta

2202 1456 2458 1513 lucernas
2503 1456 2819 1512 accenderit
2862 1457 3005 1512 Deus
3034 1496 3050 1522 ,
3084 1457 3150 1510 ad
3177 1470 3318 1525 quas
3350 1456 3421 1509 ita
3468 1458 3803 1527 principalis.

2201 1549 2351 1605 illius
2398 1548 2621 1605 luminis
2676 1549 2935 1619 splendor
2992 1548 3303 1617 pervenerit
3327 1588 3355 1615 ,,
3385 1557 3445 1602 ut
3486 1550 3639 1617 origo
3670 1551 3782 1619 ipsa

2200 1638 2422 1695 luminis
2454 1638 2590 1693 nihil
2623 1638 2802 1692 damni
2836 1652 2903 1692 ex
2934 1638 3266 1693 commercio
3294 1637 3648 1693 derivationis
3679 1656 3779 1694 ac-

2198 1730 2427 1798 ceperit.
2455 1730 2521 1784 Et
2556 1730 2659 1784 hoc
2688 1728 2848 1783 modo
2876 1729 2962 1798 pie
2991 1728 3316 1798 intelllgitur
3341 1728 3480 1797 quod
3511 1728 3771 1797 scriptum

2200 1830 2283 1876 est
2325 1821 2405 1886 ³³,
2441 1840 2461 1873 ‹
2498 1822 2623 1890 quia
2668 1820 2890 1875 abstulit
2928 1820 3189 1874 Dominus
3235 1821 3302 1873 de
3344 1820 3537 1889 spiritu
3579 1819 3777 1892 Moysi,

2199 1921 2255 1967 et
2287 1912 2441 1967 dedit
2478 1916 2824 1983 septuaginta
2857 1914 3183 1968 senioribus.
3211 1930 3230 1965 ι

2269 2004 2321 2057 5.
2351 2003 2455 2060 sed
2486 2005 2768 2059 videamus
2811 2006 2940 2075 quid
2979 2013 3061 2058 est
3090 2004 3234 2071 quod
3259 2005 3334 2059 ait
3359 2005 3411 2059 in
3440 2022 3780 2075 consequen-

2202 2096 2386 2151 tibus:
2416 2116 2433 2148 ι
2472 2096 2536 2150 Εῑ
2572 2099 2861 2166 requievit,
2898 2100 3071 2169 inquit
3103 2098 3148 2130 “
3169 2138 3185 2163 ,
3217 2114 3379 2167 super
3402 2114 3498 2153 eos
3529 2101 3783 2169 Spiritus,

2198 2197 2253 2242 et
2282 2189 2677 2258 prophetarum
2698 2205 2910 2245 omnes.
2943 2209 2959 2241 ι
2996 2190 3359 2259 Requiescere
3385 2191 3640 2260 spiritum
3672 2209 3774 2245 non

2199 2281 2251 2335 in
2281 2282 2697 2352 quibuscunque
2725 2283 3033 2336 hominibus
3063 2283 3291 2352 legimus
3324 2300 3338 2336 :
3368 2283 3461 2339 sed
3490 2284 3540 2336 in
3570 2284 3775 2338 sanctis

2195 2385 2251 2429 et
2298 2376 2495 2429 beatis.
2540 2374 2857 2445 Requiescit
2889 2378 3034 2429 enim
3086 2377 3312 2447 spiritus
3345 2377 3438 2431 Dei
3481 2377 3532 2431 in
3583 2377 3649 2430 iis
3682 2379 3773 2444 qui

2197 2466 2397 2521 mundo
2428 2476 2554 2521 sunt
2590 2471 2752 2521 corde
2776 2510 2789 2533 ,
2823 2480 2877 2521 et
2913 2469 2964 2522 in
2999 2470 3064 2523 iis
3095 2470 3185 2539 qui
3235 2470 3525 2539 put‘ilicant
3560 2468 3777 2523 animas

2195 2571 2320 2610 suas
2355 2572 2384 2609 a
2428 2568 2652 2626 peccato
2691 2575 2704 2611 :
2740 2560 2884 2614 sicut
2924 2563 3233 2615 econtrario
3264 2578 3370 2616 non
3406 2562 3672 2616 inhabitat
3717 2563 3772 2615 iu

2193 2662 2423 2718 corpore
2479 2651 2699 2705 subdito
2753 2653 3031 2720 peccatis,
3089 2654 3305 2707 etiamsi
3349 2654 3616 2707 habitavit
3667 2653 3771 2706 ali-

2192 2740 2411 2809 quando
2436 2740 2589 2795 ineo.
2611 2739 2727 2794 Non
2755 2742 2898 2794 enim
2935 2752 3109 2810 potest
3145 2742 3389 2812 Spiritus
3414 2753 3633 2797 sanctus
3658 2742 3770 2812 (τό)

2192 2831 2530 2885 consortium
2578 2833 2686 2900 pati
2734 2842 2785 2886 et
2838 2834 3155 2888 Societatem
3198 2835 3426 2903 spiritus
3457 2834 3773 2889 mali.,Ccr—

2196 2929 2307 2975 tum
2341 2932 2426 2976 est
2465 2923 2609 2977 enim
2671 2926 2878 2992 peccati
2940 2935 3183 2995 tempore
3245 2929 3435 2983 adesse
3494 2929 3546 2982 in
3607 2934 3769 2983 corde

2192 3011 2621 3082 uniuscujusque
2676 3016 2925 3083 spiritum
2982 3017 3216 3083 malmu,
3275 3027 3329 3072 et
3374 3035 3537 3090 agere
3583 3032 3770 3090 partes

506 3090 718 3157 audire,
756 3092 904 3150 foras
935 3096 1134 3151 dicitur
1172 3097 1377 3166 exisse,
1415 3110 1471 3155 et
1516 3101 1663 3171 loqui
1714 3104 1782 3159 ad
1828 3106 2084 3175 populum
2113 3117 2156 3176 ο
2191 3116 2342 3156 suas.
2379 3103 2479 3158 Cui
2511 3105 2700 3174 utique
2733 3122 2854 3160 cum
2889 3107 3042 3161 locus
3072 3110 3270 3174 datur,
3317 3120 3371 3165 et
3427 3112 3684 3181 recipitur
3735 3130 3765 3163 a

505 3185 670 3241 verba
699 3186 931 3242 Domini.
968 3188 1086 3244 ltoc
1116 3190 1276 3247 video
1305 3203 1361 3249 et
1409 3192 1639 3251 Paulum
1673 3196 1891 3266 fecisse,
1922 3210 1977 3255 et
2003 3201 2086 3255 in-

508 3285 593 3331 tus
642 3279 863 3348 quidem
917 3280 1108 3349 fuisse,
1148 3300 1272 3340 cum
1327 3278 1535 3344 diceret
1565 3288 1612 3321 ³⁸
1645 3312 1658 3345 ;
1698 3309 1716 3343 ι
1750 3290 2083 3361 Sapientiam

504 3376 684 3423 autem
715 3369 991 3440 loquimur
1029 3374 1172 3430 inter
1217 3375 1514 3445 perfectos,
1544 3379 1865 3450 sapientiam
1898 3395 2083 3441 autem

505 3473 615 3512 non
650 3459 814 3528 hujus
840 3464 1058 3530 mundi,
1092 3480 1268 3535 neque
1302 3468 1610 3540 principum
1645 3471 1806 3540 hujus
1855 3477 2081 3543 mundi,

501 3549 592 3618 qui
644 3551 1016 3609 destruentur.
1066 3555 1171 3612 Sed
1202 3556 1478 3627 loquimur
1526 3560 1623 3616 Dei
1671 3565 1995 3633 sapientiam
2028 3570 2082 3626 in

503 3642 762 3711 mysterio
785 3642 1185 3711 absconditam,
1212 3663 1375 3718 quam
1410 3663 1569 3704 nemo
1592 3650 1897 3723 principttm
1925 3655 2084 3725 hujus

504 3731 691 3785 mundi
722 3736 992 3802 cognovit.
1034 3754 1053 3788 ι
1099 3735 1259 3794 Vides
1294 3740 1568 3809 quomodo
1600 3741 1744 3799 intus
1775 3753 1879 3809 est,
1910 3755 1967 3801 et
2001 3748 2082 3802 in-

503 3831 657 3877 terna
687 3832 850 3892 atque
875 3842 1076 3882 arcana
1100 3828 1298 3885 divinae
1344 3833 1629 3902 sapientiae
1662 3846 1915 3904 penetrat
1935 3837 2081 3893 Pau-

502 3912 611 3977 lus,
643 3930 764 3969 eum
795 3915 909 3971 inec
940 3917 1203 3987 loquitur.
1228 3920 1361 3975 Cum
1387 3932 1569 3977 autem
1599 3928 1845 3991 procedit
1893 3928 1959 3982 ad
1988 3943 2083 3998 po-

500 4006 850 4074 pulum,audi
875 4008 1003 4078 quid
1036 4009 1275 4078 loquitur
1305 4012 1350 4043 ³⁷
1383 4029 1399 4068 :
1432 4014 1600 4084 287
1636 4035 1653 4067 ι
1688 4018 1875 4073 Omnis
1899 4033 2081 4076 sermo

502 4097 677 4151 malus
718 4097 784 4151 de
810 4111 907 4151 ore
929 4109 1113 4154 vestro
1142 4116 1247 4155 non
1272 4107 1570 4169 procedat;
1610 4126 1628 4158 ι
1665 4117 1719 4160 et
1753 4127 1765 4162 :
1800 4127 1818 4160 ς
1863 4108 1963 4176 Qui
1992 4109 2078 4163 fu-

500 4187 746 4251 rabatur,
771 4184 885 4253 jam
927 4203 1032 4241 non
1070 4188 1383 4256 furetur”;
1428 4213 1446 4245 ι
1484 4202 1538 4246 et
1571 4211 1585 4246 :
1619 4213 1637 4245 ι
1695 4194 2079 4265 Unusquisque

498 4276 584 4329 vir
617 4292 843 4332 uxorem
893 4294 1047 4334 suam
1096 4281 1293 4337 habeat
1322 4286 1401 4350 '9;
1448 4304 1467 4338 ι
1504 4296 1595 4342 et:
1636 4305 1653 4339 ι
1690 4287 1808 4345 Uutt
1832 4292 2078 4361 quisque

496 4370 805 4437 proximum
860 4388 1021 4426 suum
1079 4375 1223 4429 sicut
1275 4378 1511 4446 seipsum
1564 4379 1861 4446 diligat”;
1909 4401 1926 4436 ι
1975 4394 2071 4437 et:

2190 3193 2347 3249 nobis
2380 3209 2476 3264 per
2523 3197 2881 3265 cogitationes
2925 3200 3136 3264 malas,
3198 3211 3255 3255 et
3298 3203 3767 3271 concupiscentias

2188 3284 2473 3354 pessimas,
2511 3288 2891 3354 c0ntristatus,
2926 3300 3002 3355 et,
3039 3300 3098 3343 ut
3153 3291 3225 3344 ita
3256 3292 3430 3348 dicam
3459 3334 3475 3359 ,
3524 3310 3762 3363 coangu—

2187 3385 2367 3431 status
2416 3378 2637 3447 fugatur
2673 3380 2740 3433 de
2785 3381 2941 3435 nobis
2971 3380 3208 3449 Spiritus
3254 3393 3494 3439 sanctus.
3540 3385 3766 3455 Propter

2188 3468 2329 3538 quod
2358 3480 2413 3524 et
2445 3472 2736 3540 Apostolus
2775 3473 2955 3526 sciens
3006 3474 3121 3528 hinc
3153 3475 3225 3527 ita
3264 3476 3532 3540 accidere,
3582 3494 3765 3532 iuone-

2186 3562 2280 3617 bat
2308 3563 2500 3618 dicens
2538 3583 2550 3619 :
2589 3584 2606 3614 ι
2639 3564 2817 3619 Nolite
2844 3567 3172 3621 contristare
3195 3566 3456 3635 Spiritum
3490 3580 3765 3633 sanctum,

2188 3654 2241 3708 in
2290 3670 2397 3726 quo
2450 3656 2653 3726 signati
2697 3659 2833 3712 estis
2873 3658 2925 3711 in
2958 3660 3044 3713 die
3093 3660 3507 3728 redemptionis.
3541 3680 3558 3712 ι
3596 3660 3764 3731 Igitur

2185 3757 2478 3815 peccantes
2516 3748 2913 3804 contristamus
2965 3751 3229 3821 Spiritum
3271 3764 3521 3807 sanctum
3562 3770 3576 3807 :
3618 3752 3765 3822 juste

2187 3854 2315 3892 vero
2376 3851 2603 3907 agentes
2661 3852 2714 3895 et
2771 3852 2978 3903 sancte,
3040 3844 3282 3912 requiem
3328 3844 3377 3898 ei
3408 3860 3661 3914 paramus
3706 3849 3762 3901 in

2184 3930 2360 3983 nobis.
2390 3928 2546 3986 Unde
2586 3940 2641 3985 et
2679 3934 2830 4000 quod
2864 3950 3010 3988 nunc
3042 3934 3117 3988 ait
3151 3934 3216 3990 de
3246 3935 3602 4007 Septuaginta
3634 3954 3759 4006 pre-

2181 4024 2442 4093 sbyteris,
2473 4026 2603 4095 quia
2645 4029 2918 4097 requievit
2978 4032 3032 4086 in
3095 4034 3176 4089 eis
3219 4035 3450 4102 spiritus
3480 4075 3496 4101 ,
3546 4034 3756 4089 laudem

2180 4117 2305 4170 vita:
2331 4131 2520 4172 eorum
2554 4128 2609 4173 et
2638 4120 2869 4176 virtutes
2919 4126 3198 4194 exposuit.
3227 4127 3473 4197 Denique
3501 4129 3623 4197 quia
3662 4144 3761 4198 pu-

2182 4205 2341 4260 ritate
2367 4208 2547 4263 cordis
2572 4224 2762 4264 eorum
2793 4222 2848 4267 et
2874 4212 3192 4271 sinceritate
3215 4218 3438 4282 mentis,
3484 4227 3645 4287 atque
3676 4218 3760 4271 in—

2182 4297 2492 4367 telligentiae
2554 4302 2859 4370 capacitate
2914 4308 3183 4375 requievit
3247 4308 3487 4379 Spiritus
3535 4324 3757 4366 sanctus

2180 4391 2435 4445 continuo
2466 4400 2518 4445 ct
2540 4403 2801 4463 operatur
2836 4396 2888 4449 in
2926 4398 3026 4462 eis,
3062 4413 3161 4453 nec
3191 4402 3365 4454 otium
3394 4404 3627 4471 patitur,
3664 4404 3753 4456 ubi

502 4481 521 4515 ι
565 4461 915 4533 Unaquaeque
943 4467 1140 4522 mulier
1174 4469 1348 4522 virum
1381 4487 1538 4524 suum
1576 4473 1775 4526 habeat
1798 4474 1864 4526 ³¹.
1894 4492 1913 4525 ι
1946 4474 2073 4530 llaec
2106 4463 2149 4516 D
2180 4482 2440 4550 operandi
2486 4461 2715 4539 materia
2752 4487 2914 4556 digna
2946 4491 3279 4560 suppeditat.
3316 4461 3407 4548 Aii
3428 4493 3573 4548 enim
3606 4461 3754 4549 Scri-

501 4567 556 4610 ct
582 4557 627 4610 si
655 4572 762 4627 qua
791 4559 1099 4625 huiusmodi
1141 4572 1306 4629 sunt,
1336 4561 1538 4620 Paulus
1576 4566 1869 4620 secundum
1926 4566 2072 4639 Moy-

496 4649 573 4703 sis
602 4650 827 4703 formam
864 4648 1012 4705 foras
1033 4653 1242 4716 exiens,
1282 4654 1348 4707 ad
1382 4656 1640 4725 pOpulum
1669 4656 1934 4724 loquitur.

564 4741 619 4796 2.
660 4740 768 4796 Sed
802 4742 1084 4799 videamus
1117 4754 1171 4799 et
1198 4744 1341 4799 aliud
1370 4757 1531 4814 caput
1554 4789 1568 4814 ,
1606 4750 1657 4803 in
1690 4764 1796 4819 quo
1837 4752 2072 4807 refertur

492 4832 640 4901 quod
681 4833 1025 4903 septuaginta
1076 4834 1223 4890 viros
1269 4836 1495 4905 elegerit
1539 4838 1753 4911 Moyses
1784 4857 1849 4896 ex
1881 4844 2065 4898 senio-

495 4927 646 4981 ribus
692 4927 873 4997 populi
913 4940 969 4982 et
1026 4928 1277 4985 habuerit
1328 4946 1422 4985 eos
1470 4943 1597 4988 ante
1661 4933 2065 4990 tabernaculum

495 5018 813 5083 testimonii,
850 5029 907 5074 ct
954 5020 1018 5075 de
1063 5022 1258 5091 spiritu
1292 5022 1459 5094 Moysi
1494 5024 1769 5095 accipiens
1800 5026 1939 5081 Deus
1971 5029 2066 5082 de-

491 5112 632 5165 derit
667 5111 1009 5182 septuaginta
1042 5114 1371 5182 senioribus,
1400 5134 1419 5169 t
1442 5126 1495 5172 et
1526 5133 1649 5174 cum
1692 5122 2064 5190 requievisset,

490 5244 498 5250 ’
570 5252 635 5328 3:
663 5249 825 5328 Num.
855 5269 930 5328 si,
958 5252 1045 5307 24.
1153 5255 1199 5328 ξθ
1228 5253 1242 5307 I
1269 5254 1461 5328 C_0l'_.li,
1496 5257 1529 5311 6
1558 5267 1613 5311 et
1648 5273 1801 5328 seqq.

489 5336 546 5384 v,
570 5323 657 5376 53.
735 5324 777 5356 ³³
811 5324 826 5376 l
859 5325 987 5379 Cor.
1023 5339 1115 5389 ru,
1147 5324 1201 5378 2.

564 5460 677 5543 (7S)
719 5463 772 5517 In
808 5467 1038 5543 vulgatis
1059 5466 1385 5543 editionihus
1409 5469 1561 5543 deest
1583 5490 1600 5520 ι
1632 5482 1686 5525 et
1718 5473 2055 5543 imperium,»

498 5534 641 5599 quod
666 5534 951 5601 suppletur
979 5551 1009 5588 ρ
1032 5538 1219 5590 codice
1254 5538 1438 5591 Sancti
1468 5534 1813 5597 Theodorici'.

722 5602 840 5656 Non
878 5608 1014 5658 enim
1064 5615 1231 5673 potest
1278 5608 1509 5675 Spiritus
1539 5626 1786 5675 sanatus,
1829 5624 1935 5668 etC.
1974 5613 2065 5668 Sic

499 5674 609 5748 lere
647 5672 999 5748 llermaslib.
1034 5672 1091 5737 tt,
1125 5672 1364 5731 tnatnlat.
1404 5677 1458 5740 5,
1494 5696 1615 5747 pag.
1648 5682 1714 5735 47
1740 5699 1754 5735 :
1776 5672 1806 5733 ⁷ε
1840 5684 1990 5748 Quod
2020 5687 2062 5739 si

497 5743 775 5795 itacumlia
829 5744 1010 5812 aliqua
1060 5751 1427 5815 supervenerit
1459 5743 1769 5815 {continuo
1828 5743 2065 5825 Spiritus

1878 5261 1921 5291 "’
1962 5260 2158 5330 Ephes.
2192 5276 2264 5321 tv,
2292 5259 2381 5316 29.

1298 5326 1341 5357 ⁸⁹
1370 5326 1529 5382 Num.
1565 5344 1640 5394 xt,
1676 5326 1775 5383 25.
1841 5330 1885 5362 ⁸³
1912 5326 2020 5386 ibid
2098 5330 2143 5361 ⁸⁸⁸
2171 5331 2301 5385 ibid.

2180 4579 2337 4639 plura
2375 4590 2388 4626 :
2419 4589 2437 4623 ι
2472 4572 2538 4626 Ει
2576 4575 2846 4643 requievit
2874 4577 2927 4631 in
2952 4579 3034 4633 eis
3062 4580 3290 4649 spiritus
3315 4589 3369 4634 et
3398 4583 3753 4651 prophetave-

2181 4669 2325 4714 runt.
2364 4679 2381 4712 ο
2436 4659 2491 4714 1η
2530 4664 2783 4719 omnibus
2822 4680 2954 4736 ergo
2998 4669 3091 4737 qui
3136 4671 3607 4740 prophetavcrunt
3664 4688 3751 4727 re-

2178 4753 2383 4821 quievit
2427 4754 2666 4823 Spiritus
2701 4768 2946 4826 sauctus,
2978 4777 3078 4816 nec
3104 4771 3284 4816 tamen
3319 4763 3371 4816 in
3402 4763 3585 4832 aliquo
3609 4764 3754 4832 ipso.

2179 4859 2298 4899 rum
2333 4846 2403 4899 ita
2440 4848 2709 4917 requievit
2737 4852 2880 4907 sicut
2914 4854 2966 4907 in
2998 4854 3313 4909 Salvatore.
3342 4853 3574 4923 Propter
3610 4857 3755 4923 quod

2176 4932 2230 4990 et
2265 4938 2529 5008 scriptum
2563 4952 2642 4995 est
2673 4942 2741 4997 de
2778 4958 2841 4999 eo
2868 4945 2935 5011 ³⁸,
2973 4946 3097 5016 quia
3140 4964 3159 4998 ι
3183 4948 3353 5002 exibit
3387 4951 3538 5016 virga
3566 4948 3631 5003 de
3667 4961 3752 5001 ra-

2177 5025 2298 5079 dice
2329 5025 2480 5083 Jesse
2515 5038 2571 5084 et
2609 5031 2707 5087 llos
2755 5035 2821 5089 de
2877 5039 3059 5091 radice
3111 5038 3228 5106 ejus
3268 5038 3533 5093 ascendet
3564 5048 3622 5091 et
3663 5052 3750 5091 το-

2179 5122 2419 5191 quiescet
2446 5139 2610 5193 super
2641 5144 2764 5181 eum
2805 5129 3027 5196 Spiritus
3064 5132 3179 5197 Dei,
3215 5132 3441 5200 spiritus
3470 5132 3751 5201 sapientia:

2473 5262 2517 5294 ’°
2546 5262 2677 5318 ibid.
2702 5303 2726 5337 ι
2750 5264 2844 5337 28.
2918 5266 2963 5297 "
2991 5266 3007 5320 l
3033 5264 3160 5322 Cor.
3187 5282 3285 5333 vn,
3310 5267 3365 5321 2.
3469 5266 3515 5335 ξ’
3549 5266 3748 5337 Ephes.

2378 5332 2421 5364 ³⁵
2453 5331 2554 5387 lsa.
2587 5349 2661 5400 xi,
2699 5332 2752 5399 2,
2780 5335 2833 5388 5.

2171 5484 2426 5549 sanctus,
2474 5477 2565 5547 qui
2611 5478 2663 5531 in
2711 5487 2764 5531 te
2811 5489 2927 5545 est,
2978 5479 3402 5549 angustiahitur,
3452 5490 3505 5533 et
3544 5488 3749 5549 qureret

2169 5545 2535 5618 discedere.)
2574 5558 2681 5601 etc.
2722 5550 2930 5601 Similia
2985 5545 3198 5616 «pioque
3249 5552 3430 5605 videre
3473 5545 3574 5604 est'
3605 5550 3744 5618 apud

2170 5615 2429 5688 Hilarium
2456 5619 2519 5688 ad
2548 5619 2683 5685 psal.
2717 5633 2906 5681 cxvm,
2943 5622 3080 5686 apud
3108 5615 3363 5687 Optatum
3398 5621 3485 5673 lib.
3521 5637 3596 5685 tv,
3622 5615 3745 5688 post

2172 5686 2427 5749 medium,
2463 5686 2847 5749 Hieronymum
2891 5688 2981 5739 lib.
3032 5705 3064 5741 II
3100 5695 3349 5743 (tdt'crsua
3378 5686 3741 5748 Joriniummi,

2170 5766 2223 5810 ct
2265 5746 2422 5825 apud—
2447 5757 2579 5813 alios
2613 5774 2623 5811 :
2661 5746 2786 5813 item
2824 5759 3047 5813 Constit.
3079 5760 3299 5829 upostol.
3336 5760 3425 5814 lib.
3466 5776 3533 5825 γι,
3570 5774 3615 5813 c.
3649 5746 3740 5813 Ἦ.
