4086 6218
338 312 443 368 609

1539 301 1610 353 1N
1649 298 1980 353 Νωιιςιιοε
2024 299 2313 355 lIDMILlA
2352 300 2441 356 Vl.

3503 307 3606 361 610

335 440 395 484 et
441 426 770 487 intellectus,
788 420 1021 493 spiritus
1058 420 1265 476 consilii
1303 428 1357 475 et
1397 420 1636 483 virtutis,
1687 420 1916 488 Spiritus
1946 424 1987 481 Α
2024 430 2133 484 tur,
2166 436 2268 475 non
2296 422 2362 475 de
2400 420 2604 491 Spiritu
2634 430 2824 476 sancto
2858 421 3068 477 locutus
3113 426 3205 488 sit,
3243 426 3336 480 sed
3379 427 3446 481 de
3492 430 3607 495 spi-

340 519 588 575 scientia:
640 526 696 570 et
747 514 967 585 pictatis
1000 552 1016 571 .
1092 521 1146 566 ct
1222 511 1452 580 replebit
1513 525 1639 565 eum
1693 512 1921 580 Spiritus

342 606 565 659 timoris
628 602 916 657 Domini.»
994 598 1101 655 Sed
1180 599 1412 654 fortasse
1472 600 1602 654 dicit
1652 600 1853 669 aliquis
1905 618 1921 654 :

334 696 478 752 Nihil
541 694 771 761 amplius
843 690 1126 745 ostendisti
1197 690 1459 759 scriptum
1521 690 1590 746 de
1657 691 1921 757 Christo,

337 803 505 859 quam
572 788 640 841 de
690 784 911 853 reliquis
1001 782 1334 836 hominibus.
1403 783 1557 839 S‘cut
1635 783 1780 837 enim
1857 784 1925 839 de

339 880 564 934 caeteris
598 877 798 931 dictum
831 883 935 938 est,
966 874 1095 943 quia
1133 873 1395 941 requievit
1444 887 1609 940 super
1669 888 1762 927 eos
1789 912 1805 937 ,
1848 873 1923 928 ita

342 981 402 1023 et
433 970 499 1023 de
525 962 811 1022 Stthatore
842 965 1048 1019 dictum
1077 974 1182 1025 est,
1206 982 1232 1016 ·‹
1270 965 1565 1031 requiescit
1604 978 1771 1029 super
1788 978 1920 1016 eum

338 1061 570 1131 spiritus
606 1058 725 1112 Dei.
758 1076 777 1109 ι
820 1056 927 1109 Sed
958 1056 1231 1123 vide~quia
1280 1070 1443 1124 supra
1505 1055 1707 1108 nullum
1755 1054 1918 1107 alium

339 1152 572 1219 spiritus
625 1149 718 1203 Dei
765 1146 1100 1215 requievisse
1166 1145 1507 1213 septempiici
1562 1146 1663 1199 hac
1718 1147 1921 1199 virtute

338 1242 694 1306 describitur,
729 1254 828 1308 per
857 1238 1003 1307 quod
1043 1237 1176 1305 jsine
1223 1236 1389 1291 dubio
1438 1237 1549 1305 ipsa
1609 1237 1695 1291 illa
1750 1238 1920 1291 divini

341 1335 584 1406 Spiritus
606 1330 932 1391 substantia,
965 1344 1088 1397 quae
1116 1329 1245 1398 quia
1280 1344 1388 1383 uno
1421 1330 1643 1385 nomine
1680 1346 1785 1384 non
1821 1345 1918 1399 po-

345 1434 528 1489 terat,
582 1421 815 1477 diversis
864 1421 1147 1475 vocabulis
1196 1421 1537 1488 explanatur,
1576 1423 1923 1491 requiescere

343 1513 745 1583 supcrvirgam
771 1512 992 1580 quzede
1026 1513 1197 1580 stirpe
1225 1510 1380 1567 Jesse
1412 1513 1752 1581 procederet,
1791 1528 1921 1582 pro-

343 1608 622 1677 pltetatur.
676 1602 860 1657 Habeo
894 1612 946 1656 et
979 1602 1122 1656 aliud
1175 1603 1543 1658 testimonium
1584 1619 1692 1672 quo
1727 1604 1922 1659 docere

343 1715 564 1771 possum
597 1698 650 1750 in
679 1695 915 1749 Domino
941 1705 992 1749 et
1028 1693 1320 1749 Salvatore
1353 1710 1473 1749 meo
1508 1695 1769 1764 Spiritum
1804 1697 1920 1751 exi-

346 1792 457 1847 ntio
490 1788 729 1859 quodam
776 1800 995 1855 genere,
1034 1794 1087 1840 et
1121 1785 1277 1857 longe
1327 1786 1484 1841 aliter
1533 1787 1871 1857 requievisse
1902 1827 1917 1851 ,

344 1904 510 1958 quam
545 1887 784 1943 refertur
813 1886 867 1941 in
905 1885 1135 1940 caeteris.
1172 1885 1315 1940 Dicit
1355 1886 1498 1940 enim
1536 1884 1776 1940 Joannes
1814 1884 1919 1938 Ba-

338 1980 515 2049 -ptista
555 1980 620 2036 de
660 1994 725 2035 eo
759 1979 804 2011 ³⁸
835 1996 849 2033 :
893 1996 912 2031 ι
951 1977 1052 2046 Qui
1086 1978 1236 2032 misit
1269 1992 1353 2032 me
1378 1977 1655 2046 baptizare
1679 1978 1732 2031 in
1757 1994 1919 2047 aqua,

348 2068 438 2124 ille
466 2069 597 2123 mihi
630 2068 768 2123 dixit
796 2084 812 2123 :
844 2068 1022 2137 Super
1058 2082 1217 2135 quem
1268 2066 1472 2121 videris
1516 2068 1769 2137 spiritum
1823 2069 1920 2122 de-

345 2160 737 2224 sccudentem,
786 2168 841 2213 et
894 2168 1203 2213 manentem
1256 2158 1308 2212 iu
1354 2174 1461 2224 eo,
1502 2178 1520 2210 ι
1569 2160 1682 2229 ipse
1711 2170 1816 2214 est.
1862 2160 1917 2215 Si

344 2250 574 2305 dixisset
622 2269 640 2301 ι
674 2250 926 2319 Spiritum
969 2251 1393 2305 descendentem
1418 2291 1431 2312 ,
1470 2270 1488 2303 ι
1543 2262 1594 2305 et
1632 2267 1739 2304 non
1769 2252 1921 2305 addi-

343 2339 514 2393 disset
563 2349 921 2394 «manentem
976 2340 1026 2393 itt
1072 2356 1155 2401 eo,
1190 2359 1207 2389 ι
1261 2340 1395 2395 nihil
1434 2341 1765 2410 praecipuum
1808 2357 1921 2410 prae

343 2431 562 2486 ctetcris
585 2433 790 2487 habere
820 2432 1113 2487 videretur.
1156 2431 1307 2486 Nunc
1346 2444 1525 2487 autem
1552 2434 1777 2499 addidit,
1806 2452 1824 2485 ι
1865 2443 1921 2490 et

345 2534 653 2577 manentem
686 2524 737 2577 in
775 2538 865 2590 eo,
907 2543 925 2577 ι
954 2533 1021 2577 ut
1051 2534 1199 2579 esset
1253 2523 1354 2579 hoc
1397 2524 1612 2595 signum
1650 2525 1702 2580 in
1730 2523 1923 2580 Salva-

344 2622 503 2675 tore,
538 2614 681 2683 quod
724 2615 776 2668 in
813 2615 959 2669 nullo
1007 2614 1116 2668 alio
1167 2624 1346 2683 posset
1378 2616 1627 2670 ostendi.
1667 2616 1740 2671 De
1774 2618 1921 2673 nullo

346 2706 495 2757 enim
528 2708 786 2773 scriptum
824 2716 949 2771 est,
985 2707 1125 2776 quia
1169 2708 1429 2762 manserit
1468 2708 1520 2760 in
1572 2721 1638 2760 eo
1683 2707 1919 2776 Spiritus

344 2806 593 2849 sanctus.
626 2797 691 2850 Et
728 2812 795 2851 ne
826 2799 945 2867 quis
981 2814 1067 2852 me
1096 2806 1243 2867 putet
1268 2797 1329 2850 in
1362 2797 1464 2851 hoc
1502 2800 1762 2867 derogare
1799 2815 1915 2869 pro-

348 2885 549 2952 thetis,
587 2888 765 2940 sciunt
799 2888 897 2955 ipsi
939 2888 1063 2958 quia
1097 2904 1215 2943 ~nou
1262 2889 1591 2957 eis'derogo,
1627 2888 1920 2956 pra-ferens

340 2977 431 3029 eis
490 2977 773 3033 Dominum
825 2994 1001 3032 meum
1057 2978 1239 3033 Jcsum
1291 2979 1594 3033 Christum.
1651 2977 1920 3033 Recolttut

340 3067 492 3120 enim
526 3067 721 3136 singuli
752 3068 891 3122 dicta
920 3084 1038 3132 sua,
1066 3080 1118 3122 et
1147 3069 1429 3124 inveniunt
1461 3069 1609 3137 quod
1658 3070 1725 3124 de
1772 3069 1918 3124 nullo

344 3160 453 3210 alio
482 3160 685 3212 dictum
720 3170 805 3214 est
833 3162 877 3191 ³⁷
899 3203 914 3227 ,
953 3162 1076 3228 quia
1112 3180 1130 3212 ι
1166 3172 1445 3230 peccatum
1483 3178 1589 3214 non
1644 3162 1788 3228 fet-it,
1818 3177 1917 3217 nec

342 3252 602 3304 iuventus
634 3260 715 3304 est
744 3251 897 3304 dolus
932 3254 994 3305 in
1044 3268 1139 3307 ore
1190 3251 1327 3319 ejus.
1368 3272 1384 3303 ›
1420 3253 1557 3318 Quia
1595 3254 1738 3307 enim
1766 3253 1915 3308 solus

342 3350 431 3391 'est
482 3342 600 3395 sine
650 3353 892 3410 peccato,
938 3345 1026 3413 qui
1071 3353 1351 3414 peceatum
1393 3362 1497 3399 non
1530 3346 1686 3409 fecit,
1714 3347 1918 3401 idcirco

346 3431 407 3483 in
436 3432 551 3501 ipso
590 3436 704 3489 solo
743 3438 941 3491 mansit
981 3447 1036 3491 et
1085 3440 1381 3506 permansit
1407 3439 1662 3506 Spiritus.
1692 3440 1746 3492 Si
1772 3440 1915 3493 enim

354 3522 469 3590 ipse
502 3534 586 3578 est
617 3528 682 3580 de
713 3542 821 3594 quo
864 3528 1145 3596 singulare
1190 3528 1392 3595 aliquid
1435 3541 1487 3581 et
1529 3531 1789 3583 eximium
1838 3532 1917 3582 di-

349 3616 505 3675 citur,
529 3615 638 3669 hoc
675 3617 818 3685 quod
863 3632 1025 3684 supra
1064 3616 1298 3671 diximus
1327 3620 1452 3686 quia
1481 3631 1759 3686 pet-catum
1810 3635 1915 3672 non

349 3703 497 3770 fecit,
529 3716 741 3760 constat
800 3708 1033 3776 reliquos
1086 3721 1274 3760 omnes
1318 3708 1493 3761 fuisse
1537 3710 1636 3761 sub
1670 3718 1914 3777 peccato.

352 3798 408 3849 Si
450 3813 641 3853 omnes
670 3840 684 3862 ,
739 3801 1048 3855 necessario
1102 3810 1158 3855 et
1202 3800 1515 3870 prophetas.
1548 3800 1618 3855 Et
1650 3802 1919 3870 quomodo

345 3891 633 3945 conveniet
660 3901 717 3945 ut
755 3901 994 3961 tempore
1033 3893 1242 3961 peccati
1281 3891 1550 3945 mansisse
1583 3892 1635 3944 iu
1666 3892 1746 3946 eis
1771 3893 1919 3947 dica—

346 3997 472 4036 mus
493 3982 753 4051 Spiritum
793 3995 1041 4038 sauctum
1070 4000 1083 4035 :
1116 3991 1209 4035 aut
1242 3982 1286 4037 Si
1336 3981 1432 4036 tibi
1484 3981 1800 4036 incredibile
1836 3984 1916 4036 vi-

346 4073 509 4127 detur
558 4075 852 4144 prophetas
898 4084 1185 4143 postquam
1235 4082 1564 4143 acceperant
1593 4072 1760 4143 288
1808 4074 1917 4142 spi-

346 4164 513 4217 ritum
568 4168 807 4233 potuisse
848 4182 1075 4235 peccare
1101 4205 1119 4229 ,
1190 4167 1257 4220 ad
1302 4167 1444 4219 hunc
1484 4166 1659 4235 ipsum
1697 4166 1915 4236 Moysen

345 4270 507 4322 quem
541 4257 800 4310 habemus
833 4258 884 4311 itt
922 4258 1172 4311 manibus
1204 4265 1573 4317 revertamur,
1609 4256 1701 4324 qui
1734 4261 1916 4325 utique

345 4347 615 4400 maximus
645 4357 728 4400 est
756 4357 809 4401 et
838 4347 1071 4401 eximius
1100 4347 1514 4415 prophetarum.
1569 4345 1686 4414 Ipse
1739 4346 1803 4399 de
1858 4360 1918 4399 se

2030 513 2135 565 ritu
2167 513 2395 581 peccati.
2430 511 2581 578 Quod
2630 512 2675 567 si
2721 511 3019 582 Scriptura:
3068 518 3379 571 testimonio
3420 528 3606 573 tantus

2030 603 2293 672 propheta
2337 601 2549 673 Moyses
2590 603 2902 657 ostenditur
2936 604 3228 674 aliquando
3268 610 3521 663 habuisse
3554 610 3605 662 iu

2028 706 2087 745 se
2121 691 2375 762 spiritum
2410 692 2527 755 Dei,
2556 691 2858 761 aliquando
2884 709 3015 749 vero
3034 712 3139 749 non
3170 696 3444 764 habuisse,
3478 714 3610 768 pec-

2028 783 2137 836 cati
2166 782 2380 836 scilicet
2404 792 2669 851 tempore,
2698 796 2908 839 certum
2936 796 3021 840 est
3048 787 3175 855 quia
3200 797 3257 841 et
3281 790 3347 843 de
3378 790 3608 860 reliquis

2027 873 2307 941 prophetis
2335 872 2535 927 similis
2569 872 2741 928 forma
2781 876 3011 929 teuemla
3046 879 3137 933 sit.
3172 877 3310 944 Quid
3344 889 3524 935 autem
3555 893 3611 938 et

2028 964 2093 1018 de
2130 962 2295 1017 David
2331 964 2545 1019 dicam?
2585 966 2677 1034 qui
2714 982 2811 1036 pro
2851 966 3057 1036 Spiritu
3100 978 3312 1035 sancto,
3348 981 3607 1042 tanquam

2026 1057 2117 1124 qui
2151 1072 2179 1108 a
2203 1070 2268 1110 se
2291 1056 2461 1124 possit
2486 1057 2715 1122 auferri,
2748 1069 2867 1112 orat
2897 1074 2963 1113 ne
2988 1058 3270 1115 auferatur
3286 1072 3345 1117 et
3363 1064 3494 1118 dicit
3522 1065 3567 1098 ”
3593 1084 3609 1121 :

2032 1164 2050 1196 ε
2084 1144 2160 1199 Ne
2184 1145 2448 1215 projicias
2480 1163 2567 1203 me
2591 1164 2619 1201 a
2646 1150 2786 1204 facie
2817 1158 2929 1214 tua,
2964 1160 3021 1204 et
3055 1149 3321 1220 Spiritum
3355 1164 3606 1209 sanctum

2030 1247 2178 1290 tuum
2214 1252 2279 1290 ne
2310 1238 2528 1291 auferas
2560 1254 2589 1292 a
2627 1255 2735 1294 me.
2768 1258 2788 1292 ›
2826 1238 2881 1294 1η
2922 1240 3278 1309 sequentibus
3326 1257 3455 1296 vero
3486 1254 3607 1296 tan-

2026 1344 2192 1396 quam
2227 1345 2325 1399 pro
2366 1330 2521 1399 culpa
2566 1332 2805 1385 ablatum
2850 1347 2878 1386 a
2928 1348 2987 1385 se
3022 1350 3216 1387 munus
3250 1335 3523 1403 reposcit,
3550 1343 3611 1390 et

2027 1418 2160 1472 dicit
2186 1432 2201 1471 :
2229 1438 2248 1470 (
2285 1419 2468 1474 Redde
2493 1421 2623 1475 mihi
2652 1421 2896 1476 Iaatitiam
2928 1422 3187 1478 salutaris
3216 1424 3316 1487 tui,
3340 1434 3389 1477 et
3416 1424 3609 1493 spiritu

2026 1511 2316 1581 principali
2344 1512 2603 1567 confirma
2638 1529 2743 1568 me.
2776 1534 2797 1567 ν
2838 1514 2980 1581 Quid
3018 1531 3145 1569 vero
3186 1516 3353 1569 etiam
3400 1518 3465 1569 de
3513 1514 3614 1569 Sa-

2026 1602 2241 1658 lomone
2279 1606 2741 1659 commemorem?
2788 1621 2948 1675 quem
2998 1607 3182 1676 utique
3217 1622 3383 1662 nemo
3420 1608 3610 1674 dicet,

2025 1695 2264 1749 autsine
2301 1695 2504 1764 Spiritu
2546 1707 2741 1752 sancto
2776 1699 3060 1768 judicasse
3096 1698 3326 1766 judicia,
3358 1701 3440 1755 vel
3472 1709 3612 1753 tem-

2025 1788 2169 1857 plum
2213 1789 2439 1842 Domino
2483 1790 2904 1855 roustruxisse;
2947 1799 3038 1844 attt
3082 1807 3277 1847 rursus
3324 1793 3375 1846 in
3420 1806 3611 1848 sancto

2026 1879 2234 1950 Spiritu
2271 1881 2609 1936 daunonibus
2654 1883 2850 1951 templa
2901 1883 3117 1943 fecisse.
3150 1896 3243 1937 aut
3275 1885 3457 1954 impiis
3489 1901 3611 1938 mu-

2026 1974 2251 2029 lieribus
2275 1974 2503 2030 ﬂexisse
2535 1976 2705 2031 latera
2735 1991 2853 2030 sua.
2881 1976 3054 2030 Etiam
3089 1976 3176 2031 il1e
3201 1977 3484 2047 prepbeta,
3512 1978 3608 2048 qui

2024 2065 2075 2118 in
2124 2067 2283 2119 tertio
2336 2066 2647 2135 Regnorum
2691 2066 2827 2121 libro
2879 2067 2929 2120 in
2976 2066 3163 2122 Bethel
3218 2069 3533 2123 mittebatur
3574 2084 3605 2123 a

2023 2158 2275 2221 Domino,
2320 2160 2372 2212 in
2414 2157 2610 2225 spiritu
2654 2160 2842 2226 utique
2897 2157 3014 2218 Dei,
3062 2158 3226 2210 verba
3253 2156 3353 2211 Dei
3395 2157 3610 2212 locutus

2022 2260 2105 2305 est
2132 2249 2176 2282 "'
2203 2267 2216 2304 :
2248 2264 2353 2304 non
2391 2258 2585 2305 tamen.
2618 2249 2671 2302 in
2710 2249 2907 2318 spiritu
2939 2248 3039 2301 Dei
3069 2248 3464 2317 prrevaricatus
3486 2264 3608 2303 esse

2021 2352 2356 2410 prteeeptum
2388 2339 2599 2394 Domini
2627 2341 2932 2395 credendus
2960 2348 3066 2403 est,
3096 2354 3203 2409 quo
3226 2339 3411 2407 jussus
3437 2341 3611 2393 fuerat

2026 2447 2131 2485 non
2164 2431 2494 2485 manducare
2527 2446 2719 2500 panem
2768 2433 2819 2485 in
2869 2431 3082 2496 Bell-rel,
3121 2439 3344 2499 propter
3374 2431 3517 2499 quod
3552 2439 3608 2484 et

2023 2538 2051 2575 a
2084 2522 2238 2577 leone
2274 2524 2559 2592 perimitur
2591 2523 2657 2576 ".
2697 2523 2803 2577 Sed
2856 2522 3074 2592 longum
3113 2534 3194 2578 est
3237 2524 3316 2575 ire
3363 2536 3460 2589 per
3499 2521 3609 2575 sin-

2020 2612 2196 2682 gulos.
2240 2613 2351 2683 Ego
2384 2623 2567 2667 autem
2602 2614 2729 2666 licet
2764 2629 2868 2667 non
2917 2627 3310 2683 usquequaque
3364 2627 3607 2682 pronun-

2024 2703 2149 2756 tiem
2174 2744 2189 2768 ,
2224 2716 2354 2773 puto
2392 2714 2571 2759 tamen
2608 2705 2749 2774 quod
2804 2705 2912 2759 sint
2964 2705 3225 2759 nonnulla
3267 2704 3429 2758 etiam
3459 2718 3609 2758 com-

2021 2795 2270 2848 munium
2326 2795 2611 2849 hominum
2648 2806 2820 2864 gesta,
2851 2811 2970 2862 qua!
2991 2796 3248 2864 quamvis
3276 2802 3499 2865 peccato
3520 2808 3609 2848 ca-

2024 2893 2199 2949 reant,
2229 2900 2333 2940 non
2371 2896 2548 2940 tamen
2580 2886 2738 2957 digna
2785 2886 3075 2939 videantur
3106 2885 3306 2954 quibus
3341 2885 3607 2942 interesse

2022 2985 2274 3046 putemus
2305 2976 2565 3045 Spiritum
2599 2986 2869 3031 sanctum.
2924 2976 2988 3032 Ut
3046 2977 3196 3031 verbi
3239 2978 3414 3047 gratia
3452 2977 3605 3032 dixe-

2024 3066 2148 3128 rim,
2180 3066 2449 3121 connubia
2478 3065 2699 3135 quidem
2728 3065 2963 3136 legitima
3002 3073 3193 3120 carent
3222 3066 3438 3135 quidem
3477 3080 3605 3135 pec-

2023 3166 2146 3210 cato
2175 3196 2192 3222 ,
2246 3171 2345 3210 nec
2378 3164 2560 3210 tamen
2611 3166 2853 3224 tempore
2888 3154 2976 3208 illo
3012 3153 3124 3225 (75)
3154 3168 3262 3221 quo
3289 3153 3605 3224 conjugalcs

2020 3256 2176 3301 actus
2225 3258 2498 3315 geruntur
2537 3246 2823 3313 prmsentia
2864 3245 3039 3299 sancti
3093 3244 3332 3313 Spiritus
3361 3244 3602 3308 dabitur,

2019 3338 2237 3392 etiamsi
2275 3336 2544 3406 propheta
2574 3350 2696 3391 esse
2728 3337 2999 3401 videatur,
3030 3335 3123 3406 qui
3157 3334 3337 3389 officio
3363 3349 3595 3401 genera-

2022 3429 2186 3483 tionis
2214 3428 2562 3497 obsequitur.
2598 3428 2703 3481 Sed
2730 3436 2785 3481 et
2811 3428 2915 3482 alia
2948 3428 3099 3495 plura
3144 3436 3290 3488 sunt,
3317 3427 3370 3478 in
3399 3426 3598 3494 quibus

2020 3519 2217 3581 sttuit-it
2246 3519 2360 3573 sola
2388 3520 2469 3573 vis
2502 3519 2763 3582 humana,
2806 3528 2863 3572 et
2902 3532 3077 3586 neque
3116 3531 3203 3571 res
3250 3515 3481 3584 indiget,
3510 3530 3603 3570 ne-

2020 3626 2125 3679 que
2157 3612 2315 3665 decet
2346 3610 2537 3665 adesse
2582 3609 2926 3680 praesentiam
2981 3608 3219 3679 Spiritus
3262 3607 3459 3663 sancti.
3494 3606 3601 3663 Sed

2022 3702 2073 3755 in
2122 3703 2236 3756 huic
2280 3717 2383 3770 per
2427 3715 2717 3755 excessum
2747 3701 3040 3770 quemdam
3076 3699 3431 3764 incurrimus,
3472 3697 3599 3750 dum

2021 3794 2308 3849 ostendere
2334 3792 2605 3857 volunms,
2639 3807 2801 3861 super
2832 3792 3008 3845 solum
3054 3790 3364 3853 Dominum,
3394 3799 3448 3842 et
3481 3789 3603 3843 Sal-

2023 3897 2265 3940 vatorem
2311 3899 2487 3938 meum
2518 3881 2700 3938 Jesum
2757 3883 3029 3938 mansisse
3078 3897 3295 3952 semper
3343 3882 3599 3950 Spiritum

2020 3978 2138 4043 Dei,
2170 3977 2222 4031 in
2258 3986 2415 4033 calet
2433 3977 2477 4031 is
2522 3984 2706 4029 autem
2745 3975 3001 4029 omnibus
3031 3974 3263 4037 sanctis,
3296 3985 3351 4028 et
3380 3976 3521 4027 sicut
3545 3974 3597 4027 in

2023 4068 2373 4138 Septuaginta
2436 4066 2762 4130 seuiorilms,
2794 4080 2823 4117 a
2858 4064 3055 4133 quibus
3100 4064 3249 4118 verbi
3287 4064 3444 4131 hujus
3477 4077 3601 4131 pro—

2018 4160 2181 4213 cessit
2227 4157 2534 4221 exordium,
2568 4155 2901 4223 requievisse
2943 4164 3150 4208 tantum
3188 4155 3441 4223 Spiritum
3481 4153 3596 4215 Dei.

2021 4260 2075 4304 et
2100 4258 2382 4319 operatum
2414 4262 2535 4303 esse
2565 4248 2616 4300 iu
2657 4259 2901 4317 tempore
2930 4261 3017 4309 eo,
3047 4261 3155 4315 quo
3179 4247 3505 4315 expediebat
3533 4247 3599 4299 iis

2021 4358 2118 4411 per
2153 4356 2287 4410 quos
2333 4341 2689 4408 operabatur,
2735 4348 2790 4394 et
2839 4339 2967 4393 utile
2996 4349 3117 4393 erat
3163 4340 3249 4404 iis,
3274 4338 3468 4408 quibus
3499 4339 3600 4393 mi-

343 4439 555 4503 scribit,
584 4450 640 4491 et
662 4438 1031 4491 testimonium
1060 4440 1150 4491 dat
1183 4438 1248 4491 de
1276 4437 1591 4507 semetipso,
1628 4436 1752 4505 quia
1795 4451 1915 4505 pec-
1948 4444 1989 4497 Ι)
2022 4432 2378 4486 uistrabatur.

339 4531 548 4584 caverit
589 4530 641 4584 in
679 4545 741 4584 eo
769 4544 878 4601 quo
910 4530 1049 4583 dixit
1079 4529 1125 4561 ³⁸
1163 4545 1176 4581 :
1208 4547 1226 4579 ι
1259 4528 1455 4582 Audite
1487 4542 1591 4593 me,
1630 4525 1910 4581 int-rettuli.

341 4615 593 4692 Nunquid
634 4624 699 4676 de
743 4633 892 4692 petra
942 4623 1044 4676 ista
1092 4622 1397 4692 producere
1428 4620 1583 4674 vobis
1619 4618 1915 4687 poterimus

340 4719 576 4785 aquam?
614 4737 631 4769 ι
666 4717 719 4771 In
749 4718 816 4771 iis
842 4719 985 4772 enim
1022 4718 1186 4773 dictis
1213 4733 1317 4771 non
1343 4716 1709 4771 sanctificavit
1740 4716 1915 4768 Domi-

342 4827 469 4863 num
501 4812 551 4863 in
588 4826 723 4878 aqua
752 4810 1199 4864 contradictionis
1245 4827 1258 4863 :
1302 4809 1351 4862 id
1389 4818 1493 4870 est,
1526 4821 1632 4859 non
1664 4814 1747 4859 est
1783 4806 1914 4858 fisus

342 4903 396 4957 in
435 4903 634 4954 virtute
687 4901 801 4965 Dei,
833 4912 888 4955 et
922 4916 1025 4954 non
1056 4900 1228 4965 dixit,
1256 4899 1382 4968 quia
1422 4906 1619 4966 potens
1648 4906 1731 4950 est
1771 4896 1913 4949 Deus

342 4996 408 5045 de
438 4996 727 5062 petrarhac
755 4994 987 5049 educere
1020 4994 1174 5047 vobis
1220 5006 1414 5060 aquam
1443 5030 1459 5053 ,
1505 4992 1600 5044 sed
1648 4989 1801 5057 quasi
1846 5002 1912 5039 ex

343 5084 651 5139 diffidentiae
678 5084 959 5151 cujusdam
994 5084 1288 5155 fragilitate
1344 5082 1643 5152 respondit,
1677 5080 1865 5133 dicens
1896 5094 1911 5131 :

349 5195 366 5227 ι
405 5177 655 5246 Nunquid
689 5178 990 5246 poterimus
1033 5179 1185 5232 vobis
1228 5178 1295 5232 de
1339 5188 1493 5245 petra
1540 5174 1638 5227 hac
1682 5171 1914 5226 educere

342 5270 578 5338 aquam?
614 5289 631 5320 ι
673 5269 809 5335 Quia
844 5283 976 5339 ergo
1008 5278 1293 5339 peccatum
1324 5268 1374 5323 ei
1411 5267 1464 5320 itt
1496 5264 1565 5319 iis
1607 5262 1790 5317 verbis
1828 5276 1915 5314 re-

344 5372 562 5430 putatur
590 5378 618 5414 a
649 5361 756 5414 Deo
779 5397 794 5424 ,
823 5371 1033 5414 certum
1065 5368 1149 5414 est
1190 5359 1335 5429 quod
1368 5356 1483 5411 llch
1511 5369 1635 5409 cum
1664 5354 1913 5421 loquere-
1941 5364 1949 5371 ·

415 5476 634 5577 “gnati.
664 5495 705 5541 i,
736 5478 827 5533 55.
933 5477 975 5509 ³¹
1010 5476 1110 5531 Isa.
1142 5490 1257 5541 LIII,
1297 5474 1350 5530 9.
1426 5472 1472 5505 ³⁸
1499 5471 1656 5526 Num-
1686 5484 1780 5534 ιι,
1816 5466 1901 5521 10-

346 5563 443 5607 ΧΗ.
471 5558 521 5601 ἒξ.

417 5641 528 5708 (75)
579 5637 773 5693 Carent
818 5637 1026 5708 quidem
1073 5644 1323 5708 peccato,
1352 5647 1443 5686 nec
1471 5639 1645 5708 tamen
1684 5638 1912 5695 tempore

344 5700 460 5774 illo,
491 5700 595 5765 etc.
630 5708 764 5764 lliuc
794 5700 846 5762 iti
881 5700 1168 5765 libello'Dc
1190 5706 1428 5761 oratione
1463 5702 1563 5759 sub
1594 5700 1755 5757 linem
1784 5712 1911 5753 sua-

2092 4525 2144 4577 4.
2174 4522 2278 4577 Sed
2306 4541 2352 4576 ε·
2405 4522 2458 4575 in
2496 4521 2949 4589 conchucntihus
2994 4520 3239 4573 continet
3280 4520 3439 4574 lectio
3478 4534 3598 4589 quae

2023 4618 2243 4669 recitata
2308 4625 2390 4665 ed
2419 4653 2433 4677 ,
2486 4616 2631 4681 qttod
2676 4612 2888 4682 Moyses
2943 4612 3335 4681 Aﬂthiupissam
3381 4612 3596 4665 duxerit

2023 4704 2524 4770 uxorem,ctMaria
2547 4713 2714 4771 atque
2742 4706 2921 4758 Aaron
2954 4702 3290 4756 detraxerint
3317 4703 3384 4755 de
3415 4701 3597 4771 Moyse

2020 4812 2119 4849 cur
2150 4795 2549 4864 Aﬂtltiopissam
2583 4794 2821 4856 duxerit,
2872 4802 2927 4847 et
2980 4794 3129 4846 aiunt
3156 4793 3199 4823 ⁸³
3234 4808 3248 4845 :
3287 4810 3304 4842 ε
3340 4790 3593 4859 Nunquid

2021 4887 2123 4939 soli
2154 4886 2321 4956 Moysi
2352 4886 2561 4939 locutus
2590 4893 2671 4938 est
2703 4884 3003 4938 Detniuus?
3030 4884 3219 4936 Nonne
3244 4890 3310 4941 .et
3334 4881 3489 4934 nobis
3522 4882 3598 4934 lo-

2020 4988 2177 5032 cutus
2209 4976 2332 5031 est?
2361 4975 2426 5029 Et
2454 4975 2697 5039 audivit,
2750 4975 2960 5042 inquit,
3012 4973 3289 5025 Dotninus.
3324 4990 3341 5021 ι
3371 4969 3434 5022 Et
3469 4980 3593 5038 post

2021 5070 2134 5123 bace
2161 5066 2317 5135 jubet
2347 5082 2441 5121 eos
2474 5065 2627 5119 exire
2679 5065 2745 5118 ad
2798 5061 3204 5117 tabernaculum
3257 5059 3547 5113 testimonii
3574 5097 3591 5123 ,

2019 5169 2183 5228 atque
2234 5158 2306 5213 ibi
2350 5157 2555 5226 judicio
2606 5155 2838 5222 quodam
2872 5151 3057 5205 habito
3090 5151 3306 5220 leprosa
3358 5149 3593 5204 edicitur

2018 5251 2187 5306 Maria
2236 5265 2405 5318 usque
2448 5249 2514 5302 ad
2566 5259 2776 5302 certum
2817 5254 3065 5313 tempus,
3108 5252 3162 5298 et
3193 5243 3276 5299 sic
3306 5254 3595 5298 revocatur

2019 5345 2087 5396 ad
2119 5350 2327 5396 castra.
2364 5337 2517 5404 Quod
2546 5346 2604 5391 ut
2637 5334 3077 5407 compendiosius
3104 5334 3454 5403 explicemus,
3480 5331 3593 5385 Ma-

2026 5460 2070 5492 ³⁹
2094 5454 2320 5519 Psal.t.t,
2355 5452 2443 5509 t3.
2519 5452 2565 5484 "
2597 5451 2661 5506 ΙΙΙ
2694 5452 2826 5520 Reg.
2860 5463 2979 5504 xttt.
3055 5446 3097 5479 “
3140 5447 3273 5503 ibid.
3347 5445 3394 5478 δ’
3430 5445 3592 5501 Num.

2019 5623 2113 5677 det
2140 5631 2195 5676 ut
2229 5620 2383 5674 locus
2410 5617 2498 5672 ubi
2535 5614 2913 5686 conjugalibus
2950 5612 3160 5671 actibus
3195 5609 3355 5667 datur
3385 5623 3546 5680 opera
3570 5649 3590 5679 ,

2019 5693 2249 5748 orationi
2282 5706 2385 5745 non
2414 5690 2720 5759 deputetur.
