4086 6218
524 273 616 324 tiil

2017 279 2336 333 ORIGENIS

3674 302 3778 356 619.

527 389 670 438 riam
706 385 938 437 dicimus
965 383 1193 438 formam
1227 386 1479 441 habuisse
1508 390 1678 457 plebis
1705 393 1929 460 prioris;
1957 393 2100 464 Moy-
2130 398 2178 455 Α
2209 397 2320 448 veri
2354 398 2620 464 videmus,
2663 410 2714 454 et
2753 401 2938 460 dicere
2963 405 3008 437 ’⁵⁷
3042 425 3055 460 :
3093 427 3111 459 ι
3151 407 3353 468 Sedens
3384 416 3647 472 adversus
3674 421 3775 474 fra-

529 492 654 537 sen,
687 477 736 528 id
775 486 858 528 est
918 477 1084 541 legem
1133 477 1340 530 Domini
1376 482 1638 537 transisse
1677 484 1742 537 ad
1771 487 2096 539 conuubinm

524 565 874 634 Ethiopissa‘.
910 565 1072 631 hujus
1098 580 1217 632 qua:
1259 584 1324 622 ex
1352 573 1608 636 gentibus
1635 587 1961 644 congregata
1991 586 2095 631 est.

527 656 677 710 lianc
715 674 844 728 ergo
887 660 1118 730 Moyses,
1171 665 1220 714 id
1276 674 1391 726 cst,
1446 665 1527 718 lex
1577 669 1838 734 Spiritalis
1891 671 2100 737 accepit

533 764 757 803 uxorem
797 769 808 804 :
843 763 896 804 et
925 769 1022 819 pro
1072 755 1173 808 hoc
1216 756 1357 808 facto
1389 755 1552 808 Maria
1577 796 1590 818 ,
1626 773 1746 825 qua:
1777 776 1917 814 nunc
1945 777 2100 831 syna-

521 854 658 909 goga
696 850 800 905 est,
844 844 1178 910 indignatur,
1219 857 1273 898 et
1312 848 1567 907 detrahit,
1605 865 1708 900 una
1741 865 1863 902 cmn
1892 852 2095 917 Aaron,

521 945 643 983 cum
693 936 1073 989 sacerdOtibus
1126 937 1339 990 scilicet
1387 947 1443 992 et
1494 939 1803 995 Pharisaeis.
1867 942 2099 1014 Derogat

519 1037 649 1091 ergo
683 1040 852 1090 usque
897 1027 946 1077 in
985 1027 1308 1081 hodiernum
1365 1030 1531 1100 Moysi
1588 1033 1866 1086 nobiscum
1917 1039 2094 1103 posito

519 1113 672 1178 plebs
714 1116 840 1178 illa,
880 1127 930 1168 et
971 1128 1127 1186 turpe
1179 1120 1226 1172 ei
1270 1120 1481 1174 videtur
1509 1163 1522 1185 ,
1552 1123 1677 1191 quia
1726 1125 2095 1183 circumcisio-

519 1221 640 1258 uetu
671 1208 855 1260 carnis
885 1223 986 1260 non
1025 1210 1182 1263 docet
1206 1214 1342 1278 apud
1377 1229 1495 1277 nos,
1532 1230 1630 1269 nee
1657 1218 2090 1274 observationem

517 1295 765 1359 Sabbati,
810 1313 908 1352 nec
948 1300 1257 1357 Neomeuiae
1283 1345 1295 1367 ,
1347 1321 1446 1360 nec
1485 1309 1753 1363 sacrificia
1788 1315 2088 1382 sanguinis,

513 1388 608 1438 sed
663 1390 1139 1445 circumcisiouem
1193 1399 1374 1449 cordis
1406 1438 1420 1460 ,
1470 1409 1522 1453 et
1568 1405 1826 1467 peccandi
1873 1407 2041 1460 otium
2071 1447 2087 1472 ,

519 1479 744 1548 diesque
777 1482 946 1538 festos
980 1487 1030 1538 in
1061 1491 1268 1556 azymis
1301 1492 1632 1548 sinceritatis
1656 1505 1708 1548 et
1735 1498 2004 1563 veritatis,
2037 1511 2092 1554 et

510 1574 780 1628 sacriﬁcia
808 1577 998 1641 laudis,
1029 1590 1078 1633 et
1113 1597 1216 1633 nou
1241 1582 1349 1649 jam
1386 1589 1672 1652 pecudum.
1708 1592 1802 1643 sed
1833 1592 2085 1648 vitiorum

509 1664 640 1715 caedi
676 1666 924 1720 victimas
975 1681 1177 1725 mouet.
1220 1671 1436 1726 Judicat
1487 1691 1614 1744 ergo
1648 1682 1710 1732 de
1740 1681 1804 1734 iis
1842 1683 2001 1746 Deus,
2036 1692 2090 1738 et

2207 499 2342 541 trem
2399 498 2546 543 tuum
2605 493 2953 561 detrahebas,
2980 508 3036 552 et
3084 502 3345 559 adversus
3381 505 3551 561 filium
3589 516 3777 570 matris

2203 587 2306 632 tuae
2335 583 2576 645 ponebas
2614 587 2954 641 scandalum.
3003 608 3020 640 ι
3071 590 3335 647 Similiter
3384 609 3567 652 autem
3617 612 3670 653 et
3723 604 3778 657 in

2202 669 2305 722 alio
2343 672 2550 738 psalmo
2581 691 2647 729 ex
2673 690 2904 742 persona
2929 678 3060 746 justi
3092 684 3316 739 scientis
3348 687 3450 743 hoc
3477 689 3583 743 Deo
3613 706 3774 760 quam

2201 763 2438 817 maxime
2497 765 2787 834 displicere
2840 770 3036 826 dicitur
3057 773 3144 825 ‘3:
3188 793 3204 825 ι
3253 776 3630 836 Detrahentem
3682 801 3776 838 oe-

2199 853 2341 908 culte
2371 857 2634 912 adversus
2669 862 2975 927 proximum
3031 881 3187 918 suum
3236 876 3615 941 persequebar.
3649 896 3666 928 a
3699 878 3777 931 Ex

2201 943 2264 998 iis
2300 946 2466 1014 igitur
2503 950 2756 1004 omnibus
2816 953 3014 1007 divina:
3056 956 3355 1026 Scripturm
3401 969 3774 1032 sermonibus,

2201 1037 2342 1090 velut
2360 1038 2550 1106 gladiis
2573 1042 2895 1108 quihusdam
2925 1049 3179 1117 utrinque
3203 1054 3401 1117 aeutis,
3428 1057 3772 1119 obtrectandi

2199 1123 2480 1189 fratribus,
2536 1139 2589 1182 et
2623 1131 2921 1199 derogandi
2977 1139 3188 1191 sanctis
3211 1141 3400 1196 vitium
3438 1161 3767 1208 reseecmus.

2193 1214 2365 1283 Lepra
2406 1219 2548 1271 enim
2593 1222 2952 1291 consequitur
3003 1227 3328 1296 derogantes
3366 1244 3419 1287 et
3457 1241 3767 1312 eacologos,

2195 1309 2244 1360 id
2277 1319 2382 1374 est,
2413 1311 2770 1382 maleloqnos.
2805 1315 2932 1370 Post
2967 1317 3080 1374 haec
3107 1331 3288 1375 autem
3316 1340 3344 1376 a
3383 1309 3674 1386 u'oralihus
3701 1337 3769 1388 ad

2193 1402 2609 1467 intelligentiam
2658 1408 2942 1476 mystiCani
2989 1420 3351 1469 transeamus.
3409 1418 3668 1485 Quamvis
3711 1439 3768 1479 et

2192 1495 2243 1546 in
2288 1499 2571 1563 superiore
2625 1508 2854 1552 tractatu
2887 1518 3073 1570 pauca
3098 1506 3210 1572 jam
3243 1508 3385 1563 dicta
3422 1511 3550 1579 sint,
3585 1526 3762 1572 tamen

2190 1599 2310 1653 qua:
2347 1587 2585 1642 defuisse
2651 1591 2918 1654 videntur,
2978 1595 3258 1651 addemus.
3310 1600 3598 1659 Videamus
3632 1623 3769 1679 ergo

2189 1677 2314 1743 quis
2336 1685 2419 1730 est
2447 1679 2538 1745 qui
2582 1681 2806 1750 derogat
2845 1683 3040 1753 Moysi,
3071 1689 3191 1755 quis
3219 1689 3285 1743 de
3327 1707 3391 1744 eo
3427 1695 3570 1749 male
3596 1677 3772 1769 loqu:-

511 1755 733 1820 nuptias
766 1757 1114 1827 Aitltiopissaa
1149 1766 1441 1816 conﬁrmat
1473 1783 1486 1818 :
1525 1780 1577 1820 et
1609 1768 1825 1838 Moysen
1867 1775 2085 1842 quidem
2121 1753 2160 1806 Β
2194 1775 2300 1820 tur.
2334 1766 2448 1820 Non
2475 1769 2648 1823 solum
2683 1772 2877 1840 Judaei,
2909 1777 3001 1830 sed
3035 1787 3088 1831 et
3121 1780 3388 1844 haeretici,
3427 1787 3516 1853 qui
3550 1753 3765 1845 nou‘reo

509 1845 746 1900 libenter
773 1863 893 1901 cum
923 1866 987 1902 ea
1019 1853 1263 1907 habitare
1287 1856 1435 1920 sinit,
1469 1874 1532 1913 ae
1561 1864 1901 1928 requiescere
1935 1886 1949 1920 :
1980 1867 2088 1922 Ma-

511 1937 648 1990 riatii
689 1953 818 1993 vero
865 1939 1011 2006 ejit-it
1053 1955 1206 1997 extra
1244 1958 1447 2013 castra,
1485 1962 1537 2004 et
1568 1968 1729 2021 porro
1759 1955 1888 2011 facit
1921 1975 1949 2012 a
2003 1968 2084 2015 ta-

508 2027 803 2082 bernaculo
829 2034 1148 2097 testimonii,
1173 2052 1292 2089 cum
1320 2055 1423 2107 qua
1450 2043 1668 2110 cjicitur
1691 2048 1854 2101 etiam
1881 2051 2082 2107 Aaron.

505 2121 730 2189 Insuper
779 2133 956 2176 autem
1011 2135 1063 2178 et
1118 2126 1329 2196 leprosa
1382 2131 1611 2188 eilicitur
1647 2137 1835 2193 Maria.
1888 2142 2085 2212 Astpice

507 2228 650 2264 nunc
700 2216 766 2266 ad
820 2215 964 2267 illam
1015 2216 1261 2284 plebem,
1295 2233 1352 2273 et
1381 2224 1504 2278 vide
1544 2237 1744 2292 quanta
1789 2231 1841 2283 iu
1885 2232 1969 2285 illa
1989 2219 2085 2288 ἐει

504 2302 647 2369 lepra
703 2306 930 2370 peccati,
982 2317 1183 2374 quanta
1247 2311 1616 2381 intelligentia:
1647 2318 1837 2387 caligo,
1879 2336 2081 2390 quanta

501 2395 862 2449 observantiae
907 2396 1148 2462 fmditas,
1189 2412 1391 2469 quanta
1427 2406 1709 2472 turpitudo
1731 2423 2080 2479 conspectus.

504 2482 892 2542 Verumtamen
947 2490 1063 2544 hare
1113 2491 1259 2560 lepra
1314 2510 1420 2547 non
1464 2509 1726 2566 perpetuo
1761 2517 2080 2571 permanet,

499 2574 593 2622 sed
628 2571 716 2624 tibi
754 2577 1054 2642 septimana
1090 2581 1350 2649 compleri
1404 2588 1634 2653 cmperit
1677 2592 1887 2655 mundi,
1927 2609 2082 2650 revo-

497 2663 716 2716 cabitur
744 2667 807 2718 ad
842 2677 1043 2721 castra.
1101 2670 1154 2722 lu
1192 2673 1297 2724 line
1339 2675 1484 2727 enim
1521 2679 1702 2731 mundi
1737 2695 1858 2735 eum
1901 2684 2078 2752 pleni-

498 2756 630 2808 tudo
675 2758 916 2825 geutium
952 2761 1242 2826 introierit,
1299 2773 1426 2818 tunc
1472 2769 1634 2820 etiam
1683 2774 1863 2827 oumis
1914 2774 2078 2831 Israel

496 2845 801 2901 salvabitur
830 2849 897 2914 ⁸³,
930 2861 981 2903 et
1015 2862 1142 2906 tunc
1179 2863 1262 2907 est
1295 2870 1418 2908 cum
1449 2860 1687 2913 cessabit
1718 2862 1862 2932 lepra
1896 2868 1960 2920 de
1995 2867 2077 2922 fa—

497 2938 584 2992 cie
608 2938 792 2994 Maria:
829 2959 842 2995 :
884 2945 1112 3012 recipiet
1144 2947 1289 3000 enim
1331 2950 1499 3005 decus
1549 2954 1696 3019 fidei,
1734 2965 1788 3010 et
1827 2958 2080 3026 splendo-

2189 1859 2395 1927 cipiunt
2427 1860 2592 1930 legero
2625 1873 2678 1917 et
2701 1866 3011 1934 prophetas,
3038 1870 3204 1924 etiam
3230 1872 3325 1940 ipsi
3363 1875 3658 1933 detrahunt
3699 1883 3766 1937 de

2189 1950 2391 2020 Moyse.
2420 1951 2656 2022 Denique
2680 1955 2858 2009 solent
2889 1957 2937 2011 ei
2977 1959 3140 2014 etiam
3195 1963 3400 2018 crimen
3443 1967 3760 2040 impingere,

2189 2045 2451 2109 dicentes,
2486 2047 2611 2114 quia
2651 2047 2922 2104 homicida
2950 2049 3049 2105 fuit
3077 2052 3594 2125 Moyses,interfecit
3618 2066 3761 2116 enim

2185 2136 2536 2208 IEgyptium:
2569 2148 2625 2193 et
2654 2137 2757 2193 alia
2785 2141 2975 2207 multa,
3002 2144 3087 2199 vel
3127 2146 3178 2199 in
3209 2147 3405 2216 ipsum,
3442 2152 3522 2206 vel
3555 2155 3605 2206 in
3638 2172 3762 2224 pro-

2187 2231 2374 2299 phetas
2425 2234 2744 2301 blaspheme
2788 2251 2884 2290 ore
2929 2240 3282 2295 concinnant.
3323 2241 3418 2297 Isti
3467 2261 3599 2316 ergo
3629 2249 3757 2316 quia

2185 2323 2480 2378 detrahunt
2534 2325 2722 2395 Moysi,
2780 2329 2982 2385 habent
3023 2331 3231 2401 lepram
3270 2334 3320 2387 iu
3357 2337 3534 2389 anima
3580 2353 3678 2391 sua
3706 2350 3761 2394 et

2185 2423 2309 2466 sant
2343 2415 2394 2469 in
2437 2419 2655 2472 homine
2689 2421 2950 2476 interiore
2994 2425 3215 2492 leprosi,
3255 2436 3307 2479 et
3342 2427 3460 2481 ideo
3491 2430 3770 2485 habentur

2183 2513 2336 2558 extra
2365 2519 2544 2562 castra
2587 2511 2845 2565 Ecclesiae
2877 2512 2991 2567 Dei.
3027 2514 3155 2568 Sive
3213 2532 3342 2586 ergo
3371 2519 3611 2572 haeretici
3649 2521 3760 2573 sint

2182 2595 2272 2660 qui
2306 2595 2564 2665 derogant
2617 2598 2810 2668 Moysi,
2845 2602 2961 2653 sive
2991 2603 3058 2655 de
3105 2603 3347 2658 Ecclesia
3397 2607 3505 2660 sint
3536 2607 3626 2675 qui
3660 2608 3756 2660 de-

2184 2687 2407 2740 trahunt
2453 2689 2731 2757 fratribus,
2765 2701 2820 2745 et
2864 2692 3003 2747 male
3051 2694 3350 2764 loquuntur
3391 2698 3456 2751 de
3494 2699 3757 2765 proximis

2183 2777 2314 2840 suis,
2355 2796 2543 2834 omnes
2575 2783 2663 2850 qui
2696 2784 2797 2838 hoc
2815 2785 2947 2838 vitio
2980 2798 3228 2856 aguntur,
3259 2790 3612 2844 dubitandum
3647 2807 3754 2846 non

2181 2878 2266 2921 est
2289 2870 2414 2936 quin
2443 2870 2638 2939 leprosi
2666 2873 2775 2927 sint
2799 2875 2851 2928 in
2878 2876 3055 2928 anima
3083 2892 3206 2930 sua.
3239 2878 3307 2931 Et
3339 2879 3502 2934 Maria
3537 2883 3752 2949 quidem

2182 2959 2578 3015 interveniente
2609 2963 2788 3018 Aaron
2818 2965 3072 3033 pontifice
3104 2968 3333 3035 septima
3373 2971 3459 3023 die
3489 2983 3752 3026 curatur:

497 3045 613 3083 rem
637 3031 837 3086 Christi
872 3037 1166 3104 agnitionis
1190 3042 1439 3111 accipiet,
1469 3053 1522 3096 et
1553 3048 1871 3103 restituetur
1895 3051 2072 3106 vultus
2107 3084 2155 3144 ε
2186 3066 2284 3106 nos
2345 3067 2471 3107 vero
2509 3054 2552 3108 si
2615 3055 3032 3111 obtrectatiOnis
3101 3058 3234 3112 vitio
3284 3059 3640 3115 inciderimns
3701 3065 3752 3116 in

491 3123 634 3191 ejus,
677 3140 798 3178 cum
845 3126 938 3180 fiet
988 3140 1216 3201 uterque
1249 3149 1391 3188 unus
1428 3153 1580 3206 grex,
1615 3148 1668 3192 et
1693 3156 1832 3195 unus
1867 3152 2069 3210 pastor.

494 3213 550 3266 lu
580 3229 685 3283 quo
714 3231 842 3272 vere
881 3219 1168 3276 dicemlunt
1205 3237 1288 3280 est
1327 3226 1372 3258 “
1404 3246 1417 3281 :
1467 3247 1484 3278 ι
1514 3229 1558 3283 Ο
1588 3231 1820 3286 altitudo
1857 3234 2076 3288 divitia-

493 3322 615 3360 rum
649 3311 947 3377 sapieutiaz,
982 3323 1036 3366 et
1063 3316 1306 3371 scientia:
1348 3320 1462 3383 Dei,
1506 3339 1524 3371 ι
1561 3323 1652 3390 qui
1689 3326 1758 3376 ita
1803 3328 2078 3382 conclusit

491 3412 683 3452 omnes
720 3402 821 3454 sub
862 3413 1134 3470 peccato,
1196 3417 1253 3460 ut
1311 3412 1568 3465 omnibus
1637 3416 1962 3470 misereatur
2021 3420 2072 3473 iu

492 3485 710 3540 Christo
742 3487 869 3542 .lesu
919 3494 1144 3548 Domino
1175 3507 1382 3563 nostro,
1423 3503 1507 3552 cui
1556 3513 1638 3555 est
1670 3504 1840 3572 gloria
1891 3507 1943 3560 in
1974 3523 2075 3562 sa?-

490 3580 608 3632 cula
638 3583 984 3638 saeculorum.
1021 3588 1214 3643 Amen.

970 3701 1136 3772 239
1168 3703 1447 3760 uotum
1483 3708 1593 3764 vu.

493 3787 720 3842 Rursum
747 3791 810 3844 de
833 3791 1189 3861 /Elhiopissa,
1209 3806 1272 3876 net
1319 3799 1382 3850 de
1403 3799 1562 3876 _l_epra
1622 3802 1813 3860 Marii-13
1837 3822 1954 3876 qua:
1982 3825 2073 3860 su-

1105 3867 1370 3934 perfuerat
1402 3869 1468 3920 “.

560 3953 714 4008 Sicut
754 3955 1044 4026 Apostolus
1092 3957 1321 4019 dicit“,
1362 3977 1380 4009 ι
1414 3960 1539 4014 llaec
1583 3977 1762 4017 omnia
1798 3966 1850 4019 in
1901 3968 2071 4037 figura

487 4047 879 4114 contingebant
905 4048 1034 4113 illis,
1061 4049 1264 4116 scripta
1301 4061 1424 4103 sunt
1459 4063 1640 4108 autem
1677 4067 1897 4124 propter
1929 4075 2072 4111 com-

489 4134 842 4186 monitionem
875 4145 1117 4189 nostram
1149 4153 1162 4188 τ
1208 4157 1226 4188 ι
1271 4153 1455 4206 qumro
1479 4142 1606 4209 quid
1629 4147 2071 4202 commonitiouis

487 4225 818 4294 accipiamus
868 4243 934 4281 ex
979 4243 1044 4282 eo
1078 4229 1219 4297 quod
1264 4231 1463 4285 lectum
1509 4241 1590 4286 est
1619 4235 1793 4303 nobis,
1825 4238 1950 4304 quia
1978 4239 2062 4291 de-

487 4325 772 4370 traxerunt
798 4318 980 4372 Aaron
1012 4329 1065 4372 et
1089 4319 1254 4374 Maria
1293 4324 1360 4376 de
1388 4323 1591 4394 Moyse,
1620 4337 1674 4380 et
1709 4338 1930 4396 propter
1964 4330 2068 4384 hoc

2181 3143 2619 3212 animaelepram,
2663 3159 2832 3211 usque
2865 3145 2932 3198 ad
2971 3147 3131 3199 finem
3187 3148 3500 3214 septimanae
3546 3151 3752 3213 mundi,

2180 3233 2233 3287 id
2267 3242 2373 3296 est,
2410 3247 2580 3302 usque
2619 3233 2687 3287 ad
2750 3237 3172 3290 resurrectionis
3209 3246 3418 3305 tempus
3471 3238 3665 3306 leprosi
3697 3240 3750 3293 in

2179 3327 2360 3379 anima
2401 3329 2840 3395 permanebimus
2881 3327 3016 3398 (76),
3066 3340 3120 3382 et
3158 3331 3418 3404 immundi
3452 3349 3464 3384 :
3495 3332 3596 3385 nisi
3625 3333 3750 3385 dum

2178 3418 2474 3487 paenitendi
2507 3427 2721 3488 tempus
2744 3430 2848 3484 est,
2873 3421 3238 3491 corrigantur,
3277 3431 3332 3477 et
3374 3424 3623 3478 conversi
3685 3426 3750 3476 ad

2182 3511 2467 3564 Domimuu
2507 3509 2715 3578 Jesunt,
2761 3527 2824 3564 ac
2862 3514 3230 3583 supplicantes
3270 3515 3316 3567 ei
3359 3530 3453 3581 per
3480 3516 3749 3582 pmuiteu-

2181 3603 2311 3655 tiam
2350 3615 2641 3670 purgentur
2691 3602 2758 3654 ab
2814 3602 3153 3655 inuuuuditia
3182 3603 3342 3671 lepra:
3372 3612 3592 3659 nostrae.
3641 3603 3750 3672 Ego

2179 3702 2360 3743 autem
2391 3700 2518 3757 puto
2543 3689 2687 3757 quod
2720 3705 2822 3742 non
2847 3690 2994 3742 solus
3017 3690 3102 3742 ille
3124 3691 3350 3760 populus
3380 3691 3545 3758 prior,
3578 3705 3750 3758 neque

2177 3782 2277 3835 soli
2319 3781 2596 3843 limretici,
2634 3780 2700 3834 de
2745 3781 2942 3849 quibus
2978 3796 3144 3850 supra
3197 3781 3640 3844 memoravimus,
3667 3784 3751 3831 de-

2181 3877 2404 3927 trahunt
2450 3875 2514 3927 de
2575 3871 2788 3942 Moyse;
2845 3875 2940 3926 sed
2969 3885 3024 3927 et
3063 3874 3239 3928 omnis
3267 3874 3356 3941 qui
3397 3873 3599 3941 scripta
3635 3872 3750 3937 ejus

2181 3967 2316 4019 male
2350 3966 2624 4032 intelligit,
2655 3979 2712 4020 et
2735 3965 2827 4036 qui
2883 3965 3186 4033 spiritalem
3239 3965 3408 4032 legem
3459 3963 3748 4015 carnaliter

2177 4058 2424 4123 sum-ipit,
2455 4055 2624 4125 Moysi
2650 4059 2894 4124 derogat,
2918 4057 3043 4123 quia
3073 4057 3139 4110 de
3175 4056 3351 4108 verbis
3389 4056 3605 4122 spiritus
3629 4067 3746 4105 car-

2179 4147 2373 4202 naliter
2409 4148 2654 4202 homines
2675 4149 2852 4202 docet.
2880 4149 3125 4204 Audistis
3149 4148 3274 4215 quid
3307 4148 3404 4200 sibi
3433 4146 3620 4214 judicii
3653 4147 3745 4196 ob-

2177 4244 2503 4291 trectatores
2539 4248 2594 4289 et
2638 4238 2955 4304 ntaleloqui,
2987 4250 3042 4290 et
3079 4237 3208 4306 quid
3253 4237 3616 4290 damnationis
3661 4249 3747 4286 ac-

2174 4329 2644 4396 quirautzaudjte
2699 4344 2840 4383 nunc
2891 4339 2945 4382 et
2971 4339 3233 4398 quantutu
3271 4327 3513 4382 beneﬁcii
3561 4328 3743 4380 confe-

487 4410 719 4477 correpti
769 4421 914 4476 sunt,
959 4411 1130 4466 Maria
1179 4428 1308 4467 vero
1354 4415 1522 4468 etiam
1558 4418 1768 4486 leprosa
1815 4420 2062 4476 etlicitur.
2096 4421 2146 4480 D
2175 4431 2295 4474 rant
2342 4420 2430 4486 iis,
2479 4420 2680 4488 quibus
2734 4421 3062 4473 obtrectaut.
3111 4419 3392 4486 Nunquam
3445 4417 3746 4470 invenimus

486 4499 659 4553 Tanta
690 4511 869 4555 autem
908 4503 1008 4556 fuit
1054 4519 1184 4556 cura
1227 4509 1593 4574 correptionis
1638 4511 1826 4579 hujus,
1854 4521 1911 4564 ut
1939 4513 2065 4567 dum

487 4589 654 4643 islaria
696 4593 1007 4661 septimana:
1037 4605 1245 4665 tempus
1265 4598 1514 4666 expleret
1548 4602 1601 4653 in
1637 4602 1809 4670 lepra,
1835 4604 2068 4671 populus

488 4685 583 4738 Dei
631 4701 734 4737 non
787 4697 974 4756 ageret
1023 4689 1128 4742 iter
1153 4691 1218 4742 ad
1263 4699 1462 4745 terram
1497 4697 1957 4763 repromissionis,
1999 4714 2066 4752 ne

487 4777 898 4831 tabernaculum
932 4779 1227 4833 testimonii
1253 4793 1586 4837 moveretur.
1626 4784 1810 4840 Primo
1851 4788 2064 4841 inierint

489 4884 736 4934 moneor,
788 4878 843 4923 et
889 4871 1096 4923 utiliter
1139 4887 1202 4925 ac
1248 4875 1564 4928 necessario
1617 4892 1839 4931 moneor
1870 4895 1934 4933 ex
1967 4881 2066 4936 hoc

491 4960 630 5014 facto
664 4977 728 5014 ne
746 4963 1025 5016 detraham
1061 4962 1235 5030 fratri,
1267 4980 1334 5019 ne
1357 4967 1494 5020 male
1522 4966 1710 5036 loquar
1737 4970 1801 5022 de
1825 4973 2070 5038 proximo

491 5069 629 5116 meo,
671 5068 736 5107 ne
757 5055 996 5122 aperiam
1038 5069 1098 5108 os
1125 5070 1303 5109 meum
1337 5057 1403 5110 ad
1434 5058 1806 5125 derogandum
1840 5078 1943 5114 non
1981 5079 2069 5116 so-

491 5145 598 5196 lum
633 5147 858 5209 sanctis,
887 5146 979 5202 sed
1016 5157 1068 5202 et
1094 5148 1426 5217 quibuslibet
1452 5151 1884 5219 proximismeis.
1909 5153 2069 5210 Vides

488 5249 690 5305 quanta
724 5256 786 5293 ex
818 5242 919 5294 hoc
944 5241 1244 5310 indignatio
1267 5243 1355 5296 Dei
1389 5244 1575 5305 fuerit,
1600 5253 1798 5309 quanta
1832 5246 2067 5300 vindicta

490 5331 840 5395 processerit.
886 5331 1132 5399 Denique
1172 5335 1457 5386 adversum
1499 5344 1778 5402 peccatum
1825 5335 1965 5388 istud
2002 5338 2068 5388 si-

491 5421 598 5472 mili
639 5422 1008 5491 indignatioue
1060 5426 1224 5478 etiam
1271 5426 1324 5478 in
1371 5425 1599 5481 Psalmis
1623 5427 1792 5481 Deum
1825 5443 2067 5481 commu-

561 5513 602 5542 "'
634 5515 786 5567 iioru.
815 5532 889 5574 ιιι,
914 5516 1002 5580 23$,
1025 5516 1114 5569 ‘26.
1205 5517 1251 5550 “
1291 5519 1418 5573 ibid.
1449 5520 1538 5572 '55.
1643 5520 1687 5549 "‘
1725 5519 1884 5574 Num.
1921 5535 2018 5575 xu.

489 5581 532 5612 "
559 5581 718 5639 Num.
766 5601 864 5649 xu,
897 5587 930 5639 5
956 5599 1012 5639 et
1056 5603 1217 5658 seqq.
1265 5638 1273 5647 .

2099 5521 2144 5551 “
2177 5523 2193 5575 l
2226 5523 2352 5575 Cor.
2383 5538 2437 5587 tt,
2464 5522 2550 5575 11.

2173 4523 2352 4567 tantas
2376 4513 2561 4566 laudes
2605 4513 2768 4566 Deum
2828 4512 3034 4566 dixisse
3061 4513 3126 4565 de
3176 4510 3354 4580 Moyse
3398 4510 3599 4561 latnulo
3627 4524 3743 4568 suo,

2171 4615 2402 4674 quantas
2435 4620 2578 4658 nunc
2629 4604 2736 4657 dici
2780 4605 3045 4667 videmus,
3081 4606 3297 4671 quando
3336 4605 3401 4654 ab
3431 4601 3745 4654 hominibus

2169 4695 2216 4747 ei
2251 4696 2564 4762 derogatmn
2590 4702 2692 4750 est.

2241 4787 2294 4839 2.
2330 4787 2464 4838 Audi
2500 4801 2629 4853 ergo
2662 4787 2713 4838 in
2755 4786 3219 4853 consequentibus
3255 4785 3380 4851 quid
3418 4784 3644 4848 referat,
3689 4793 3745 4838 et

2171 4879 2368 4946 quibus
2418 4878 2632 4945 Moysen
2680 4878 2929 4930 laudibus
2975 4876 3164 4931 efferat
3215 4876 3453 4944 Spiritus
3500 4887 3739 4930 sanctus.

2177 4989 2194 5020 ι
2231 4971 2291 5023 Et
2327 4969 2633 5029 descendit,
2667 4968 2841 5036 inquit
2869 4967 2939 5032 ιθ,
2981 4968 3240 5020 Dominus
3275 4969 3324 5020 in
3365 4969 3616 5020 columna
3656 4983 3746 5018 uu-

2174 5063 2278 5121 bis,
2307 5073 2362 5113 et
2403 5060 2552 5113 stetit
2591 5061 2655 5112 ad
2695 5060 2893 5112 ostium
2945 5058 3279 5114 tabernaculi
3328 5058 3645 5112 testimonii.
3685 5058 3744 5108 Et

2175 5154 2348 5205 vocati
2379 5163 2506 5203 sunt
2536 5152 2718 5204 Aaron
2771 5160 2824 5206 et
2881 5150 3044 5204 Maria
3105 5159 3157 5203 et
3181 5157 3452 5203 steterunt
3481 5147 3662 5208 ambo,
3694 5156 3746 5197 ct

2173 5245 2310 5298 dixit
2332 5247 2397 5297 ad
2430 5259 2524 5298 eos
2551 5261 2563 5297 :
2593 5242 2788 5300 Audite
2815 5242 2976 5296 verba
3013 5257 3152 5296 mea.
3197 5243 3253 5295 Si
3295 5241 3454 5293 fuerit
3483 5239 3748 5308 propheta

2173 5339 2297 5406 quis
2331 5348 2572 5390 vestrum
2605 5338 2842 5400 Domini,
2881 5337 2932 5388 in
2964 5336 3263 5390 visionibus
3304 5336 3353 5388 ci
3379 5349 3666 5403 agnoscar,
3692 5342 3742 5384 et

2175 5431 2225 5483 in
2260 5429 2684 5498 somnisloquar
2722 5429 2796 5492 ei,
2830 5445 2935 5481 non
2971 5429 3112 5481 sicut
3153 5428 3355 5480 famqu
3379 5442 3516 5478 meo
3553 5422 3739 5493 Moysi,

2665 5522 2708 5554 "’
2736 5519 2876 5575 l’sal.
2912 5536 3060 5586 xux,
3097 5521 3187 5574 20.
3302 5520 3346 5550 ’⁵⁸
3399 5519 3540 5572 l‘sal.
3589 5531 3659 5581 ct,
3689 5516 3740 5568 5.

556 5676 668 5744 (lii)
702 5675 851 5740 Mss,
891 5696 908 5727 ι
945 5682 1407 5746 permanehimns.
1451 5704 1466 5731 ι
1504 5683 1659 5736 Lihb.
1691 5684 1843 5748 editi,
1883 5701 1901 5735 ι
1941 5697 2376 5752 ρετιιιιιιιθιιιιιε.»
