4086 6218
348 333 467 390 lilii

1557 322 1622 377 IN
1666 317 2000 376 NUMISROS
2039 317 2320 374 llOMiLt.\
2378 315 2490 376 Vll.

3549 323 3649 377 (ill

350 451 450 520 qni
481 451 538 502 in
607 455 716 505 tota
751 450 909 504 domo
954 460 1073 501 mea
1125 443 1302 499 ﬁdelis
1340 453 1451 504 est,
1479 456 1541 496 os
1573 441 1640 494 ad
1674 454 1736 493 os
1767 438 1958 508 loquor
1986 443 2035 500 Α
2063 434 2190 504 legi,
2232 435 2326 489 sed
2351 434 2524 489 simus
2573 448 2678 487 non
2741 433 2921 487 solum
2968 434 3245 489 auditores
3291 433 3445 505 legis,
3477 433 3572 488 sed
3602 446 3649 486 et

351 547 424 600 ad
446 561 602 615 eum,
638 549 692 601 in
723 543 928 615 specie,
958 550 1146 596 etnon
1179 541 1231 593 in
1265 537 1579 607 :enigmate,
1619 541 1673 586 et
1721 531 1955 601 gloriam

357 631 587 695 Doniini
615 638 772 692 vidit.
808 635 872 688 Et
902 647 1074 702 quare
1109 645 1214 684 non
1243 627 1506 682 timuistis
1543 623 1839 679 detrahere
1877 622 1958 676 fa-

353 734 509 786 mulo
546 746 675 787 meo
722 727 934 798 Moysi?
969 726 1033 779 Et
1085 724 1163 778 ira
1206 720 1413 775 furoris
1447 717 1662 772 Domini
1700 715 1843 770 facta
1876 723 1960 770 est

351 841 534 893 super
572 823 722 889 illos,
775 821 1176 875 discesserunt,
1224 823 1279 867 et
1315 810 1490 866 nubes
1529 807 1780 862 discessit
1808 822 1837 859 a
1874 815 1956 858 ta-

354 916 699 980 bernaculo,
751 922 808 966 et
859 923 988 964 ecce
1035 906 1206 960 Maria
1261 902 1403 958 l‘acta
1453 909 1537 954 est
1566 900 1775 968 leprosa
1817 897 1958 951 sicut

334 985 478 1072 Enix.
524 1027 544 1060 ι
585 1007 781 1060 Videte
813 1002 940 1073 quid
974 1000 1074 1053 sibi
1099 1010 1276 1067 petente
1307 991 1647 1048 contulerint
1679 991 1957 1044 obtrecta-

333 1083 542 1161 ltores,
599 1096 727 1165 quid
779 1107 908 1146 vero
941 1091 1014 1143 illi
1049 1089 1135 1142 cui
1189 1087 1656 1143 obtrectaverant,
1690 1080 1959 1150 quwsive-

357 1190 478 1244 rint
513 1188 722 1243 laudis.
781 1183 896 1238 Sibi
952 1177 1374 1250 turpitudinem,
1433 1175 1508 1229 illi
1575 1171 1957 1242 splendorem;

359 1279 471 1333 sibi
507 1278 746 1348 lepram,
773 1274 848 1327 illi
873 1272 1102 1341 gloriam
1127 1283 1142 1332 ;
1170 1267 1274 1321 sibi
1328 1263 1702 1333 opprobrium,
1746 1260 1819 1314 illi
1849 1278 1965 1314 ma-

361 1367 754 1436 gnificentiam
824 1363 1216 1432 quaesiverunt.
1285 1354 1680 1406 Verumtamen
1745 1350 1961 1420 Moyses

364 1460 696 1528 priusquam
724 1455 996 1521 acciperet
1025 1447 1441 1514 Etltiopissant,
1467 1458 1571 1496 non
1591 1453 1674 1496 est
1693 1444 1961 1509 scriptum

359 1553 502 1621 quia
535 1551 587 1602 in
617 1547 799 1618 specie
847 1545 1062 1599 locutus
1112 1540 1184 1594 sit
1215 1539 1262 1591 ei
1311 1538 1472 1601 Deus,
1505 1543 1692 1589 etnon
1735 1534 1787 1588 in
1828 1533 1962 1587 mni-

359 1653 563 1712 gmate
603 1657 616 1693 ε
657 1639 752 1692 sed
787 1636 877 1691 ubi
907 1633 1122 1700 accepit
1183 1628 1602 1697 Ethiopissam,
1653 1635 1780 1680 tunc
1830 1625 1965 1679 dicit

362 1732 437 1781 dc
463 1745 534 1783 eo
578 1730 738 1787 Dens,
785 1726 911 1794 quia
949 1743 966 1776 ‹
1009 1738 1070 1777 os
1105 1722 1170 1775 ad
1195 1735 1254 1773 os
1285 1719 1481 1788 loquar
1505 1718 1569 1770 ad
1587 1731 1733 1778 eum,
1759 1716 1809 1767 in
1843 1730 1965 1781 spe-

2064 527 2326 592 laetores,
2366 537 2426 579 ut
2452 541 2576 580 cum
2608 525 2725 593 ipso
2759 523 2940 594 Moyse
2997 526 3408 592 conglorilicari
3441 543 3654 582 merea-

2065 633 2207 671 mur.
2233 617 2344 688 Ego
2410 626 2591 671 autem
2656 625 2786 686 puto
2821 617 2964 684 quod
3011 627 3064 671 et
3095 617 3168 672 illi
3199 618 3487 672 materiam
3516 635 3654 688 prae-

2062 719 2210 763 stant
2244 709 2310 762 ad
2345 709 2717 778 derogandum
2752 710 2943 778 Moysi,
2975 711 3090 778 qui,
3130 711 3278 764 verbi
3312 725 3504 778 causa,
3528 728 3651 766 cum

2068 801 2269 872 legitur
2298 803 2433 857 liber
2489 802 2737 867 Levitici,
2763 802 2846 856 vel
2893 803 3055 856 lectio
3102 801 3494 866 Numerorum,
3539 821 3646 859 non

2061 896 2358 949 ostendunt
2407 895 2681 963 quomodo
2723 896 2838 951 haec
2885 911 3004 964 quae
3037 895 3089 948 in
3119 899 3408 966 arnigmate
3453 899 3655 966 scripta

2065 997 2214 1045 sunt.
2241 988 2464 1059 intelligi
2501 1002 2596 1056 per
2624 989 2861 1056 speciem
2887 989 3144 1052 debeant,
3183 990 3233 1042 id
3271 1000 3375 1056 est,
3414 993 3502 1060 qui
3547 1008 3653 1045 llOl

2065 1078 2384 1146 spiritaliter
2408 1094 2471 1133 ea
2502 1094 2624 1148 qua
2658 1082 2708 1132 in
2753 1080 2870 1149 lege
2920 1080 3174 1150 leguntur
3213 1092 3519 1150 exponunt.
3551 1082 3654 1137 Ne-

2067 1171 2310 1223 cessario
2342 1171 2598 1239 enimqui
2637 1173 2861 1225 audiunt
2899 1172 3059 1226 ritum
3101 1175 3523 1240 sacriﬁciorum,
3574 1178 3657 1230 vel

2067 1262 2430 1316 Subhatorum
2461 1264 2891 1328 observantiam,
2917 1265 2996 1317 vel
3037 1276 3359 1320 cznterorum
3389 1268 3648 1322 similium

2069 1352 2122 1406 in
2169 1353 2406 1407 ecclesia
2465 1353 2710 1417 recitari,
2753 1354 3125 1422 offenduntur,
3170 1366 3223 1410 et
3255 1357 3441 1411 dicunt
3473 1376 3485 1410 :
3516 1358 3656 1424 Quid

2072 1445 2173 1497 hoc
2207 1459 2430 1499 necesse
2479 1454 2565 1499 est
2611 1446 2663 1499 in
2720 1446 2956 1501 ecclesia
3001 1445 3140 1516 legi?
3174 1446 3292 1513 Quo
3337 1449 3492 1503 nobis
3530 1467 3656 1519 pro-

2071 1547 2191 1589 sont
2219 1535 2487 1605 pra'c'epta
2510 1535 2761 1601 Judaica,
2785 1549 2839 1592 et
2865 1541 3032 1608 spreti
3056 1541 3236 1610 populi
3263 1541 3659 1598 observantiae?

2073 1625 2196 1680 Hazc
2223 1625 2528 1683 Judmorum
2586 1637 2738 1692 sunt,
2796 1637 2852 1683 et
2887 1627 3055 1684 Judaei
3087 1632 3151 1685 de
3179 1633 3244 1687 iis
3283 1634 3533 1688 viderint.
3581 1634 3660 1689 Ne

2072 1733 2201 1786 ergo
2217 1717 2522 1786 ltujusmodi
2540 1719 2867 1774 offendicula
2897 1722 3236 1776 auditoribus
3252 1725 3658 1796 accidant(77),

361 1820 474 1877 cie.
504 1830 696 1870 etnon
732 1816 783 1869 in
815 1814 1127 1882 :rnigmate.
1163 1828 1181 1861 ι
1217 1808 1372 1862 Modo
1404 1813 1552 1860 enim
1589 1821 1709 1860 cum
1748 1804 1960 1874 Moyses
1999 1802 2035 1854 Β
2066 1807 2243 1861 danda
2289 1824 2452 1877 opera
2499 1821 2582 1864 est
2609 1812 2673 1863 ad
2705 1811 2990 1865 scientiam
3039 1811 3207 1883 legis,
3254 1824 3309 1868 et
3347 1817 3648 1870 secundum

358 1908 525 1959 venit
563 1906 626 1957 ad
659 1920 776 1968 nos,
798 1913 850 1955 et
888 1901 1215 1969 conjunctus
1247 1906 1329 1950 est
1359 1897 1486 1950 huic
1515 1906 1715 1950 nostra:
1743 1894 1961 1948 Ethio-

363 1998 568 2066 pissm,
603 1997 683 2050 lcv
727 1996 816 2049 Dei
846 1992 958 2061 iam
989 2008 1098 2047 non
1141 1991 1193 2045 in
1226 1990 1512 2060 ligtiris,et
1542 1989 1594 2042 in
1629 1988 1960 2057 imaginibus

369 2092 520 2144 sicut
555 2091 722 2158 prius,
755 2089 845 2140 sed
881 2087 932 2140 in
969 2086 1083 2155 ipsa
1124 2083 1306 2152 specie
1330 2081 1580 2136 veritatis
1606 2083 1956 2150 agnoscitur;

367 2192 425 2235 et
455 2198 579 2248 qum
603 2181 748 2249 prius
807 2179 869 2231 itt.
909 2177 1195 2246 arnigmate
1249 2174 1695 2243 designabantur,
1734 2188 1874 2225 nunc
1909 2173 1960 2226 in

369 2272 564 2338 specie
607 2279 661 2324 et
723 2269 956 2322 veritate
1013 2264 1373 2334 complentur.
1415 2263 1479 2316 Et
1533 2263 1658 2318 ideo
1714 2263 1824 2326 ille,
1870 2266 1960 2332 qui

369 2357 592 2426 species
651 2356 947 2426 ﬁgurarum
997 2365 1051 2409 et
1102 2355 1448 2425 aenigmatum
1500 2353 1824 2418 disserebat,
1879 2355 1964 2406 di-

369 2451 450 2503 cit
484 2451 534 2480 ⁸ο
570 2468 583 2502 :
617 2468 634 2500 ι
681 2448 898 2503 Scimus
925 2457 1106 2501 autem
1141 2448 1400 2515 quoniam
1433 2456 1618 2517 patres
1638 2445 1815 2500 nostri
1845 2462 1962 2498 οιιι-

371 2557 473 2596 nes
500 2541 607 2595 sub
631 2543 769 2594 nuhe
798 2541 1044 2607 fuerunt,
1071 2549 1128 2596 et
1157 2553 1349 2594 omnes
1393 2539 1447 2591 i-u
1479 2538 1663 2609 Moyse
1699 2538 1960 2606 baptizati

368 2643 506 2687 sunt
569 2633 620 2687 in
682 2634 824 2689 nube
857 2641 911 2687 et
939 2633 991 2685 in
1031 2631 1190 2697 mari,
1220 2639 1274 2685 et
1299 2644 1487 2685 omnes
1505 2632 1750 2684 eamdem
1781 2645 1962 2684 escam

368 2727 684 2797 spiritalem
727 2726 1214 2786 manducavernnt,
1260 2732 1316 2778 et
1359 2739 1548 2778 omnes
1583 2724 1830 2778 eumdem
1863 2739 1964 2794 po-

372 2829 494 2874 tutn
541 2820 838 2888 spiritalem
869 2819 1144 2871 biberunt.
1189 2816 1452 2870 Bibehant
1489 2827 1668 2870 autem
1706 2818 1770 2871 de
1802 2818 1965 2885 spiri-

371 2913 470 2966 tali
507 2921 874 2979 consequente
895 2925 988 2965 eos
1011 2919 1185 2977 petra.
1229 2910 1388 2963 Petra
1431 2917 1614 2962 autem
1651 2917 1774 2962 erat
1805 2909 1964 2963 Chri-

374 3013 522 3059 Stus.
564 3022 582 3053 ι
616 3002 774 3057 Vides
824 3002 1090 3070 quomodo
1140 3003 1422 3069 enigmata
1464 3001 1599 3070 legis
1638 3000 1839 3056 Paulus
1866 3001 1964 3054 ah-

377 3094 574 3154 solvit,
607 3104 658 3145 et
715 3094 926 3161 species
966 3096 1312 3166 muigtnatum
1346 3094 1524 3157 docet,
1559 3099 1612 3146 et
1665 3091 1796 3145 dicit
1839 3094 1962 3162 quia

2071 1899 2174 1952 hoc
2225 1901 2366 1968 quod
2415 1902 2680 1970 spiritalis
2729 1912 2814 1956 est
2844 1903 2954 1966 lex,
2989 1905 3340 1976 intelligenda
3385 1918 3439 1961 et
3467 1908 3657 1976 επινιξι-

2071 1991 2245 2044 nanda
2276 2002 2401 2045 sunt
2427 1994 2610 2048 omnia
2627 2009 2747 2062 qua:
2775 1997 3049 2065 leguntur,
3070 2011 3136 2051 ne
3163 1999 3450 2053 doctorum
3469 2015 3629 2055 causa
3644 2040 3659 2061 ,

2071 2082 2179 2138 imo
2208 2075 2414 2138 desidia
2445 2095 2500 2139 et
2525 2085 2875 2156 negligentia,
2906 2089 2974 2141 ab
3017 2089 3284 2158 imperitis
3321 2099 3376 2144 et
3423 2091 3659 2144 indoctis

2069 2172 2360 2242 derogetur
2384 2173 2549 2245 Moysi
2573 2193 2586 2241 ;
2609 2177 2704 2230 sed
2737 2188 3122 2233 convertamur
3149 2181 3213 2233 ad
3249 2180 3560 2246 Dominum,
3597 2192 3657 2234 ut

2070 2263 2279 2318 auferat
2310 2280 2338 2317 a
2390 2268 2545 2321 nobis
2586 2268 2831 2323 velamen
2889 2269 3119 2336 litterze;
3152 2280 3208 2324 ιιι
3239 2287 3344 2324 non
3385 2273 3540 2326 nobis
3566 2272 3658 2325 de-

2073 2355 2260 2410 formis
2291 2358 2469 2412 vultus
2495 2359 2690 2428 Moysi,
2737 2363 2830 2415 sed
2880 2361 3152 2429 gloriosus
3187 2377 3250 2416 ac
3289 2362 3516 2416 decorus
3568 2377 3661 2425 ap-

2071 2456 2280 2514 pareat,
2314 2447 2385 2500 ila
2420 2458 2477 2502 ut
2518 2465 2626 2503 non
2673 2450 2847 2503 solum
2891 2467 2998 2505 non
3043 2453 3440 2514 obtrectemus,
3481 2454 3660 2505 sedet

2073 2555 2167 2606 pro
2183 2541 2554 2608 magnitudine
2579 2558 2858 2610 sensuum,
2890 2544 3104 2598 laudem
3124 2546 3170 2597 ei
3197 2556 3248 2598 et
3279 2544 3506 2614 gloriam
3530 2561 3661 2599 con-

2071 2629 2331 2686 feramus.
2368 2651 2386 2682 ‹
2420 2632 2486 2686 Et
2547 2635 2626 2688 ira
2679 2634 2882 2690 l‘umris
2937 2636 3147 2689 Domini
3193 2635 3333 2689 facta
3363 2646 3447 2691 cst
3499 2653 3664 2707 super

2074 2723 2213 2788 illos,
2243 2735 2297 2776 et
2328 2725 2725 2791 discesserunt,
2760 2737 2815 2782 et
2850 2729 3024 2781 tmhes
3062 2728 3289 2781 recessit
3337 2744 3365 2780 a
3408 2727 3662 2782 taberna-

2073 2815 2217 2876 culo,
2249 2824 2298 2869 et
2319 2831 2447 2871 ecce
2485 2817 2653 2871 Maria
2697 2817 2840 2872 facta
2885 2828 2965 2872 est
2998 2819 3209 2885 leprosa
3261 2818 3402 2872 sicut
3435 2819 3524 2871 nix
3555 2816 3657 2872 ⁸⁵.»

2074 2906 2157 2961 lra
2191 2906 2389 2963 furoris
2435 2909 2646 2964 Domini
2702 2909 2936 2963 edicitur
2984 2924 3147 2978 super
3193 2923 3325 2973 eos,
3371 2909 3462 2976 qui
3525 2907 3665 2962 male

2074 3000 2390 3071 loquuntur,
2421 3013 2475 3057 et
2538 3003 2856 3056 detrahunt.
2903 3001 3295 3057 Verumtamen
3325 3005 3468 3071 quod
3503 3001 3665 3066 dicit,

2081 3111 2100 3144 ‹
2135 3103 2185 3149 et
2229 3095 2405 3148 nubes
2458 3097 2692 3149 recessit
2747 3110 2777 3147 a
2821 3093 3208 3158 tabernaculo,
3245 3105 3296 3147 et
3326 3108 3455 3148 ecce
3495 3091 3662 3146 Maria

380 3201 540 3256 petra
572 3188 622 3240 in
656 3190 946 3257 aenigmate
991 3199 1110 3241 erat
1157 3187 1294 3255 apud
1329 3185 1587 3255 Moysem,
1611 3184 1777 3254 290
1811 3193 1961 3239 ante-
1994 3166 2036 3222 (ἶ
2073 3182 2217 3238 facta
2249 3195 2335 3239 est
2371 3185 2583 3254 leprosa
2643 3186 2786 3239 sicut
2817 3186 2931 3249 nix,
2963 3204 2982 3236 ι
3021 3184 3479 3238 considerandmn
3540 3183 3667 3236 dili-

383 3294 553 3344 quatn
584 3278 903 3348 iungeretur
933 3279 1058 3332 huic
1089 3287 1288 3332 nostrae
1315 3276 1681 3344 Aitltiopissze.
1720 3273 1870 3328 Nunc
1916 3275 1967 3327 in

390 3369 575 3435 specie
626 3381 778 3437 petra
830 3368 1082 3423 Christus
1155 3377 1258 3421 est.
1320 3365 1471 3420 Nunc
1521 3367 1664 3420 enim
1710 3381 1772 3420 os
1810 3365 1877 3418 ad
1911 3379 1971 3417 os

396 3461 637 3528 loquitur
665 3477 760 3530 per
815 3461 984 3530 legem
1037 3460 1200 3514 Deus.
1233 3461 1402 3512 Antea
1448 3460 1500 3510 in
1536 3459 1820 3525 aenigmate
1871 3455 1973 3510 fuit

397 3551 696 3619 baptismus
720 3553 773 3604 in
809 3554 951 3606 nube
983 3561 1038 3606 et
1092 3553 1142 3604 in
1178 3551 1341 3611 mari.
1371 3566 1514 3602 nunc
1537 3559 1716 3601 antetn
1755 3549 1808 3600 in
1839 3562 1965 3616 spc-

396 3647 481 3698 cie
515 3645 854 3712 regeneratio
909 3655 986 3698 est
1026 3646 1078 3696 in
1115 3659 1250 3712 aqua
1295 3653 1346 3696 ct
1389 3644 1442 3698 itt
1497 3641 1707 3709 Spiritu
1749 3650 1962 3693 sancto.

395 3738 553 3791 'I'nnc
584 3740 635 3790 in
685 3737 968 3806 mnigmate
1011 3745 1131 3788 erat
1159 3750 1352 3787 manna
1405 3736 1582 3797 c-.hus,
1620 3747 1761 3786 nunc
1792 3741 1970 3784 autent

396 3829 448 3880 in
483 3829 665 3896 specie
721 3843 850 3882 caro
907 3827 1062 3879 Verbi
1093 3826 1190 3879 'Dei
1227 3833 1310 3879 est
1359 3840 1518 3876 verus
1557 3824 1730 3886 cibus,
1757 3824 1895 3876 sicut
1923 3832 1975 3876 et

395 3921 510 3989 ipse
547 3923 672 3974 dicit
698 3922 766 3986 δ’,
800 3922 925 3989 quia
965 3939 982 3971 ι
1013 3921 1149 3975 Caro
1189 3933 1304 3971 mea
1366 3933 1494 3970 vere
1539 3926 1622 3971 est
1677 3917 1868 3979 cibus,
1923 3925 1975 3969 et

407 4015 630 4084 sanguis
662 4029 815 4067 metts
850 4029 973 4067 vere
1001 4023 1084 4067 est
1127 4023 1302 4080 potus.
1339 4030 1355 4060 ι
1393 4012 1483 4064 Sic
1509 4025 1634 4078 ergo
1673 4024 1786 4077 jam
1835 4023 1975 4061 nunc

393 4104 606 4174 Moyses
637 4106 775 4172 apud
804 4120 902 4158 nos
929 4106 1158 4173 positos,
1195 4112 1247 4156 et
1275 4103 1399 4155 huic
1431 4099 1788 4166 IEt‘ltiopiss-Je
1838 4113 1971 4152 con-

391 4195 635 4262 iunctus,
673 4197 755 4250 vel
814 4199 928 4264 ipse
972 4199 1036 4250 ad
1073 4213 1190 4258 nos,
1218 4197 1302 4250 vel
1335 4192 1475 4250 Deus
1527 4199 1590 4248 ad
1649 4196 1821 4264 ipsum
1869 4208 1973 4246 non

397 4286 643 4355 loquitur
675 4286 728 4338 in
755 4287 1062 4355 aenigmate,
1100 4289 1191 4341 sed
1221 4288 1272 4340 in
1317 4289 1517 4354 specie.
1554 4287 1648 4341 llis
1675 4297 1850 4341 autem
1887 4286 1977 4337 ad-

395 4381 596 4431 ditur:
635 4397 652 4427 ι
703 4378 767 4431 Et
826 4378 1073 4447 gloriam,
1138 4381 1319 4448 inquit
1365 4381 1433 4441 ⁸⁸,
1485 4380 1695 4432 Domini
1755 4380 1908 4432 vidit.
1952 4396 1970 4429 ι

398 4470 635 4534 Quando
679 4469 812 4522 vidit
865 4470 1073 4538 Moyses
1118 4470 1346 4541 gloriam
1411 4471 1667 4525 Domini?
1698 4471 1806 4539 Ego
1852 4480 1976 4522 tunc

398 4561 546 4619 dico,
581 4561 798 4627 quando
834 4560 1254 4615 transformatus
1289 4571 1371 4616 est
1400 4561 1657 4614 Dominus
1683 4563 1734 4614 in
1773 4571 1974 4622 monte,

401 4661 458 4702 et
491 4653 681 4705 aderat
710 4653 755 4704 ci
787 4652 996 4722 Moyses
1029 4668 1149 4705 cum
1171 4653 1306 4717 Elia,
1337 4664 1391 4708 et
1420 4653 1871 4721 colloquebantur
1907 4653 1976 4704 ei.

404 4743 470 4793 Et
504 4744 623 4795 ideo
661 4755 807 4796 recte
844 4747 895 4796 in
950 4745 1406 4814 consequentibus
1455 4744 1700 4810 adiungit
1734 4743 1780 4774 ⁸³
1817 4761 1830 4796 :
1864 4761 1880 4792 ί
1919 4744 1980 4795 iit

403 4847 574 4897 quare
602 4848 703 4884 non
737 4834 990 4888 timuistis
1019 4836 1306 4890 detrahere
1342 4834 1546 4888 famulo
1571 4848 1690 4886 tneo
1725 4832 1932 4903 Moysi?
1960 4853 1977 4882 ι

408 4921 558 4985 Quod
584 4923 868 4976 evidenter
893 4925 1080 4994 utique
1108 4927 1173 4979 ad
1207 4941 1303 4982 eos
1339 4925 1542 4978 dictum
1584 4924 1855 4993 dirigitur,
1889 4925 1982 4992 qui

410 5005 698 5076 Evangelia
728 5011 942 5078 quidem
974 5016 1250 5085 suscipere
1280 5016 1555 5078 videntur,
1585 5015 1848 5081 derogant
1885 5028 1984 5064 an.

409 5112 515 5155 tem
551 5101 743 5171 Moysi,
769 5111 825 5155 et
855 5106 1046 5159 merito
1085 5117 1408 5176 arguuntur.
1449 5107 1578 5174 quia
1624 5121 1749 5160 cum
1776 5105 1985 5157 discant

409 5207 507 5256 per
533 5191 884 5260 Evangelium
942 5199 1087 5264 quod
1129 5197 1348 5267 Moyses
1396 5213 1500 5249 una
1543 5213 1666 5249 cum
1708 5196 1827 5250 Elia
1856 5196 1985 5248 vidit

406 5282 637 5349 gloriam
665 5283 897 5348 Domini,
918 5285 1017 5353 legi
1038 5298 1090 5340 et
1113 5289 1390 5358 prophetis
1413 5289 1528 5339 ausi
1545 5297 1673 5340 sunt
1695 5288 1982 5356 derogare.

381 5436 394 5452 ι
414 5370 476 5422 Et
502 5371 621 5424 idco
649 5388 747 5426 nos
771 5391 877 5427 non
911 5376 1259 5432 detrahamus
1303 5377 1493 5447 Moysi,
1525 5391 1625 5430 nec
1649 5379 1975 5445 derogemus

483 5536 528 5565 ’θ
567 5536 739 5593 lCor.
780 5556 835 5604 tt,
869 5543 886 5594 Ι
923 5552 1153 5610 etscqq.
1231 5543 1269 5571 "
1315 5540 1468 5594 Joan.
1512 5556 1581 5603 vt,
1635 5541 1724 5596 56.

1799 5540 1844 5572 δ’
1869 5539 2025 5594 Num.
2067 5553 2161 5599 Ml,
2199 5538 2250 5592 8.

2079 3276 2302 3344 gentius
2331 3286 2433 3342 est,
2467 3275 2608 3343 quod
2664 3275 2817 3344 prius
2861 3275 3067 3329 recedit
3098 3274 3290 3337 nubes,
3317 3283 3370 3328 et
3407 3275 3479 3327 ita
3519 3274 3667 3342 lepra

2079 3369 2355 3437 repletur:
2395 3376 2450 3420 ιιι
2478 3367 2803 3421 ostendatur
2834 3367 2959 3434 quia
2991 3366 3157 3420 etiam
3191 3366 3235 3419 si
3281 3375 3362 3418 est
3396 3367 3448 3418 itt
3484 3365 3666 3433 aliquo

2076 3458 2250 3527 gratia
2284 3457 2460 3511 sancti
2491 3457 2754 3526 Spiritus,
2775 3468 2828 3510 et
2857 3457 3155 3522 obtrectat,
3190 3465 3244 3510 et
3289 3456 3550 3522 detrahit,
3581 3469 3666 3512 re-

2075 3550 2220 3604 cedit
2245 3549 2312 3604 ab
2341 3565 2406 3604 eo
2435 3557 2554 3618 post
2590 3549 3074 3613 obtrectationem,
3099 3558 3158 3602 et
3190 3549 3269 3603 sic
3306 3549 3666 3618 leprareple-

2075 3654 2164 3697 tur
2198 3644 2380 3697 anima
2415 3643 2555 3712 ejus.
2592 3641 2726 3696 Nam
2758 3642 3058 3712 etpopulus
3084 3641 3173 3694 ille
3206 3641 3354 3710 prior
3387 3643 3573 3696 habuit
3602 3644 3654 3697 in

2076 3753 2134 3791 se
2180 3739 2415 3806 gratiam
2466 3737 2582 3802 Dei,
2643 3738 2736 3790 sed
2779 3745 3065 3804 postquam
3104 3736 3158 3788 in
3209 3750 3394 3786 verum
3446 3735 3666 3805 Moysmn

2080 3828 2367 3882 Dominum
2432 3838 2677 3882 nostrum
2739 3826 2925 3881 Jesum
2977 3825 3259 3879 Christum
3304 3826 3670 3880 extenderunt

2079 3922 2285 3990 linguas
2323 3921 2671 3990 blasphemiae
2695 3936 2826 3979 sum.
2867 3920 3123 3974 discessit
3157 3918 3224 3971 ab
3248 3919 3355 3974 ill's
3390 3921 3578 3981 nubes,
3615 3930 3669 3969 et

2079 4013 2325 4065 transivit
2356 4012 2420 4064 atl
2457 4028 2554 4065 nos
2581 4012 2633 4064 in
2669 4024 2908 4064 montem
2944 4011 3246 4071 CXtEt'i‘élllll,
3270 4027 3391 4063 cum
3414 4011 3670 4062 Salvator

2079 4115 2264 4159 noster
2288 4106 2712 4159 transformatus
2747 4117 2851 4166 est,
2887 4115 2935 4156 ct
2972 4104 3142 4156 nubes
3177 4102 3446 4171 refulgens
3477 4103 3669 4154 obum-

2078 4195 2257 4250 bravit
2311 4197 2605 4266 discipulos
2661 4195 2802 4263 ejus.
2860 4203 2912 4248 et
2943 4195 3090 4247 venit
3125 4207 3224 4247 Vox
3269 4197 3335 4247 de
3381 4193 3544 4258 nube,
3582 4194 3666 4244 di-

2078 4305 2207 4342 cens
2234 4289 2320 4341 "z
2360 4307 2378 4340 ι
2422 4289 2518 4343 llic
2578 4297 2661 4343 est
2719 4286 2888 4340 Filius
2938 4302 3092 4338 tuens
3150 4284 3564 4347 dilectissimus,
3617 4285 3670 4335 in

2079 4397 2187 4450 quo
2229 4380 2358 4433 tnihi
2420 4380 2557 4432 bene
2607 4379 2934 4448 complacui.
2968 4396 2985 4427 ι
3025 4375 3151 4428 Post
3196 4378 3294 4429 hoc
3321 4389 3450 4443 ergo
3499 4375 3668 4428 Maria

2013 4470 2219 4560 l)facta
2280 4480 2362 4523 est
2413 4472 2623 4538 leprosa
2681 4468 2820 4522 sicut
2857 4468 2969 4522 uix.
3017 4467 3195 4520 Donec
3226 4467 3415 4520 aderat
3471 4466 3663 4526 nubes,

2091 4562 2252 4614 Maria
2290 4578 2390 4613 non
2419 4571 2537 4614 erat
2593 4561 2828 4628 leprosa,
2863 4560 2955 4612 sed
3003 4574 3126 4612 cum
3161 4559 3436 4612 discessit.
3473 4556 3658 4609 Donet:

2088 4651 2230 4703 enim
2261 4650 2497 4702 visitatio
2528 4649 2618 4701 Dei
2649 4658 2767 4702 erat
2797 4651 2848 4702 itt
2883 4651 3079 4718 popqu
3115 4648 3228 4711 illo,
3281 4663 3387 4701 non
3435 4657 3554 4698 erat
3590 4645 3670 4696 lc-

2092 4757 2302 4809 pronis.
2361 4742 2458 4795 Ubi
2515 4756 2644 4793 vero
2688 4740 2967 4803 discessit,
3019 4739 3310 4809 ignominia
3355 4736 3536 4787 vultus
3590 4734 3673 4784 sui

2089 4834 2328 4886 contexit
2355 4849 2500 4886 cum.
2537 4833 2642 4886 Sed
2674 4842 2726 4885 et
2777 4848 2873 4884 nos
2907 4833 3196 4884 timeamus
3227 4842 3292 4880 ne
3315 4827 3452 4877 forte
3477 4823 3677 4890 t-ﬂ'uge-

2091 4940 2210 4976 tnus
2249 4940 2277 4975 a
2335 4926 2488 4978 nobis
2537 4925 2676 4978 hanc
2727 4926 2925 4976 nubem
2997 4921 3134 4972 male
3187 4914 3480 4982 loquendo,
3538 4912 3677 4963 male

2093 5016 2322 5084 agendo,
2353 5017 2492 5068 male
2523 5016 2807 5084 cogitando
2837 5030 2850 5064 :
2879 5021 2932 5064 et
2963 5021 3088 5061 tunc
3125 5006 3404 5075 apparebit
3443 5004 3494 5055 in
3521 5001 3676 5054 nobis

2093 5107 2238 5174 lepra
2274 5107 2506 5175 peccati,
2538 5121 2660 5160 cum
2690 5101 3002 5158 deseruerit
3029 5114 3130 5154 nos
3169 5096 3341 5165 gratia
3379 5095 3493 5146 Dei.

2163 5197 2216 5250 '5.
2247 5214 2264 5245 r
2305 5197 2368 5249 lit
2395 5195 2632 5263 respexit
2663 5193 2842 5248 Aaron
2875 5190 3204 5250 adMariant,
3235 5195 3430 5238 etecce
3453 5192 3572 5236 erat
3601 5181 3678 5232 Ie-

2093 5301 2270 5354 prosa.
2303 5288 2363 5340 Et
2395 5288 2531 5341 dixit
2558 5288 2739 5339 Aaron
2772 5285 2836 5336 ad
2864 5283 3083 5355 Moysen
3127 5300 3138 5332 :
3181 5279 3400 5337 Precor.
3430 5275 3672 5332 ίῑθιιιίιιυο

2093 5391 2158 5429 ne
2188 5376 2484 5429 contuleris
2519 5377 2569 5428 in
2597 5392 2696 5429 nos
2737 5383 3044 5444 peccatum,
3099 5367 3358 5435 quoniam
3406 5359 3680 5432 ignoravi-

2364 5537 2409 5566 ⁵³
2435 5536 2565 5589 ibid.
2643 5535 2687 5565 “
2719 5534 2847 5587 ibit].
2902 5531 2956 5591 9,
3007 5530 3095 5582 10.
3134 5529 3177 5559 ⁸⁵
3224 5525 3409 5577 Matth.
3445 5537 3580 5584 xm,
3622 5518 3674 5583 5,

486 5655 597 5720 (77)
637 5657 822 5711 Codex
883 5673 982 5710 tus.
1048 5658 1407 5720 iibroirensis,
1447 5675 1464 5705 σ
1496 5657 1806 5710 accidant.»
1835 5657 2013 5709 Codex
2069 5656 2252 5710 Sancti
2285 5655 2631 5718 'l'heodorici,
2670 5671 2687 5702 ε
2725 5651 3066 5716 contingant.
3105 5667 3122 5699 ι
3158 5645 3277 5700 Lib.
3340 5645 3495 5710 editi,
3530 5662 3551 5695 ι
3588 5656 3674 5692 at:-

419 5726 632 5780 celant.
668 5762 680 5788 ι

3639 5737 3705 5775 ,καί
