4086 6218
467 274 575 328 (HS

1916 276 2242 333 ORIGENIS

3620 287 3720 342 6ἰὸ

470 413 592 451 inus
622 396 764 465 quod
812 396 1181 467 peccavimus.
1239 396 1315 453 Ne
1350 397 1445 452 ﬁat
1487 398 1667 453 simile
1715 398 1826 471 (78)
1856 401 2038 465 morti,
2070 404 2118 464 Α
2146 400 2290 456 dicat
2321 401 2569 458 meliores
2604 403 2695 473 qui
2726 406 2926 460 mortui
2963 413 3092 460 sunt
3124 404 3351 471 mundo,
3388 414 3441 460 ct
3471 419 3567 459 eos
3594 421 3719 473 pro-

466 498 525 542 et
552 503 609 541 ut
638 489 861 543 aborsus
884 488 1089 556 ejectus
1144 489 1210 543 de
1242 490 1398 543 vulva
1451 492 1661 558 matris,
1710 502 1764 546 et
1809 493 2044 547 comedit

466 578 747 631 dimidium
771 576 952 632 carnis
976 575 1093 646 ejus
1119 578 1183 631 '°.
1206 597 1226 631 ο
1247 578 1376 633 Vult
1398 578 1449 633 in
1476 580 1576 635 hoc
1593 580 1880 635 05tendere
1900 582 2041 649 quod

466 668 803 739 populusille
831 668 1098 724 formatus
1125 669 1343 738 quidem
1373 668 1537 724 fuerit
1570 671 1623 723 in
1661 670 1816 724 vulva
1851 671 2041 725 matris

466 777 577 815 smc
619 776 926 832 synagoga),
980 777 1087 815 non
1146 770 1325 815 tamen
1366 764 1653 831 pervenire
1693 762 1929 832 potuerit
1973 763 2041 814 ad

464 853 765 921 perfectum
791 863 845 908 et
878 854 1150 923 integrum
1179 866 1416 923 partum.
1463 852 1615 907 Sicut
1645 854 1788 909 enim
1815 856 2040 908 ahorsns

464 945 817 1014 imperfectus
862 954 918 1000 et
969 945 1365 1013 incompositus
1406 954 1489 1001 est
1514 955 1739 1015 partus:
1771 946 1842 1000 ita
1876 955 1931 1001 et
1954 946 2042 1001 ille

464 1038 694 1108 populus
754 1037 1033 1106 aliquanto
1082 1037 1303 1106 quidem
1371 1046 1610 1107 tempore
1642 1037 1781 1091 intra
1825 1037 2038 1091 vulvam

462 1131 682 1193 matris,
708 1130 813 1183 hoc
834 1138 937 1191 est.
964 1129 1107 1182 intra
1146 1143 1433 1198 synagoga:
1476 1130 1870 1185 institutionem
1896 1128 2040 1198 posi-

464 1230 552 1274 tus
580 1219 679 1273 fuit
708 1237 722 1273 :
750 1218 842 1273 sed
889 1220 1129 1288 peccatis
1186 1221 1671 1284 intercedentibus,
1704 1218 1927 1273 formari
1972 1219 2039 1270 ad

462 1311 758 1381 integrum,
798 1309 1170 1379 vivitlcarique
1218 1326 1321 1363 non
1359 1312 1535 1379 potuit
1567 1329 1582 1364 :
1612 1321 1663 1364 et
1689 1311 1808 1364 ideo
1841 1309 2035 1378 ahjei-ti

459 1411 587 1457 sunt
614 1400 758 1454 velut
791 1401 1015 1455 aborsus
1044 1400 1396 1469 imperfectus
1445 1412 1499 1456 et
1542 1402 1883 1462 immaturus,
1914 1416 2039 1469 pec-

458 1501 583 1547 cato
610 1492 820 1546 scilicet
866 1501 1229 1547 consumente
1275 1492 1583 1555 dimidium,
1618 1503 1677 1545 ut
1722 1492 1819 1557 ait,
1849 1493 2037 1547 carnis

459 1586 600 1653 ejus.
631 1587 728 1639 Est
756 1596 936 1640 tamen
965 1584 1240 1639 interdum
1280 1594 1339 1638 et
1369 1583 1596 1639 aborsns
1638 1584 1831 1641 bonus.
1860 1583 2038 1638 Bonus

460 1686 643 1730 autem
679 1676 905 1729 aborsus
927 1673 1130 1728 dicitur
1168 1687 1291 1726 cum
1326 1672 1451 1728 aliis
1490 1683 1862 1741 comparatur,
1896 1672 2033 1726 sicut

459 1779 515 1824 et
545 1767 901 1821 Ecclesiastes
932 1765 1008 1818 ait
1032 1765 1076 1796 "
1112 1783 1124 1817 :
1159 1782 1178 1815 ι
1218 1764 1286 1818 Et
1308 1764 1416 1818 dixi
1446 1762 1660 1817 :Bonus
1691 1775 1776 1817 est
1808 1763 2035 1816 aborsns

458 1858 633 1927 magis
666 1871 829 1925 quam
864 1854 975 1909 ille.
1010 1874 1028 1907 ι
1058 1853 1161 1921 Qui
1193 1854 1325 1909 ille?
1360 1872 1377 1905 ι
1417 1855 1517 1920 Qui
1550 1854 1601 1906 in
1648 1854 1908 1916 vanitate,
1952 1852 2036 1905 in-

456 1951 664 2022 quit".
690 1948 889 2003 incedit
916 1956 971 2002 et
1011 1947 1066 2001 in
1114 1946 1353 2001 tenebris
1395 1946 1653 2000 ambulat.
1691 1964 1710 1998 ι
1747 1945 1860 2000 Non
1904 1960 2034 2014 ergo

456 2040 701 2096 absolute
735 2039 935 2093 bonum
983 2038 1117 2092 dicit
1159 2037 1438 2099 aliorsum,
1497 2037 1589 2091 sed
1623 2038 1823 2089 bonum
1863 2035 2035 2104 magis

456 2132 968 2202 quamvitam,qna:
999 2129 1053 2183 in
1084 2130 1325 2184 vanitate
1351 2129 1590 2193 ducitur,
1618 2140 1673 2182 et
1706 2128 1760 2181 in
1799 2128 2034 2181 tenebris

456 2224 795 2294 ignorantiae.
844 2220 909 2275 Et
956 2220 1014 2275 lit
1062 2221 1205 2290 apud
1244 2235 1368 2275 eum
1403 2221 1654 2290 qumdam
1696 2218 2034 2288 comparatio

455 2314 815 2385 singulorum.
874 2312 1185 2367 Dicitenim
1214 2321 1269 2368 et
1320 2311 1449 2366 alibi
1495 2312 1610 2382 ipse
1650 2310 2028 2373 Ecclesiastes,

454 2403 627 2456 honos
678 2415 802 2455 esse
858 2408 1102 2453 mortuos
1155 2400 1327 2469 magis
1397 2414 1561 2469 quam
1641 2400 1886 2453 viventes
1961 2398 2029 2451 ⁵⁸.

451 2492 662 2562 Quibus
731 2508 921 2546 rursus
996 2491 1039 2545 si
1102 2505 1387 2561 compares
1460 2493 1750 2557 aborsum,
1830 2492 2029 2547 bonum

448 2602 572 2644 esse
631 2584 780 2637 dicas
819 2582 933 2652 (79)
982 2595 1148 2649 super
1196 2593 1506 2651 utrumque.
1568 2581 1625 2637 Si
1673 2597 1807 2653 ergo
1850 2585 2035 2639 Consi-

451 2681 610 2734 deres
669 2676 759 2745 qui
822 2674 1102 2739 suutvivi,
1139 2682 1195 2728 et
1245 2674 1337 2744 qui
1370 2682 1499 2729 sunt
1560 2674 1778 2740 mortui,
1830 2676 2028 2742 quibus

451 2772 679 2826 abersns
736 2766 929 2819 melior
1001 2765 1072 2817 sit
1131 2778 1230 2833 pro
1297 2780 1364 2819 eo
1413 2765 1555 2834 quod
1610 2781 1679 2820 ne
1728 2767 2029 2836 gustaverit

447 2862 606 2932 291
648 2858 866 2928 quidem
897 2856 1020 2909 vita:
1052 2856 1232 2910 tnnndi
1277 2856 1435 2925 hujus
1470 2855 1707 2924 auspicia
1731 2897 1745 2921 ,
1788 2856 2029 2912 invenies

448 2968 567 3022 quae
615 2954 724 3005 sint
772 2952 823 3006 in
885 2950 1281 3022 comparatione
1336 2946 1438 3001 ista
1476 2946 1828 3013 :diffcrentiae.
1881 2947 2025 3001 Con-

446 3044 623 3098 sidera
667 3058 797 3113 ergo
847 3043 972 3113 quia
1022 3058 1129 3097 non
1175 3040 1308 3094 alios
1353 3039 1443 3105 ibi
1498 3040 1796 3093 nominavit
1850 3040 2027 3094 viven-

448 3145 566 3200 tes,
605 3135 706 3189 nisi
745 3136 810 3190 de
857 3136 1056 3205 quibus
1100 3134 1301 3188 dicitur
1360 3132 1412 3186 in
1462 3129 1690 3186 Psalmis
1752 3133 1831 3186 °°:
1860 3151 1879 3184 ι
1918 3133 2024 3188 Ve-

445 3237 752 3281 rumtamen
815 3227 1028 3279 vanitas
1077 3225 1254 3281 omnis
1310 3224 1471 3278 homo
1533 3224 1740 3280 vivens.
1790 3241 1809 3275 ι
1859 3224 2017 3279 Omni

445 3336 574 3391 ergo
603 3321 823 3375 homine
877 3321 968 3389 qui
1028 3320 1080 3373 in
1131 3319 1365 3373 vanitate
1396 3317 1549 3371 vivit.
1587 3316 1702 3370 Non
1730 3318 1875 3371 enim
1902 3334 2025 3373 om-

351 3474 360 3482 .
444 3413 529 3466 nis
567 3414 673 3466 vita
722 3412 775 3466 in
820 3413 1057 3466 vanitate
1115 3420 1222 3477 est,
1288 3411 1381 3465 sed
1416 3410 1504 3463 iila
1548 3411 1654 3464 vita
1687 3425 1807 3479 quae
1830 3426 2024 3465 secun-

442 3506 570 3557 dum
615 3520 835 3559 carnem
883 3512 1003 3570 est,
1041 3512 1095 3557 et
1137 3502 1430 3557 secundant
1484 3517 1699 3556 errores
1753 3518 1818 3558 ac
1868 3503 2021 3557 volu-

443 3605 620 3665 ptates
645 3595 852 3661 saeculi,
900 3596 1016 3649 haec
1061 3602 1145 3648 est
1183 3594 1289 3647 vita
1322 3592 1579 3646 vanitatis
1606 3593 1749 3661 (80),
1778 3602 1827 3648 et
1858 3609 2023 3661 super
2074 3668 2077 3673 η

444 3688 584 3741 hanc
629 3694 712 3741 est
746 3686 927 3739 onmis
966 3684 1056 3754 qui
1098 3683 1227 3738 huic
1268 3684 1394 3738 vita:
1436 3692 1683 3735 mortuus
1707 3691 1820 3747 est,
1845 3691 1901 3737 et
1928 3684 2017 3751 qtti

438 3780 573 3836 dicit
599 3780 643 3811 ⁶¹
688 3794 703 3832 :
751 3797 770 3830 ι
818 3778 945 3833 Mihi
982 3786 1161 3832 autem
1201 3776 1434 3830 mundus
1470 3775 1763 3830 crucifixus
1811 3786 1927 3843 est,
1965 3786 2021 3831 et

436 3887 537 3941 ego
572 3869 800 3935 mundo;
852 3889 870 3921 ι
906 3879 957 3924 ει
988 3868 1055 3923 de
1091 3882 1198 3936 quo
1229 3867 1426 3921 dicitur
1455 3867 1499 3898 ⁸⁸
1542 3886 1554 3921 :
1594 3886 1611 3917 ι
1654 3866 1844 3920 Morltti
1884 3881 2017 3935 ergo

435 3962 570 4016 estis
600 3977 724 4015 cum
753 3959 993 4014 Christo.
1045 3976 1063 4010 ι
1100 3955 1191 4010 Isti
1225 3970 1357 4023 ergo
1386 3954 1634 4008 meliores
1662 3965 1818 4016 sunt.
1850 3971 2014 4023 qttant

438 4051 513 4105 illi
562 4051 830 4106 viventes.
875 4042 981 4103 Seu
1025 4062 1191 4117 super
1229 4049 1327 4101 hos
1361 4060 1484 4099 esse
1525 4045 1720 4099 dicitur
1755 4046 2013 4111 aborsus,

436 4142 561 4210 quia
607 4141 736 4195 licet
778 4141 997 4195 venisse
1034 4139 1281 4193 videatur
1314 4137 1369 4190 in
1412 4150 1604 4196 carne,
1652 4136 1792 4188 nulla
1834 4148 2012 4190 tamen

438 4232 695 4287 vanitatis
717 4232 838 4285 vita:
868 4233 1027 4301 hujus
1052 4231 1275 4300 sumpsit
1305 4229 1480 4284 initia.
1510 4227 1804 4280 lntroducit
1832 4238 2009 4283 tamen

435 4322 794 4378 Ecclesiastes
823 4332 877 4377 et
910 4323 1074 4376 alium
1109 4320 1399 4390 quemdam
1423 4360 1439 4384 ,
1468 4330 1521 4371 ιιι
1560 4318 1800 4377 videtur,
1846 4317 2009 4372 etiam

2144 489 2354 545 nuntiet
2378 491 2665 547 inferiores
2690 496 2782 564 qui
2810 495 2995 550 vivunt
3026 496 3263 550 mundo?
3291 494 3421 550 Nam
3449 497 3493 550 si
3525 510 3721 551 secun-

2143 581 2270 636 dum
2318 582 2554 637 litteram
2607 586 2741 640 velis
2783 586 3115 656 intelligere,
3156 587 3425 656 quomodo
3464 586 3719 642 laudandi

2143 684 2269 728 Sunt
2324 677 2522 729 mortui
2574 677 2745 747 magis
2794 691 2955 747 quam
2999 678 3280 733 viventes?
3308 678 3544 733 Laudari
3572 681 3719 736 enim

2144 766 2280 821 Solet
2324 769 2445 835 quis
2492 768 2543 820 in
2596 782 2663 821 eo
2706 770 2846 837 quod
2876 768 3153 823 voluntate
3187 768 3327 823 bona
3360 778 3415 823 et
3441 773 3723 839 proposito

2141 857 2313 926 egerit
2365 856 2497 929 (8l).
2550 857 2695 913 Mors
2742 870 2920 913 autem
2965 859 3069 913 ista
3105 861 3445 927 communis,
3489 862 3618 917 nulli
3651 880 3720 919 ex

2142 946 2452 1014 voluntate,
2500 962 2598 1003 nec
2634 964 2697 1003 ex
2739 952 3020 1020 proposito
3065 954 3231 1007 venit.
3270 951 3552 1019 Quomodo
3584 970 3720 1026 ergo

2143 1038 2338 1108 dignus
2368 1038 2528 1093 laude
2559 1042 2830 1094 videbitur
2860 1042 2911 1095 in
2944 1057 3008 1096 eo
3032 1044 3156 1113 quis
3187 1045 3329 1112 quod
3358 1057 3550 1099 contra
3588 1063 3718 1117 pro-

2143 1130 2374 1196 positum
2406 1131 2643 1199 patitur?
2673 1131 2933 1202 Alipqnin
2964 1134 3271 1189 laudabitur
3296 1145 3351 1190 et
3378 1136 3593 1192 Pharao
3623 1156 3717 1194 rex

2141 1218 2388 1290 Egypti,
2421 1221 2510 1289 qui
2534 1195 2848 1277 submer'gus
2870 1231 2953 1278 est
2987 1225 3039 1277 in
3076 1239 3262 1292 mare,
3306 1241 3469 1296 super
3503 1228 3717 1294 Mosen,

2142 1313 2233 1378 qui
2307 1312 2372 1364 de
2444 1312 2578 1365 mari
2650 1313 2805 1367 vivus
2875 1314 3049 1368 evasit
3089 1315 3156 1370 ".
3222 1313 3607 1372 Laudabuntur
3662 1328 3719 1372 et

2139 1400 2376 1471 Egyptii
2407 1402 2497 1470 qui
2537 1404 2733 1456 mortui
2767 1411 2893 1456 sunt
2916 1403 2967 1456 in
3000 1405 3189 1472 aquis,
3220 1406 3391 1473 magis
3424 1422 3585 1474 quam
3621 1424 3715 1477 po-

2142 1493 2296 1561 pulus
2328 1493 2454 1559 Dei,
2487 1495 2578 1563 qui
2610 1494 2862 1555 transivit
2897 1508 2995 1563 per
3034 1496 3238 1549 siccum
3267 1496 3320 1549 in
3353 1498 3527 1552 medio
3551 1501 3708 1554 mari.

2140 1583 2256 1638 Non
2282 1599 2410 1655 ergo
2438 1586 2508 1639 ita
2541 1586 2837 1657 intelligas,
2869 1588 2962 1641 sed
2989 1588 3127 1642 scito
3158 1596 3210 1641 te
3238 1587 3552 1641 laudandum
3584 1605 3706 1645 esse

2143 1688 2413 1731 mortuum
2457 1693 2578 1732 cum
2626 1680 2867 1747 potueris
2912 1679 3095 1733 dicere
3135 1680 3178 1710 “
3217 1693 3232 1731 :
3273 1697 3292 1730 ι
3329 1678 3536 1734 Christo
3564 1695 3698 1734 eon—

2144 1769 2439 1824 cruciﬁxus
2491 1787 2633 1825 sum.
2692 1772 2826 1826 Vivo
2871 1780 3050 1825 autem
3090 1771 3201 1840 jam
3255 1786 3361 1825 non
3400 1787 3528 1842 ego,
3574 1774 3697 1825 vivit

2144 1869 2321 1912 autem
2365 1860 2417 1913 in
2453 1875 2537 1913 me
2570 1859 2837 1916 Christus.
2880 1878 2898 1912 ι
2936 1860 2991 1914 Si
3035 1861 3353 1915 renuntiasti
3400 1861 3625 1925 saeculo,
3658 1864 3702 1917 si

2144 1949 2387 2017 ahjeeisti
2422 1951 2548 2004 vitia
2572 1991 2587 2015 ,
2640 1952 2685 2006 si
2726 1952 2836 2020 jam
2880 1966 2988 2006 non
3034 1953 3271 2007 moveris
3299 1952 3365 2007 ad
3397 1965 3710 2022 peccatum,

2142 2043 2236 2095 sed
2274 2051 2521 2097 mortuus
2559 2058 2619 2098 es
2658 2052 2885 2113 peccato
2911 2081 2925 2109 ,
2973 2043 3170 2099 melior
3206 2059 3266 2099 es
3307 2059 3470 2114 quam
3503 2045 3593 2099 ille
3621 2044 3712 2115 qui

2142 2133 2275 2185 vivit
2304 2142 2551 2202 peccato,
2572 2144 2623 2187 et
2648 2134 2755 2189 erit
2780 2134 2832 2189 in
2865 2142 2916 2189 te
2940 2149 3086 2190 mors
3114 2134 3213 2189 ista
3245 2135 3555 2190 laudabilis.
3582 2134 3712 2189 Nam

2140 2238 2238 2293 pro
2270 2237 2444 2280 morte
2479 2225 2581 2280 hac
2610 2225 2883 2281 communi
2908 2265 2923 2290 ,
2961 2240 3079 2294 quae
3107 2226 3225 2298 lege
3260 2236 3466 2283 naturae
3499 2228 3718 2282 unicui-

2140 2329 2246 2383 que
2270 2315 2451 2380 venit,
2480 2330 2640 2371 nemo
2669 2315 2943 2371 laudatur.
2973 2315 3099 2370 Htec
3132 2317 3257 2372 licet
3288 2333 3384 2388 per
3404 2332 3710 2383 excessum,

2139 2407 2558 2461 commemorari
2606 2417 2788 2461 tamen
2824 2410 3063 2477 oportuit
3093 2410 3146 2463 in
3180 2423 3245 2463 eo
3268 2407 3387 2464 loco
3412 2410 3501 2465 ubi
3530 2424 3712 2465 seruio

2139 2500 2232 2555 Dei
2267 2498 2491 2553 Mariam
2531 2513 2627 2569 pro
2654 2499 2808 2570 culpa
2846 2500 3297 2568 obtrectationis,
3333 2511 3388 2555 et
3420 2516 3518 2571 pro
3556 2502 3709 2571 plaga

2137 2590 2498 2660 correptionis
2553 2592 2808 2646 aborsum
2854 2593 2988 2648 dicit
3031 2593 3317 2669 eﬂ'cctam,
3359 2603 3417 2646 ut
3450 2594 3708 2648 ostende-

2138 2695 2318 2735 remus
2358 2681 2482 2751 quia
2536 2689 2619 2735 est
2663 2692 2718 2736 et
2761 2684 3161 2752 vituperabilis,
3210 2693 3296 2738 est
3338 2693 3391 2738 et
3420 2683 3707 2739 laudabilis

2136 2772 2385 2827 aborsns.
2442 2771 2685 2841 Denique
2728 2775 2892 2827 etiam
2937 2775 3225 2845 Apostolus
3271 2776 3450 2831 sciens
3494 2779 3548 2831 in
3589 2778 3707 2831 istis

2135 2864 2332 2933 quibus
2377 2879 2538 2933 supra
2579 2863 2814 2919 diximus
2857 2867 3138 2920 ordinibus
3169 2881 3290 2922 esse
3322 2867 3558 2937 aliquem
3591 2866 3705 2921 lau-

2135 2955 2368 3009 dabilem
2409 2957 2640 3010 aborsus
2676 2954 2960 3023 ordinem,
2993 2957 3159 3011 etiam
3201 2957 3266 3011 de
3299 2958 3589 3026 semetipso
3623 2958 3704 3011 di-

2133 3046 2209 3101 cit
2237 3046 2281 3077 ⁸⁷
2318 3065 2333 3100 :
2378 3064 2397 3096 ι
2432 3044 2733 3100 Novissime
2767 3056 2944 3100 autem
2982 3048 3223 3102 omnium
3260 3057 3519 3117 tanquam
3546 3048 3701 3102 abor-

2134 3138 2243 3192 tivo
2280 3139 2426 3192 visus
2460 3147 2541 3191 est
2567 3148 2621 3192 et
2657 3138 2823 3205 mihi;
2859 3158 2877 3192 ι
2915 3154 3076 3209 super
3106 3141 3351 3194 viventes
3394 3154 3453 3194 se
3485 3139 3697 3209 quidem

2131 3236 2185 3283 et
2221 3242 2385 3297 super
2421 3237 2697 3294 mortuos,
2731 3236 2851 3295 post
2877 3243 2972 3283 eos
3002 3239 3178 3284 tamen
3211 3230 3300 3299 qui
3330 3232 3557 3284 necdum
3589 3231 3698 3283 nati

2129 3331 2255 3374 sunt
2281 3359 2296 3384 ,
2337 3334 2651 3374 numerans.
2678 3318 2763 3373 Fit
2795 3306 2927 3390 ergo
2957 3321 3091 3376 sicut
3126 3323 3352 3377 aborsus
3374 3322 3561 3377 Maria.
3587 3322 3697 3377 Non

2127 3411 2271 3464 enim
2321 3412 2496 3480 potuit
2539 3410 2766 3481 populus
2807 3411 2895 3466 ille
2939 3412 3006 3467 ad
3043 3411 3340 3483 perfectum
3383 3412 3607 3470 formari
3642 3417 3696 3468 in

2128 3500 2243 3571 lege
2268 3540 2285 3563 .
2338 3501 2481 3555 sicut
2518 3510 2572 3554 et
2614 3500 2809 3555 Paulus
2855 3502 3170 3569 pronuntiat
3207 3503 3395 3565 dicens
3418 3503 3504 3557 ⁶⁸ε
3538 3522 3556 3557 ι
3592 3503 3695 3557 Ne-

2133 3592 2333 3645 minem
2367 3592 2510 3645 enim
2541 3592 2606 3645 ad
2645 3590 2944 3659 perfectum
2978 3592 3199 3646 adduxit
3231 3592 3336 3648 lex.
3389 3611 3407 3645 ι
3456 3593 3696 3664 Denique

2125 3693 2182 3738 et
2211 3683 2351 3737 idem
2399 3682 2687 3753 Apostolus
2721 3685 2787 3738 de
2819 3681 3142 3752 quibusdam
3179 3699 3315 3753 quos
3350 3699 3381 3737 a
3415 3685 3521 3740 ﬁde
3546 3686 3696 3741 dela-

2129 3789 2257 3843 psos
2288 3784 2344 3829 et
2372 3774 2517 3828 velut
2534 3774 2587 3828 in
2613 3774 2866 3831 aborsnm
2884 3790 3176 3832 conversos
3200 3778 3265 3831 ad
3294 3776 3543 3847 perfecta:
3570 3793 3694 3832 rur-

2123 3883 2242 3921 sum
2280 3866 2580 3922 nativitatis
2627 3865 2875 3921 instituta
2924 3869 3255 3936 reparabat,
3293 3868 3371 3923 ait
3403 3871 3447 3903 ”
3482 3890 3495 3925 :
3541 3888 3560 3923 ι
3604 3871 3693 3925 Fi-

2124 3957 2235 4010 lioli
2292 3957 2441 4021 mei,
2493 3970 2631 4025 quos
2684 3956 2883 4010 iterum
2928 3958 3176 4025 parturio
3220 3957 3393 4014 donec
3432 3957 3693 4015 formetur

2121 4046 2373 4102 Christus
2406 4047 2457 4100 in
2494 4047 2670 4102 vobis.
2705 4065 2725 4099 ι

2188 4137 2242 4191 4.
2279 4155 2297 4188 ι
2338 4138 2405 4191 Ει
2431 4138 2787 4207 proclamavit
2820 4138 3037 4210 Moyses
3060 4140 3125 4193 ad
3149 4139 3433 4195 Dominum
3459 4143 3639 4197 dicens
3666 4156 3683 4195 :

2119 4228 2262 4285 Dens
2298 4228 2431 4302 (82).
2457 4246 2649 4301 precor
2675 4242 2747 4297 te,
2778 4246 2906 4286 sana
2935 4247 3053 4287 eam
3082 4232 3149 4286 '°.
3206 4250 3225 4285 ι
3256 4232 3319 4287 Et
3339 4249 3499 4302 quem
3526 4249 3684 4303 opor-

2121 4321 2267 4375 tebat
2288 4337 2450 4377 orare
2476 4323 2544 4376 ad
2579 4323 2871 4378 Dominum
2910 4338 3010 4392 pro
3038 4324 3270 4378 sanitate
3298 4325 3474 4395 populi
3509 4324 3645 4379 illius
3666 4365 3682 4390 ,

436 4412 542 4465 isto
567 4411 867 4475 meliorem,
890 4411 956 4463 de
989 4423 1097 4479 quo
1121 4409 1251 4463 dicit
1282 4426 1295 4462 :
1327 4408 1372 4439 °'
1405 4426 1423 4459 ι
1463 4405 1529 4459 Et
1549 4408 1787 4475 optimus
1813 4418 1897 4460 est
1922 4421 2013 4461 sn-
2048 4418 2092 4472 ι)
2120 4412 2223 4465 ιιἰεὶ
2286 4411 2542 4482 Moysen?
2586 4412 2798 4484 Moyses
2846 4420 2964 4467 orat
3006 4427 3103 4481 pro
3148 4413 3271 4469 illis.
3318 4415 3383 4469 Et
3418 4415 3557 4471 forte
3587 4418 3686 4472 hoc

433 4514 532 4569 per
564 4500 661 4555 hos
699 4500 832 4555 duos
864 4500 956 4569 qui
986 4500 1221 4553 nondum
1251 4509 1408 4553 natus
1436 4510 1554 4562 est;
1590 4516 1607 4548 ι
1642 4498 1744 4551 hoc
1771 4508 1883 4563 est,
1911 4498 2006 4565 qui

431 4603 503 4645 ne
537 4590 602 4641 ad
630 4588 1040 4643 conclusionem
1067 4586 1282 4654 quidem
1319 4586 1487 4638 vulvae
1518 4584 1749 4637 carnalis
1788 4593 1840 4636 et
1877 4598 2005 4637 cor-

428 4694 612 4752 porea:
653 4678 950 4732 nativitatis
978 4678 1125 4731 venit
1162 4676 1433 4744 iniuriam.
1472 4674 1576 4727 Sed
1607 4684 1658 4726 et
1694 4672 1795 4725 hoc
1829 4673 2003 4743 ipsum

428 4773 572 4842 quod
617 4770 748 4825 dicit
794 4767 1157 4822 Ecclesiastes
1188 4768 1273 4820 ἐξ
1310 4783 1327 4815 ι
1365 4763 1600 4817 Laudavi
1634 4777 1820 4816 oinncs
1853 4778 2001 4816 mor-

426 4871 549 4917 tuos
602 4861 772 4929 magis
822 4875 982 4928 quam
1034 4859 1219 4919 vivos,
1261 4866 1315 4909 et
1364 4872 1459 4910 eos
1483 4856 1573 4926 qui
1617 4855 1800 4908 vivunt
1832 4870 2003 4925 usque

426 4968 609 5020 nunc,
652 4971 671 5005 ι
709 4951 978 5021 quomodo
1013 4966 1119 5002 non
1150 4948 1430 5002 evidenter
1471 4946 1708 5000 ostendit
1738 4947 1881 5014 quod
1909 4961 2002 5001 eos

496 5114 543 5146 ⁸⁸
574 5113 836 5176 Num.xn,
897 5112 963 5166 10
1013 5121 1063 5164 et
1113 5124 1266 5177 seqq.

423 5199 497 5251 vt,
528 5185 613 5238 Η.
689 5186 733 5216 ⁸³
759 5185 969 5238 Coloss.
992 5198 1071 5241 III,
1096 5182 1149 5235 5.
1227 5181 1271 5211 ⁸³
1293 5180 1469 5234 Eccle.
1490 5194 1541 5251 iv

421 5248 770 5321 “'llebr.vn,
794 5254 882 5308 19.
958 5253 1001 5283 ⁸⁸
1029 5251 1204 5306 Galat.
1236 5266 1310 5317 tv,
1336 5252 1420 5305 19.
1496 5249 1540 5280 ⁷⁰
1566 5248 1725 5303 Num.
1744 5264 1840 5315 xu,
1868 5249 1955 5301 l3.

486 5417 999 5490 (78)Manuser_ipti,
1033 5414 1290 5490 (simile.
1329 5433 1347 5466 ι
1387 5413 1540 5490 Libb.
1573 5414 1733 5490 editi,
1778 5411 1993 5490 «simi-

420 5477 506 5553 iis,
543 5508 562 5539 ι
586 5477 760 5553 ἰιιιιΙε,
805 5477 927 5543 ειιὶιῖ
983 5477 1035 5540 in
1066 5485 1256 5540 erco
1294 5496 1443 5539 textu
1470 5485 1679 5555 legatur
1702 5483 1832 5535 ὡσεὶ
1853 5477 1988 5535 ἶσον.

489 5559 599 5626 (79)
638 5557 791 5612 Lilib.
824 5558 983 5620 editi,
1018 5575 1036 5607 ι
1076 5558 1239 5620 dicat,
1299 5573 1318 5607 ι
1364 5558 1456 5610 sed
1492 5571 1666 5626 _ttiss..
1720 5572 1738 5604 ι
1768 5556 1936 5626 dicas.
1966 5569 1985 5602 ι

491 5624 602 5686 (80)
630 5628 811 5681 Codex
847 5627 1241 5680 Bellovacensis
1272 5644 1288 5677 ι
1321 5628 1433 5680 lucc
1454 5624 1564 5679 vita
1584 5636 1661 5676 est
1692 5625 1923 5676 vanitas.
1965 5639 1984 5672 ο

446 5695 633 5751 Codex
662 5697 1020 5755 Ebroieensis
1055 5718 1073 5752 ι
1116 5702 1228 5757 btcc
1266 5711 1345 5759 est
1388 5699 1516 5756 vitae
1558 5697 1788 5757 vanitas.
1842 5715 1859 5747 ι

1341 5110 1385 5145 ⁵⁷
1416 5107 1595 5162 Eccle.
1640 5121 1717 5167 vt.
1750 5107 1804 5160 5.
1880 5107 1928 5139 ⁸⁸
1957 5108 2089 5163 ibid.
2122 5109 2174 5162 4.
2248 5112 2293 5143 ⁵⁹
2319 5114 2494 5167 Eccle.
2523 5130 2593 5177 tv,
2631 5117 2689 5172 9..

1341 5180 1574 5232 ccle.iv.
1602 5181 1657 5230 5.
1733 5177 1779 5209 ⁸⁸
1809 5177 1969 5232 ibid..
1995 5180 2052 5232 2.
2131 5180 2175 5210 ⁸⁸
2200 5180 2367 5232 Exod.
2404 5200 2512 5232 xiv.
2591 5186 2689 5232 “ﬂ

1868 5196 1969 5242 tu.,
1995 5196 2052 5233 τ.

2116 4513 2234 4556 erat
2265 4505 2404 4571 quod
2437 4520 2560 4559 cum
2603 4505 2831 4561 Domino
2858 4503 2984 4560 Jesu
3013 4503 3233 4561 Christo
3257 4506 3682 4576 colloquebatur,

2116 4609 2235 4648 cum
2266 4596 2317 4648 in
2353 4607 2536 4650 monte
2566 4595 2984 4651 transformatus
3015 4605 3099 4652 est
3121 4636 3138 4662 ,
3174 4608 3361 4667 petens
3396 4599 3463 4653 ab
3494 4615 3561 4654 eo
3582 4641 3596 4663 ,
3630 4612 3685 4653 ut

2115 4700 2237 4739 eum
2272 4685 2549 4753 plenitudo
2574 4689 2812 4755 gentium
2842 4688 3139 4753 introisset.
3173 4701 3300 4744 tunc
3326 4692 3501 4744 omnis
3523 4691 3684 4746 Israel

2115 4774 2295 4829 salvus
2348 4775 2524 4830 ﬁeret.
2571 4794 2590 4829 ι
2639 4776 2706 4830 Ει
2753 4777 2893 4831 dixit
2925 4779 3180 4833 Dominus
3214 4780 3283 4833 ad
3320 4778 3537 4849 Moysen
3573 4798 3587 4834 :
3626 4781 3680 4834 Si

2115 4874 2273 4930 pater
2313 4864 2428 4933 i-jus
2472 4866 2774 4936 cxspnisset
2818 4868 2871 4922 in
2914 4867 3105 4923 faciem
3146 4870 3295 4939 ejus,
3331 4886 3509 4926 nonne
3553 4886 3681 4926 ern-

2112 4955 2358 5009 besceret
2408 4968 2613 5027 septem
2661 4959 2890 5014 diebus?
2921 4959 3213 5029 Separetur
3253 4971 3457 5031 septem
3492 4962 3681 5018 diebus

3424 5121 3465 5151 ⁶¹
3500 5120 3677 5177 Galat.

3238 5188 3476 5256 "lCor,
3509 5193 3676 5256 ",8.

2764 5116 2809 5148 ⁶⁹
2843 5115 2986 5170 Psal.
3018 5131 3227 5171 xxxvnt
3251 5159 3265 5180 .
3295 5118 3345 5173 6.

2131 5180 2175 5210 ⁸⁸
2200 5180 2367 5236 Exod.
2404 5200 2512 5240 xiv.
2591 5186 2827 5242 “Galat.
2852 5203 2921 5253 ιι,
2950 5186 3036 5253 l9,
3069 5188 3160 5241 20.

2173 5414 2283 5492 _(8_ll
2317 5416 2494 5492 Codex
2540 5417 2725 5475 Sancti
2761 5419 3106 5485 Theoderici,
3142 5439 3162 5473 ι
3210 5422 3406 5492 egerit.
3460 5440 3481 5476 ι
3519 5420 3675 5480 Libb.

2102 5485 2228 5538 editi
2268 5505 2287 5537 ι
2332 5488 2491 5553 gerit.
2528 5506 2547 5539 ι

2171 5556 2284 5624 (8-2)
2320 5555 2477 5611 l.ibb.
2524 5557 2680 5623 editi,
2723 5576 2741 5611 ι
2780 5558 2923 5614 Deus
2953 5575 3125 5627 meus,
3171 5580 3189 5614 ι
3234 5561 3328 5618 sed
3362 5562 3416 5616 in
3450 5577 3585 5617 mss.
3619 5573 3672 5618 et

2101 5623 2152 5679 in
2187 5637 2329 5681 textu
2364 5626 2554 5683 Greece
2584 5630 2757 5699 deest,
2798 5647 2816 5681 ι
2856 5645 3024 5685 ιιιειιε.
3063 5651 3082 5684 ι
