4086 6218
318 241 429 298 617

1504 236 1567 292 ιΝ
1611 236 1946 293 NUMEROS
1988 235 2267 291 llUMlldA
2312 237 2424 292 Vll.

3508 237 3609 291 618

318 374 485 415 extra
527 368 741 423 castra,
793 366 997 427 etpost
1035 356 1146 408 [nec
1196 355 1441 409 introibit
1474 358 1539 411 τι,
1581 377 1596 405 ι
1639 356 1777 422 Quid
1810 366 1921 417 cst,
1953 360 1999 415 Α
2040 371 2313 421 natorum,
2366 376 2525 428 quant
2575 376 2671 430 ego
2725 361 2789 413 de
2837 362 2956 412 liliis
3001 360 3160 414 lsrael
3215 360 3265 412 in
3316 361 3615 429 possessio-

314 453 363 505 si
402 462 571 521 pater
601 451 719 520 ejus
746 450 1054 518 cxspuisset
1081 448 1132 499 in
1166 446 1360 501 faciem
1388 445 1503 515 ejus
1525 486 1540 510 ,
1577 447 1926 501 erubesceret

317 556 541 615 Septem
583 544 814 599 diebus?
862 542 1085 595 Mariam
1128 541 1246 595 loco
1290 556 1577 612 synagoga:
1609 541 1923 609 posuimus.

315 638 459 691 huic
504 636 722 704 exspuit
778 644 931 703 pater
962 633 1079 702 ejus
1112 633 1163 686 in
1194 632 1411 687 faciem.
1455 632 1677 701 Signum
1718 631 1924 700 repudii

315 744 406 787 est
439 734 493 786 in
523 732 722 787 faciem
749 730 997 799 conspui.
1035 728 1278 798 Denique
1302 729 1355 781 in
1389 727 1503 795 lege
1533 725 1794 793 scriptum
1819 734 1923 787 est,

314 826 413 879 ubi
440 826 671 895 jubetur
697 835 756 878 ιιι
791 824 993 878 relicta:
1018 822 1253 893 proximi
1287 822 1570 890 proximus
1595 819 1760 871 nubat
1787 816 1921 887 (85),

312 917 365 970 si
400 917 645 971 voluerit
683 916 965 985 proximus
1006 914 1291 981 repudiare
1334 910 1680 979 conjugium,
1727 918 1785 960 ut
1817 907 1927 961 dis-

318 1006 613 1059 calceatus
665 1006 718 1058 in
766 993 963 1057 faciem
1005 1011 1371 1070 conspuatur,
1415 1011 1467 1052 et
1501 1000 1601 1052 hoc
1632 999 1813 1052 datum
1843 1008 1925 1051 cst

315 1097 478 1149 velut
518 1097 735 1166 signum
777 1094 1010 1162 repudii.
1053 1093 1190 1147 Hinc
1228 1107 1358 1160 ergo
1396 1091 1584 1155 Maria,
1620 1090 1670 1142 id
1700 1098 1805 1151 est,
1838 1103 1925 1157 po~

321 1189 499 1257 pulns
532 1189 623 1241 ille
656 1203 781 1242 cum
812 1184 1156 1255 repudiatur,
1187 1202 1213 1237 a
1252 1182 1612 1249 Deo,consptti
1645 1181 1697 1234 in
1730 1181 1921 1235 faciem

320 1281 559 1334 dicitur.
582 1279 854 1332 Habemus
875 1288 925 1332 et
953 1279 1003 1331 in
1029 1277 1135 1330 alio
1167 1277 1283 1329 loco
1314 1274 1729 1343 significantiam
1758 1276 1921 1342 Sputi,

317 1389 452 1425 cum
483 1373 616 1426 dicit
642 1370 809 1424 Isaias
836 1372 881 1402 ⁷¹
914 1387 926 1422 :
969 1388 988 1421 ι
1028 1370 1233 1424 Omnes
1262 1378 1457 1436 gentes
1485 1367 1629 1420 sicut
1652 1374 1818 1431 guttze
1850 1366 1923 1417 si.-

317 1462 484 1526 tnlae,
514 1462 946 1530 etsicutsputmn
967 1467 1224 1526 reputata:
1247 1464 1394 1510 sunt.
1424 1473 1442 1505 ι
1467 1453 1779 1508 Ostenditur
1796 1464 1924 1519 ergo

321 1556 377 1608 in
400 1556 535 1621 hoc,
562 1558 706 1625 quod
732 1554 898 1609 etiam
928 1551 1155 1622 populus
1190 1550 1280 1603 ille
1301 1549 1444 1602 sicut
1467 1555 1657 1616 gentes
1685 1554 1920 1606 czeterze,

317 1662 456 1713 quae
484 1658 545 1700 ut
564 1656 781 1716 sputum
809 1652 1154 1713 reputantur.
1175 1640 1419 1709 abiectus
1441 1638 1628 1693 est.Et
1658 1653 1843 1693 revera
1876 1637 1918 1691 si

320 1740 654 1793 consideres
684 1738 946 1791 honorem
972 1735 1120 1788 iliutn
1152 1735 1413 1803 priorem,
1438 1748 1560 1788 cum
1590 1730 1923 1800 pontificalis

322 1833 481 1899 apud
514 1844 609 1883 eos
648 1830 779 1883 ordo
809 1828 1039 1881 florebat
1066 1866 1080 1890 ,
1118 1842 1241 1879 cum
1280 1825 1509 1895 insignia
1542 1821 1921 1883 sacerdotum,

323 1932 459 1970 cum
494 1916 732 1970 Levitica
760 1915 1083 1977 ministeria,
1112 1929 1234 1968 cum
1272 1913 1527 1980 majestas
1553 1910 1767 1980 templi,
1799 1925 1922 1962 cum

324 2007 676 2077 pr0phetalis
708 2006 998 2075 splendor,
1034 2016 1089 2059 et
1112 2021 1240 2059 .cum
1273 2004 1589 2057 coelestibus
1622 2017 1785 2071 super
1816 2011 1923 2055 ter-

326 2111 454 2149 ram
485 2098 778 2151 consortiis
813 2098 1123 2158 utebantur,
1157 2096 1279 2163 quis
1312 2096 1487 2149 honor
1513 2094 1615 2149 fuit
1647 2094 1774 2148 ille?
1803 2109 1923 2162 quae

324 2188 637 2258 gloria?Et
666 2205 878 2243 rursum
906 2190 948 2242 si
981 2203 1121 2242 nunc
1153 2188 1390 2256 aspicias
1421 2196 1626 2253 quanto
1661 2187 1923 2240 dedecore

324 2280 679 2344 horrescant,
712 2282 831 2334 sine
860 2280 1086 2349 templo,
1112 2280 1229 2334 sine
1259 2276 1451 2343 altari,
1481 2278 1600 2332 sine
1627 2278 1918 2342 sacrificio,

323 2370 453 2425 sine
481 2371 778 2441 prepheta,
806 2372 925 2425 sine
950 2370 1290 2432 sacerdotio,
1321 2371 1439 2424 sine
1468 2370 1572 2424 ulla
1605 2371 1810 2425 ctelesti
1845 2372 1922 2423 vi-

324 2464 629 2529 sitatione,
680 2464 909 2532 dispersi
956 2479 1052 2534 per
1092 2480 1309 2519 omnem
1356 2473 1553 2518 terram
1598 2464 1922 2533 profugique

329 2557 583 2610 viventes
634 2570 647 2608 :
690 2557 810 2625 quis
847 2572 951 2609 non
985 2557 1266 2611 evidenter
1293 2566 1555 2625 agnoscat
1585 2557 1728 2623 quod
1783 2572 1919 2609 eon-

330 2649 485 2719 spuit
518 2657 673 2718 pater
699 2648 843 2703 illius
883 2649 934 2702 in
973 2648 1168 2703 faciem
1193 2648 1330 2717 ejus,
1361 2657 1414 2701 et
1446 2647 1684 2716 perfudit
1716 2648 1921 2701 vultum

324 2755 526 2794 eorum
580 2741 913 2810 ignominia?
967 2741 1182 2809 Septem
1220 2756 1351 2810 ergo
1401 2741 1594 2795 diebus
1639 2749 1923 2810 separatur

326 2844 485 2887 extra
533 2842 735 2887 castra.
780 2832 1024 2886 Diximus
1058 2832 1220 2884 etiam
1258 2832 1313 2885 in
1344 2830 1752 2901 superioribus,
1778 2831 1921 2898 quod

326 2938 543 2994 septem
602 2926 719 2980 dies
782 2927 873 2980 isti
928 2927 1283 2997 septimanam
1333 2924 1517 2979 mundi
1579 2923 1734 2977 istius
1779 2923 1923 2977 desi-

333 3027 524 3083 gnent.
567 3017 621 3071 ln
661 3019 960 3086 septimana
988 3020 1133 3071 enim
1173 3019 1422 3091 dierum,
1459 3025 1723 3071 creatum
1756 3016 1923 3071 totius

333 3109 570 3165 visibilis
598 3111 919 3165 substantia:
946 3111 1199 3165 videntur
1227 3125 1346 3164 esse
1371 3109 1649 3178 producta:
1672 3110 1738 3160 ⁷⁸.
1772 3107 1923 3161 Tunc

334 3197 482 3251 enim
512 3215 632 3267 qua:
663 3215 765 3253 non
791 3214 970 3263 erant,
1004 3200 1143 3253 facta
1171 3201 1332 3271 292
1363 3210 1507 3253 sunt.
1538 3200 1591 3252 In
1618 3199 1921 3268 septimana

336 3304 472 3343 vero
506 3291 669 3345 totius
704 3293 922 3355 mundi,
959 3301 1168 3345 secreta
1201 3292 1436 3361 quadam
1470 3301 1523 3345 et
1558 3292 1665 3344 Deo
1696 3290 1795 3343 soli
1829 3304 1924 3343 co-

344 3382 491 3449 gnita
518 3382 936 3450 dispensatione,
968 3399 1087 3453 qua:
1123 3395 1251 3436 tunc
1276 3382 1535 3451 producta
1558 3389 1722 3444 sunt,
1751 3379 1922 3448 expli-

346 3484 560 3527 cantur.
596 3473 810 3528 interim
845 3475 897 3528 in
940 3477 1040 3529 hac
1086 3475 1391 3543 septimana
1436 3488 1541 3541 qua
1582 3479 1922 3540 sequestrata

342 3579 428 3621 est
461 3569 650 3632 Maria,
678 3586 780 3621 non
815 3578 1096 3622 moventur
1126 3577 1305 3621 castra
1342 3566 1573 3618 filiorum
1605 3565 1767 3619 Israel
1788 3606 1802 3629 ,
1830 3566 1923 3620 scd

340 3669 487 3712 stant
519 3677 627 3713 uno
654 3662 704 3713 in
737 3662 856 3713 loco
887 3660 1167 3724 conclusi,
1196 3668 1248 3713 et
1277 3657 1453 3711 nullus
1487 3666 1567 3709 est
1599 3658 1677 3710 eis
1703 3656 1925 3709 omnino

340 3754 651 3821 profectus,
686 3754 855 3806 donec
891 3752 1180 3805 Inundetur
1214 3749 1380 3802 Maria
1411 3764 1438 3800 ει
1473 3749 1616 3814 lepra
1659 3762 1779 3800 sua.

412 3844 465 3899 5.
505 3862 523 3894 ι
568 3845 633 3896 Et
673 3854 794 3912 post
834 3845 945 3897 hzec
968 3884 982 3908 ,
1012 3843 1185 3911 inquit
1219 3840 1565 3911 “,pronvovit
1600 3839 1825 3907 populus
1856 3853 1923 3893 ex

341 3938 611 4001 Aserotli,
648 3946 704 3991 et
735 3936 1100 3991 consederunt
1131 3936 1183 3988 in
1212 3935 1428 3988 deserto
1460 3932 1694 3987 Pharao.
1734 3951 1750 3981 ι
1789 3934 1925 3987 Ase-

343 4032 462 4084 roth
495 4032 889 4099 interpretatur
912 4031 1099 4082 domus
1124 4027 1355 4095 perfecta
1387 4027 1521 4095 (85).
1556 4025 1927 4079 Proliciscitur

342 4136 467 4189 ergo
516 4122 743 4190 pepulus
776 4130 1059 4190 postquam
1108 4120 1272 4172 Maria
1320 4128 1541 4187 purgata
1576 4128 1693 4184 est,
1742 4134 1771 4171 a
1826 4116 1923 4169 do-

346 4214 524 4266 mihus
573 4212 861 4280 perfectis,
904 4221 958 4264 et
1008 4211 1154 4263 venit
1197 4211 1246 4262 in
1285 4208 1534 4273 Pharan,
1575 4210 1717 4277 quod
1758 4208 1924 4259 inter-

344 4315 587 4373 pretatur
634 4322 690 4357 os
745 4304 946 4357 uisibile
990 4302 1125 4373 (85).
1174 4301 1301 4354 Mihi
1345 4302 1560 4354 videtur
1601 4315 1662 4353 os
1707 4298 1925 4353 visibile

2041 464 2165 502 netn
2210 450 2275 513 ⁷⁵,
2315 470 2331 500 ι
2366 460 2418 503 et
2466 453 2698 520 reliqua,
2740 453 2793 504 in
2837 452 3033 520 quibus
3073 453 3137 505 de
3188 452 3619 520 exploratoribus

2042 550 2200 594 teme
2228 552 2495 606 narratur,
2525 543 2614 613 qui
2645 542 2792 596 missi
2820 542 3134 595 renuntiant
3157 543 3300 611 quod
3328 552 3471 596 terra
3496 544 3615 612 qui-

2041 632 2163 685 dem
2192 632 2261 686 sit
2294 634 2433 687 bona
2477 645 2533 688 ct
2564 635 2919 699 admirabilis;
2970 634 3216 688 habitant
3241 644 3420 687 autem
3467 635 3519 689 in
3556 652 3618 689 ca

2041 718 2132 773 filii
2165 723 2460 792 gigantum,
2489 724 2542 777 in
2573 740 2803 792 quorum
2844 724 3229 792 conspectibus
3259 724 3489 792 popultts
3526 724 3620 777 Dei

2029 817 2182 883 quasi
2232 818 2453 871 locustte
2490 816 2799 870 videantur.
2846 814 2911 867 Et
2955 813 3137 881 plures
3177 815 3392 881 quidem
3427 816 3620 882 chpc-

2030 920 2149 960 rant
2180 926 2236 963 se
2261 925 2419 977 posse
2448 908 2650 963 salvari
2677 925 2704 961 τι
2740 909 2867 961 ﬁliis
2893 908 3170 977 gigantum
3204 925 3215 958 :
3253 906 3413 962 Jesus
3441 916 3619 961 tamen

2028 1014 2134 1051 non
2176 1001 2463 1067 desperat,
2493 1001 2584 1055 sed
2619 1000 2908 1054 conﬁrmat
2941 1000 3121 1071 populi
3158 1000 3317 1052 fidem
3359 1015 3479 1053 cum
3513 999 3623 1051 (ia-7

2028 1092 2134 1155 leb,
2169 1092 2259 1159 qui
2292 1092 2469 1145 estde
2505 1093 2644 1145 tribu
2676 1091 2836 1159 Juda,
2869 1101 2925 1145 et
2950 1093 3139 1146 dicunt
3170 1092 3216 1121 ⁷⁸
3256 1110 3267 1143 :
3303 1111 3320 1141 ι
3360 1091 3414 1145 Si
3444 1091 3623 1159 diligit

2028 1196 2125 1235 nos
2175 1183 2334 1248 Deus,
2392 1184 2699 1238 introducet
2739 1200 2835 1239 nos
2888 1185 2938 1237 in
2977 1194 3176 1238 terram
3215 1187 3381 1237 hanc.
3430 1204 3447 1235 ι
3487 1186 3620 1250 Quae

2027 1285 2109 1328 est
2139 1290 2268 1344 ergo
2302 1285 2446 1327 terra
2475 1276 2573 1329 ista
2599 1277 2895 1330 secundum
2923 1276 3225 1343 spiritalem
3256 1275 3617 1339 intellectum,

2027 1383 2147 1436 qua:
2176 1376 2320 1421 terra
2351 1368 2568 1435 quidem
2605 1377 2794 1420 sancta
2828 1379 2934 1433 est,
2968 1377 3017 1421 et
3055 1378 3199 1420 terra
3238 1369 3396 1431 bona,
3431 1367 3521 1420 sed
3554 1368 3621 1419 ab

2030 1460 2211 1524 impiis
2247 1458 2563 1512 habitatur?
2598 1457 2697 1523 Qui
2736 1468 2863 1512 sunt
2890 1476 3020 1526 ergo
3052 1459 3138 1511 isti
3177 1460 3378 1520 hostes,
3404 1458 3491 1524 qui
3528 1459 3623 1510 ha-

2026 1550 2203 1603 bitant
2251 1551 2304 1602 in
2356 1561 2498 1603 terra
2552 1550 2910 1604 sanctorum?
2954 1549 3018 1602 Et
3056 1550 3327 1617 quomodo
3370 1549 3621 1617 ejiciendi

2027 1650 2170 1704 sunt,
2211 1651 2268 1692 ut
2300 1641 2407 1694 illis
2443 1640 2635 1710 ejectis
2668 1643 2841 1695 sant-ti
2884 1639 3183 1693 succedant
3227 1639 3279 1692 iu
3319 1638 3495 1693 locum
3532 1654 3623 1692 co-

2030 1733 2186 1785 rum?
2216 1732 2525 1787 Redeamus
2556 1734 2621 1787 ad
2658 1732 2948 1801 Evangelia
2974 1772 2988 1797 ,
3031 1732 3315 1786 redeamus
3362 1731 3426 1786 ad
3471 1729 3621 1800 Apo-

2025 1824 2243 1878 stolum.
2291 1821 2580 1894 Evangelia
2627 1827 2835 1878 sanctis
2877 1824 3208 1893 promittunt
3252 1839 3414 1893 regna
3446 1823 3620 1879 cado--

2030 1932 2168 1969 rum.
2221 1916 2512 1985 Apostolus
2557 1919 2684 1971 dicit
2717 1919 2759 1947 ⁷⁷
2808 1939 2819 1971 :
2868 1936 2884 1967 ι
2938 1916 3131 1969 Nostra
3178 1927 3355 1971 autem
3393 1931 3623 1971 conver-

2026 2008 2164 2059 satio
2189 2008 2239 2060 in
2269 2008 2423 2062 crelis
2455 2018 2556 2061 est.
2598 2027 2615 2059 ι
2655 2009 2707 2061 ln
2742 2007 2893 2063 crelis
2928 2023 3056 2077 ergo
3084 2018 3170 2061 est
3203 2007 3356 2061 locus
3389 2008 3623 2062 Incredi-

2031 2100 2181 2165 tatis,
2202 2099 2294 2167 qui
2331 2100 2667 2167 promittitur
2690 2101 2916 2153 sanctis.
2953 2099 3015 2151 lit
3044 2098 3172 2166 quid
3200 2111 3455 2165 putamus
3477 2102 3621 2168 quod

2029 2188 2212 2243 nullus
2261 2205 2405 2244 nunc
2459 2191 2805 2243 adversarius
2845 2190 2917 2243 sit
2965 2189 3016 2241 in
3075 2189 3156 2241 his
3208 2190 3341 2243 locis
3374 2205 3493 2258 qua:
3525 2191 3622 2244 tibi

2029 2281 2457 2348 promittuntur,
2504 2296 2662 2349 quem
2710 2291 2764 2332 tu
2807 2280 2929 2333 inde
2966 2280 3164 2333 debeas
3199 2282 3491 2348 pugnando
3531 2283 3623 2335 de-

2026 2372 2225 2439 pellere
2244 2370 2476 2441 (86-87),
2510 2382 2567 2424 ut
2597 2372 2732 2424 iiber
2761 2372 2826 2424 ad
2851 2386 2914 2425 ea
2947 2386 3067 2439 qua:
3101 2369 3195 2423 tibi
3228 2372 3624 2437 promittuntur

2028 2464 2142 2517 loca
2176 2464 2395 2517 evolare
2421 2464 2639 2533 possis?
2666 2463 2729 2516 Et
2752 2463 3024 2532 quomodo
3050 2463 3182 2516 dicit
3202 2462 3461 2516 Dominus
3480 2462 3526 2493 ⁷⁸
3546 2481 3564 2513 ι
3591 2480 3622 2515 a

2025 2556 2215 2610 diebus
2237 2556 2463 2611 Joannis
2491 2558 3196 2627 Baptistmnqttiatregnum
3223 2558 3487 2611 cmiorum
3513 2556 3620 2608 vim

2027 2651 2230 2716 patitur
2253 2689 2267 2713 ,
2294 2661 2348 2704 et
2371 2651 2477 2704 vim
2507 2650 2805 2705 inferentes
2838 2650 3055 2720 rapiunt
3085 2652 3236 2704 illud.
3275 2670 3293 2702 ι
3327 2649 3440 2705 Nisi
3473 2651 3621 2705 enim

2026 2752 2207 2794 essent
2240 2742 2437 2810 quibus
2468 2744 2548 2796 vis
2585 2742 2775 2806 fieret,
2808 2758 3088 2811 nunquam
3132 2750 3321 2797 essent
3364 2743 3455 2811 qui
3494 2741 3623 2794 inde

2026 2830 2219 2897 depelli
2246 2842 2298 2883 et
2331 2833 2543 2885 extrudi
2572 2832 2836 2886 deberent
2859 2877 2873 2896 ,
2903 2846 3181 2901 nunquam
3214 2832 3495 2887 diceretur
3525 2846 3624 2900 per

2026 2924 2134 2975 vim
2187 2922 2551 2991 diripiendum
2601 2939 2721 2977 csse
2784 2940 3009 2995 regnum
3055 2924 3349 2978 caelorum.
3404 2924 3470 2977 Et
3517 2925 3620 2979 nisi

1950 3049 1991 3105 Ο
2029 3024 2212 3069 essent
2252 3031 2375 3069 cum
2423 3017 2618 3085 quibus
2669 3028 2951 3070 certamen
3005 3018 3165 3072 nobis
3204 3028 3352 3072 esset
3384 3034 3445 3072 ac
3478 3034 3621 3087 pra:-

2027 3109 2196 3177 lium,
2248 3124 2521 3176 nunquam
2570 3110 2779 3164 diceret
2818 3110 3110 3180 Apostolus
3152 3110 3198 3141 ⁷⁹
3241 3126 3254 3163 :
3312 3128 3330 3161 ι
3382 3109 3498 3163 Non
3537 3122 3623 3165 est

2029 3202 2183 3255 nobis
2229 3201 2542 3257 colluctatio
2581 3203 2845 3257 adversus
2886 3220 3107 3258 carnem
3153 3214 3208 3257 et
3255 3205 3619 3272 sanguinem,

2028 3294 2121 3347 sed
2176 3295 2440 3347 adversus
2494 3294 2833 3361 principatus
2882 3306 2935 3349 et
2991 3304 3319 3363 potestates,
3360 3295 3623 3347 adversus

2032 3384 2213 3437 mundi
2239 3384 2400 3449 hujus
2428 3394 2697 3449 rectores,
2729 3387 3081 3439 tenebrarum
3114 3386 3328 3448 harum,
3358 3386 3620 3438 adversus

2029 3475 2288 3542 spiritalia
2323 3476 2579 3543 nequitiae
2612 3475 2665 3528 in
2696 3476 3035 3531 coelestibus.
3073 3496 3090 3528 ι
3126 3477 3199 3529 Dc
3226 3477 3425 3545 quibus
3453 3477 3618 3530 etiam

2030 3567 2158 3619 illud
2211 3567 2305 3622 Dei
2365 3568 2571 3622 dictum
2615 3568 2874 3623 divinitus
2911 3583 3006 3637 per
3048 3570 3369 3638 prophetam
3423 3569 3621 3623 intelli-

2027 3658 2256 3726 gendum
2289 3658 2521 3719 videtur,
2547 3658 2637 3711 ubi
2670 3658 2816 3711 ait"o
2849 3675 2861 3711 :
2896 3674 2914 3707 ι
2958 3657 3021 3710 Ει
3054 3658 3364 3711 inebriatus
3392 3668 3476 3711 est
3504 3659 3620 3726 gla-

2029 3751 2153 3804 dius
2211 3767 2363 3804 meus
2409 3752 2459 3803 in
2506 3751 2667 3805 coelo.
2726 3769 2743 3801 ι
2786 3750 3018 3803 Necesse
3055 3760 3139 3803 est
3176 3765 3307 3820 ergo
3343 3750 3619 3819 spiritales

2031 3843 2298 3910 nequitias
2324 3858 2443 3911 qua:
2478 3843 2529 3895 in
2561 3844 2879 3897 crelestibds
2900 3858 3023 3897 esse
3052 3843 3333 3906 dicuntur,
3368 3842 3459 3909 qui
3493 3853 3620 3895 sunt

2030 3934 2140 3985 veri
2187 3932 2512 3998 Chananaei,
2550 3933 2694 3985 vinci
2738 3934 2832 3985 abs
2873 3943 2960 3999 te,
2997 3940 3051 3985 ut
3094 3933 3379 4002 expeditus
3412 3933 3478 3985 ad
3509 3946 3621 3985 ca:-

2030 4022 2183 4076 lestia
2239 4038 2403 4093 regna
2448 4026 2685 4078 transire
2717 4023 2924 4092 possis,
2961 4034 3020 4077 ut
3054 4033 3106 4077 tu
3142 4040 3239 4094 pro
3268 4023 3373 4077 illis
3409 4021 3621 4077 habites

2030 4110 2123 4165 ibi.
2167 4111 2316 4167 Scito
2358 4123 2535 4168 tamen
2585 4116 2831 4183 gigantes
2880 4130 2975 4170 eos
3021 4129 3163 4170 esse.
3210 4115 3377 4186 Gigas
3419 4115 3621 4169 dicitur

2029 4204 2205 4256 oiunis
2232 4205 2325 4271 qui
2361 4207 2625 4261 adversus
2655 4206 2823 4259 Deum
2870 4208 3095 4261 resistit.
3127 4207 3455 4273 Quicunque
3490 4222 3619 4276 ergo

2029 4297 2351 4351 adversatur
2382 4298 2515 4361 Deo,
2550 4310 2605 4353 et
2635 4302 2947 4353 contrarius
2970 4310 3054 4355 est
3087 4301 3333 4364 veritati,
3366 4301 3509 4369 quod
3541 4301 3618 4355 illi

345 4410 503 4462 posse
552 4396 773 4465 intelligi
795 4437 810 4455 ,
856 4396 997 4465 quod
1049 4393 1280 4449 Verbum
1318 4408 1446 4447 caro
1481 4391 1683 4445 factum
1718 4402 1801 4446 est
1823 4431 1836 4453 ,
1869 4401 1923 4445 et
1957 4395 1999 4449 D
2030 4388 2398 4458 principaliter
2429 4388 2673 4455 faciunt,
2711 4391 2912 4445 merito
2944 4392 3098 4461 gigas
3138 4392 3462 4461 appellatur.
3497 4392 3618 4448 Tibi

346 4486 630 4542 invisibilis
658 4488 887 4541 visibilis
920 4486 1178 4550 ellectus;
1215 4492 1267 4537 et
1299 4484 1401 4537 hoc
1428 4482 1744 4553 significari,
1776 4483 1919 4550 quod

346 4585 696 4645 posteaquam
730 4575 854 4629 finis
891 4585 945 4629 et
987 4573 1245 4642 perfectio
1280 4572 1520 4626 omnium
1550 4585 1669 4639 quae
1697 4583 1824 4637 erga
1860 4568 1921 4621 il-

348 4665 449 4719 lum
503 4668 759 4736 populum
804 4664 1280 4736 gerenda‘fuerant
1303 4700 1318 4726 ,
1344 4661 1509 4725 venit,
1534 4670 1662 4714 tunc
1691 4660 1920 4723 transit,

349 4766 401 4809 et
431 4760 575 4812 venit
601 4760 664 4813 ad
694 4775 837 4823 eum,
871 4772 1029 4826 quem
1064 4755 1293 4810 Verbum
1317 4769 1534 4810 carnem
1567 4754 1772 4807 factum
1798 4765 1923 4807 ante

350 4863 450 4903 non
477 4851 731 4904 credidit.
775 4870 791 4901 ι
824 4852 889 4903 Et
916 4852 1127 4903 locutus
1156 4857 1239 4901 est
1270 4846 1528 4901 Dominus
1560 4846 1627 4899 ad
1662 4844 1881 4913 Moysen
1909 4884 1921 4905 ,

351 4942 532 4996 dicens
576 4959 590 4996 :
628 4943 776 4998 Mitte
800 4945 972 5009 viros,
1003 4952 1058 4995 et
1086 4940 1431 4995 considerent
1469 4947 1671 4992 terram
1703 4935 1922 4990 Chana-

2031 4494 2159 4550 ergo
2207 4492 2495 4542 praestatur
2529 4492 2589 4537 ut
2620 4483 2851 4538 devictis
2884 4483 3201 4553 gigantibus
3237 4484 3407 4538 intres
3443 4484 3496 4538 in
3530 4501 3617 4548 re-

2030 4588 2195 4641 gnum
2253 4574 2396 4642 qnod
2454 4574 2529 4629 illi
2587 4576 2978 4644 perdiderunt,
3041 4585 3098 4629 ut
3150 4576 3439 4646 impleatur
3474 4580 3619 4645 quod

2030 4665 2293 4734 scriptum
2344 4675 2425 4719 cst
2464 4683 2477 4718 :
2533 4685 2551 4717 ι
2603 4666 2735 4733 Quis
2764 4668 3000 4737 accipiet
3031 4684 3059 4721 a
3091 4669 3307 4738 gigante
3339 4669 3549 4738 spolia?
3597 4689 3613 4719 ι

2033 4753 2189 4808 Unde
2219 4767 2275 4809 et
2313 4756 2570 4811 Dominus
2605 4758 2825 4813 diccbat
2859 4759 2909 4812 iu
2944 4758 3238 4827 Evangeiio
3267 4759 3309 4789 ⁸¹
3340 4776 3352 4810 :
3386 4776 3403 4809 ι
3447 4757 3619 4811 Nemo

2035 4856 2211 4914 potest
2267 4849 2493 4902 introire
2541 4847 2591 4900 in
2635 4849 2854 4902 domum
2890 4848 3047 4901 fortis
3073 4886 3087 4910 ,
3134 4861 3187 4901 et
3225 4848 3457 4916 diripere
3491 4863 3615 4901 vasa

2034 4939 2185 5005 ejus,
2217 4940 2316 4993 nisi
2350 4942 2501 5009 prius
2551 4941 2857 5010 alligaverit
2892 4940 3126 5006 fortem;
3163 4959 3182 4992 ι
3216 4939 3305 5008 qui
3339 4939 3461 4993 licet
3493 4957 3619 5008 pro-

420 5110 459 5139 ⁷¹
496 5110 621 5162 ihid.
676 5110 723 5141 ⁷⁸
758 5110 859 5162 lsa.
896 5125 983 5171 xc,
1016 5109 1099 5161 15.
1157 5108 1201 5138 ⁷³
1241 5107 1376 5159 Gen.
1412 5116 1506 5159 tet
1538 5121 1595 5156 ιι.
1671 5105 1715 5133 ⁷⁸
1745 5102 1902 5156 Num.

2028 5101 2135 5167 ,16.
2212 5102 2259 5132 ⁷⁵
2288 5100 2447 5154 Num.
2487 5117 2616 5171 xm,
2651 5102 2700 5161 l,
2727 5100 2783 5153 2.
2860 5100 2906 5171 ⁷ξ
2932 5097 3099 5171 bium.
3134 5082 3246 5165 xlv,
3276 5096 3331 5151 8.
3408 5097 3451 5129 ⁷⁷
3488 5096 3617 5151 Phi-

354 5177 441 5248 lip.
473 5196 574 5243 ιιι,
597 5179 687 5233 20.
766 5180 812 5211 ⁷⁸
845 5180 1032 5232 Matth.
1069 5195 1144 5241 ιιι,
1181 5176 1263 5230 12.
1294 5178 1338 5207 ⁷⁹
1376 5176 1569 5245 Ephes.
1600 5191 1674 5239 vt,
1704 5174 1793 5227 l2.

422 5276 532 5347 (85)
588 5275 768 5331 Codex
812 5276 871 5331 S.
915 5274 1270 5347 Theoderici,
1322 5290 1340 5322 ι
1392 5272 1645 5347 derelicta
1694 5271 1925 5347 proximi

360 5341 599 5410 proximo
626 5350 814 5401 nubat.
854 5364 872 5396 ι
908 5347 1079 5400 Codd.
1110 5342 1457 5397 Ebroicensis
1478 5350 1532 5395 et
1557 5341 1923 5405 Belvaceusis,

364 5432 380 5463 ι
416 5417 649 5469 relictam
684 5416 913 5485 proximi
952 5416 1241 5485 proximus
1262 5413 1445 5465 nubat.
1492 5430 1509 5462 ι

426 5488 535 5555 (8‘5)
573 5478 786 5540 Aseroth
812 5478 1185 5551 interpretatur
1212 5484 1399 5555 domus
1428 5481 1681 5555 perfecta.
1707 5478 1797 5555 Sic
1830 5479 1921 5531 ha-

364 5548 480 5609 bent
503 5548 630 5611 mss.
660 5560 713 5611 ln
741 5557 904 5610 editis
936 5548 1031 5624 pro
1064 5572 1080 5599 ι
1113 5553 1348 5621 perfecta
1380 5571 1396 5601 ι
1428 5552 1623 5615 legitur
1648 5548 1919 5624 perfer-tre.

358 5634 469 5685 “cm
525 5645 542 5676 ι
598 5630 821 5689 atrium,
884 5644 902 5675 ι
937 5620 1089 5679 ῬΙιιιο.
1116 5620 1343 5675 Constr.
1371 5629 1552 5679 n'r'iyn
1584 5638 1600 5668 ι
1642 5620 1777 5671 atria
1813 5637 1830 5668 ι
1868 5628 1923 5670 et

364 5698 743 5763 synecdochiee
804 5716 821 5745 ι
873 5694 1067 5749 domus
1120 5710 1135 5737 ι
1181 5693 1476 5763 sigttilit'art
1530 5700 1751 5761 potest:
1789 5704 1925 5757 quo—

556 5792 827 5851 PATROL.
866 5792 979 5851 Gtt.
1022 5789 1159 5849 ΧΗ.

1872 5176 1915 5205 ⁵⁸³
1947 5172 2054 5228 lsa.
2093 5188 2289 5237 xxxw,
2332 5172 2385 5225 5.

2460 5172 2500 5201 ⁸¹
2545 5170 2736 5223 Matth.
2770 5184 2842 5222 XII
2884 5169 2975 5223 ‘29.

2046 5272 2204 5322 modo
2241 5268 2363 5321 inde
2396 5267 2510 5320 erui
2558 5266 2727 5335 possit
2767 5283 2784 5315 ι
2827 5264 3021 5317 domus
3067 5263 3338 5332 perfecta,
3383 5281 3401 5314 ι
3445 5262 3617 5316 fateor

2037 5354 2123 5391 tne
2153 5353 2254 5391 non
2290 5338 2491 5390 videre.

2106 5407 2218 5477 (85)
2275 5406 2525 5471 Pharon,
2560 5406 2697 5477 quod
2746 5405 3123 5470 interpretatur
3154 5419 3220 5477 os
3260 5401 3483 5455 uisibile.
3538 5402 3611 5452 [Cv

2030 5473 2399 5538 nD‘niinirum
2435 5494 2453 5525 ι
2490 5473 2735 5537 οδζοικίδ,
2772 5494 2789 5526 ι
2824 5485 2878 5527 et
2906 5483 3027 5530 ΠΝἼ
3063 5489 3081 5521 ι
3117 5473 3268 5526 vidit.
3310 5490 3327 5523 ι

2108 5546 2325 5617 (εὔ-87)
2356 5546 2510 5599 Libb.
2539 5546 2666 5599 editi
2712 5564 2728 5595 ι
2782 5559 2940 5613 quem
2993 5555 3044 5595 tu
3084 5544 3284 5595 debeas
3330 5540 3613 5611 pugn-mdo

2035 5619 2324 5684 evincere,
2363 5635 2382 5668 ι
2411 5618 2501 5672 sed
2540 5632 2672 5671 mss.
2702 5625 2759 5669 ut
2788 5617 2837 5669 in
2870 5625 3050 5668 nostro
3083 5622 3254 5666 textu.

3208 5769 3288 5829 20
