  <div class='ocr_page' id='page_1' title='image "/cluster/home/n/w/nwhite01/storage/ocr_20150623/12/hvd.32044052796216/315.png"; bbox 0 0 4086 6218; ppageno 0'>
   <div class='ocr_carea' id='block_1_1' title="bbox 480 253 581 309">
    <p class='ocr_par' dir='ltr' id='par_1_1' title="bbox 480 253 581 309">
     <span class='ocr_line' id='line_1_1' title="bbox 480 253 581 309; baseline 0 0"><span class='ocrx_word' id='word_1_1' title='bbox 480 253 581 309; x_wconf 73' lang='lat'><strong>619</strong></span> 
     </span>
    </p>
   </div>
   <div class='ocr_carea' id='block_1_2' title="bbox 1956 245 2279 303">
    <p class='ocr_par' dir='ltr' id='par_1_2' title="bbox 1956 245 2279 303">
     <span class='ocr_line' id='line_1_2' title="bbox 1956 245 2279 303; baseline -0.006 0"><span class='ocrx_word' id='word_1_2' title='bbox 1956 245 2279 303; x_wconf 79' lang='lat' dir='ltr'><strong>ORIGENIS</strong></span> 
     </span>
    </p>
   </div>
   <div class='ocr_carea' id='block_1_3' title="bbox 3650 247 3757 302">
    <p class='ocr_par' dir='ltr' id='par_1_3' title="bbox 3650 247 3757 302">
     <span class='ocr_line' id='line_1_3' title="bbox 3650 247 3757 302; baseline 0.019 -2"><span class='ocrx_word' id='word_1_3' title='bbox 3650 247 3757 302; x_wconf 71' lang='lat'><strong>620</strong></span> 
     </span>
    </p>
   </div>
   <div class='ocr_carea' id='block_1_4' title="bbox 482 360 3756 438">
    <p class='ocr_par' dir='ltr' id='par_1_4' title="bbox 482 360 3756 438">
     <span class='ocr_line' id='line_1_4' title="bbox 482 360 3756 438; baseline -0 -21"><span class='ocrx_word' id='word_1_4' title='bbox 482 380 599 438; x_wconf 80' lang='lat' dir='ltr'><strong>pter</strong></span> <span class='ocrx_word' id='word_1_5' title='bbox 623 366 929 436; x_wconf 84' lang='lat' dir='ltr'><strong>superbiam</strong></span> <span class='ocrx_word' id='word_1_6' title='bbox 950 380 1105 420; x_wconf 90' lang='lat' dir='ltr'><strong>suam</strong></span> <span class='ocrx_word' id='word_1_7' title='bbox 1128 380 1157 419; x_wconf 88' lang='lat' dir='ltr'><strong>a</strong></span> <span class='ocrx_word' id='word_1_8' title='bbox 1186 363 1343 418; x_wconf 85' lang='lat' dir='ltr'><strong>domo</strong></span> <span class='ocrx_word' id='word_1_9' title='bbox 1370 363 1704 432; x_wconf 78' lang='lat' dir='ltr'><strong>cmlestijam</strong></span> <span class='ocrx_word' id='word_1_10' title='bbox 1732 364 1801 418; x_wconf 90' lang='lat' dir='ltr'><strong>sit</strong></span> <span class='ocrx_word' id='word_1_11' title='bbox 1827 363 2057 432; x_wconf 75' lang='lat' dir='ltr'><strong>eiectus,</strong></span> <span class='ocrx_word' id='word_1_12' title='bbox 2091 367 2131 423; x_wconf 82' lang='grc' dir='ltr'><strong>Α</strong></span> <span class='ocrx_word' id='word_1_13' title='bbox 2164 364 2426 419; x_wconf 89' lang='lat' dir='ltr'><strong>adversus</strong></span> <span class='ocrx_word' id='word_1_14' title='bbox 2486 360 2750 431; x_wconf 77' lang='lat' dir='ltr'><strong>spiritalia</strong></span> <span class='ocrx_word' id='word_1_15' title='bbox 2784 361 3042 432; x_wconf 63' lang='lat' dir='ltr'><strong>nequitia:</strong></span> <span class='ocrx_word' id='word_1_16' title='bbox 3089 362 3144 417; x_wconf 92' lang='lat' dir='ltr'><strong>in</strong></span> <span class='ocrx_word' id='word_1_17' title='bbox 3189 362 3529 419; x_wconf 62' lang='lat' dir='ltr'><strong>caelestibus.</strong></span> <span class='ocrx_word' id='word_1_18' title='bbox 3566 383 3584 415; x_wconf 72' lang='grc' dir='ltr'><strong>ι</strong></span> <span class='ocrx_word' id='word_1_19' title='bbox 3624 364 3756 418; x_wconf 80' lang='lat' dir='ltr'><strong>Prn-</strong></span> 
     </span>
    </p>
   </div>
   <div class='ocr_carea' id='block_1_5' title="bbox 480 458 2059 523">
    <p class='ocr_par' dir='ltr' id='par_1_5' title="bbox 480 458 2059 523">
     <span class='ocr_line' id='line_1_5' title="bbox 480 458 2059 523; baseline -0.004 -6"><span class='ocrx_word' id='word_1_20' title='bbox 480 473 537 518; x_wconf 80' lang='grc' dir='ltr'><strong>ιιι</strong></span> <span class='ocrx_word' id='word_1_21' title='bbox 561 473 738 516; x_wconf 89' lang='lat' dir='ltr'><strong>tamen</strong></span> <span class='ocrx_word' id='word_1_22' title='bbox 766 462 867 515; x_wconf 86' lang='lat' dir='ltr'><strong>nisi</strong></span> <span class='ocrx_word' id='word_1_23' title='bbox 892 461 1091 514; x_wconf 81' lang='lat' dir='ltr'><strong>viceris</strong></span> <span class='ocrx_word' id='word_1_24' title='bbox 1122 459 1305 523; x_wconf 93' lang='lat' dir='ltr'><strong>illum,</strong></span> <span class='ocrx_word' id='word_1_25' title='bbox 1333 473 1437 513; x_wconf 87' lang='lat' dir='ltr'><strong>non</strong></span> <span class='ocrx_word' id='word_1_26' title='bbox 1471 458 1723 513; x_wconf 90' lang='lat' dir='ltr'><strong>introibis</strong></span> <span class='ocrx_word' id='word_1_27' title='bbox 1757 459 1809 511; x_wconf 94' lang='lat' dir='ltr'><strong>in</strong></span> <span class='ocrx_word' id='word_1_28' title='bbox 1839 459 2059 511; x_wconf 87' lang='lat' dir='ltr'><strong>domum</strong></span> 
     </span>
    </p>
   </div>
   <div class='ocr_carea' id='block_1_6' title="bbox 480 549 2060 619">
    <p class='ocr_par' dir='ltr' id='par_1_6' title="bbox 480 549 2060 619">
     <span class='ocr_line' id='line_1_6' title="bbox 480 549 2060 619; baseline -0.003 -14"><span class='ocrx_word' id='word_1_29' title='bbox 480 552 658 607; x_wconf 86' lang='lat' dir='ltr'><strong>fortis.</strong></span> <span class='ocrx_word' id='word_1_30' title='bbox 713 551 821 607; x_wconf 86' lang='lat' dir='ltr'><strong>Nec</strong></span> <span class='ocrx_word' id='word_1_31' title='bbox 879 550 1020 604; x_wconf 88' lang='lat' dir='ltr'><strong>vinci</strong></span> <span class='ocrx_word' id='word_1_32' title='bbox 1072 549 1279 611; x_wconf 89' lang='lat' dir='ltr'><strong>solum,</strong></span> <span class='ocrx_word' id='word_1_33' title='bbox 1324 565 1508 605; x_wconf 87' lang='lat' dir='ltr'><strong>verum</strong></span> <span class='ocrx_word' id='word_1_34' title='bbox 1556 558 1611 603; x_wconf 91' lang='lat' dir='ltr'><strong>et</strong></span> <span class='ocrx_word' id='word_1_35' title='bbox 1654 549 1867 619; x_wconf 89' lang='lat' dir='ltr'><strong>alligari</strong></span> <span class='ocrx_word' id='word_1_36' title='bbox 1912 549 2060 603; x_wconf 90' lang='lat' dir='ltr'><strong>illum</strong></span> 
     </span>
    </p>
   </div>
   <div class='ocr_carea' id='block_1_7' title="bbox 481 642 2061 714">
    <p class='ocr_par' dir='ltr' id='par_1_7' title="bbox 481 642 2061 714">
     <span class='ocr_line' id='line_1_7' title="bbox 481 642 2061 714; baseline -0.001 -17"><span class='ocrx_word' id='word_1_37' title='bbox 481 654 715 714; x_wconf 87' lang='lat' dir='ltr'><strong>oportet.</strong></span> <span class='ocrx_word' id='word_1_38' title='bbox 762 643 873 701; x_wconf 88' lang='lat' dir='ltr'><strong>Nisi</strong></span> <span class='ocrx_word' id='word_1_39' title='bbox 918 642 1063 697; x_wconf 88' lang='lat' dir='ltr'><strong>enim</strong></span> <span class='ocrx_word' id='word_1_40' title='bbox 1109 642 1401 711; x_wconf 88' lang='lat' dir='ltr'><strong>alligetur,</strong></span> <span class='ocrx_word' id='word_1_41' title='bbox 1436 642 1854 713; x_wconf 78' lang='lat' dir='ltr'><strong>haudquaquam</strong></span> <span class='ocrx_word' id='word_1_42' title='bbox 1889 652 2061 696; x_wconf 87' lang='lat' dir='ltr'><strong>tntum</strong></span> 
     </span>
    </p>
   </div>
   <div class='ocr_carea' id='block_1_8' title="bbox 481 732 2062 807">
    <p class='ocr_par' dir='ltr' id='par_1_8' title="bbox 481 732 2062 807">
     <span class='ocr_line' id='line_1_8' title="bbox 481 732 2062 807; baseline -0.001 -19"><span class='ocrx_word' id='word_1_43' title='bbox 481 752 604 790; x_wconf 84' lang='lat' dir='ltr'><strong>esse</strong></span> <span class='ocrx_word' id='word_1_44' title='bbox 655 737 847 807; x_wconf 87' lang='lat' dir='ltr'><strong>poterit</strong></span> <span class='ocrx_word' id='word_1_45' title='bbox 895 735 999 790; x_wconf 83' lang='lat' dir='ltr'><strong>iter</strong></span> <span class='ocrx_word' id='word_1_46' title='bbox 1048 744 1315 791; x_wconf 80' lang='lat' dir='ltr'><strong>nostrum.</strong></span> <span class='ocrx_word' id='word_1_47' title='bbox 1358 734 1510 788; x_wconf 83' lang='lat' dir='ltr'><strong>Nunc</strong></span> <span class='ocrx_word' id='word_1_48' title='bbox 1542 750 1673 804; x_wconf 85' lang='lat' dir='ltr'><strong>ergo</strong></span> <span class='ocrx_word' id='word_1_49' title='bbox 1702 743 1961 803; x_wconf 88' lang='lat' dir='ltr'><strong>quantmn</strong></span> <span class='ocrx_word' id='word_1_50' title='bbox 1995 732 2062 786; x_wconf 88' lang='lat' dir='ltr'><strong>ad</strong></span> 
     </span>
    </p>
   </div>
   <div class='ocr_carea' id='block_1_9' title="bbox 481 826 2063 895">
    <p class='ocr_par' dir='ltr' id='par_1_9' title="bbox 481 826 2063 895">
     <span class='ocr_line' id='line_1_9' title="bbox 481 826 2063 895; baseline -0.001 -17"><span class='ocrx_word' id='word_1_51' title='bbox 481 826 943 895; x_wconf 88' lang='lat' dir='ltr'><strong>comparationem</strong></span> <span class='ocrx_word' id='word_1_52' title='bbox 971 827 1241 889; x_wconf 55' lang='lat' dir='ltr'><strong>humanas,</strong></span> <span class='ocrx_word' id='word_1_53' title='bbox 1275 837 1331 885; x_wconf 90' lang='lat' dir='ltr'><strong>ct</strong></span> <span class='ocrx_word' id='word_1_54' title='bbox 1360 826 1672 881; x_wconf 62' lang='lat' dir='ltr'><strong>daemonicae</strong></span> <span class='ocrx_word' id='word_1_55' title='bbox 1699 835 1930 886; x_wconf 70' lang='lat' dir='ltr'><strong>uaturm,</strong></span> <span class='ocrx_word' id='word_1_56' title='bbox 1963 839 2063 877; x_wconf 91' lang='lat' dir='ltr'><strong>nos</strong></span> 
     </span>
    </p>
   </div>
   <div class='ocr_carea' id='block_1_10' title="bbox 481 914 2062 987">
    <p class='ocr_par' dir='ltr' id='par_1_10' title="bbox 481 914 2062 987">
     <span class='ocr_line' id='line_1_10' title="bbox 481 914 2062 987; baseline -0.001 -16"><span class='ocrx_word' id='word_1_57' title='bbox 481 918 701 972; x_wconf 77' lang='lat' dir='ltr'><strong>locusta:</strong></span> <span class='ocrx_word' id='word_1_58' title='bbox 730 933 953 980; x_wconf 88' lang='lat' dir='ltr'><strong>sunms,</strong></span> <span class='ocrx_word' id='word_1_59' title='bbox 990 924 1043 969; x_wconf 92' lang='lat' dir='ltr'><strong>et</strong></span> <span class='ocrx_word' id='word_1_60' title='bbox 1070 914 1145 967; x_wconf 91' lang='lat' dir='ltr'><strong>illi</strong></span> <span class='ocrx_word' id='word_1_61' title='bbox 1181 916 1467 987; x_wconf 80' lang='lat' dir='ltr'><strong>gigantes;</strong></span> <span class='ocrx_word' id='word_1_62' title='bbox 1500 925 1555 970; x_wconf 88' lang='lat' dir='ltr'><strong>et</strong></span> <span class='ocrx_word' id='word_1_63' title='bbox 1583 915 1855 986; x_wconf 74' lang='lat' dir='ltr'><strong>pnecipue</strong></span> <span class='ocrx_word' id='word_1_64' title='bbox 1886 916 1930 969; x_wconf 90' lang='lat' dir='ltr'><strong>si</strong></span> <span class='ocrx_word' id='word_1_65' title='bbox 1965 917 2062 969; x_wconf 86' lang='lat' dir='ltr'><strong>du-</strong></span> 
     </span>
    </p>
   </div>
   <div class='ocr_carea' id='block_1_11' title="bbox 480 1008 2061 1079">
    <p class='ocr_par' dir='ltr' id='par_1_11' title="bbox 480 1008 2061 1079">
     <span class='ocr_line' id='line_1_11' title="bbox 480 1008 2061 1079; baseline -0.002 -15"><span class='ocrx_word' id='word_1_66' title='bbox 480 1009 569 1065; x_wconf 89' lang='lat' dir='ltr'><strong>bia</strong></span> <span class='ocrx_word' id='word_1_67' title='bbox 604 1011 675 1064; x_wconf 86' lang='lat' dir='ltr'><strong>sit</strong></span> <span class='ocrx_word' id='word_1_68' title='bbox 708 1010 840 1064; x_wconf 86' lang='lat' dir='ltr'><strong>ﬁdes</strong></span> <span class='ocrx_word' id='word_1_69' title='bbox 871 1017 1053 1063; x_wconf 89' lang='lat' dir='ltr'><strong>nostra</strong></span> <span class='ocrx_word' id='word_1_70' title='bbox 1081 1048 1095 1068; x_wconf 92' lang='lat'><strong>,</strong></span> <span class='ocrx_word' id='word_1_71' title='bbox 1129 1019 1183 1062; x_wconf 91' lang='lat' dir='ltr'><strong>et</strong></span> <span class='ocrx_word' id='word_1_72' title='bbox 1215 1010 1257 1062; x_wconf 89' lang='lat' dir='ltr'><strong>si</strong></span> <span class='ocrx_word' id='word_1_73' title='bbox 1289 1024 1387 1062; x_wconf 92' lang='lat' dir='ltr'><strong>nos</strong></span> <span class='ocrx_word' id='word_1_74' title='bbox 1418 1017 1723 1079; x_wconf 83' lang='lat' dir='ltr'><strong>perterrent</strong></span> <span class='ocrx_word' id='word_1_75' title='bbox 1754 1008 2061 1071; x_wconf 86' lang='lat' dir='ltr'><strong>inﬁdelitas,</strong></span> 
     </span>
    </p>
   </div>
   <div class='ocr_carea' id='block_1_12' title="bbox 484 1101 2066 1171">
    <p class='ocr_par' dir='ltr' id='par_1_12' title="bbox 484 1101 2066 1171">
     <span class='ocr_line' id='line_1_12' title="bbox 484 1101 2066 1171; baseline -0.002 -15"><span class='ocrx_word' id='word_1_76' title='bbox 484 1102 559 1156; x_wconf 91' lang='lat' dir='ltr'><strong>illi</strong></span> <span class='ocrx_word' id='word_1_77' title='bbox 599 1117 724 1156; x_wconf 86' lang='lat' dir='ltr'><strong>vere</strong></span> <span class='ocrx_word' id='word_1_78' title='bbox 759 1102 1004 1171; x_wconf 75' lang='lat' dir='ltr'><strong>gigantes</strong></span> <span class='ocrx_word' id='word_1_79' title='bbox 1035 1110 1227 1163; x_wconf 89' lang='lat' dir='ltr'><strong>erunt,</strong></span> <span class='ocrx_word' id='word_1_80' title='bbox 1254 1110 1307 1153; x_wconf 90' lang='lat' dir='ltr'><strong>et</strong></span> <span class='ocrx_word' id='word_1_81' title='bbox 1336 1117 1434 1155; x_wconf 88' lang='lat' dir='ltr'><strong>nus</strong></span> <span class='ocrx_word' id='word_1_82' title='bbox 1458 1101 1697 1156; x_wconf 62' lang='lat' dir='ltr'><strong>locustan</strong></span> <span class='ocrx_word' id='word_1_83' title='bbox 1738 1101 1793 1153; x_wconf 90' lang='lat' dir='ltr'><strong>Si</strong></span> <span class='ocrx_word' id='word_1_84' title='bbox 1826 1117 1955 1155; x_wconf 86' lang='lat' dir='ltr'><strong>vero</strong></span> <span class='ocrx_word' id='word_1_85' title='bbox 1979 1117 2066 1154; x_wconf 87' lang='lat' dir='ltr'><strong>se-</strong></span> 
     </span>
    </p>
   </div>
   <div class='ocr_carea' id='block_1_13' title="bbox 480 1192 2063 1265">
    <p class='ocr_par' dir='ltr' id='par_1_13' title="bbox 480 1192 2063 1265">
     <span class='ocr_line' id='line_1_13' title="bbox 480 1192 2063 1265; baseline 0 -18"><span class='ocrx_word' id='word_1_86' title='bbox 480 1210 712 1265; x_wconf 88' lang='lat' dir='ltr'><strong>quanmr</strong></span> <span class='ocrx_word' id='word_1_87' title='bbox 760 1192 945 1247; x_wconf 85' lang='lat' dir='ltr'><strong>Jesum</strong></span> <span class='ocrx_word' id='word_1_88' title='bbox 995 1202 1051 1246; x_wconf 89' lang='lat' dir='ltr'><strong>et</strong></span> <span class='ocrx_word' id='word_1_89' title='bbox 1102 1193 1391 1247; x_wconf 81' lang='lat' dir='ltr'><strong>credamus</strong></span> <span class='ocrx_word' id='word_1_90' title='bbox 1438 1195 1615 1249; x_wconf 81' lang='lat' dir='ltr'><strong>verbis</strong></span> <span class='ocrx_word' id='word_1_91' title='bbox 1660 1193 1809 1262; x_wconf 88' lang='lat' dir='ltr'><strong>ejus,</strong></span> <span class='ocrx_word' id='word_1_92' title='bbox 1851 1208 1914 1247; x_wconf 90' lang='lat' dir='ltr'><strong>ac</strong></span> <span class='ocrx_word' id='word_1_93' title='bbox 1963 1192 2063 1247; x_wconf 90' lang='lat' dir='ltr'><strong>ﬁde</strong></span> 
     </span>
    </p>
   </div>
   <div class='ocr_carea' id='block_1_14' title="bbox 480 1286 2063 1355">
    <p class='ocr_par' dir='ltr' id='par_1_14' title="bbox 480 1286 2063 1355">
     <span class='ocr_line' id='line_1_14' title="bbox 480 1286 2063 1355; baseline -0.001 -16"><span class='ocrx_word' id='word_1_94' title='bbox 480 1287 600 1355; x_wconf 84' lang='lat' dir='ltr'><strong>ejus</strong></span> <span class='ocrx_word' id='word_1_95' title='bbox 648 1286 988 1349; x_wconf 87' lang='lat' dir='ltr'><strong>repleamur,</strong></span> <span class='ocrx_word' id='word_1_96' title='bbox 1035 1296 1293 1354; x_wconf 90' lang='lat' dir='ltr'><strong>tanquam</strong></span> <span class='ocrx_word' id='word_1_97' title='bbox 1330 1286 1462 1340; x_wconf 92' lang='lat' dir='ltr'><strong>nihil</strong></span> <span class='ocrx_word' id='word_1_98' title='bbox 1494 1296 1652 1341; x_wconf 91' lang='lat' dir='ltr'><strong>erunt</strong></span> <span class='ocrx_word' id='word_1_99' title='bbox 1685 1287 1735 1342; x_wconf 94' lang='lat' dir='ltr'><strong>iu</strong></span> <span class='ocrx_word' id='word_1_100' title='bbox 1772 1297 2063 1355; x_wconf 90' lang='lat' dir='ltr'><strong>conspectu</strong></span> 
     </span>
    </p>
   </div>
   <div class='ocr_carea' id='block_1_15' title="bbox 481 1375 2060 1444">
    <p class='ocr_par' dir='ltr' id='par_1_15' title="bbox 481 1375 2060 1444">
     <span class='ocr_line' id='line_1_15' title="bbox 481 1375 2060 1444; baseline 0 -13"><span class='ocrx_word' id='word_1_101' title='bbox 481 1384 684 1431; x_wconf 90' lang='lat' dir='ltr'><strong>nostro.</strong></span> <span class='ocrx_word' id='word_1_102' title='bbox 709 1376 843 1429; x_wconf 82' lang='lat' dir='ltr'><strong>Audi</strong></span> <span class='ocrx_word' id='word_1_103' title='bbox 867 1375 1299 1444; x_wconf 87' lang='lat' dir='ltr'><strong>cuimqumnodo</strong></span> <span class='ocrx_word' id='word_1_104' title='bbox 1336 1392 1430 1431; x_wconf 92' lang='lat' dir='ltr'><strong>nos</strong></span> <span class='ocrx_word' id='word_1_105' title='bbox 1452 1378 1703 1431; x_wconf 90' lang='lat' dir='ltr'><strong>hortatur</strong></span> <span class='ocrx_word' id='word_1_106' title='bbox 1726 1418 1741 1442; x_wconf 89' lang='lat'><strong>,</strong></span> <span class='ocrx_word' id='word_1_107' title='bbox 1784 1387 1838 1432; x_wconf 91' lang='lat' dir='ltr'><strong>et</strong></span> <span class='ocrx_word' id='word_1_108' title='bbox 1887 1377 2060 1433; x_wconf 88' lang='lat' dir='ltr'><strong>dicit:</strong></span> 
     </span>
    </p>
   </div>
   <div class='ocr_carea' id='block_1_16' title="bbox 485 1468 2058 1535">
    <p class='ocr_par' dir='ltr' id='par_1_16' title="bbox 485 1468 2058 1535">
     <span class='ocr_line' id='line_1_16' title="bbox 485 1468 2058 1535; baseline 0.003 -17"><span class='ocrx_word' id='word_1_109' title='bbox 485 1488 502 1518; x_wconf 77' lang='grc' dir='ltr'><strong>ι</strong></span> <span class='ocrx_word' id='word_1_110' title='bbox 534 1468 590 1521; x_wconf 91' lang='lat' dir='ltr'><strong>Si</strong></span> <span class='ocrx_word' id='word_1_111' title='bbox 618 1476 762 1521; x_wconf 86' lang='lat' dir='ltr'><strong>amat</strong></span> <span class='ocrx_word' id='word_1_112' title='bbox 781 1483 878 1521; x_wconf 92' lang='lat' dir='ltr'><strong>nos</strong></span> <span class='ocrx_word' id='word_1_113' title='bbox 904 1468 1066 1529; x_wconf 85' lang='lat' dir='ltr'><strong>Deus,</strong></span> <span class='ocrx_word' id='word_1_114' title='bbox 1094 1468 1404 1525; x_wconf 88' lang='lat' dir='ltr'><strong>introducet</strong></span> <span class='ocrx_word' id='word_1_115' title='bbox 1428 1485 1528 1523; x_wconf 89' lang='lat' dir='ltr'><strong>nos</strong></span> <span class='ocrx_word' id='word_1_116' title='bbox 1552 1470 1603 1523; x_wconf 89' lang='lat' dir='ltr'><strong>in</strong></span> <span class='ocrx_word' id='word_1_117' title='bbox 1627 1480 1823 1525; x_wconf 90' lang='lat' dir='ltr'><strong>terram</strong></span> <span class='ocrx_word' id='word_1_118' title='bbox 1848 1469 2007 1535; x_wconf 87' lang='lat' dir='ltr'><strong>hanc,</strong></span> <span class='ocrx_word' id='word_1_119' title='bbox 2039 1488 2058 1522; x_wconf 74' lang='grc' dir='ltr'><strong>ι</strong></span> 
     </span>
    </p>
   </div>
   <div class='ocr_carea' id='block_1_17' title="bbox 480 1558 2065 1629">
    <p class='ocr_par' dir='ltr' id='par_1_17' title="bbox 480 1558 2065 1629">
     <span class='ocr_line' id='line_1_17' title="bbox 480 1558 2065 1629; baseline 0.004 -20"><span class='ocrx_word' id='word_1_120' title='bbox 480 1558 738 1627; x_wconf 87' lang='lat' dir='ltr'><strong>quoniam</strong></span> <span class='ocrx_word' id='word_1_121' title='bbox 772 1558 911 1612; x_wconf 90' lang='lat' dir='ltr'><strong>bona</strong></span> <span class='ocrx_word' id='word_1_122' title='bbox 940 1568 1043 1619; x_wconf 87' lang='lat' dir='ltr'><strong>est,</strong></span> <span class='ocrx_word' id='word_1_123' title='bbox 1078 1569 1132 1612; x_wconf 87' lang='lat' dir='ltr'><strong>et</strong></span> <span class='ocrx_word' id='word_1_124' title='bbox 1166 1559 1375 1613; x_wconf 85' lang='lat' dir='ltr'><strong>fructus</strong></span> <span class='ocrx_word' id='word_1_125' title='bbox 1405 1558 1522 1627; x_wconf 90' lang='lat' dir='ltr'><strong>ejus</strong></span> <span class='ocrx_word' id='word_1_126' title='bbox 1561 1558 1848 1613; x_wconf 85' lang='lat' dir='ltr'><strong>mirabilis.</strong></span> <span class='ocrx_word' id='word_1_127' title='bbox 1879 1559 2065 1629; x_wconf 85' lang='lat' dir='ltr'><strong>Typus</strong></span> 
     </span>
    </p>
   </div>
   <div class='ocr_carea' id='block_1_18' title="bbox 479 1650 2065 1722">
    <p class='ocr_par' dir='ltr' id='par_1_18' title="bbox 479 1650 2065 1722">
     <span class='ocr_line' id='line_1_18' title="bbox 479 1650 2065 1722; baseline -0.001 -16"><span class='ocrx_word' id='word_1_128' title='bbox 479 1669 628 1722; x_wconf 83' lang='lat' dir='ltr'><strong>ergo,</strong></span> <span class='ocrx_word' id='word_1_129' title='bbox 655 1662 706 1706; x_wconf 91' lang='lat' dir='ltr'><strong>et</strong></span> <span class='ocrx_word' id='word_1_130' title='bbox 733 1653 899 1721; x_wconf 88' lang='lat' dir='ltr'><strong>ﬁgura</strong></span> <span class='ocrx_word' id='word_1_131' title='bbox 929 1667 1048 1720; x_wconf 65' lang='lat' dir='ltr'><strong>quae</strong></span> <span class='ocrx_word' id='word_1_132' title='bbox 1079 1651 1359 1720; x_wconf 58' lang='lat' dir='ltr'><strong>praecessit</strong></span> <span class='ocrx_word' id='word_1_133' title='bbox 1386 1651 1436 1702; x_wconf 91' lang='lat' dir='ltr'><strong>in</strong></span> <span class='ocrx_word' id='word_1_134' title='bbox 1464 1650 1733 1719; x_wconf 90' lang='lat' dir='ltr'><strong>patribus,</strong></span> <span class='ocrx_word' id='word_1_135' title='bbox 1761 1650 2065 1719; x_wconf 84' lang='lat' dir='ltr'><strong>completur</strong></span> 
     </span>
    </p>
   </div>
   <div class='ocr_carea' id='block_1_19' title="bbox 2166 452 3757 523">
    <p class='ocr_par' dir='ltr' id='par_1_19' title="bbox 2166 452 3757 523">
     <span class='ocr_line' id='line_1_19' title="bbox 2166 452 3757 523; baseline 0.001 -16"><span class='ocrx_word' id='word_1_136' title='bbox 2166 463 2350 521; x_wconf 87' lang='lat' dir='ltr'><strong>pterca</strong></span> <span class='ocrx_word' id='word_1_137' title='bbox 2386 462 2437 507; x_wconf 90' lang='lat' dir='ltr'><strong>et</strong></span> <span class='ocrx_word' id='word_1_138' title='bbox 2466 457 2602 508; x_wconf 89' lang='lat' dir='ltr'><strong>hanc</strong></span> <span class='ocrx_word' id='word_1_139' title='bbox 2635 467 2871 523; x_wconf 78' lang='lat' dir='ltr'><strong>pugnam</strong></span> <span class='ocrx_word' id='word_1_140' title='bbox 2900 452 3205 522; x_wconf 78' lang='lat' dir='ltr'><strong>spiritalem</strong></span> <span class='ocrx_word' id='word_1_141' title='bbox 3231 462 3393 522; x_wconf 88' lang='lat' dir='ltr'><strong>atque</strong></span> <span class='ocrx_word' id='word_1_142' title='bbox 3426 454 3757 511; x_wconf 75' lang='lat' dir='ltr'><strong>invisibilem</strong></span> 
     </span>
    </p>
   </div>
   <div class='ocr_carea' id='block_1_20' title="bbox 2166 545 3756 616">
    <p class='ocr_par' dir='ltr' id='par_1_20' title="bbox 2166 545 3756 616">
     <span class='ocr_line' id='line_1_20' title="bbox 2166 545 3756 616; baseline 0.003 -19"><span class='ocrx_word' id='word_1_143' title='bbox 2166 547 2505 616; x_wconf 82' lang='lat' dir='ltr'><strong>pugnaturis,</strong></span> <span class='ocrx_word' id='word_1_144' title='bbox 2540 545 2805 614; x_wconf 81' lang='lat' dir='ltr'><strong>Spiritalia</strong></span> <span class='ocrx_word' id='word_1_145' title='bbox 2852 561 3027 610; x_wconf 88' lang='lat' dir='ltr'><strong>arma,</strong></span> <span class='ocrx_word' id='word_1_146' title='bbox 3062 557 3117 601; x_wconf 91' lang='lat' dir='ltr'><strong>et</strong></span> <span class='ocrx_word' id='word_1_147' title='bbox 3142 546 3432 601; x_wconf 86' lang='lat' dir='ltr'><strong>invisibilia</strong></span> <span class='ocrx_word' id='word_1_148' title='bbox 3478 548 3581 601; x_wconf 92' lang='lat' dir='ltr'><strong>tcla</strong></span> <span class='ocrx_word' id='word_1_149' title='bbox 3610 565 3756 603; x_wconf 58' lang='lat' dir='ltr'><strong>rom.</strong></span> 
     </span>
    </p>
   </div>
   <div class='ocr_carea' id='block_1_21' title="bbox 2166 637 3758 707">
    <p class='ocr_par' dir='ltr' id='par_1_21' title="bbox 2166 637 3758 707">
     <span class='ocr_line' id='line_1_21' title="bbox 2166 637 3758 707; baseline 0.003 -18"><span class='ocrx_word' id='word_1_150' title='bbox 2166 637 2338 707; x_wconf 85' lang='lat' dir='ltr'><strong>ponit,</strong></span> <span class='ocrx_word' id='word_1_151' title='bbox 2377 648 2432 693; x_wconf 91' lang='lat' dir='ltr'><strong>et</strong></span> <span class='ocrx_word' id='word_1_152' title='bbox 2480 638 2616 693; x_wconf 87' lang='lat' dir='ltr'><strong>dicit</strong></span> <span class='ocrx_word' id='word_1_153' title='bbox 2659 638 2705 669; x_wconf 79' lang='grc'><strong>⁸⁸</strong></span> <span class='ocrx_word' id='word_1_154' title='bbox 2738 656 2751 692; x_wconf 90' lang='lat'><strong>:</strong></span> <span class='ocrx_word' id='word_1_155' title='bbox 2786 655 2805 689; x_wconf 77' lang='grc' dir='ltr'><strong>ι</strong></span> <span class='ocrx_word' id='word_1_156' title='bbox 2855 638 3069 694; x_wconf 86' lang='lat' dir='ltr'><strong>lnduite</strong></span> <span class='ocrx_word' id='word_1_157' title='bbox 3116 653 3215 694; x_wconf 86' lang='lat' dir='ltr'><strong>vos</strong></span> <span class='ocrx_word' id='word_1_158' title='bbox 3247 639 3471 694; x_wconf 87' lang='lat' dir='ltr'><strong>loricam</strong></span> <span class='ocrx_word' id='word_1_159' title='bbox 3514 642 3758 695; x_wconf 75' lang='lat' dir='ltr'><strong>charita-</strong></span> 
     </span>
    </p>
   </div>
   <div class='ocr_carea' id='block_1_22' title="bbox 2168 731 3759 803">
    <p class='ocr_par' dir='ltr' id='par_1_22' title="bbox 2168 731 3759 803">
     <span class='ocr_line' id='line_1_22' title="bbox 2168 731 3759 803; baseline 0.003 -18"><span class='ocrx_word' id='word_1_160' title='bbox 2168 732 2235 785; x_wconf 91' lang='lat' dir='ltr'><strong>tis</strong></span> <span class='ocrx_word' id='word_1_161' title='bbox 2262 731 2393 803; x_wconf 90' lang='lat'><strong>(88),</strong></span> <span class='ocrx_word' id='word_1_162' title='bbox 2417 739 2470 783; x_wconf 87' lang='lat' dir='ltr'><strong>et</strong></span> <span class='ocrx_word' id='word_1_163' title='bbox 2511 731 2718 800; x_wconf 83' lang='lat' dir='ltr'><strong>galeam</strong></span> <span class='ocrx_word' id='word_1_164' title='bbox 2748 731 2963 799; x_wconf 88' lang='lat' dir='ltr'><strong>salutis,</strong></span> <span class='ocrx_word' id='word_1_165' title='bbox 2983 741 3038 787; x_wconf 92' lang='lat' dir='ltr'><strong>et</strong></span> <span class='ocrx_word' id='word_1_166' title='bbox 3070 733 3331 789; x_wconf 89' lang='lat' dir='ltr'><strong>assumite</strong></span> <span class='ocrx_word' id='word_1_167' title='bbox 3363 744 3580 790; x_wconf 86' lang='lat' dir='ltr'><strong>scutum</strong></span> <span class='ocrx_word' id='word_1_168' title='bbox 3612 735 3759 795; x_wconf 91' lang='lat' dir='ltr'><strong>ﬁdei.</strong></span> 
     </span>
    </p>
   </div>
   <div class='ocr_carea' id='block_1_23' title="bbox 2169 822 3757 897">
    <p class='ocr_par' dir='ltr' id='par_1_23' title="bbox 2169 822 3757 897">
     <span class='ocr_line' id='line_1_23' title="bbox 2169 822 3757 897; baseline 0.004 -20"><span class='ocrx_word' id='word_1_169' title='bbox 2169 825 2343 895; x_wconf 83' lang='lat' dir='ltr'><strong>inquo</strong></span> <span class='ocrx_word' id='word_1_170' title='bbox 2365 824 2587 894; x_wconf 69' lang='lat' dir='ltr'><strong>possitis</strong></span> <span class='ocrx_word' id='word_1_171' title='bbox 2608 825 2788 879; x_wconf 81' lang='lat' dir='ltr'><strong>omnia</strong></span> <span class='ocrx_word' id='word_1_172' title='bbox 2817 822 2920 877; x_wconf 86' lang='lat' dir='ltr'><strong>tela</strong></span> <span class='ocrx_word' id='word_1_173' title='bbox 2942 825 3163 896; x_wconf 88' lang='lat' dir='ltr'><strong>maligni</strong></span> <span class='ocrx_word' id='word_1_174' title='bbox 3191 826 3357 893; x_wconf 80' lang='lat' dir='ltr'><strong>ignita</strong></span> <span class='ocrx_word' id='word_1_175' title='bbox 3385 828 3757 897; x_wconf 75' lang='lat' dir='ltr'><strong>exstinguere.</strong></span> 
     </span>
    </p>
   </div>
   <div class='ocr_carea' id='block_1_24' title="bbox 2170 915 3762 989">
    <p class='ocr_par' dir='ltr' id='par_1_24' title="bbox 2170 915 3762 989">
     <span class='ocr_line' id='line_1_24' title="bbox 2170 915 3762 989; baseline 0.003 -20"><span class='ocrx_word' id='word_1_176' title='bbox 2170 917 2275 970; x_wconf 88' lang='lat' dir='ltr'><strong>Sed</strong></span> <span class='ocrx_word' id='word_1_177' title='bbox 2306 925 2361 975; x_wconf 88' lang='lat' dir='ltr'><strong>et</strong></span> <span class='ocrx_word' id='word_1_178' title='bbox 2394 915 2631 986; x_wconf 85' lang='lat' dir='ltr'><strong>gladium</strong></span> <span class='ocrx_word' id='word_1_179' title='bbox 2673 916 2920 985; x_wconf 87' lang='lat' dir='ltr'><strong>spiritus,</strong></span> <span class='ocrx_word' id='word_1_180' title='bbox 2951 916 3151 987; x_wconf 90' lang='lat' dir='ltr'><strong>inquit,</strong></span> <span class='ocrx_word' id='word_1_181' title='bbox 3183 920 3465 980; x_wconf 85' lang='lat' dir='ltr'><strong>assumite,</strong></span> <span class='ocrx_word' id='word_1_182' title='bbox 3504 921 3647 989; x_wconf 85' lang='lat' dir='ltr'><strong>quod</strong></span> <span class='ocrx_word' id='word_1_183' title='bbox 3673 930 3762 973; x_wconf 88' lang='lat' dir='ltr'><strong>est</strong></span> 
     </span>
    </p>
   </div>
   <div class='ocr_carea' id='block_1_25' title="bbox 2146 1005 3764 1079">
    <p class='ocr_par' dir='ltr' id='par_1_25' title="bbox 2146 1005 3764 1079">
     <span class='ocr_line' id='line_1_25' title="bbox 2146 1005 3764 1079; baseline 0.002 -19"><span class='ocrx_word' id='word_1_184' title='bbox 2146 1008 2392 1063; x_wconf 62' lang='lat' dir='ltr'><strong>&#39;verhum</strong></span> <span class='ocrx_word' id='word_1_185' title='bbox 2435 1005 2548 1061; x_wconf 90' lang='lat' dir='ltr'><strong>Dei.</strong></span> <span class='ocrx_word' id='word_1_186' title='bbox 2588 1026 2606 1058; x_wconf 76' lang='grc' dir='ltr'><strong>ι</strong></span> <span class='ocrx_word' id='word_1_187' title='bbox 2640 1005 2775 1062; x_wconf 89' lang='lat' dir='ltr'><strong>Cum</strong></span> <span class='ocrx_word' id='word_1_188' title='bbox 2813 1024 2942 1079; x_wconf 80' lang='lat' dir='ltr'><strong>ergo</strong></span> <span class='ocrx_word' id='word_1_189' title='bbox 2988 1010 3185 1067; x_wconf 85' lang='lat' dir='ltr'><strong>talibus</strong></span> <span class='ocrx_word' id='word_1_190' title='bbox 3236 1022 3291 1069; x_wconf 88' lang='lat' dir='ltr'><strong>te</strong></span> <span class='ocrx_word' id='word_1_191' title='bbox 3342 1014 3648 1068; x_wconf 87' lang='lat' dir='ltr'><strong>armaveris</strong></span> <span class='ocrx_word' id='word_1_192' title='bbox 3679 1026 3764 1068; x_wconf 78' lang='lat' dir='ltr'><strong>te-</strong></span> 
     </span>
    </p>
   </div>
   <div class='ocr_carea' id='block_1_26' title="bbox 2173 1094 3761 1173">
    <p class='ocr_par' dir='ltr' id='par_1_26' title="bbox 2173 1094 3761 1173">
     <span class='ocr_line' id='line_1_26' title="bbox 2173 1094 3761 1173; baseline 0.004 -21"><span class='ocrx_word' id='word_1_193' title='bbox 2173 1099 2260 1163; x_wconf 89' lang='lat' dir='ltr'><strong>lis,</strong></span> <span class='ocrx_word' id='word_1_194' title='bbox 2289 1112 2523 1169; x_wconf 89' lang='lat' dir='ltr'><strong>scqueus</strong></span> <span class='ocrx_word' id='word_1_195' title='bbox 2548 1094 2731 1152; x_wconf 87' lang='lat' dir='ltr'><strong>Jesum</strong></span> <span class='ocrx_word' id='word_1_196' title='bbox 2763 1100 2977 1167; x_wconf 90' lang='lat' dir='ltr'><strong>ducem,</strong></span> <span class='ocrx_word' id='word_1_197' title='bbox 3014 1118 3120 1157; x_wconf 92' lang='lat' dir='ltr'><strong>nou</strong></span> <span class='ocrx_word' id='word_1_198' title='bbox 3146 1104 3387 1157; x_wconf 83' lang='lat' dir='ltr'><strong>verearis</strong></span> <span class='ocrx_word' id='word_1_199' title='bbox 3414 1105 3664 1173; x_wconf 79' lang='lat' dir='ltr'><strong>gigantes</strong></span> <span class='ocrx_word' id='word_1_200' title='bbox 3695 1107 3761 1158; x_wconf 81' lang='lat' dir='ltr'><strong>il—</strong></span> 
     </span>
    </p>
   </div>
   <div class='ocr_carea' id='block_1_27' title="bbox 2172 1189 3760 1262">
    <p class='ocr_par' dir='ltr' id='par_1_27' title="bbox 2172 1189 3760 1262">
     <span class='ocr_line' id='line_1_27' title="bbox 2172 1189 3760 1262; baseline 0.004 -21"><span class='ocrx_word' id='word_1_201' title='bbox 2172 1189 2248 1245; x_wconf 91' lang='lat' dir='ltr'><strong>los</strong></span> <span class='ocrx_word' id='word_1_202' title='bbox 2280 1206 2292 1241; x_wconf 90' lang='lat'><strong>:</strong></span> <span class='ocrx_word' id='word_1_203' title='bbox 2326 1190 2532 1245; x_wconf 87' lang='lat' dir='ltr'><strong>videbis</strong></span> <span class='ocrx_word' id='word_1_204' title='bbox 2558 1190 2704 1244; x_wconf 87' lang='lat' dir='ltr'><strong>enim</strong></span> <span class='ocrx_word' id='word_1_205' title='bbox 2724 1195 3011 1261; x_wconf 74' lang='lat' dir='ltr'><strong>quomodo</strong></span> <span class='ocrx_word' id='word_1_206' title='bbox 3042 1207 3137 1248; x_wconf 90' lang='lat' dir='ltr'><strong>cos</strong></span> <span class='ocrx_word' id='word_1_207' title='bbox 3162 1193 3255 1247; x_wconf 87' lang='lat' dir='ltr'><strong>tibi</strong></span> <span class='ocrx_word' id='word_1_208' title='bbox 3290 1194 3549 1262; x_wconf 87' lang='lat' dir='ltr'><strong>subjiciet</strong></span> <span class='ocrx_word' id='word_1_209' title='bbox 3576 1198 3760 1249; x_wconf 88' lang='lat' dir='ltr'><strong>Domi-</strong></span> 
     </span>
    </p>
   </div>
   <div class='ocr_carea' id='block_1_28' title="bbox 2170 1266 3761 1349">
    <p class='ocr_par' dir='ltr' id='par_1_28' title="bbox 2170 1266 3761 1349">
     <span class='ocr_line' id='line_1_28' title="bbox 2170 1266 3761 1349; baseline 0.004 -13"><span class='ocrx_word' id='word_1_210' title='bbox 2170 1298 2271 1337; x_wconf 90' lang='lat' dir='ltr'><strong>nus</strong></span> <span class='ocrx_word' id='word_1_211' title='bbox 2320 1282 2519 1338; x_wconf 86' lang='lat' dir='ltr'><strong>Jesus:</strong></span> <span class='ocrx_word' id='word_1_212' title='bbox 2556 1291 2611 1336; x_wconf 83' lang='lat' dir='ltr'><strong>ct</strong></span> <span class='ocrx_word' id='word_1_213' title='bbox 2669 1266 2813 1341; x_wconf 71' lang='lat' dir='ltr'><strong>sicut</strong></span> <span class='ocrx_word' id='word_1_214' title='bbox 2871 1294 3054 1349; x_wconf 82' lang='lat' dir='ltr'><strong>patres</strong></span> <span class='ocrx_word' id='word_1_215' title='bbox 3104 1286 3453 1341; x_wconf 80' lang='lat' dir='ltr'><strong>calcaverunt</strong></span> <span class='ocrx_word' id='word_1_216' title='bbox 3511 1288 3761 1343; x_wconf 67' lang='lat' dir='ltr'><strong>cervici-5</strong></span> 
     </span>
    </p>
   </div>
   <div class='ocr_carea' id='block_1_29' title="bbox 2169 1377 3757 1445">
    <p class='ocr_par' dir='ltr' id='par_1_29' title="bbox 2169 1377 3757 1445">
     <span class='ocr_line' id='line_1_29' title="bbox 2169 1377 3757 1445; baseline 0.004 -17"><span class='ocrx_word' id='word_1_217' title='bbox 2169 1378 2435 1445; x_wconf 82' lang='lat' dir='ltr'><strong>gentium,</strong></span> <span class='ocrx_word' id='word_1_218' title='bbox 2465 1377 2537 1430; x_wconf 90' lang='lat' dir='ltr'><strong>ita</strong></span> <span class='ocrx_word' id='word_1_219' title='bbox 2576 1387 2631 1432; x_wconf 90' lang='lat' dir='ltr'><strong>ct</strong></span> <span class='ocrx_word' id='word_1_220' title='bbox 2664 1387 2719 1432; x_wconf 92' lang='lat' dir='ltr'><strong>tu</strong></span> <span class='ocrx_word' id='word_1_221' title='bbox 2767 1378 3008 1432; x_wconf 88' lang='lat' dir='ltr'><strong>calcabis</strong></span> <span class='ocrx_word' id='word_1_222' title='bbox 3042 1393 3206 1445; x_wconf 85' lang='lat' dir='ltr'><strong>super</strong></span> <span class='ocrx_word' id='word_1_223' title='bbox 3256 1380 3504 1435; x_wconf 78' lang='lat' dir='ltr'><strong>cervices</strong></span> <span class='ocrx_word' id='word_1_224' title='bbox 3553 1381 3757 1435; x_wconf 77' lang='lat' dir='ltr'><strong>dzcmo-</strong></span> 
     </span>
    </p>
   </div>
   <div class='ocr_carea' id='block_1_30' title="bbox 2169 1468 3753 1542">
    <p class='ocr_par' dir='ltr' id='par_1_30' title="bbox 2169 1468 3753 1542">
     <span class='ocr_line' id='line_1_30' title="bbox 2169 1468 3753 1542; baseline 0.002 -20"><span class='ocrx_word' id='word_1_225' title='bbox 2169 1485 2320 1524; x_wconf 92' lang='lat' dir='ltr'><strong>num.</strong></span> <span class='ocrx_word' id='word_1_226' title='bbox 2358 1468 2477 1540; x_wconf 89' lang='lat' dir='ltr'><strong>Ipse</strong></span> <span class='ocrx_word' id='word_1_227' title='bbox 2512 1473 2657 1529; x_wconf 89' lang='lat' dir='ltr'><strong>enim</strong></span> <span class='ocrx_word' id='word_1_228' title='bbox 2693 1473 2826 1526; x_wconf 90' lang='lat' dir='ltr'><strong>dicit</strong></span> <span class='ocrx_word' id='word_1_229' title='bbox 2853 1472 2944 1535; x_wconf 89' lang='lat' dir='ltr'><strong>iis,</strong></span> <span class='ocrx_word' id='word_1_230' title='bbox 2968 1473 3059 1540; x_wconf 87' lang='lat' dir='ltr'><strong>qui</strong></span> <span class='ocrx_word' id='word_1_231' title='bbox 3090 1486 3212 1525; x_wconf 88' lang='lat' dir='ltr'><strong>eum</strong></span> <span class='ocrx_word' id='word_1_232' title='bbox 3251 1470 3486 1526; x_wconf 90' lang='lat' dir='ltr'><strong>ﬁdeliter</strong></span> <span class='ocrx_word' id='word_1_233' title='bbox 3514 1487 3753 1542; x_wconf 64' lang='lat' dir='ltr'><strong>sequuti“-</strong></span> 
     </span>
    </p>
   </div>
   <div class='ocr_carea' id='block_1_31' title="bbox 2172 1560 3755 1630">
    <p class='ocr_par' dir='ltr' id='par_1_31' title="bbox 2172 1560 3755 1630">
     <span class='ocr_line' id='line_1_31' title="bbox 2172 1560 3755 1630; baseline 0.001 -18"><span class='ocrx_word' id='word_1_234' title='bbox 2172 1568 2258 1613; x_wconf 91' lang='lat' dir='ltr'><strong>tur</strong></span> <span class='ocrx_word' id='word_1_235' title='bbox 2279 1561 2359 1616; x_wconf 67' lang='lat'><strong>‘7:</strong></span> <span class='ocrx_word' id='word_1_236' title='bbox 2399 1579 2417 1612; x_wconf 75' lang='grc' dir='ltr'><strong>ι</strong></span> <span class='ocrx_word' id='word_1_237' title='bbox 2455 1561 2591 1617; x_wconf 86' lang='lat' dir='ltr'><strong>Ecce</strong></span> <span class='ocrx_word' id='word_1_238' title='bbox 2621 1562 2743 1615; x_wconf 89' lang='lat' dir='ltr'><strong>dedi</strong></span> <span class='ocrx_word' id='word_1_239' title='bbox 2778 1561 2933 1614; x_wconf 81' lang='lat' dir='ltr'><strong>vobis</strong></span> <span class='ocrx_word' id='word_1_240' title='bbox 2963 1568 3292 1630; x_wconf 85' lang='lat' dir='ltr'><strong>potestatem</strong></span> <span class='ocrx_word' id='word_1_241' title='bbox 3318 1560 3557 1617; x_wconf 80' lang='lat' dir='ltr'><strong>calcandi</strong></span> <span class='ocrx_word' id='word_1_242' title='bbox 3583 1576 3755 1629; x_wconf 65' lang='lat' dir='ltr'><strong>super</strong></span> 
     </span>
    </p>
   </div>
   <div class='ocr_carea' id='block_1_32' title="bbox 2168 1652 3745 1722">
    <p class='ocr_par' dir='ltr' id='par_1_32' title="bbox 2168 1652 3745 1722">
     <span class='ocr_line' id='line_1_32' title="bbox 2168 1652 3745 1722; baseline 0.001 -19"><span class='ocrx_word' id='word_1_243' title='bbox 2168 1661 2475 1720; x_wconf 88' lang='lat' dir='ltr'><strong>serpentes,</strong></span> <span class='ocrx_word' id='word_1_244' title='bbox 2506 1662 2559 1706; x_wconf 88' lang='lat' dir='ltr'><strong>et</strong></span> <span class='ocrx_word' id='word_1_245' title='bbox 2584 1653 2926 1722; x_wconf 86' lang='lat' dir='ltr'><strong>scorpiones,</strong></span> <span class='ocrx_word' id='word_1_246' title='bbox 2962 1661 3018 1707; x_wconf 90' lang='lat' dir='ltr'><strong>et</strong></span> <span class='ocrx_word' id='word_1_247' title='bbox 3042 1666 3204 1719; x_wconf 82' lang='lat' dir='ltr'><strong>super</strong></span> <span class='ocrx_word' id='word_1_248' title='bbox 3248 1666 3458 1706; x_wconf 89' lang='lat' dir='ltr'><strong>omnem</strong></span> <span class='ocrx_word' id='word_1_249' title='bbox 3488 1652 3745 1705; x_wconf 72' lang='lat' dir='ltr'><strong>virtutem</strong></span> 
     </span>
    </p>
   </div>
   <div class='ocr_carea' id='block_1_33' title="bbox 481 1724 3741 1812">
    <p class='ocr_par' dir='ltr' id='par_1_33' title="bbox 481 1724 3741 1812">
     <span class='ocr_line' id='line_1_33' title="bbox 481 1724 3741 1812; baseline -0.002 -13"><span class='ocrx_word' id='word_1_250' title='bbox 481 1747 532 1799; x_wconf 92' lang='lat' dir='ltr'><strong>in</strong></span> <span class='ocrx_word' id='word_1_251' title='bbox 586 1745 763 1799; x_wconf 88' lang='lat' dir='ltr'><strong>nobis.</strong></span> <span class='ocrx_word' id='word_1_252' title='bbox 811 1743 1103 1812; x_wconf 83' lang='lat' dir='ltr'><strong>chceruut</strong></span> <span class='ocrx_word' id='word_1_253' title='bbox 1152 1743 1229 1797; x_wconf 93' lang='lat' dir='ltr'><strong>illi</strong></span> <span class='ocrx_word' id='word_1_254' title='bbox 1281 1751 1503 1809; x_wconf 79' lang='lat' dir='ltr'><strong>gentes,</strong></span> <span class='ocrx_word' id='word_1_255' title='bbox 1537 1753 1591 1796; x_wconf 90' lang='lat' dir='ltr'><strong>ct</strong></span> <span class='ocrx_word' id='word_1_256' title='bbox 1627 1744 1904 1798; x_wconf 89' lang='lat' dir='ltr'><strong>consecuti</strong></span> <span class='ocrx_word' id='word_1_257' title='bbox 1938 1753 2064 1796; x_wconf 91' lang='lat' dir='ltr'><strong>sunt</strong></span> <span class='ocrx_word' id='word_1_258' title='bbox 2098 1724 2136 1777; x_wconf 71' lang='grc' dir='ltr'>Β</span> <span class='ocrx_word' id='word_1_259' title='bbox 2169 1742 2394 1801; x_wconf 84' lang='lat' dir='ltr'><strong>inimici.</strong></span> <span class='ocrx_word' id='word_1_260' title='bbox 2427 1762 2445 1799; x_wconf 84' lang='grc'><strong>›</strong></span> <span class='ocrx_word' id='word_1_261' title='bbox 2484 1743 2608 1798; x_wconf 81' lang='lat' dir='ltr'><strong>Vult</strong></span> <span class='ocrx_word' id='word_1_262' title='bbox 2634 1745 2781 1799; x_wconf 88' lang='lat' dir='ltr'><strong>enim</strong></span> <span class='ocrx_word' id='word_1_263' title='bbox 2815 1758 3032 1812; x_wconf 84' lang='lat' dir='ltr'><strong>semper</strong></span> <span class='ocrx_word' id='word_1_264' title='bbox 3058 1742 3219 1798; x_wconf 85' lang='lat' dir='ltr'><strong>Jesus</strong></span> <span class='ocrx_word' id='word_1_265' title='bbox 3250 1758 3342 1805; x_wconf 78' lang='lat' dir='ltr'><strong>res</strong></span> <span class='ocrx_word' id='word_1_266' title='bbox 3371 1742 3637 1797; x_wconf 79' lang='lat' dir='ltr'><strong>mirabiles</strong></span> <span class='ocrx_word' id='word_1_267' title='bbox 3661 1743 3741 1793; x_wconf 83' lang='lat' dir='ltr'><strong>fa—</strong></span> 
     </span>
    </p>
   </div>
   <div class='ocr_carea' id='block_1_34' title="bbox 483 1832 2060 1889">
    <p class='ocr_par' dir='ltr' id='par_1_34' title="bbox 483 1832 2060 1889">
     <span class='ocr_line' id='line_1_34' title="bbox 483 1832 2060 1889; baseline -0.001 0"><span class='ocrx_word' id='word_1_268' title='bbox 483 1836 853 1889; x_wconf 73' lang='lat' dir='ltr'><strong>hrereditatem</strong></span> <span class='ocrx_word' id='word_1_269' title='bbox 896 1849 1109 1889; x_wconf 90' lang='lat' dir='ltr'><strong>eorum.</strong></span> <span class='ocrx_word' id='word_1_270' title='bbox 1154 1832 1441 1888; x_wconf 88' lang='lat' dir='ltr'><strong>Consecuti</strong></span> <span class='ocrx_word' id='word_1_271' title='bbox 1488 1843 1613 1887; x_wconf 91' lang='lat' dir='ltr'><strong>sunt</strong></span> <span class='ocrx_word' id='word_1_272' title='bbox 1657 1835 1800 1887; x_wconf 90' lang='lat' dir='ltr'><strong>enim</strong></span> <span class='ocrx_word' id='word_1_273' title='bbox 1846 1849 2060 1889; x_wconf 86' lang='lat' dir='ltr'><strong>onmem</strong></span> 
     </span>
    </p>
   </div>
   <div class='ocr_carea' id='block_1_35' title="bbox 481 1923 2059 1990">
    <p class='ocr_par' dir='ltr' id='par_1_35' title="bbox 481 1923 2059 1990">
     <span class='ocr_line' id='line_1_35' title="bbox 481 1923 2059 1990; baseline -0.001 -9"><span class='ocrx_word' id='word_1_274' title='bbox 481 1937 684 1982; x_wconf 73' lang='lat' dir='ltr'><strong>verram</strong></span> <span class='ocrx_word' id='word_1_275' title='bbox 711 1923 932 1987; x_wconf 70' lang='lat' dir='ltr'><strong>Judzcze,</strong></span> <span class='ocrx_word' id='word_1_276' title='bbox 970 1935 1024 1977; x_wconf 90' lang='lat' dir='ltr'><strong>et</strong></span> <span class='ocrx_word' id='word_1_277' title='bbox 1054 1923 1353 1978; x_wconf 87' lang='lat' dir='ltr'><strong>Jerusalem</strong></span> <span class='ocrx_word' id='word_1_278' title='bbox 1389 1924 1705 1990; x_wconf 86' lang='lat' dir='ltr'><strong>civitatem,</strong></span> <span class='ocrx_word' id='word_1_279' title='bbox 1735 1933 1790 1977; x_wconf 92' lang='lat' dir='ltr'><strong>et</strong></span> <span class='ocrx_word' id='word_1_280' title='bbox 1825 1936 2059 1981; x_wconf 86' lang='lat' dir='ltr'><strong>montem</strong></span> 
     </span>
    </p>
   </div>
   <div class='ocr_carea' id='block_1_36' title="bbox 482 2014 2063 2083">
    <p class='ocr_par' dir='ltr' id='par_1_36' title="bbox 482 2014 2063 2083">
     <span class='ocr_line' id='line_1_36' title="bbox 482 2014 2063 2083; baseline 0 -14"><span class='ocrx_word' id='word_1_281' title='bbox 482 2018 631 2071; x_wconf 90' lang='lat' dir='ltr'><strong>Sion.</strong></span> <span class='ocrx_word' id='word_1_282' title='bbox 685 2014 811 2071; x_wconf 63' lang='lat' dir='ltr'><strong>llaec</strong></span> <span class='ocrx_word' id='word_1_283' title='bbox 860 2030 914 2069; x_wconf 89' lang='lat' dir='ltr'><strong>tu</strong></span> <span class='ocrx_word' id='word_1_284' title='bbox 961 2014 1068 2067; x_wconf 92' lang='lat' dir='ltr'><strong>illis</strong></span> <span class='ocrx_word' id='word_1_285' title='bbox 1107 2014 1324 2083; x_wconf 87' lang='lat' dir='ltr'><strong>impleta</strong></span> <span class='ocrx_word' id='word_1_286' title='bbox 1356 2024 1515 2081; x_wconf 91' lang='lat' dir='ltr'><strong>sunt,</strong></span> <span class='ocrx_word' id='word_1_287' title='bbox 1542 2016 1608 2069; x_wconf 84' lang='lat' dir='ltr'><strong>ad</strong></span> <span class='ocrx_word' id='word_1_288' title='bbox 1645 2024 1695 2069; x_wconf 87' lang='lat' dir='ltr'><strong>te</strong></span> <span class='ocrx_word' id='word_1_289' title='bbox 1722 2024 1904 2069; x_wconf 88' lang='lat' dir='ltr'><strong>autem</strong></span> <span class='ocrx_word' id='word_1_290' title='bbox 1934 2015 2063 2083; x_wconf 84' lang='lat' dir='ltr'><strong>quid</strong></span> 
     </span>
    </p>
   </div>
   <div class='ocr_carea' id='block_1_37' title="bbox 479 2106 2062 2177">
    <p class='ocr_par' dir='ltr' id='par_1_37' title="bbox 479 2106 2062 2177">
     <span class='ocr_line' id='line_1_37' title="bbox 479 2106 2062 2177; baseline 0 -16"><span class='ocrx_word' id='word_1_291' title='bbox 479 2108 703 2167; x_wconf 86' lang='lat' dir='ltr'><strong>dicitur?</strong></span> <span class='ocrx_word' id='word_1_292' title='bbox 739 2106 880 2172; x_wconf 84' lang='lat' dir='ltr'><strong>Non,</strong></span> <span class='ocrx_word' id='word_1_293' title='bbox 911 2106 1107 2176; x_wconf 89' lang='lat' dir='ltr'><strong>inquit,</strong></span> <span class='ocrx_word' id='word_1_294' title='bbox 1142 2106 1454 2161; x_wconf 85' lang='lat' dir='ltr'><strong>accessistis</strong></span> <span class='ocrx_word' id='word_1_295' title='bbox 1484 2106 1551 2161; x_wconf 89' lang='lat' dir='ltr'><strong>ad</strong></span> <span class='ocrx_word' id='word_1_296' title='bbox 1584 2122 1646 2162; x_wconf 89' lang='lat' dir='ltr'><strong>ea</strong></span> <span class='ocrx_word' id='word_1_297' title='bbox 1678 2121 1798 2177; x_wconf 64' lang='lat' dir='ltr'><strong>quae</strong></span> <span class='ocrx_word' id='word_1_298' title='bbox 1827 2107 2062 2161; x_wconf 88' lang='lat' dir='ltr'><strong>visibilia</strong></span> 
     </span>
    </p>
   </div>
   <div class='ocr_carea' id='block_1_38' title="bbox 483 2197 2061 2269">
    <p class='ocr_par' dir='ltr' id='par_1_38' title="bbox 483 2197 2061 2269">
     <span class='ocr_line' id='line_1_38' title="bbox 483 2197 2061 2269; baseline -0.005 -15"><span class='ocrx_word' id='word_1_299' title='bbox 483 2209 632 2262; x_wconf 88' lang='lat' dir='ltr'><strong>sunt.</strong></span> <span class='ocrx_word' id='word_1_300' title='bbox 652 2198 745 2254; x_wconf 87' lang='lat' dir='ltr'><strong>sed</strong></span> <span class='ocrx_word' id='word_1_301' title='bbox 766 2197 831 2253; x_wconf 88' lang='lat' dir='ltr'><strong>ad</strong></span> <span class='ocrx_word' id='word_1_302' title='bbox 852 2198 1194 2252; x_wconf 60' lang='lat' dir='ltr'><strong>invisibiliau</strong></span> <span class='ocrx_word' id='word_1_303' title='bbox 1207 2197 1530 2253; x_wconf 81' lang='lat' dir='ltr'><strong>Accessistis</strong></span> <span class='ocrx_word' id='word_1_304' title='bbox 1545 2200 1714 2263; x_wconf 88' lang='lat' dir='ltr'><strong>enim,</strong></span> <span class='ocrx_word' id='word_1_305' title='bbox 1733 2199 1906 2269; x_wconf 90' lang='lat' dir='ltr'><strong>inquit</strong></span> <span class='ocrx_word' id='word_1_306' title='bbox 1921 2199 2061 2265; x_wconf 77' lang='grc' dir='ltr'><strong>⁸²ο⁸³,</strong></span> 
     </span>
    </p>
   </div>
   <div class='ocr_carea' id='block_1_39' title="bbox 480 2286 2063 2351">
    <p class='ocr_par' dir='ltr' id='par_1_39' title="bbox 480 2286 2063 2351">
     <span class='ocr_line' id='line_1_39' title="bbox 480 2286 2063 2351; baseline 0.002 -10"><span class='ocrx_word' id='word_1_307' title='bbox 480 2290 547 2344; x_wconf 87' lang='lat' dir='ltr'><strong>ad</strong></span> <span class='ocrx_word' id='word_1_308' title='bbox 579 2298 817 2344; x_wconf 89' lang='lat' dir='ltr'><strong>montem</strong></span> <span class='ocrx_word' id='word_1_309' title='bbox 857 2286 952 2342; x_wconf 90' lang='lat' dir='ltr'><strong>Dei</strong></span> <span class='ocrx_word' id='word_1_310' title='bbox 985 2288 1240 2351; x_wconf 87' lang='lat' dir='ltr'><strong>viventis,</strong></span> <span class='ocrx_word' id='word_1_311' title='bbox 1270 2297 1326 2341; x_wconf 91' lang='lat' dir='ltr'><strong>et</strong></span> <span class='ocrx_word' id='word_1_312' title='bbox 1360 2288 1429 2342; x_wconf 94' lang='lat' dir='ltr'><strong>ad</strong></span> <span class='ocrx_word' id='word_1_313' title='bbox 1470 2289 1746 2344; x_wconf 88' lang='lat' dir='ltr'><strong>civitatem</strong></span> <span class='ocrx_word' id='word_1_314' title='bbox 1783 2289 2063 2345; x_wconf 75' lang='lat' dir='ltr'><strong>ctelestem</strong></span> 
     </span>
    </p>
   </div>
   <div class='ocr_carea' id='block_1_40' title="bbox 479 2378 2064 2450">
    <p class='ocr_par' dir='ltr' id='par_1_40' title="bbox 479 2378 2064 2450">
     <span class='ocr_line' id='line_1_40' title="bbox 479 2378 2064 2450; baseline 0.003 -17"><span class='ocrx_word' id='word_1_315' title='bbox 479 2380 800 2444; x_wconf 82' lang='lat' dir='ltr'><strong>Jerusalem,</strong></span> <span class='ocrx_word' id='word_1_316' title='bbox 825 2388 882 2433; x_wconf 88' lang='lat' dir='ltr'><strong>ct</strong></span> <span class='ocrx_word' id='word_1_317' title='bbox 906 2378 973 2431; x_wconf 88' lang='lat' dir='ltr'><strong>ad</strong></span> <span class='ocrx_word' id='word_1_318' title='bbox 1006 2378 1413 2432; x_wconf 90' lang='lat' dir='ltr'><strong>multitudinem</strong></span> <span class='ocrx_word' id='word_1_319' title='bbox 1446 2380 1787 2450; x_wconf 82' lang='lat' dir='ltr'><strong>angelorum.</strong></span> <span class='ocrx_word' id='word_1_320' title='bbox 1824 2398 1843 2433; x_wconf 80' lang='grc' dir='ltr'><strong>ι</strong></span> <span class='ocrx_word' id='word_1_321' title='bbox 1881 2381 1986 2436; x_wconf 90' lang='lat' dir='ltr'><strong>Sed</strong></span> <span class='ocrx_word' id='word_1_322' title='bbox 2010 2392 2064 2437; x_wconf 88' lang='lat' dir='ltr'><strong>et</strong></span> 
     </span>
    </p>
   </div>
   <div class='ocr_carea' id='block_1_41' title="bbox 480 2468 2061 2540">
    <p class='ocr_par' dir='ltr' id='par_1_41' title="bbox 480 2468 2061 2540">
     <span class='ocr_line' id='line_1_41' title="bbox 480 2468 2061 2540; baseline 0.003 -17"><span class='ocrx_word' id='word_1_323' title='bbox 480 2471 605 2526; x_wconf 85' lang='lat' dir='ltr'><strong>alibi</strong></span> <span class='ocrx_word' id='word_1_324' title='bbox 655 2471 797 2526; x_wconf 91' lang='lat' dir='ltr'><strong>idem</strong></span> <span class='ocrx_word' id='word_1_325' title='bbox 836 2470 1129 2540; x_wconf 87' lang='lat' dir='ltr'><strong>Apostolus</strong></span> <span class='ocrx_word' id='word_1_326' title='bbox 1165 2469 1373 2525; x_wconf 74' lang='lat' dir='ltr'><strong>dicit”</strong></span> <span class='ocrx_word' id='word_1_327' title='bbox 1417 2483 1433 2523; x_wconf 88' lang='lat'><strong>:</strong></span> <span class='ocrx_word' id='word_1_328' title='bbox 1474 2486 1493 2521; x_wconf 74' lang='grc' dir='ltr'><strong>ι</strong></span> <span class='ocrx_word' id='word_1_329' title='bbox 1542 2468 1844 2527; x_wconf 79' lang='lat' dir='ltr'><strong>Jerusalem</strong></span> <span class='ocrx_word' id='word_1_330' title='bbox 1879 2482 2061 2528; x_wconf 89' lang='lat' dir='ltr'><strong>autem</strong></span> 
     </span>
    </p>
   </div>
   <div class='ocr_carea' id='block_1_42' title="bbox 480 2565 2056 2632">
    <p class='ocr_par' dir='ltr' id='par_1_42' title="bbox 480 2565 2056 2632">
     <span class='ocr_line' id='line_1_42' title="bbox 480 2565 2056 2632; baseline 0.002 -17"><span class='ocrx_word' id='word_1_331' title='bbox 480 2578 599 2632; x_wconf 62' lang='lat' dir='ltr'><strong>quae</strong></span> <span class='ocrx_word' id='word_1_332' title='bbox 620 2578 835 2617; x_wconf 91' lang='lat' dir='ltr'><strong>sursum</strong></span> <span class='ocrx_word' id='word_1_333' title='bbox 859 2572 963 2629; x_wconf 91' lang='lat' dir='ltr'><strong>est,</strong></span> <span class='ocrx_word' id='word_1_334' title='bbox 994 2576 1115 2631; x_wconf 75' lang='lat' dir='ltr'><strong>quae</strong></span> <span class='ocrx_word' id='word_1_335' title='bbox 1139 2572 1223 2617; x_wconf 88' lang='lat' dir='ltr'><strong>est</strong></span> <span class='ocrx_word' id='word_1_336' title='bbox 1256 2572 1431 2618; x_wconf 89' lang='lat' dir='ltr'><strong>mater</strong></span> <span class='ocrx_word' id='word_1_337' title='bbox 1457 2565 1701 2618; x_wconf 87' lang='lat' dir='ltr'><strong>omnium</strong></span> <span class='ocrx_word' id='word_1_338' title='bbox 1731 2574 1998 2620; x_wconf 89' lang='lat' dir='ltr'><strong>nostrum.</strong></span> <span class='ocrx_word' id='word_1_339' title='bbox 2037 2584 2056 2618; x_wconf 79' lang='grc' dir='ltr'><strong>ι</strong></span> 
     </span>
    </p>
   </div>
   <div class='ocr_carea' id='block_1_43' title="bbox 482 2640 2063 2725">
    <p class='ocr_par' dir='ltr' id='par_1_43' title="bbox 482 2640 2063 2725">
     <span class='ocr_line' id='line_1_43' title="bbox 482 2640 2063 2725; baseline 0.001 -15"><span class='ocrx_word' id='word_1_340' title='bbox 482 2656 539 2710; x_wconf 86' lang='lat' dir='ltr'><strong>Si</strong></span> <span class='ocrx_word' id='word_1_341' title='bbox 569 2640 691 2725; x_wconf 84' lang='lat' dir='ltr'><strong>quis</strong></span> <span class='ocrx_word' id='word_1_342' title='bbox 716 2654 896 2709; x_wconf 86' lang='lat' dir='ltr'><strong>verbis</strong></span> <span class='ocrx_word' id='word_1_343' title='bbox 924 2654 1165 2724; x_wconf 82' lang='lat' dir='ltr'><strong>Apostoli</strong></span> <span class='ocrx_word' id='word_1_344' title='bbox 1204 2655 1439 2710; x_wconf 91' lang='lat' dir='ltr'><strong>dicentis</strong></span> <span class='ocrx_word' id='word_1_345' title='bbox 1468 2653 1767 2710; x_wconf 82' lang='lat' dir='ltr'><strong>Jerusalem</strong></span> <span class='ocrx_word' id='word_1_346' title='bbox 1801 2671 1922 2712; x_wconf 88' lang='lat' dir='ltr'><strong>esse</strong></span> <span class='ocrx_word' id='word_1_347' title='bbox 1950 2673 2063 2712; x_wconf 78' lang='lat' dir='ltr'><strong>cce-</strong></span> 
     </span>
    </p>
   </div>
   <div class='ocr_carea' id='block_1_44' title="bbox 481 2749 2060 2818">
    <p class='ocr_par' dir='ltr' id='par_1_44' title="bbox 481 2749 2060 2818">
     <span class='ocr_line' id='line_1_44' title="bbox 481 2749 2060 2818; baseline 0 -11"><span class='ocrx_word' id='word_1_348' title='bbox 481 2752 696 2817; x_wconf 88' lang='lat' dir='ltr'><strong>lestem,</strong></span> <span class='ocrx_word' id='word_1_349' title='bbox 722 2766 830 2805; x_wconf 90' lang='lat' dir='ltr'><strong>non</strong></span> <span class='ocrx_word' id='word_1_350' title='bbox 848 2749 1226 2809; x_wconf 86' lang='lat' dir='ltr'><strong>accommodat</strong></span> <span class='ocrx_word' id='word_1_351' title='bbox 1248 2749 1405 2806; x_wconf 90' lang='lat' dir='ltr'><strong>ﬁdem</strong></span> <span class='ocrx_word' id='word_1_352' title='bbox 1427 2792 1442 2814; x_wconf 92' lang='lat'><strong>,</strong></span> <span class='ocrx_word' id='word_1_353' title='bbox 1470 2758 1649 2818; x_wconf 92' lang='lat' dir='ltr'><strong>potest</strong></span> <span class='ocrx_word' id='word_1_354' title='bbox 1676 2759 1731 2805; x_wconf 88' lang='lat' dir='ltr'><strong>et</strong></span> <span class='ocrx_word' id='word_1_355' title='bbox 1756 2749 1870 2805; x_wconf 67' lang='lat' dir='ltr'><strong>haec</strong></span> <span class='ocrx_word' id='word_1_356' title='bbox 1896 2751 2060 2807; x_wconf 86' lang='lat' dir='ltr'><strong>verba</strong></span> 
     </span>
    </p>
   </div>
   <div class='ocr_carea' id='block_1_45' title="bbox 482 2840 2061 2899">
    <p class='ocr_par' dir='ltr' id='par_1_45' title="bbox 482 2840 2061 2899">
     <span class='ocr_line' id='line_1_45' title="bbox 482 2840 2061 2899; baseline -0.001 -2"><span class='ocrx_word' id='word_1_357' title='bbox 482 2854 665 2899; x_wconf 89' lang='lat' dir='ltr'><strong>nostra</strong></span> <span class='ocrx_word' id='word_1_358' title='bbox 713 2856 991 2897; x_wconf 89' lang='lat' dir='ltr'><strong>recusare.</strong></span> <span class='ocrx_word' id='word_1_359' title='bbox 1036 2840 1093 2895; x_wconf 88' lang='lat' dir='ltr'><strong>Si</strong></span> <span class='ocrx_word' id='word_1_360' title='bbox 1140 2855 1271 2896; x_wconf 92' lang='lat' dir='ltr'><strong>vero</strong></span> <span class='ocrx_word' id='word_1_361' title='bbox 1315 2840 1494 2897; x_wconf 88' lang='lat' dir='ltr'><strong>verbis</strong></span> <span class='ocrx_word' id='word_1_362' title='bbox 1532 2840 1681 2894; x_wconf 88' lang='lat' dir='ltr'><strong>Pauli</strong></span> <span class='ocrx_word' id='word_1_363' title='bbox 1734 2840 1866 2896; x_wconf 88' lang='lat' dir='ltr'><strong>ﬁdes</strong></span> <span class='ocrx_word' id='word_1_364' title='bbox 1906 2842 2061 2896; x_wconf 88' lang='lat' dir='ltr'><strong>adhi-</strong></span> 
     </span>
    </p>
   </div>
   <div class='ocr_carea' id='block_1_46' title="bbox 482 2933 2059 3001">
    <p class='ocr_par' dir='ltr' id='par_1_46' title="bbox 482 2933 2059 3001">
     <span class='ocr_line' id='line_1_46' title="bbox 482 2933 2059 3001; baseline -0.002 -11"><span class='ocrx_word' id='word_1_365' title='bbox 482 2936 655 2991; x_wconf 89' lang='lat' dir='ltr'><strong>benda</strong></span> <span class='ocrx_word' id='word_1_366' title='bbox 676 2944 783 3001; x_wconf 89' lang='lat' dir='ltr'><strong>est,</strong></span> <span class='ocrx_word' id='word_1_367' title='bbox 807 2935 953 2990; x_wconf 90' lang='lat' dir='ltr'><strong>sicut</strong></span> <span class='ocrx_word' id='word_1_368' title='bbox 974 2942 1029 2989; x_wconf 89' lang='lat' dir='ltr'><strong>et</strong></span> <span class='ocrx_word' id='word_1_369' title='bbox 1054 2944 1207 2990; x_wconf 88' lang='lat' dir='ltr'><strong>certe</strong></span> <span class='ocrx_word' id='word_1_370' title='bbox 1232 2934 1536 2990; x_wconf 88' lang='lat' dir='ltr'><strong>adhibenda</strong></span> <span class='ocrx_word' id='word_1_371' title='bbox 1556 2942 1658 3001; x_wconf 86' lang='lat' dir='ltr'><strong>est,</strong></span> <span class='ocrx_word' id='word_1_372' title='bbox 1682 2943 1736 2991; x_wconf 92' lang='lat' dir='ltr'><strong>et</strong></span> <span class='ocrx_word' id='word_1_373' title='bbox 1756 2933 2059 2989; x_wconf 88' lang='lat' dir='ltr'><strong>Jerusalem</strong></span> 
     </span>
    </p>
   </div>
   <div class='ocr_carea' id='block_1_47' title="bbox 2166 1834 3739 1905">
    <p class='ocr_par' dir='ltr' id='par_1_47' title="bbox 2166 1834 3739 1905">
     <span class='ocr_line' id='line_1_47' title="bbox 2166 1834 3739 1905; baseline -0.003 -17"><span class='ocrx_word' id='word_1_374' title='bbox 2166 1850 2312 1901; x_wconf 89' lang='lat' dir='ltr'><strong>cere,</strong></span> <span class='ocrx_word' id='word_1_375' title='bbox 2343 1834 2454 1889; x_wconf 83' lang='lat' dir='ltr'><strong>vult</strong></span> <span class='ocrx_word' id='word_1_376' title='bbox 2478 1835 2543 1889; x_wconf 91' lang='lat' dir='ltr'><strong>de</strong></span> <span class='ocrx_word' id='word_1_377' title='bbox 2571 1834 2797 1889; x_wconf 88' lang='lat' dir='ltr'><strong>locustis</strong></span> <span class='ocrx_word' id='word_1_378' title='bbox 2828 1836 3045 1890; x_wconf 86' lang='lat' dir='ltr'><strong>vincere</strong></span> <span class='ocrx_word' id='word_1_379' title='bbox 3075 1834 3341 1905; x_wconf 88' lang='lat' dir='ltr'><strong>gigantes,</strong></span> <span class='ocrx_word' id='word_1_380' title='bbox 3370 1844 3423 1889; x_wconf 88' lang='lat' dir='ltr'><strong>et</strong></span> <span class='ocrx_word' id='word_1_381' title='bbox 3456 1835 3521 1889; x_wconf 86' lang='lat' dir='ltr'><strong>de</strong></span> <span class='ocrx_word' id='word_1_382' title='bbox 3545 1834 3609 1887; x_wconf 90' lang='lat' dir='ltr'><strong>iis</strong></span> <span class='ocrx_word' id='word_1_383' title='bbox 3626 1849 3739 1900; x_wconf 68' lang='lat' dir='ltr'><strong>qua:</strong></span> 
     </span>
    </p>
   </div>
   <div class='ocr_carea' id='block_1_48' title="bbox 2168 1922 3749 1995">
    <p class='ocr_par' dir='ltr' id='par_1_48' title="bbox 2168 1922 3749 1995">
     <span class='ocr_line' id='line_1_48' title="bbox 2168 1922 3749 1995; baseline -0.003 -15"><span class='ocrx_word' id='word_1_384' title='bbox 2168 1925 2219 1980; x_wconf 91' lang='lat' dir='ltr'><strong>in</strong></span> <span class='ocrx_word' id='word_1_385' title='bbox 2252 1927 2411 1982; x_wconf 89' lang='lat' dir='ltr'><strong>terris</strong></span> <span class='ocrx_word' id='word_1_386' title='bbox 2432 1935 2580 1989; x_wconf 89' lang='lat' dir='ltr'><strong>sunt,</strong></span> <span class='ocrx_word' id='word_1_387' title='bbox 2619 1927 2870 1981; x_wconf 71' lang='lat' dir='ltr'><strong>cmlestes</strong></span> <span class='ocrx_word' id='word_1_388' title='bbox 2918 1941 3179 1994; x_wconf 89' lang='lat' dir='ltr'><strong>superare</strong></span> <span class='ocrx_word' id='word_1_389' title='bbox 3214 1926 3511 1995; x_wconf 85' lang='lat' dir='ltr'><strong>nequitias.</strong></span> <span class='ocrx_word' id='word_1_390' title='bbox 3550 1923 3616 1977; x_wconf 85' lang='lat' dir='ltr'><strong>Et</strong></span> <span class='ocrx_word' id='word_1_391' title='bbox 3640 1922 3749 1979; x_wconf 68' lang='lat' dir='ltr'><strong>for-</strong></span> 
     </span>
    </p>
   </div>
   <div class='ocr_carea' id='block_1_49' title="bbox 2167 2018 3755 2092">
    <p class='ocr_par' dir='ltr' id='par_1_49' title="bbox 2167 2018 3755 2092">
     <span class='ocr_line' id='line_1_49' title="bbox 2167 2018 3755 2092; baseline -0.003 -19"><span class='ocrx_word' id='word_1_392' title='bbox 2167 2025 2309 2073; x_wconf 88' lang='lat' dir='ltr'><strong>tasse</strong></span> <span class='ocrx_word' id='word_1_393' title='bbox 2341 2019 2442 2073; x_wconf 91' lang='lat' dir='ltr'><strong>hoc</strong></span> <span class='ocrx_word' id='word_1_394' title='bbox 2474 2027 2557 2073; x_wconf 91' lang='lat' dir='ltr'><strong>est</strong></span> <span class='ocrx_word' id='word_1_395' title='bbox 2586 2020 2730 2088; x_wconf 93' lang='lat' dir='ltr'><strong>quod</strong></span> <span class='ocrx_word' id='word_1_396' title='bbox 2768 2019 2983 2092; x_wconf 75' lang='lat' dir='ltr'><strong>dicebat</strong></span> <span class='ocrx_word' id='word_1_397' title='bbox 3017 2018 3068 2071; x_wconf 93' lang='lat' dir='ltr'><strong>in</strong></span> <span class='ocrx_word' id='word_1_398' title='bbox 3096 2018 3488 2087; x_wconf 68' lang='lat' dir='ltr'><strong>Evangeliis”,</strong></span> <span class='ocrx_word' id='word_1_399' title='bbox 3515 2018 3643 2086; x_wconf 87' lang='lat' dir='ltr'><strong>quia</strong></span> <span class='ocrx_word' id='word_1_400' title='bbox 3665 2018 3755 2083; x_wconf 82' lang='lat' dir='ltr'><strong>qui</strong></span> 
     </span>
    </p>
   </div>
   <div class='ocr_carea' id='block_1_50' title="bbox 2166 2106 3755 2178">
    <p class='ocr_par' dir='ltr' id='par_1_50' title="bbox 2166 2106 3755 2178">
     <span class='ocr_line' id='line_1_50' title="bbox 2166 2106 3755 2178; baseline -0.004 -13"><span class='ocrx_word' id='word_1_401' title='bbox 2166 2110 2337 2165; x_wconf 86' lang='lat' dir='ltr'><strong>credit</strong></span> <span class='ocrx_word' id='word_1_402' title='bbox 2368 2110 2419 2164; x_wconf 93' lang='lat' dir='ltr'><strong>iu</strong></span> <span class='ocrx_word' id='word_1_403' title='bbox 2449 2124 2597 2173; x_wconf 90' lang='lat' dir='ltr'><strong>eum,</strong></span> <span class='ocrx_word' id='word_1_404' title='bbox 2629 2124 2733 2163; x_wconf 93' lang='lat' dir='ltr'><strong>non</strong></span> <span class='ocrx_word' id='word_1_405' title='bbox 2769 2108 2941 2163; x_wconf 92' lang='lat' dir='ltr'><strong>solum</strong></span> <span class='ocrx_word' id='word_1_406' title='bbox 2976 2106 3142 2164; x_wconf 86' lang='lat' dir='ltr'><strong>faciet</strong></span> <span class='ocrx_word' id='word_1_407' title='bbox 3180 2109 3268 2162; x_wconf 88' lang='lat' dir='ltr'><strong>illa</strong></span> <span class='ocrx_word' id='word_1_408' title='bbox 3309 2123 3430 2178; x_wconf 71' lang='lat' dir='ltr'><strong>qua:</strong></span> <span class='ocrx_word' id='word_1_409' title='bbox 3464 2109 3581 2178; x_wconf 87' lang='lat' dir='ltr'><strong>ipse</strong></span> <span class='ocrx_word' id='word_1_410' title='bbox 3607 2107 3755 2171; x_wconf 87' lang='lat' dir='ltr'><strong>fecit,</strong></span> 
     </span>
    </p>
   </div>
   <div class='ocr_carea' id='block_1_51' title="bbox 2172 2199 3756 2271">
    <p class='ocr_par' dir='ltr' id='par_1_51' title="bbox 2172 2199 3756 2271">
     <span class='ocr_line' id='line_1_51' title="bbox 2172 2199 3756 2271; baseline -0.001 -17"><span class='ocrx_word' id='word_1_411' title='bbox 2172 2220 2190 2254; x_wconf 75' lang='grc' dir='ltr'><strong>ι</strong></span> <span class='ocrx_word' id='word_1_412' title='bbox 2227 2206 2321 2258; x_wconf 89' lang='lat' dir='ltr'><strong>sed</strong></span> <span class='ocrx_word' id='word_1_413' title='bbox 2362 2202 2601 2271; x_wconf 89' lang='lat' dir='ltr'><strong>majora,</strong></span> <span class='ocrx_word' id='word_1_414' title='bbox 2655 2202 2852 2271; x_wconf 91' lang='lat' dir='ltr'><strong>inquit,</strong></span> <span class='ocrx_word' id='word_1_415' title='bbox 2907 2202 3101 2257; x_wconf 90' lang='lat' dir='ltr'><strong>borum</strong></span> <span class='ocrx_word' id='word_1_416' title='bbox 3152 2201 3333 2254; x_wconf 80' lang='lat' dir='ltr'><strong>faciet.</strong></span> <span class='ocrx_word' id='word_1_417' title='bbox 3373 2218 3392 2251; x_wconf 76' lang='grc' dir='ltr'><strong>ι</strong></span> <span class='ocrx_word' id='word_1_418' title='bbox 3429 2199 3569 2253; x_wconf 78' lang='lat' dir='ltr'><strong>Vere</strong></span> <span class='ocrx_word' id='word_1_419' title='bbox 3611 2201 3756 2253; x_wconf 89' lang='lat' dir='ltr'><strong>enim</strong></span> 
     </span>
    </p>
   </div>
   <div class='ocr_carea' id='block_1_52' title="bbox 2167 2291 3755 2365">
    <p class='ocr_par' dir='ltr' id='par_1_52' title="bbox 2167 2291 3755 2365">
     <span class='ocr_line' id='line_1_52' title="bbox 2167 2291 3755 2365; baseline -0.004 -16"><span class='ocrx_word' id='word_1_420' title='bbox 2167 2296 2343 2365; x_wconf 88' lang='lat' dir='ltr'><strong>majus</strong></span> <span class='ocrx_word' id='word_1_421' title='bbox 2402 2296 2533 2350; x_wconf 90' lang='lat' dir='ltr'><strong>mihi</strong></span> <span class='ocrx_word' id='word_1_422' title='bbox 2568 2295 2787 2349; x_wconf 90' lang='lat' dir='ltr'><strong>videtur</strong></span> <span class='ocrx_word' id='word_1_423' title='bbox 2815 2294 2959 2362; x_wconf 88' lang='lat' dir='ltr'><strong>quod</strong></span> <span class='ocrx_word' id='word_1_424' title='bbox 3017 2292 3179 2347; x_wconf 89' lang='lat' dir='ltr'><strong>homo</strong></span> <span class='ocrx_word' id='word_1_425' title='bbox 3220 2292 3273 2345; x_wconf 93' lang='lat' dir='ltr'><strong>in</strong></span> <span class='ocrx_word' id='word_1_426' title='bbox 3322 2307 3487 2345; x_wconf 90' lang='lat' dir='ltr'><strong>carne</strong></span> <span class='ocrx_word' id='word_1_427' title='bbox 3529 2291 3755 2357; x_wconf 75' lang='lat' dir='ltr'><strong>positus,</strong></span> 
     </span>
    </p>
   </div>
   <div class='ocr_carea' id='block_1_53' title="bbox 2166 2383 3758 2457">
    <p class='ocr_par' dir='ltr' id='par_1_53' title="bbox 2166 2383 3758 2457">
     <span class='ocr_line' id='line_1_53' title="bbox 2166 2383 3758 2457; baseline -0.004 -15"><span class='ocrx_word' id='word_1_428' title='bbox 2166 2386 2390 2457; x_wconf 80' lang='lat' dir='ltr'><strong>fragilis,</strong></span> <span class='ocrx_word' id='word_1_429' title='bbox 2437 2394 2491 2439; x_wconf 92' lang='lat' dir='ltr'><strong>et</strong></span> <span class='ocrx_word' id='word_1_430' title='bbox 2547 2386 2810 2453; x_wconf 91' lang='lat' dir='ltr'><strong>caducus,</strong></span> <span class='ocrx_word' id='word_1_431' title='bbox 2848 2386 2952 2440; x_wconf 89' lang='lat' dir='ltr'><strong>ﬁde</strong></span> <span class='ocrx_word' id='word_1_432' title='bbox 3011 2393 3223 2439; x_wconf 86' lang='lat' dir='ltr'><strong>tantmn</strong></span> <span class='ocrx_word' id='word_1_433' title='bbox 3274 2383 3478 2439; x_wconf 87' lang='lat' dir='ltr'><strong>Christi</strong></span> <span class='ocrx_word' id='word_1_434' title='bbox 3506 2394 3563 2439; x_wconf 86' lang='lat' dir='ltr'><strong>et</strong></span> <span class='ocrx_word' id='word_1_435' title='bbox 3590 2384 3758 2437; x_wconf 84' lang='lat' dir='ltr'><strong>verbo</strong></span> 
     </span>
    </p>
   </div>
   <div class='ocr_carea' id='block_1_54' title="bbox 2165 2474 3755 2546">
    <p class='ocr_par' dir='ltr' id='par_1_54' title="bbox 2165 2474 3755 2546">
     <span class='ocr_line' id='line_1_54' title="bbox 2165 2474 3755 2546; baseline -0.006 -12"><span class='ocrx_word' id='word_1_436' title='bbox 2165 2479 2283 2546; x_wconf 82' lang='lat' dir='ltr'><strong>ejus</strong></span> <span class='ocrx_word' id='word_1_437' title='bbox 2314 2486 2578 2541; x_wconf 89' lang='lat' dir='ltr'><strong>armatus,</strong></span> <span class='ocrx_word' id='word_1_438' title='bbox 2610 2486 2831 2546; x_wconf 89' lang='lat' dir='ltr'><strong>superet</strong></span> <span class='ocrx_word' id='word_1_439' title='bbox 2860 2475 3133 2546; x_wconf 87' lang='lat' dir='ltr'><strong>gigantes,</strong></span> <span class='ocrx_word' id='word_1_440' title='bbox 3155 2475 3459 2530; x_wconf 71' lang='lat' dir='ltr'><strong>dzcmonum</strong></span> <span class='ocrx_word' id='word_1_441' title='bbox 3494 2474 3755 2544; x_wconf 81' lang='lat' dir='ltr'><strong>legiones.</strong></span> 
     </span>
    </p>
   </div>
   <div class='ocr_carea' id='block_1_55' title="bbox 2165 2566 3759 2640">
    <p class='ocr_par' dir='ltr' id='par_1_55' title="bbox 2165 2566 3759 2640">
     <span class='ocr_line' id='line_1_55' title="bbox 2165 2566 3759 2640; baseline -0.003 -16"><span class='ocrx_word' id='word_1_442' title='bbox 2165 2571 2422 2639; x_wconf 87' lang='lat' dir='ltr'><strong>Quamvis</strong></span> <span class='ocrx_word' id='word_1_443' title='bbox 2452 2572 2565 2640; x_wconf 89' lang='lat' dir='ltr'><strong>ipse</strong></span> <span class='ocrx_word' id='word_1_444' title='bbox 2594 2571 2667 2627; x_wconf 92' lang='lat' dir='ltr'><strong>sit</strong></span> <span class='ocrx_word' id='word_1_445' title='bbox 2691 2569 2782 2638; x_wconf 92' lang='lat' dir='ltr'><strong>qui</strong></span> <span class='ocrx_word' id='word_1_446' title='bbox 2816 2568 2984 2623; x_wconf 89' lang='lat' dir='ltr'><strong>vincit</strong></span> <span class='ocrx_word' id='word_1_447' title='bbox 3007 2568 3060 2622; x_wconf 94' lang='lat' dir='ltr'><strong>iu</strong></span> <span class='ocrx_word' id='word_1_448' title='bbox 3087 2567 3268 2630; x_wconf 89' lang='lat' dir='ltr'><strong>nobis,</strong></span> <span class='ocrx_word' id='word_1_449' title='bbox 3289 2566 3407 2636; x_wconf 83' lang='lat' dir='ltr'><strong>plus</strong></span> <span class='ocrx_word' id='word_1_450' title='bbox 3425 2574 3603 2621; x_wconf 87' lang='lat' dir='ltr'><strong>tamen</strong></span> <span class='ocrx_word' id='word_1_451' title='bbox 3635 2581 3759 2620; x_wconf 88' lang='lat' dir='ltr'><strong>esse</strong></span> 
     </span>
    </p>
   </div>
   <div class='ocr_carea' id='block_1_56' title="bbox 2164 2658 3754 2732">
    <p class='ocr_par' dir='ltr' id='par_1_56' title="bbox 2164 2658 3754 2732">
     <span class='ocr_line' id='line_1_56' title="bbox 2164 2658 3754 2732; baseline -0.003 -16"><span class='ocrx_word' id='word_1_452' title='bbox 2164 2663 2296 2717; x_wconf 88' lang='lat' dir='ltr'><strong>dicit</strong></span> <span class='ocrx_word' id='word_1_453' title='bbox 2324 2663 2471 2732; x_wconf 92' lang='lat' dir='ltr'><strong>quod</strong></span> <span class='ocrx_word' id='word_1_454' title='bbox 2502 2677 2596 2731; x_wconf 88' lang='lat' dir='ltr'><strong>per</strong></span> <span class='ocrx_word' id='word_1_455' title='bbox 2627 2676 2727 2716; x_wconf 89' lang='lat' dir='ltr'><strong>nos</strong></span> <span class='ocrx_word' id='word_1_456' title='bbox 2758 2660 2950 2727; x_wconf 90' lang='lat' dir='ltr'><strong>vincit,</strong></span> <span class='ocrx_word' id='word_1_457' title='bbox 2981 2674 3143 2728; x_wconf 89' lang='lat' dir='ltr'><strong>quam</strong></span> <span class='ocrx_word' id='word_1_458' title='bbox 3178 2659 3320 2728; x_wconf 89' lang='lat' dir='ltr'><strong>quod</strong></span> <span class='ocrx_word' id='word_1_459' title='bbox 3352 2673 3447 2726; x_wconf 89' lang='lat' dir='ltr'><strong>per</strong></span> <span class='ocrx_word' id='word_1_460' title='bbox 3470 2672 3531 2712; x_wconf 90' lang='lat' dir='ltr'><strong>se</strong></span> <span class='ocrx_word' id='word_1_461' title='bbox 3562 2658 3754 2712; x_wconf 90' lang='lat' dir='ltr'><strong>vincit.</strong></span> 
     </span>
    </p>
   </div>
   <div class='ocr_carea' id='block_1_57' title="bbox 2165 2749 3755 2819">
    <p class='ocr_par' dir='ltr' id='par_1_57' title="bbox 2165 2749 3755 2819">
     <span class='ocr_line' id='line_1_57' title="bbox 2165 2749 3755 2819; baseline -0.006 -9"><span class='ocrx_word' id='word_1_462' title='bbox 2165 2754 2395 2812; x_wconf 86' lang='lat' dir='ltr'><strong>Tantum</strong></span> <span class='ocrx_word' id='word_1_463' title='bbox 2424 2762 2507 2807; x_wconf 91' lang='lat' dir='ltr'><strong>est</strong></span> <span class='ocrx_word' id='word_1_464' title='bbox 2539 2760 2596 2805; x_wconf 83' lang='grc' dir='ltr'><strong>ιιι</strong></span> <span class='ocrx_word' id='word_1_465' title='bbox 2628 2768 2727 2808; x_wconf 86' lang='lat' dir='ltr'><strong>nos</strong></span> <span class='ocrx_word' id='word_1_466' title='bbox 2750 2751 2922 2805; x_wconf 89' lang='lat' dir='ltr'><strong>armis</strong></span> <span class='ocrx_word' id='word_1_467' title='bbox 2954 2752 3070 2807; x_wconf 88' lang='lat' dir='ltr'><strong>istis</strong></span> <span class='ocrx_word' id='word_1_468' title='bbox 3091 2764 3307 2819; x_wconf 87' lang='lat' dir='ltr'><strong>semper</strong></span> <span class='ocrx_word' id='word_1_469' title='bbox 3332 2749 3505 2803; x_wconf 92' lang='lat' dir='ltr'><strong>simus</strong></span> <span class='ocrx_word' id='word_1_470' title='bbox 3532 2750 3755 2813; x_wconf 84' lang='lat' dir='ltr'><strong>annali,</strong></span> 
     </span>
    </p>
   </div>
   <div class='ocr_carea' id='block_1_58' title="bbox 2164 2842 3758 2913">
    <p class='ocr_par' dir='ltr' id='par_1_58' title="bbox 2164 2842 3758 2913">
     <span class='ocr_line' id='line_1_58' title="bbox 2164 2842 3758 2913; baseline -0.006 -11"><span class='ocrx_word' id='word_1_471' title='bbox 2164 2858 2218 2903; x_wconf 91' lang='lat' dir='ltr'><strong>et</strong></span> <span class='ocrx_word' id='word_1_472' title='bbox 2261 2848 2604 2905; x_wconf 86' lang='lat' dir='ltr'><strong>conversatio</strong></span> <span class='ocrx_word' id='word_1_473' title='bbox 2667 2855 2851 2901; x_wconf 89' lang='lat' dir='ltr'><strong>nostra</strong></span> <span class='ocrx_word' id='word_1_474' title='bbox 2907 2858 3122 2913; x_wconf 88' lang='lat' dir='ltr'><strong>semper</strong></span> <span class='ocrx_word' id='word_1_475' title='bbox 3162 2843 3217 2897; x_wconf 94' lang='lat' dir='ltr'><strong>iu</strong></span> <span class='ocrx_word' id='word_1_476' title='bbox 3272 2842 3426 2896; x_wconf 72' lang='lat' dir='ltr'><strong>ctelis</strong></span> <span class='ocrx_word' id='word_1_477' title='bbox 3480 2844 3573 2897; x_wconf 85' lang='lat' dir='ltr'><strong>sit.</strong></span> <span class='ocrx_word' id='word_1_478' title='bbox 3625 2843 3758 2897; x_wconf 87' lang='lat' dir='ltr'><strong>0m-</strong></span> 
     </span>
    </p>
   </div>
   <div class='ocr_carea' id='block_1_59' title="bbox 2166 2933 3757 3002">
    <p class='ocr_par' dir='ltr' id='par_1_59' title="bbox 2166 2933 3757 3002">
     <span class='ocr_line' id='line_1_59' title="bbox 2166 2933 3757 3002; baseline -0.006 -7"><span class='ocrx_word' id='word_1_479' title='bbox 2166 2940 2251 2995; x_wconf 84' lang='lat' dir='ltr'><strong>nis</strong></span> <span class='ocrx_word' id='word_1_480' title='bbox 2298 2946 2479 2993; x_wconf 91' lang='lat' dir='ltr'><strong>motus</strong></span> <span class='ocrx_word' id='word_1_481' title='bbox 2532 2946 2737 3000; x_wconf 89' lang='lat' dir='ltr'><strong>noster,</strong></span> <span class='ocrx_word' id='word_1_482' title='bbox 2790 2938 2971 2992; x_wconf 90' lang='lat' dir='ltr'><strong>omnis</strong></span> <span class='ocrx_word' id='word_1_483' title='bbox 3014 2946 3209 2998; x_wconf 89' lang='lat' dir='ltr'><strong>actus,</strong></span> <span class='ocrx_word' id='word_1_484' title='bbox 3260 2936 3437 2989; x_wconf 87' lang='lat' dir='ltr'><strong>etuuis</strong></span> <span class='ocrx_word' id='word_1_485' title='bbox 3476 2933 3757 3002; x_wconf 88' lang='lat' dir='ltr'><strong>cogitatio,</strong></span> 
     </span>
    </p>
   </div>
   <div class='ocr_carea' id='block_1_60' title="bbox 481 3023 3759 3118">
    <p class='ocr_par' dir='ltr' id='par_1_60' title="bbox 481 3023 3759 3118">
     <span class='ocr_line' id='line_1_60' title="bbox 481 3023 3759 3118; baseline -0.002 -32"><span class='ocrx_word' id='word_1_486' title='bbox 481 3027 757 3084; x_wconf 82' lang='lat' dir='ltr'><strong>caelestem</strong></span> <span class='ocrx_word' id='word_1_487' title='bbox 787 3041 910 3082; x_wconf 86' lang='lat' dir='ltr'><strong>esse</strong></span> <span class='ocrx_word' id='word_1_488' title='bbox 931 3025 1207 3082; x_wconf 85' lang='lat' dir='ltr'><strong>credimus</strong></span> <span class='ocrx_word' id='word_1_489' title='bbox 1224 3026 1290 3081; x_wconf 84' lang='lat' dir='ltr'><strong>ad</strong></span> <span class='ocrx_word' id='word_1_490' title='bbox 1319 3034 1504 3097; x_wconf 85' lang='lat' dir='ltr'><strong>typum</strong></span> <span class='ocrx_word' id='word_1_491' title='bbox 1537 3036 1769 3081; x_wconf 69' lang='lat' dir='ltr'><strong>terrenae</strong></span> <span class='ocrx_word' id='word_1_492' title='bbox 1796 3023 1978 3095; x_wconf 81' lang='lat' dir='ltr'><strong>huius.</strong></span> <span class='ocrx_word' id='word_1_493' title='bbox 2006 3034 2062 3081; x_wconf 84' lang='lat' dir='ltr'><strong>et</strong></span> <span class='ocrx_word' id='word_1_494' title='bbox 2088 3060 2131 3118; x_wconf 64' lang='grc' dir='ltr'><em>ε</em></span> <span class='ocrx_word' id='word_1_495' title='bbox 2164 3031 2341 3087; x_wconf 84' lang='lat' dir='ltr'><strong>omnis</strong></span> <span class='ocrx_word' id='word_1_496' title='bbox 2357 3043 2539 3086; x_wconf 86' lang='lat' dir='ltr'><strong>sermo</strong></span> <span class='ocrx_word' id='word_1_497' title='bbox 2563 3027 2802 3084; x_wconf 82' lang='lat' dir='ltr'><strong>caelestis</strong></span> <span class='ocrx_word' id='word_1_498' title='bbox 2844 3030 2937 3084; x_wconf 77' lang='lat' dir='ltr'><strong>sit.</strong></span> <span class='ocrx_word' id='word_1_499' title='bbox 2968 3028 3187 3096; x_wconf 89' lang='lat' dir='ltr'><strong>Quanto</strong></span> <span class='ocrx_word' id='word_1_500' title='bbox 3215 3028 3361 3081; x_wconf 88' lang='lat' dir='ltr'><strong>enint</strong></span> <span class='ocrx_word' id='word_1_501' title='bbox 3392 3040 3489 3081; x_wconf 91' lang='lat' dir='ltr'><strong>nos</strong></span> <span class='ocrx_word' id='word_1_502' title='bbox 3511 3024 3638 3081; x_wconf 92' lang='lat' dir='ltr'><strong>illuc</strong></span> <span class='ocrx_word' id='word_1_503' title='bbox 3665 3040 3759 3078; x_wconf 83' lang='lat' dir='ltr'><strong>ar-</strong></span> 
     </span>
    </p>
   </div>
   <div class='ocr_carea' id='block_1_61' title="bbox 481 3114 2061 3191">
    <p class='ocr_par' dir='ltr' id='par_1_61' title="bbox 481 3114 2061 3191">
     <span class='ocr_line' id='line_1_61' title="bbox 481 3114 2061 3191; baseline -0.001 -18"><span class='ocrx_word' id='word_1_504' title='bbox 481 3134 603 3191; x_wconf 75' lang='lat' dir='ltr'><strong>quze</strong></span> <span class='ocrx_word' id='word_1_505' title='bbox 615 3118 813 3187; x_wconf 90' lang='lat' dir='ltr'><strong>scripta</strong></span> <span class='ocrx_word' id='word_1_506' title='bbox 831 3117 1086 3172; x_wconf 87' lang='lat' dir='ltr'><strong>videntur</strong></span> <span class='ocrx_word' id='word_1_507' title='bbox 1097 3116 1163 3171; x_wconf 92' lang='lat' dir='ltr'><strong>de</strong></span> <span class='ocrx_word' id='word_1_508' title='bbox 1184 3116 1283 3171; x_wconf 87' lang='lat' dir='ltr'><strong>hac</strong></span> <span class='ocrx_word' id='word_1_509' title='bbox 1302 3125 1517 3170; x_wconf 90' lang='lat' dir='ltr'><strong>terrena</strong></span> <span class='ocrx_word' id='word_1_510' title='bbox 1537 3115 1602 3168; x_wconf 92' lang='lat' dir='ltr'><strong>ad</strong></span> <span class='ocrx_word' id='word_1_511' title='bbox 1623 3114 1769 3170; x_wconf 91' lang='lat' dir='ltr'><strong>illam</strong></span> <span class='ocrx_word' id='word_1_512' title='bbox 1783 3115 2061 3171; x_wconf 69' lang='lat' dir='ltr'><strong>cwlestem</strong></span> 
     </span>
    </p>
   </div>
   <div class='ocr_carea' id='block_1_62' title="bbox 481 3210 2059 3289">
    <p class='ocr_par' dir='ltr' id='par_1_62' title="bbox 481 3210 2059 3289">
     <span class='ocr_line' id='line_1_62' title="bbox 481 3210 2059 3289; baseline -0.003 -20"><span class='ocrx_word' id='word_1_513' title='bbox 481 3215 642 3289; x_wconf 67' lang='lat'><strong>293</strong></span> <span class='ocrx_word' id='word_1_514' title='bbox 674 3216 873 3271; x_wconf 88' lang='lat' dir='ltr'><strong>rectius</strong></span> <span class='ocrx_word' id='word_1_515' title='bbox 898 3210 1130 3284; x_wconf 78' lang='lat' dir='ltr'><strong>Spiritali</strong></span> <span class='ocrx_word' id='word_1_516' title='bbox 1168 3211 1525 3282; x_wconf 90' lang='lat' dir='ltr'><strong>intelligentia</strong></span> <span class='ocrx_word' id='word_1_517' title='bbox 1556 3210 1924 3267; x_wconf 87' lang='lat' dir='ltr'><strong>conferemus.</strong></span> <span class='ocrx_word' id='word_1_518' title='bbox 1949 3211 2059 3265; x_wconf 83' lang='lat' dir='ltr'><strong>Ac-</strong></span> 
     </span>
    </p>
   </div>
   <div class='ocr_carea' id='block_1_63' title="bbox 480 3302 2065 3379">
    <p class='ocr_par' dir='ltr' id='par_1_63' title="bbox 480 3302 2065 3379">
     <span class='ocr_line' id='line_1_63' title="bbox 480 3302 2065 3379; baseline -0.004 -15"><span class='ocrx_word' id='word_1_519' title='bbox 480 3310 745 3365; x_wconf 85' lang='lat' dir='ltr'><strong>cessimus</strong></span> <span class='ocrx_word' id='word_1_520' title='bbox 772 3322 923 3379; x_wconf 91' lang='lat' dir='ltr'><strong>ergo,</strong></span> <span class='ocrx_word' id='word_1_521' title='bbox 955 3308 1099 3364; x_wconf 88' lang='lat' dir='ltr'><strong>sicut</strong></span> <span class='ocrx_word' id='word_1_522' title='bbox 1146 3305 1348 3362; x_wconf 88' lang='lat' dir='ltr'><strong>Paulus</strong></span> <span class='ocrx_word' id='word_1_523' title='bbox 1380 3306 1535 3372; x_wconf 74' lang='lat' dir='ltr'><strong>dicit,</strong></span> <span class='ocrx_word' id='word_1_524' title='bbox 1558 3306 1624 3359; x_wconf 90' lang='lat' dir='ltr'><strong>ad</strong></span> <span class='ocrx_word' id='word_1_525' title='bbox 1660 3304 1944 3361; x_wconf 67' lang='lat' dir='ltr'><strong>caelestem</strong></span> <span class='ocrx_word' id='word_1_526' title='bbox 1971 3302 2065 3358; x_wconf 87' lang='lat' dir='ltr'><strong>Je-</strong></span> 
     </span>
    </p>
   </div>
   <div class='ocr_carea' id='block_1_64' title="bbox 481 3395 2062 3463">
    <p class='ocr_par' dir='ltr' id='par_1_64' title="bbox 481 3395 2062 3463">
     <span class='ocr_line' id='line_1_64' title="bbox 481 3395 2062 3463; baseline -0.002 -10"><span class='ocrx_word' id='word_1_527' title='bbox 481 3398 881 3463; x_wconf 88' lang='lat' dir='ltr'><strong>rusalem,sine</strong></span> <span class='ocrx_word' id='word_1_528' title='bbox 931 3398 1099 3453; x_wconf 88' lang='lat' dir='ltr'><strong>dubio</strong></span> <span class='ocrx_word' id='word_1_529' title='bbox 1152 3407 1208 3452; x_wconf 90' lang='lat' dir='ltr'><strong>et</strong></span> <span class='ocrx_word' id='word_1_530' title='bbox 1247 3397 1315 3452; x_wconf 89' lang='lat' dir='ltr'><strong>ad</strong></span> <span class='ocrx_word' id='word_1_531' title='bbox 1363 3395 1638 3453; x_wconf 73' lang='lat' dir='ltr'><strong>ctelestem</strong></span> <span class='ocrx_word' id='word_1_532' title='bbox 1687 3396 1926 3453; x_wconf 67' lang='lat' dir='ltr'><strong>Judaeum</strong></span> <span class='ocrx_word' id='word_1_533' title='bbox 1961 3412 1975 3450; x_wconf 89' lang='lat'><strong>:</strong></span> <span class='ocrx_word' id='word_1_534' title='bbox 2008 3403 2062 3451; x_wconf 90' lang='lat' dir='ltr'><strong>et</strong></span> 
     </span>
    </p>
   </div>
   <div class='ocr_carea' id='block_1_65' title="bbox 481 3488 2065 3559">
    <p class='ocr_par' dir='ltr' id='par_1_65' title="bbox 481 3488 2065 3559">
     <span class='ocr_line' id='line_1_65' title="bbox 481 3488 2065 3559; baseline -0.002 -14"><span class='ocrx_word' id='word_1_535' title='bbox 481 3492 618 3545; x_wconf 90' lang='lat' dir='ltr'><strong>sicut</strong></span> <span class='ocrx_word' id='word_1_536' title='bbox 639 3490 714 3545; x_wconf 92' lang='lat' dir='ltr'><strong>illi</strong></span> <span class='ocrx_word' id='word_1_537' title='bbox 744 3490 809 3545; x_wconf 89' lang='lat' dir='ltr'><strong>de</strong></span> <span class='ocrx_word' id='word_1_538' title='bbox 830 3490 1079 3547; x_wconf 88' lang='lat' dir='ltr'><strong>terrestri</strong></span> <span class='ocrx_word' id='word_1_539' title='bbox 1109 3488 1290 3545; x_wconf 70' lang='lat' dir='ltr'><strong>Judzna</strong></span> <span class='ocrx_word' id='word_1_540' title='bbox 1318 3489 1598 3559; x_wconf 88' lang='lat' dir='ltr'><strong>ejecernnt</strong></span> <span class='ocrx_word' id='word_1_541' title='bbox 1623 3488 1977 3553; x_wconf 65' lang='lat' dir='ltr'><strong>Chauauaros,</strong></span> <span class='ocrx_word' id='word_1_542' title='bbox 2009 3496 2065 3542; x_wconf 90' lang='lat' dir='ltr'><strong>et</strong></span> 
     </span>
    </p>
   </div>
   <div class='ocr_carea' id='block_1_66' title="bbox 484 3578 2063 3650">
    <p class='ocr_par' dir='ltr' id='par_1_66' title="bbox 484 3578 2063 3650">
     <span class='ocr_line' id='line_1_66' title="bbox 484 3578 2063 3650; baseline 0 -17"><span class='ocrx_word' id='word_1_543' title='bbox 484 3580 839 3646; x_wconf 72' lang='lat' dir='ltr'><strong>Pberezacos,</strong></span> <span class='ocrx_word' id='word_1_544' title='bbox 874 3590 931 3635; x_wconf 90' lang='lat' dir='ltr'><strong>et</strong></span> <span class='ocrx_word' id='word_1_545' title='bbox 980 3580 1191 3645; x_wconf 75' lang='lat' dir='ltr'><strong>Evzeos,</strong></span> <span class='ocrx_word' id='word_1_546' title='bbox 1236 3578 1586 3649; x_wconf 88' lang='lat' dir='ltr'><strong>reliquasque</strong></span> <span class='ocrx_word' id='word_1_547' title='bbox 1625 3589 1859 3650; x_wconf 90' lang='lat' dir='ltr'><strong>gentes:</strong></span> <span class='ocrx_word' id='word_1_548' title='bbox 1893 3579 1965 3633; x_wconf 89' lang='lat' dir='ltr'><strong>ita</strong></span> <span class='ocrx_word' id='word_1_549' title='bbox 2007 3586 2063 3634; x_wconf 90' lang='lat' dir='ltr'><strong>et</strong></span> 
     </span>
    </p>
   </div>
   <div class='ocr_carea' id='block_1_67' title="bbox 482 3671 2059 3742">
    <p class='ocr_par' dir='ltr' id='par_1_67' title="bbox 482 3671 2059 3742">
     <span class='ocr_line' id='line_1_67' title="bbox 482 3671 2059 3742; baseline 0.001 -17"><span class='ocrx_word' id='word_1_550' title='bbox 482 3687 581 3726; x_wconf 91' lang='lat' dir='ltr'><strong>nos</strong></span> <span class='ocrx_word' id='word_1_551' title='bbox 610 3671 702 3742; x_wconf 90' lang='lat' dir='ltr'><strong>qui</strong></span> <span class='ocrx_word' id='word_1_552' title='bbox 733 3672 1066 3729; x_wconf 88' lang='lat' dir='ltr'><strong>accessimus</strong></span> <span class='ocrx_word' id='word_1_553' title='bbox 1092 3674 1157 3728; x_wconf 88' lang='lat' dir='ltr'><strong>ad</strong></span> <span class='ocrx_word' id='word_1_554' title='bbox 1185 3685 1422 3729; x_wconf 91' lang='lat' dir='ltr'><strong>montem</strong></span> <span class='ocrx_word' id='word_1_555' title='bbox 1448 3674 1563 3737; x_wconf 90' lang='lat' dir='ltr'><strong>Dei,</strong></span> <span class='ocrx_word' id='word_1_556' title='bbox 1584 3682 1641 3729; x_wconf 92' lang='lat' dir='ltr'><strong>et</strong></span> <span class='ocrx_word' id='word_1_557' title='bbox 1671 3674 1738 3728; x_wconf 88' lang='lat' dir='ltr'><strong>ad</strong></span> <span class='ocrx_word' id='word_1_558' title='bbox 1762 3686 1924 3742; x_wconf 86' lang='lat' dir='ltr'><strong>regna</strong></span> <span class='ocrx_word' id='word_1_559' title='bbox 1951 3686 2059 3726; x_wconf 78' lang='lat' dir='ltr'><strong>cm-</strong></span> 
     </span>
    </p>
   </div>
   <div class='ocr_carea' id='block_1_68' title="bbox 482 3764 2062 3835">
    <p class='ocr_par' dir='ltr' id='par_1_68' title="bbox 482 3764 2062 3835">
     <span class='ocr_line' id='line_1_68' title="bbox 482 3764 2062 3835; baseline 0 -17"><span class='ocrx_word' id='word_1_560' title='bbox 482 3764 661 3831; x_wconf 87' lang='lat' dir='ltr'><strong>lestia,</strong></span> <span class='ocrx_word' id='word_1_561' title='bbox 699 3779 921 3825; x_wconf 81' lang='lat' dir='ltr'><strong>necesse</strong></span> <span class='ocrx_word' id='word_1_562' title='bbox 952 3773 1036 3820; x_wconf 91' lang='lat' dir='ltr'><strong>est</strong></span> <span class='ocrx_word' id='word_1_563' title='bbox 1059 3773 1116 3820; x_wconf 92' lang='lat' dir='ltr'><strong>ut</strong></span> <span class='ocrx_word' id='word_1_564' title='bbox 1138 3764 1474 3821; x_wconf 88' lang='lat' dir='ltr'><strong>debellemus</strong></span> <span class='ocrx_word' id='word_1_565' title='bbox 1496 3764 1801 3822; x_wconf 87' lang='lat' dir='ltr'><strong>contrarias</strong></span> <span class='ocrx_word' id='word_1_566' title='bbox 1820 3773 2062 3835; x_wconf 83' lang='lat' dir='ltr'><strong>potesta-</strong></span> 
     </span>
    </p>
   </div>
   <div class='ocr_carea' id='block_1_69' title="bbox 482 3855 2065 3926">
    <p class='ocr_par' dir='ltr' id='par_1_69' title="bbox 482 3855 2065 3926">
     <span class='ocr_line' id='line_1_69' title="bbox 482 3855 2065 3926; baseline -0.002 -15"><span class='ocrx_word' id='word_1_567' title='bbox 482 3864 587 3922; x_wconf 86' lang='lat' dir='ltr'><strong>tes,</strong></span> <span class='ocrx_word' id='word_1_568' title='bbox 611 3864 665 3913; x_wconf 90' lang='lat' dir='ltr'><strong>et</strong></span> <span class='ocrx_word' id='word_1_569' title='bbox 711 3855 976 3925; x_wconf 86' lang='lat' dir='ltr'><strong>spiritalia</strong></span> <span class='ocrx_word' id='word_1_570' title='bbox 1034 3856 1287 3926; x_wconf 67' lang='lat' dir='ltr'><strong>nequitiae</strong></span> <span class='ocrx_word' id='word_1_571' title='bbox 1340 3857 1395 3911; x_wconf 92' lang='lat' dir='ltr'><strong>in</strong></span> <span class='ocrx_word' id='word_1_572' title='bbox 1428 3856 1746 3912; x_wconf 61' lang='lat' dir='ltr'><strong>caelestibus</strong></span> <span class='ocrx_word' id='word_1_573' title='bbox 1778 3872 1791 3907; x_wconf 91' lang='lat'><strong>:</strong></span> <span class='ocrx_word' id='word_1_574' title='bbox 1819 3867 1876 3912; x_wconf 92' lang='lat' dir='ltr'><strong>et</strong></span> <span class='ocrx_word' id='word_1_575' title='bbox 1921 3856 2065 3911; x_wconf 92' lang='lat' dir='ltr'><strong>sicut</strong></span> 
     </span>
    </p>
   </div>
   <div class='ocr_carea' id='block_1_70' title="bbox 482 3944 2065 4018">
    <p class='ocr_par' dir='ltr' id='par_1_70' title="bbox 482 3944 2065 4018">
     <span class='ocr_line' id='line_1_70' title="bbox 482 3944 2065 4018; baseline -0.003 -13"><span class='ocrx_word' id='word_1_576' title='bbox 482 3948 556 4005; x_wconf 86' lang='lat' dir='ltr'><strong>illi</strong></span> <span class='ocrx_word' id='word_1_577' title='bbox 578 3947 859 4018; x_wconf 78' lang='lat' dir='ltr'><strong>eiecerunt</strong></span> <span class='ocrx_word' id='word_1_578' title='bbox 903 3945 1208 4002; x_wconf 67' lang='lat' dir='ltr'><strong>Jebusaeum</strong></span> <span class='ocrx_word' id='word_1_579' title='bbox 1237 3949 1302 4003; x_wconf 92' lang='lat' dir='ltr'><strong>de</strong></span> <span class='ocrx_word' id='word_1_580' title='bbox 1329 3948 1647 4012; x_wconf 83' lang='lat' dir='ltr'><strong>Jerusalem,</strong></span> <span class='ocrx_word' id='word_1_581' title='bbox 1679 3956 1734 4002; x_wconf 87' lang='lat' dir='ltr'><strong>et</strong></span> <span class='ocrx_word' id='word_1_582' title='bbox 1764 3961 1885 4016; x_wconf 74' lang='lat' dir='ltr'><strong>qua:</strong></span> <span class='ocrx_word' id='word_1_583' title='bbox 1913 3944 2065 4015; x_wconf 84' lang='lat' dir='ltr'><strong>prius</strong></span> 
     </span>
    </p>
   </div>
   <div class='ocr_carea' id='block_1_71' title="bbox 480 4035 2063 4110">
    <p class='ocr_par' dir='ltr' id='par_1_71' title="bbox 480 4035 2063 4110">
     <span class='ocr_line' id='line_1_71' title="bbox 480 4035 2063 4110; baseline -0.004 -16"><span class='ocrx_word' id='word_1_584' title='bbox 480 4039 647 4095; x_wconf 75' lang='lat' dir='ltr'><strong>Job-rs</strong></span> <span class='ocrx_word' id='word_1_585' title='bbox 676 4046 868 4093; x_wconf 88' lang='lat' dir='ltr'><strong>vocata</strong></span> <span class='ocrx_word' id='word_1_586' title='bbox 897 4036 1101 4102; x_wconf 81' lang='lat' dir='ltr'><strong>fuerat,</strong></span> <span class='ocrx_word' id='word_1_587' title='bbox 1129 4040 1470 4104; x_wconf 88' lang='lat' dir='ltr'><strong>postmodum</strong></span> <span class='ocrx_word' id='word_1_588' title='bbox 1501 4038 1768 4110; x_wconf 87' lang='lat' dir='ltr'><strong>appellata</strong></span> <span class='ocrx_word' id='word_1_589' title='bbox 1793 4047 1878 4092; x_wconf 90' lang='lat' dir='ltr'><strong>est</strong></span> <span class='ocrx_word' id='word_1_590' title='bbox 1900 4035 2063 4093; x_wconf 88' lang='lat' dir='ltr'><strong>Jeru-</strong></span> 
     </span>
    </p>
   </div>
   <div class='ocr_carea' id='block_1_72' title="bbox 481 4131 2066 4201">
    <p class='ocr_par' dir='ltr' id='par_1_72' title="bbox 481 4131 2066 4201">
     <span class='ocr_line' id='line_1_72' title="bbox 481 4131 2066 4201; baseline -0.001 -14"><span class='ocrx_word' id='word_1_591' title='bbox 481 4134 653 4188; x_wconf 82' lang='lat' dir='ltr'><strong>salem</strong></span> <span class='ocrx_word' id='word_1_592' title='bbox 685 4152 698 4187; x_wconf 92' lang='lat'><strong>:</strong></span> <span class='ocrx_word' id='word_1_593' title='bbox 737 4134 811 4191; x_wconf 84' lang='lat' dir='ltr'><strong>ita</strong></span> <span class='ocrx_word' id='word_1_594' title='bbox 857 4142 913 4189; x_wconf 84' lang='lat' dir='ltr'><strong>et</strong></span> <span class='ocrx_word' id='word_1_595' title='bbox 969 4148 1069 4189; x_wconf 88' lang='lat' dir='ltr'><strong>nos</strong></span> <span class='ocrx_word' id='word_1_596' title='bbox 1098 4142 1335 4201; x_wconf 87' lang='lat' dir='ltr'><strong>oportet,</strong></span> <span class='ocrx_word' id='word_1_597' title='bbox 1364 4142 1423 4186; x_wconf 85' lang='grc' dir='ltr'><strong>ιιι</strong></span> <span class='ocrx_word' id='word_1_598' title='bbox 1468 4132 1540 4186; x_wconf 86' lang='lat' dir='ltr'><strong>ita</strong></span> <span class='ocrx_word' id='word_1_599' title='bbox 1574 4134 1773 4196; x_wconf 86' lang='lat' dir='ltr'><strong>dicam,</strong></span> <span class='ocrx_word' id='word_1_600' title='bbox 1796 4131 2066 4199; x_wconf 80' lang='lat' dir='ltr'><strong>expellere</strong></span> 
     </span>
    </p>
   </div>
   <div class='ocr_carea' id='block_1_73' title="bbox 484 4224 2063 4298">
    <p class='ocr_par' dir='ltr' id='par_1_73' title="bbox 484 4224 2063 4298">
     <span class='ocr_line' id='line_1_73' title="bbox 484 4224 2063 4298; baseline -0.001 -17"><span class='ocrx_word' id='word_1_601' title='bbox 484 4229 634 4298; x_wconf 87' lang='lat' dir='ltr'><strong>prius</strong></span> <span class='ocrx_word' id='word_1_602' title='bbox 678 4226 983 4287; x_wconf 66' lang='lat' dir='ltr'><strong>Jebusaaum</strong></span> <span class='ocrx_word' id='word_1_603' title='bbox 1012 4227 1080 4282; x_wconf 89' lang='lat' dir='ltr'><strong>de</strong></span> <span class='ocrx_word' id='word_1_604' title='bbox 1125 4225 1453 4290; x_wconf 84' lang='lat' dir='ltr'><strong>Jerusalem,</strong></span> <span class='ocrx_word' id='word_1_605' title='bbox 1493 4234 1547 4281; x_wconf 89' lang='lat' dir='ltr'><strong>et</strong></span> <span class='ocrx_word' id='word_1_606' title='bbox 1582 4226 1663 4283; x_wconf 89' lang='lat' dir='ltr'><strong>sic</strong></span> <span class='ocrx_word' id='word_1_607' title='bbox 1694 4224 2063 4280; x_wconf 65' lang='lat' dir='ltr'><strong>baereditatem</strong></span> 
     </span>
    </p>
   </div>
   <div class='ocr_carea' id='block_1_74' title="bbox 484 4316 2066 4391">
    <p class='ocr_par' dir='ltr' id='par_1_74' title="bbox 484 4316 2066 4391">
     <span class='ocr_line' id='line_1_74' title="bbox 484 4316 2066 4391; baseline -0.003 -18"><span class='ocrx_word' id='word_1_608' title='bbox 484 4320 605 4388; x_wconf 86' lang='lat' dir='ltr'><strong>ejus</strong></span> <span class='ocrx_word' id='word_1_609' title='bbox 634 4322 915 4391; x_wconf 86' lang='lat' dir='ltr'><strong>consequi.</strong></span> <span class='ocrx_word' id='word_1_610' title='bbox 958 4321 1067 4381; x_wconf 85' lang='lat' dir='ltr'><strong>Sed</strong></span> <span class='ocrx_word' id='word_1_611' title='bbox 1119 4320 1193 4376; x_wconf 92' lang='lat' dir='ltr'><strong>illi</strong></span> <span class='ocrx_word' id='word_1_612' title='bbox 1243 4319 1464 4391; x_wconf 88' lang='lat' dir='ltr'><strong>quidem</strong></span> <span class='ocrx_word' id='word_1_613' title='bbox 1506 4317 1620 4381; x_wconf 65' lang='lat' dir='ltr'><strong>haec</strong></span> <span class='ocrx_word' id='word_1_614' title='bbox 1657 4316 1932 4372; x_wconf 86' lang='lat' dir='ltr'><strong>faciebant</strong></span> <span class='ocrx_word' id='word_1_615' title='bbox 1975 4331 2066 4369; x_wconf 80' lang='lat' dir='ltr'><strong>ar-</strong></span> 
     </span>
    </p>
   </div>
   <div class='ocr_carea' id='block_1_75' title="bbox 2165 3118 3753 3191">
    <p class='ocr_par' dir='ltr' id='par_1_75' title="bbox 2165 3118 3753 3191">
     <span class='ocr_line' id='line_1_75' title="bbox 2165 3118 3753 3191; baseline -0.005 -12"><span class='ocrx_word' id='word_1_616' title='bbox 2165 3123 2383 3181; x_wconf 86' lang='lat' dir='ltr'><strong>dentius</strong></span> <span class='ocrx_word' id='word_1_617' title='bbox 2410 3124 2777 3185; x_wconf 85' lang='lat' dir='ltr'><strong>ascendimus,</strong></span> <span class='ocrx_word' id='word_1_618' title='bbox 2809 3131 2963 3178; x_wconf 90' lang='lat' dir='ltr'><strong>tanto</strong></span> <span class='ocrx_word' id='word_1_619' title='bbox 2996 3120 3069 3175; x_wconf 91' lang='lat' dir='ltr'><strong>illi</strong></span> <span class='ocrx_word' id='word_1_620' title='bbox 3096 3118 3524 3191; x_wconf 79' lang='lat' dir='ltr'><strong>prrecipitantius</strong></span> <span class='ocrx_word' id='word_1_621' title='bbox 3557 3126 3753 3172; x_wconf 89' lang='lat' dir='ltr'><strong>ruent:</strong></span> 
     </span>
    </p>
   </div>
   <div class='ocr_carea' id='block_1_76' title="bbox 2161 3210 3756 3286">
    <p class='ocr_par' dir='ltr' id='par_1_76' title="bbox 2161 3210 3756 3286">
     <span class='ocr_line' id='line_1_76' title="bbox 2161 3210 3756 3286; baseline -0.006 -15"><span class='ocrx_word' id='word_1_622' title='bbox 2161 3226 2217 3277; x_wconf 87' lang='lat' dir='ltr'><strong>et</strong></span> <span class='ocrx_word' id='word_1_623' title='bbox 2239 3224 2446 3286; x_wconf 89' lang='lat' dir='ltr'><strong>quanto</strong></span> <span class='ocrx_word' id='word_1_624' title='bbox 2495 3230 2593 3270; x_wconf 88' lang='lat' dir='ltr'><strong>nos</strong></span> <span class='ocrx_word' id='word_1_625' title='bbox 2645 3216 2820 3285; x_wconf 90' lang='lat' dir='ltr'><strong>magis</strong></span> <span class='ocrx_word' id='word_1_626' title='bbox 2872 3227 3159 3284; x_wconf 79' lang='lat' dir='ltr'><strong>augentur,</strong></span> <span class='ocrx_word' id='word_1_627' title='bbox 3190 3222 3345 3268; x_wconf 85' lang='lat' dir='ltr'><strong>tanto</strong></span> <span class='ocrx_word' id='word_1_628' title='bbox 3402 3211 3475 3265; x_wconf 92' lang='lat' dir='ltr'><strong>illi</strong></span> <span class='ocrx_word' id='word_1_629' title='bbox 3534 3210 3756 3265; x_wconf 84' lang='lat' dir='ltr'><strong>inferio-</strong></span> 
     </span>
    </p>
   </div>
   <div class='ocr_carea' id='block_1_77' title="bbox 2164 3303 3755 3380">
    <p class='ocr_par' dir='ltr' id='par_1_77' title="bbox 2164 3303 3755 3380">
     <span class='ocr_line' id='line_1_77' title="bbox 2164 3303 3755 3380; baseline -0.006 -15"><span class='ocrx_word' id='word_1_630' title='bbox 2164 3325 2252 3365; x_wconf 90' lang='lat' dir='ltr'><strong>res</strong></span> <span class='ocrx_word' id='word_1_631' title='bbox 2281 3309 2393 3380; x_wconf 89' lang='lat'><strong>(89)</strong></span> <span class='ocrx_word' id='word_1_632' title='bbox 2426 3309 2577 3365; x_wconf 86' lang='lat' dir='ltr'><strong>ﬁent.</strong></span> <span class='ocrx_word' id='word_1_633' title='bbox 2600 3306 2722 3362; x_wconf 81' lang='lat' dir='ltr'><strong>Vita</strong></span> <span class='ocrx_word' id='word_1_634' title='bbox 2746 3316 2933 3363; x_wconf 90' lang='lat' dir='ltr'><strong>nostra</strong></span> <span class='ocrx_word' id='word_1_635' title='bbox 2962 3306 3007 3361; x_wconf 93' lang='lat' dir='ltr'><strong>si</strong></span> <span class='ocrx_word' id='word_1_636' title='bbox 3042 3313 3233 3359; x_wconf 89' lang='lat' dir='ltr'><strong>sancta</strong></span> <span class='ocrx_word' id='word_1_637' title='bbox 3254 3305 3346 3368; x_wconf 88' lang='lat' dir='ltr'><strong>sit,</strong></span> <span class='ocrx_word' id='word_1_638' title='bbox 3384 3303 3428 3358; x_wconf 90' lang='lat' dir='ltr'><strong>si</strong></span> <span class='ocrx_word' id='word_1_639' title='bbox 3457 3304 3755 3359; x_wconf 87' lang='lat' dir='ltr'><strong>secundum</strong></span> 
     </span>
    </p>
   </div>
   <div class='ocr_carea' id='block_1_78' title="bbox 2164 3394 3756 3467">
    <p class='ocr_par' dir='ltr' id='par_1_78' title="bbox 2164 3394 3756 3467">
     <span class='ocr_line' id='line_1_78' title="bbox 2164 3394 3756 3467; baseline -0.006 -10"><span class='ocrx_word' id='word_1_640' title='bbox 2164 3402 2333 3460; x_wconf 90' lang='lat' dir='ltr'><strong>Deum</strong></span> <span class='ocrx_word' id='word_1_641' title='bbox 2361 3402 2453 3467; x_wconf 90' lang='lat' dir='ltr'><strong>sit,</strong></span> <span class='ocrx_word' id='word_1_642' title='bbox 2489 3400 2595 3456; x_wconf 84' lang='lat' dir='ltr'><strong>illis</strong></span> <span class='ocrx_word' id='word_1_643' title='bbox 2626 3400 2878 3456; x_wconf 88' lang='lat' dir='ltr'><strong>conferet</strong></span> <span class='ocrx_word' id='word_1_644' title='bbox 2911 3407 3165 3453; x_wconf 89' lang='lat' dir='ltr'><strong>mortem.</strong></span> <span class='ocrx_word' id='word_1_645' title='bbox 3201 3394 3260 3451; x_wconf 89' lang='lat' dir='ltr'><strong>Si</strong></span> <span class='ocrx_word' id='word_1_646' title='bbox 3301 3395 3487 3466; x_wconf 79' lang='lat' dir='ltr'><strong>segnis</strong></span> <span class='ocrx_word' id='word_1_647' title='bbox 3515 3403 3572 3451; x_wconf 89' lang='lat' dir='ltr'><strong>et</strong></span> <span class='ocrx_word' id='word_1_648' title='bbox 3597 3394 3756 3449; x_wconf 57' lang='lat' dir='ltr'><strong>luxu-</strong></span> 
     </span>
    </p>
   </div>
   <div class='ocr_carea' id='block_1_79' title="bbox 2165 3488 3757 3564">
    <p class='ocr_par' dir='ltr' id='par_1_79' title="bbox 2165 3488 3757 3564">
     <span class='ocr_line' id='line_1_79' title="bbox 2165 3488 3757 3564; baseline -0.012 -10"><span class='ocrx_word' id='word_1_649' title='bbox 2165 3498 2311 3555; x_wconf 84' lang='lat' dir='ltr'><strong>riosa</strong></span> <span class='ocrx_word' id='word_1_650' title='bbox 2336 3495 2428 3562; x_wconf 88' lang='lat' dir='ltr'><strong>sit,</strong></span> <span class='ocrx_word' id='word_1_651' title='bbox 2460 3499 2713 3564; x_wconf 89' lang='lat' dir='ltr'><strong>potentes</strong></span> <span class='ocrx_word' id='word_1_652' title='bbox 2737 3506 2833 3547; x_wconf 89' lang='lat' dir='ltr'><strong>eos</strong></span> <span class='ocrx_word' id='word_1_653' title='bbox 2868 3492 3159 3546; x_wconf 88' lang='lat' dir='ltr'><strong>adversum</strong></span> <span class='ocrx_word' id='word_1_654' title='bbox 3188 3504 3287 3544; x_wconf 91' lang='lat' dir='ltr'><strong>nos</strong></span> <span class='ocrx_word' id='word_1_655' title='bbox 3314 3497 3371 3544; x_wconf 92' lang='lat' dir='ltr'><strong>et</strong></span> <span class='ocrx_word' id='word_1_656' title='bbox 3400 3488 3647 3558; x_wconf 83' lang='lat' dir='ltr'><strong>gigantes</strong></span> <span class='ocrx_word' id='word_1_657' title='bbox 3682 3488 3757 3538; x_wconf 76' lang='lat' dir='ltr'><strong>ta.</strong></span> 
     </span>
    </p>
   </div>
   <div class='ocr_carea' id='block_1_80' title="bbox 2163 3580 3759 3654">
    <p class='ocr_par' dir='ltr' id='par_1_80' title="bbox 2163 3580 3759 3654">
     <span class='ocr_line' id='line_1_80' title="bbox 2163 3580 3759 3654; baseline -0.009 -10"><span class='ocrx_word' id='word_1_658' title='bbox 2163 3590 2292 3649; x_wconf 89' lang='lat' dir='ltr'><strong>ciet.</strong></span> <span class='ocrx_word' id='word_1_659' title='bbox 2348 3586 2563 3654; x_wconf 85' lang='lat' dir='ltr'><strong>Quanto</strong></span> <span class='ocrx_word' id='word_1_660' title='bbox 2592 3598 2727 3652; x_wconf 83' lang='lat' dir='ltr'><strong>ergo</strong></span> <span class='ocrx_word' id='word_1_661' title='bbox 2771 3598 2873 3639; x_wconf 91' lang='lat' dir='ltr'><strong>nos</strong></span> <span class='ocrx_word' id='word_1_662' title='bbox 2922 3582 3216 3638; x_wconf 90' lang='lat' dir='ltr'><strong>virtutibus</strong></span> <span class='ocrx_word' id='word_1_663' title='bbox 3257 3580 3576 3643; x_wconf 86' lang='lat' dir='ltr'><strong>crescimus,</strong></span> <span class='ocrx_word' id='word_1_664' title='bbox 3609 3588 3759 3637; x_wconf 86' lang='lat' dir='ltr'><strong>tanto</strong></span> 
     </span>
    </p>
   </div>
   <div class='ocr_carea' id='block_1_81' title="bbox 2164 3670 3761 3743">
    <p class='ocr_par' dir='ltr' id='par_1_81' title="bbox 2164 3670 3761 3743">
     <span class='ocr_line' id='line_1_81' title="bbox 2164 3670 3761 3743; baseline -0.007 -9"><span class='ocrx_word' id='word_1_665' title='bbox 2164 3679 2239 3734; x_wconf 90' lang='lat' dir='ltr'><strong>illi</strong></span> <span class='ocrx_word' id='word_1_666' title='bbox 2274 3678 2565 3733; x_wconf 87' lang='lat' dir='ltr'><strong>inferiores</strong></span> <span class='ocrx_word' id='word_1_667' title='bbox 2599 3672 2913 3731; x_wconf 82' lang='lat' dir='ltr'><strong>eﬂieiuutur</strong></span> <span class='ocrx_word' id='word_1_668' title='bbox 2945 3684 3001 3729; x_wconf 89' lang='lat' dir='ltr'><strong>et</strong></span> <span class='ocrx_word' id='word_1_669' title='bbox 3024 3672 3269 3743; x_wconf 83' lang='lat' dir='ltr'><strong>fragiles.</strong></span> <span class='ocrx_word' id='word_1_670' title='bbox 3314 3670 3467 3725; x_wconf 90' lang='lat' dir='ltr'><strong>Sicut</strong></span> <span class='ocrx_word' id='word_1_671' title='bbox 3500 3680 3761 3725; x_wconf 86' lang='lat' dir='ltr'><strong>econtra-</strong></span> 
     </span>
    </p>
   </div>
   <div class='ocr_carea' id='block_1_82' title="bbox 2166 3764 3754 3834">
    <p class='ocr_par' dir='ltr' id='par_1_82' title="bbox 2166 3764 3754 3834">
     <span class='ocr_line' id='line_1_82' title="bbox 2166 3764 3754 3834; baseline -0.006 -7"><span class='ocrx_word' id='word_1_672' title='bbox 2166 3774 2247 3827; x_wconf 94' lang='lat' dir='ltr'><strong>rio</strong></span> <span class='ocrx_word' id='word_1_673' title='bbox 2280 3771 2327 3826; x_wconf 91' lang='lat' dir='ltr'><strong>si</strong></span> <span class='ocrx_word' id='word_1_674' title='bbox 2382 3785 2483 3826; x_wconf 90' lang='lat' dir='ltr'><strong>nos</strong></span> <span class='ocrx_word' id='word_1_675' title='bbox 2514 3770 2857 3825; x_wconf 85' lang='lat' dir='ltr'><strong>iulirmemur</strong></span> <span class='ocrx_word' id='word_1_676' title='bbox 2898 3778 2953 3823; x_wconf 91' lang='lat' dir='ltr'><strong>et</strong></span> <span class='ocrx_word' id='word_1_677' title='bbox 2992 3775 3210 3823; x_wconf 81' lang='lat' dir='ltr'><strong>terrena</strong></span> <span class='ocrx_word' id='word_1_678' title='bbox 3264 3766 3635 3834; x_wconf 83' lang='lat' dir='ltr'><strong>requiramus,</strong></span> <span class='ocrx_word' id='word_1_679' title='bbox 3679 3764 3754 3817; x_wconf 90' lang='lat' dir='ltr'><strong>illi</strong></span> 
     </span>
    </p>
   </div>
   <div class='ocr_carea' id='block_1_83' title="bbox 2167 3855 3754 3929">
    <p class='ocr_par' dir='ltr' id='par_1_83' title="bbox 2167 3855 3754 3929">
     <span class='ocr_line' id='line_1_83' title="bbox 2167 3855 3754 3929; baseline -0.008 -12"><span class='ocrx_word' id='word_1_680' title='bbox 2167 3862 2427 3917; x_wconf 79' lang='lat' dir='ltr'><strong>fortiores</strong></span> <span class='ocrx_word' id='word_1_681' title='bbox 2457 3862 2614 3917; x_wconf 89' lang='lat' dir='ltr'><strong>liunt.</strong></span> <span class='ocrx_word' id='word_1_682' title='bbox 2648 3859 2716 3914; x_wconf 86' lang='lat' dir='ltr'><strong>Et</strong></span> <span class='ocrx_word' id='word_1_683' title='bbox 2764 3866 2968 3929; x_wconf 89' lang='lat' dir='ltr'><strong>quanto</strong></span> <span class='ocrx_word' id='word_1_684' title='bbox 3002 3872 3102 3913; x_wconf 93' lang='lat' dir='ltr'><strong>nos</strong></span> <span class='ocrx_word' id='word_1_685' title='bbox 3148 3856 3439 3912; x_wconf 90' lang='lat' dir='ltr'><strong>dilataumr</strong></span> <span class='ocrx_word' id='word_1_686' title='bbox 3470 3856 3522 3909; x_wconf 90' lang='lat' dir='ltr'><strong>in</strong></span> <span class='ocrx_word' id='word_1_687' title='bbox 3574 3855 3754 3914; x_wconf 73' lang='lat' dir='ltr'><strong>terris,</strong></span> 
     </span>
    </p>
   </div>
   <div class='ocr_carea' id='block_1_84' title="bbox 2168 3947 3755 4022">
    <p class='ocr_par' dir='ltr' id='par_1_84' title="bbox 2168 3947 3755 4022">
     <span class='ocr_line' id='line_1_84' title="bbox 2168 3947 3755 4022; baseline -0.009 -14"><span class='ocrx_word' id='word_1_688' title='bbox 2168 3963 2321 4008; x_wconf 89' lang='lat' dir='ltr'><strong>tanto</strong></span> <span class='ocrx_word' id='word_1_689' title='bbox 2346 3952 2453 4009; x_wconf 90' lang='lat' dir='ltr'><strong>illis</strong></span> <span class='ocrx_word' id='word_1_690' title='bbox 2484 3951 2661 4022; x_wconf 88' lang='lat' dir='ltr'><strong>spatia</strong></span> <span class='ocrx_word' id='word_1_691' title='bbox 2688 3950 2741 4007; x_wconf 86' lang='lat' dir='ltr'><strong>in</strong></span> <span class='ocrx_word' id='word_1_692' title='bbox 2765 3949 3081 4006; x_wconf 74' lang='lat' dir='ltr'><strong>cwlestibus</strong></span> <span class='ocrx_word' id='word_1_693' title='bbox 3115 3948 3346 4019; x_wconf 88' lang='lat' dir='ltr'><strong>largiora</strong></span> <span class='ocrx_word' id='word_1_694' title='bbox 3384 3947 3755 4004; x_wconf 87' lang='lat' dir='ltr'><strong>concedimus.</strong></span> 
     </span>
    </p>
   </div>
   <div class='ocr_carea' id='block_1_85' title="bbox 2167 4037 3756 4112">
    <p class='ocr_par' dir='ltr' id='par_1_85' title="bbox 2167 4037 3756 4112">
     <span class='ocr_line' id='line_1_85' title="bbox 2167 4037 3756 4112; baseline -0.008 -13"><span class='ocrx_word' id='word_1_695' title='bbox 2167 4042 2322 4099; x_wconf 88' lang='lat' dir='ltr'><strong>Unde</strong></span> <span class='ocrx_word' id='word_1_696' title='bbox 2350 4042 2453 4097; x_wconf 92' lang='lat' dir='ltr'><strong>hoc</strong></span> <span class='ocrx_word' id='word_1_697' title='bbox 2496 4041 2669 4112; x_wconf 83' lang='lat' dir='ltr'><strong>magis</strong></span> <span class='ocrx_word' id='word_1_698' title='bbox 2732 4055 2980 4110; x_wconf 85' lang='lat' dir='ltr'><strong>agamus,</strong></span> <span class='ocrx_word' id='word_1_699' title='bbox 3006 4049 3069 4094; x_wconf 87' lang='lat' dir='ltr'><strong>ut</strong></span> <span class='ocrx_word' id='word_1_700' title='bbox 3119 4037 3273 4093; x_wconf 88' lang='lat' dir='ltr'><strong>nobis</strong></span> <span class='ocrx_word' id='word_1_701' title='bbox 3320 4037 3756 4105; x_wconf 86' lang='lat' dir='ltr'><strong>augescentibus,</strong></span> 
     </span>
    </p>
   </div>
   <div class='ocr_carea' id='block_1_86' title="bbox 2168 4128 3753 4202">
    <p class='ocr_par' dir='ltr' id='par_1_86' title="bbox 2168 4128 3753 4202">
     <span class='ocr_line' id='line_1_86' title="bbox 2168 4128 3753 4202; baseline -0.006 -13"><span class='ocrx_word' id='word_1_702' title='bbox 2168 4136 2243 4189; x_wconf 91' lang='lat' dir='ltr'><strong>illi</strong></span> <span class='ocrx_word' id='word_1_703' title='bbox 2270 4136 2625 4199; x_wconf 90' lang='lat' dir='ltr'><strong>minuantur;</strong></span> <span class='ocrx_word' id='word_1_704' title='bbox 2667 4133 2823 4187; x_wconf 91' lang='lat' dir='ltr'><strong>nobis</strong></span> <span class='ocrx_word' id='word_1_705' title='bbox 2847 4132 3299 4202; x_wconf 84' lang='lat' dir='ltr'><strong>ingredientibus,</strong></span> <span class='ocrx_word' id='word_1_706' title='bbox 3332 4130 3405 4182; x_wconf 90' lang='lat' dir='ltr'><strong>illi</strong></span> <span class='ocrx_word' id='word_1_707' title='bbox 3434 4128 3703 4199; x_wconf 86' lang='lat' dir='ltr'><strong>pellantur</strong></span> <span class='ocrx_word' id='word_1_708' title='bbox 3741 4144 3753 4179; x_wconf 92' lang='lat'>:</span> 
     </span>
    </p>
   </div>
   <div class='ocr_carea' id='block_1_87' title="bbox 2168 4219 3756 4291">
    <p class='ocr_par' dir='ltr' id='par_1_87' title="bbox 2168 4219 3756 4291">
     <span class='ocr_line' id='line_1_87' title="bbox 2168 4219 3756 4291; baseline -0.008 -9"><span class='ocrx_word' id='word_1_709' title='bbox 2168 4227 2325 4282; x_wconf 91' lang='lat' dir='ltr'><strong>nobis</strong></span> <span class='ocrx_word' id='word_1_710' title='bbox 2359 4224 2807 4291; x_wconf 86' lang='lat' dir='ltr'><strong>ascendentibus,</strong></span> <span class='ocrx_word' id='word_1_711' title='bbox 2840 4223 2916 4277; x_wconf 91' lang='lat' dir='ltr'><strong>illi</strong></span> <span class='ocrx_word' id='word_1_712' title='bbox 2969 4222 3170 4278; x_wconf 89' lang='lat' dir='ltr'><strong>cadant</strong></span> <span class='ocrx_word' id='word_1_713' title='bbox 3204 4238 3218 4275; x_wconf 90' lang='lat'><strong>:</strong></span> <span class='ocrx_word' id='word_1_714' title='bbox 3253 4222 3394 4275; x_wconf 82' lang='lat' dir='ltr'><strong>sicut</strong></span> <span class='ocrx_word' id='word_1_715' title='bbox 3414 4230 3469 4274; x_wconf 89' lang='lat' dir='ltr'><strong>et</strong></span> <span class='ocrx_word' id='word_1_716' title='bbox 3498 4220 3585 4273; x_wconf 87' lang='lat' dir='ltr'><strong>ille</strong></span> <span class='ocrx_word' id='word_1_717' title='bbox 3610 4219 3756 4273; x_wconf 60' lang='lat' dir='ltr'><strong>ceci«</strong></span> 
     </span>
    </p>
   </div>
   <div class='ocr_carea' id='block_1_88' title="bbox 2169 4309 3760 4387">
    <p class='ocr_par' dir='ltr' id='par_1_88' title="bbox 2169 4309 3760 4387">
     <span class='ocr_line' id='line_1_88' title="bbox 2169 4309 3760 4387; baseline -0.006 -14"><span class='ocrx_word' id='word_1_718' title='bbox 2169 4319 2268 4382; x_wconf 92' lang='lat' dir='ltr'><strong>dit,</strong></span> <span class='ocrx_word' id='word_1_719' title='bbox 2297 4318 2365 4374; x_wconf 90' lang='lat' dir='ltr'><strong>de</strong></span> <span class='ocrx_word' id='word_1_720' title='bbox 2394 4332 2501 4387; x_wconf 91' lang='lat' dir='ltr'><strong>quo</strong></span> <span class='ocrx_word' id='word_1_721' title='bbox 2533 4315 2667 4372; x_wconf 89' lang='lat' dir='ltr'><strong>dicit</strong></span> <span class='ocrx_word' id='word_1_722' title='bbox 2705 4315 2969 4369; x_wconf 89' lang='lat' dir='ltr'><strong>Dominus</strong></span> <span class='ocrx_word' id='word_1_723' title='bbox 3009 4313 3064 4371; x_wconf 92' lang='lat' dir='ltr'><strong>iu</strong></span> <span class='ocrx_word' id='word_1_724' title='bbox 3113 4311 3409 4382; x_wconf 74' lang='lat' dir='ltr'><strong>Evangelio</strong></span> <span class='ocrx_word' id='word_1_725' title='bbox 3443 4311 3529 4365; x_wconf 81' lang='lat'><strong>&quot;:</strong></span> <span class='ocrx_word' id='word_1_726' title='bbox 3571 4327 3589 4361; x_wconf 74' lang='grc' dir='ltr'><strong>ι</strong></span> <span class='ocrx_word' id='word_1_727' title='bbox 3622 4309 3760 4363; x_wconf 84' lang='lat' dir='ltr'><strong>Ecce</strong></span> 
     </span>
    </p>
   </div>
   <div class='ocr_carea' id='block_1_89' title="bbox 486 4403 3754 4479">
    <p class='ocr_par' dir='ltr' id='par_1_89' title="bbox 486 4403 3754 4479">
     <span class='ocr_line' id='line_1_89' title="bbox 486 4403 3754 4479; baseline -0.002 -16"><span class='ocrx_word' id='word_1_728' title='bbox 486 4413 591 4467; x_wconf 77' lang='lat' dir='ltr'><strong>mis</strong></span> <span class='ocrx_word' id='word_1_729' title='bbox 636 4413 975 4479; x_wconf 86' lang='lat' dir='ltr'><strong>visibilibus,</strong></span> <span class='ocrx_word' id='word_1_730' title='bbox 1013 4430 1111 4470; x_wconf 91' lang='lat' dir='ltr'><strong>nos</strong></span> <span class='ocrx_word' id='word_1_731' title='bbox 1163 4428 1293 4469; x_wconf 89' lang='lat' dir='ltr'><strong>vero</strong></span> <span class='ocrx_word' id='word_1_732' title='bbox 1342 4410 1725 4468; x_wconf 83' lang='lat' dir='ltr'><strong>iuvisibilibus.</strong></span> <span class='ocrx_word' id='word_1_733' title='bbox 1757 4409 1835 4464; x_wconf 92' lang='lat' dir='ltr'><strong>llli</strong></span> <span class='ocrx_word' id='word_1_734' title='bbox 1882 4408 2064 4463; x_wconf 85' lang='lat' dir='ltr'><strong>vince-</strong></span> <span class='ocrx_word' id='word_1_735' title='bbox 2096 4408 2140 4466; x_wconf 91' lang='lat' dir='ltr'><strong>D</strong></span> <span class='ocrx_word' id='word_1_736' title='bbox 2171 4412 2277 4467; x_wconf 90' lang='lat' dir='ltr'><strong>vidi</strong></span> <span class='ocrx_word' id='word_1_737' title='bbox 2333 4410 2593 4466; x_wconf 89' lang='lat' dir='ltr'><strong>Satanam</strong></span> <span class='ocrx_word' id='word_1_738' title='bbox 2637 4408 2779 4464; x_wconf 90' lang='lat' dir='ltr'><strong>sicut</strong></span> <span class='ocrx_word' id='word_1_739' title='bbox 2818 4406 2999 4477; x_wconf 84' lang='lat' dir='ltr'><strong>fulgur</strong></span> <span class='ocrx_word' id='word_1_740' title='bbox 3052 4407 3336 4461; x_wconf 89' lang='lat' dir='ltr'><strong>cadentem</strong></span> <span class='ocrx_word' id='word_1_741' title='bbox 3386 4404 3453 4458; x_wconf 90' lang='lat' dir='ltr'><strong>de</strong></span> <span class='ocrx_word' id='word_1_742' title='bbox 3490 4403 3671 4468; x_wconf 62' lang='lat' dir='ltr'><strong>caelo;</strong></span> <span class='ocrx_word' id='word_1_743' title='bbox 3736 4421 3754 4455; x_wconf 77' lang='grc' dir='ltr'><strong>ι</strong></span> 
     </span>
    </p>
   </div>
   <div class='ocr_carea' id='block_1_90' title="bbox 488 4501 2065 4575">
    <p class='ocr_par' dir='ltr' id='par_1_90' title="bbox 488 4501 2065 4575">
     <span class='ocr_line' id='line_1_90' title="bbox 488 4501 2065 4575; baseline -0.001 -18"><span class='ocrx_word' id='word_1_744' title='bbox 488 4503 617 4560; x_wconf 90' lang='lat' dir='ltr'><strong>baut</strong></span> <span class='ocrx_word' id='word_1_745' title='bbox 670 4506 1045 4574; x_wconf 89' lang='lat' dir='ltr'><strong>corporalibus</strong></span> <span class='ocrx_word' id='word_1_746' title='bbox 1078 4506 1298 4575; x_wconf 69' lang='lat' dir='ltr'><strong>puellis,</strong></span> <span class='ocrx_word' id='word_1_747' title='bbox 1332 4520 1430 4560; x_wconf 88' lang='lat' dir='ltr'><strong>nos</strong></span> <span class='ocrx_word' id='word_1_748' title='bbox 1461 4513 1642 4560; x_wconf 91' lang='lat' dir='ltr'><strong>autem</strong></span> <span class='ocrx_word' id='word_1_749' title='bbox 1688 4501 1919 4571; x_wconf 83' lang='lat' dir='ltr'><strong>spiritali</strong></span> <span class='ocrx_word' id='word_1_750' title='bbox 1946 4516 2065 4556; x_wconf 88' lang='lat' dir='ltr'><strong>cer-</strong></span> 
     </span>
    </p>
   </div>
   <div class='ocr_carea' id='block_1_91' title="bbox 488 4596 1068 4666">
    <p class='ocr_par' dir='ltr' id='par_1_91' title="bbox 488 4596 1068 4666">
     <span class='ocr_line' id='line_1_91' title="bbox 488 4596 1068 4666; baseline 0.003 -16"><span class='ocrx_word' id='word_1_751' title='bbox 488 4596 690 4651; x_wconf 90' lang='lat' dir='ltr'><strong>tamine</strong></span> <span class='ocrx_word' id='word_1_752' title='bbox 720 4611 1068 4666; x_wconf 87' lang='lat' dir='ltr'><strong>superamus.</strong></span> 
     </span>
    </p>
   </div>
   <div class='ocr_carea' id='block_1_92' title="bbox 555 4684 2067 4755">
    <p class='ocr_par' dir='ltr' id='par_1_92' title="bbox 555 4684 2067 4755">
     <span class='ocr_line' id='line_1_92' title="bbox 555 4684 2067 4755; baseline -0.003 -13"><span class='ocrx_word' id='word_1_753' title='bbox 555 4687 610 4742; x_wconf 90' lang='lat'><strong>6.</strong></span> <span class='ocrx_word' id='word_1_754' title='bbox 652 4688 806 4755; x_wconf 84' lang='lat' dir='ltr'><strong>Quod</strong></span> <span class='ocrx_word' id='word_1_755' title='bbox 837 4690 881 4743; x_wconf 90' lang='lat' dir='ltr'><strong>si</strong></span> <span class='ocrx_word' id='word_1_756' title='bbox 907 4689 989 4744; x_wconf 82' lang='lat' dir='ltr'><strong>vis</strong></span> <span class='ocrx_word' id='word_1_757' title='bbox 1009 4688 1220 4751; x_wconf 88' lang='lat' dir='ltr'><strong>audire,</strong></span> <span class='ocrx_word' id='word_1_758' title='bbox 1247 4687 1473 4750; x_wconf 77' lang='lat' dir='ltr'><strong>Paulus,</strong></span> <span class='ocrx_word' id='word_1_759' title='bbox 1501 4686 1592 4755; x_wconf 83' lang='lat' dir='ltr'><strong>qui</strong></span> <span class='ocrx_word' id='word_1_760' title='bbox 1623 4700 1729 4740; x_wconf 90' lang='lat' dir='ltr'><strong>non</strong></span> <span class='ocrx_word' id='word_1_761' title='bbox 1751 4684 1924 4739; x_wconf 88' lang='lat' dir='ltr'><strong>solum</strong></span> <span class='ocrx_word' id='word_1_762' title='bbox 1953 4699 2067 4738; x_wconf 90' lang='lat' dir='ltr'><strong>ma-</strong></span> 
     </span>
    </p>
   </div>
   <div class='ocr_carea' id='block_1_93' title="bbox 486 4776 2063 4849">
    <p class='ocr_par' dir='ltr' id='par_1_93' title="bbox 486 4776 2063 4849">
     <span class='ocr_line' id='line_1_93' title="bbox 486 4776 2063 4849; baseline -0.003 -16"><span class='ocrx_word' id='word_1_763' title='bbox 486 4779 652 4849; x_wconf 91' lang='lat' dir='ltr'><strong>gister</strong></span> <span class='ocrx_word' id='word_1_764' title='bbox 676 4779 943 4849; x_wconf 86' lang='lat' dir='ltr'><strong>gentium,</strong></span> <span class='ocrx_word' id='word_1_765' title='bbox 984 4780 1082 4835; x_wconf 86' lang='lat' dir='ltr'><strong>sed</strong></span> <span class='ocrx_word' id='word_1_766' title='bbox 1132 4790 1187 4834; x_wconf 90' lang='lat' dir='ltr'><strong>et</strong></span> <span class='ocrx_word' id='word_1_767' title='bbox 1238 4779 1448 4834; x_wconf 64' lang='lat' dir='ltr'><strong>militia:</strong></span> <span class='ocrx_word' id='word_1_768' title='bbox 1481 4777 1640 4847; x_wconf 85' lang='lat' dir='ltr'><strong>hujus</strong></span> <span class='ocrx_word' id='word_1_769' title='bbox 1671 4776 1928 4846; x_wconf 84' lang='lat' dir='ltr'><strong>magister</strong></span> <span class='ocrx_word' id='word_1_770' title='bbox 1957 4787 2063 4839; x_wconf 89' lang='lat' dir='ltr'><strong>est,</strong></span> 
     </span>
    </p>
   </div>
   <div class='ocr_carea' id='block_1_94' title="bbox 483 4868 2068 4940">
    <p class='ocr_par' dir='ltr' id='par_1_94' title="bbox 483 4868 2068 4940">
     <span class='ocr_line' id='line_1_94' title="bbox 483 4868 2068 4940; baseline -0.001 -19"><span class='ocrx_word' id='word_1_771' title='bbox 483 4870 757 4937; x_wconf 68' lang='lat' dir='ltr'><strong>quomodo</strong></span> <span class='ocrx_word' id='word_1_772' title='bbox 784 4871 1105 4940; x_wconf 86' lang='lat' dir='ltr'><strong>pugnaverit</strong></span> <span class='ocrx_word' id='word_1_773' title='bbox 1129 4872 1295 4939; x_wconf 90' lang='lat' dir='ltr'><strong>prior,</strong></span> <span class='ocrx_word' id='word_1_774' title='bbox 1312 4870 1436 4923; x_wconf 92' lang='lat' dir='ltr'><strong>audi</strong></span> <span class='ocrx_word' id='word_1_775' title='bbox 1462 4869 1590 4938; x_wconf 89' lang='lat' dir='ltr'><strong>quid</strong></span> <span class='ocrx_word' id='word_1_776' title='bbox 1616 4868 1729 4935; x_wconf 86' lang='lat' dir='ltr'><strong>ipse</strong></span> <span class='ocrx_word' id='word_1_777' title='bbox 1755 4868 1823 4921; x_wconf 88' lang='lat' dir='ltr'><strong>de</strong></span> <span class='ocrx_word' id='word_1_778' title='bbox 1848 4882 1906 4922; x_wconf 90' lang='lat' dir='ltr'><strong>se</strong></span> <span class='ocrx_word' id='word_1_779' title='bbox 1932 4868 2068 4921; x_wconf 86' lang='lat' dir='ltr'><strong>scri-</strong></span> 
     </span>
    </p>
   </div>
   <div class='ocr_carea' id='block_1_95' title="bbox 487 4958 2066 5031">
    <p class='ocr_par' dir='ltr' id='par_1_95' title="bbox 487 4958 2066 5031">
     <span class='ocr_line' id='line_1_95' title="bbox 487 4958 2066 5031; baseline -0.002 -18"><span class='ocrx_word' id='word_1_780' title='bbox 487 4961 599 5026; x_wconf 84' lang='lat' dir='ltr'><strong>hat,</strong></span> <span class='ocrx_word' id='word_1_781' title='bbox 635 4960 775 5015; x_wconf 85' lang='lat' dir='ltr'><strong>sicut</strong></span> <span class='ocrx_word' id='word_1_782' title='bbox 801 4962 965 5021; x_wconf 84' lang='lat' dir='ltr'><strong>etiam</strong></span> <span class='ocrx_word' id='word_1_783' title='bbox 991 4970 1046 5015; x_wconf 94' lang='lat' dir='ltr'><strong>et</strong></span> <span class='ocrx_word' id='word_1_784' title='bbox 1072 4976 1237 5031; x_wconf 88' lang='lat' dir='ltr'><strong>supra</strong></span> <span class='ocrx_word' id='word_1_785' title='bbox 1265 4960 1709 5017; x_wconf 86' lang='lat' dir='ltr'><strong>memoravimus.</strong></span> <span class='ocrx_word' id='word_1_786' title='bbox 1753 4977 1771 5010; x_wconf 76' lang='grc' dir='ltr'><strong>ι</strong></span> <span class='ocrx_word' id='word_1_787' title='bbox 1812 4958 1927 5013; x_wconf 77' lang='lat' dir='ltr'><strong>Non</strong></span> <span class='ocrx_word' id='word_1_788' title='bbox 1962 4968 2066 5024; x_wconf 91' lang='lat' dir='ltr'><strong>est,</strong></span> 
     </span>
    </p>
   </div>
   <div class='ocr_carea' id='block_1_96' title="bbox 486 5049 2069 5121">
    <p class='ocr_par' dir='ltr' id='par_1_96' title="bbox 486 5049 2069 5121">
     <span class='ocr_line' id='line_1_96' title="bbox 486 5049 2069 5121; baseline 0.002 -19"><span class='ocrx_word' id='word_1_789' title='bbox 486 5049 661 5121; x_wconf 88' lang='lat' dir='ltr'><strong>inquit</strong></span> <span class='ocrx_word' id='word_1_790' title='bbox 680 5052 747 5117; x_wconf 83' lang='grc'><strong>⁸³,</strong></span> <span class='ocrx_word' id='word_1_791' title='bbox 776 5054 933 5108; x_wconf 89' lang='lat' dir='ltr'><strong>nobis</strong></span> <span class='ocrx_word' id='word_1_792' title='bbox 954 5053 1269 5107; x_wconf 89' lang='lat' dir='ltr'><strong>colluctatio</strong></span> <span class='ocrx_word' id='word_1_793' title='bbox 1295 5054 1580 5107; x_wconf 85' lang='lat' dir='ltr'><strong>adversum</strong></span> <span class='ocrx_word' id='word_1_794' title='bbox 1612 5066 1833 5106; x_wconf 89' lang='lat' dir='ltr'><strong>carnem</strong></span> <span class='ocrx_word' id='word_1_795' title='bbox 1860 5060 1915 5104; x_wconf 90' lang='lat' dir='ltr'><strong>et</strong></span> <span class='ocrx_word' id='word_1_796' title='bbox 1941 5066 2069 5105; x_wconf 84' lang='lat' dir='ltr'><strong>san-</strong></span> 
     </span>
    </p>
   </div>
   <div class='ocr_carea' id='block_1_97' title="bbox 486 5142 2065 5214">
    <p class='ocr_par' dir='ltr' id='par_1_97' title="bbox 486 5142 2065 5214">
     <span class='ocr_line' id='line_1_97' title="bbox 486 5142 2065 5214; baseline 0.001 -21"><span class='ocrx_word' id='word_1_797' title='bbox 486 5142 749 5210; x_wconf 88' lang='lat' dir='ltr'><strong>guinem;</strong></span> <span class='ocrx_word' id='word_1_798' title='bbox 792 5148 887 5197; x_wconf 84' lang='lat' dir='ltr'><strong>sed</strong></span> <span class='ocrx_word' id='word_1_799' title='bbox 918 5145 1209 5200; x_wconf 81' lang='lat' dir='ltr'><strong>adversum</strong></span> <span class='ocrx_word' id='word_1_800' title='bbox 1268 5146 1604 5214; x_wconf 83' lang='lat' dir='ltr'><strong>principatus</strong></span> <span class='ocrx_word' id='word_1_801' title='bbox 1646 5152 1702 5197; x_wconf 91' lang='lat' dir='ltr'><strong>et</strong></span> <span class='ocrx_word' id='word_1_802' title='bbox 1745 5152 2065 5213; x_wconf 76' lang='lat' dir='ltr'><strong>pOICSlaleS,</strong></span> 
     </span>
    </p>
   </div>
   <div class='ocr_carea' id='block_1_98' title="bbox 486 5236 2067 5308">
    <p class='ocr_par' dir='ltr' id='par_1_98' title="bbox 486 5236 2067 5308">
     <span class='ocr_line' id='line_1_98' title="bbox 486 5236 2067 5308; baseline 0.001 -21"><span class='ocrx_word' id='word_1_803' title='bbox 486 5236 746 5289; x_wconf 70' lang='lat' dir='ltr'><strong>adversus</strong></span> <span class='ocrx_word' id='word_1_804' title='bbox 780 5245 1019 5292; x_wconf 88' lang='lat' dir='ltr'><strong>rectores</strong></span> <span class='ocrx_word' id='word_1_805' title='bbox 1051 5239 1235 5297; x_wconf 91' lang='lat' dir='ltr'><strong>mundi</strong></span> <span class='ocrx_word' id='word_1_806' title='bbox 1263 5238 1441 5308; x_wconf 86' lang='lat' dir='ltr'><strong>hujus,</strong></span> <span class='ocrx_word' id='word_1_807' title='bbox 1471 5237 1820 5294; x_wconf 88' lang='lat' dir='ltr'><strong>tenebrarum</strong></span> <span class='ocrx_word' id='word_1_808' title='bbox 1850 5236 2067 5301; x_wconf 90' lang='lat' dir='ltr'><strong>harum,</strong></span> 
     </span>
    </p>
   </div>
   <div class='ocr_carea' id='block_1_99' title="bbox 557 5413 1663 5481">
    <p class='ocr_par' dir='ltr' id='par_1_99' title="bbox 557 5413 1663 5481">
     <span class='ocr_line' id='line_1_99' title="bbox 557 5413 1663 5481; baseline 0.009 -17"><span class='ocrx_word' id='word_1_809' title='bbox 557 5414 675 5446; x_wconf 67' lang='grc' dir='ltr'><strong>’Μ’</strong></span> <span class='ocrx_word' id='word_1_810' title='bbox 703 5413 865 5467; x_wconf 88' lang='lat' dir='ltr'><strong>llebr.</strong></span> <span class='ocrx_word' id='word_1_811' title='bbox 906 5429 1000 5477; x_wconf 79' lang='lat' dir='ltr'><strong>xu,</strong></span> <span class='ocrx_word' id='word_1_812' title='bbox 1029 5414 1118 5470; x_wconf 59' lang='grc' dir='ltr'><strong>ἑὲ.</strong></span> <span class='ocrx_word' id='word_1_813' title='bbox 1194 5417 1239 5447; x_wconf 62' lang='grc'><strong>⁸³</strong></span> <span class='ocrx_word' id='word_1_814' title='bbox 1264 5416 1442 5471; x_wconf 86' lang='lat' dir='ltr'><strong>Galat.</strong></span> <span class='ocrx_word' id='word_1_815' title='bbox 1464 5430 1538 5481; x_wconf 85' lang='grc' dir='ltr'><strong>ιν,</strong></span> <span class='ocrx_word' id='word_1_816' title='bbox 1568 5414 1663 5469; x_wconf 72' lang='grc'><strong>26.</strong></span> 
     </span>
    </p>
   </div>
   <div class='ocr_carea' id='block_1_100' title="bbox 492 5483 1386 5551">
    <p class='ocr_par' dir='ltr' id='par_1_100' title="bbox 492 5483 1386 5551">
     <span class='ocr_line' id='line_1_100' title="bbox 492 5483 1386 5551; baseline 0.001 -13"><span class='ocrx_word' id='word_1_817' title='bbox 492 5501 543 5551; x_wconf 77' lang='grc' dir='ltr'>ιι,</span> <span class='ocrx_word' id='word_1_818' title='bbox 583 5488 668 5542; x_wconf 77' lang='grc'><strong>18.</strong></span> <span class='ocrx_word' id='word_1_819' title='bbox 746 5486 791 5518; x_wconf 81' lang='lat'><strong>&#39;°</strong></span> <span class='ocrx_word' id='word_1_820' title='bbox 827 5483 986 5538; x_wconf 86' lang='lat' dir='ltr'><strong>Num.</strong></span> <span class='ocrx_word' id='word_1_821' title='bbox 1040 5501 1135 5540; x_wconf 77' lang='lat' dir='ltr'><strong>xm</strong></span> <span class='ocrx_word' id='word_1_822' title='bbox 1186 5496 1242 5541; x_wconf 89' lang='lat' dir='ltr'><strong>et</strong></span> <span class='ocrx_word' id='word_1_823' title='bbox 1278 5502 1386 5540; x_wconf 78' lang='lat' dir='ltr'><strong>xrv.</strong></span> 
     </span>
    </p>
   </div>
   <div class='ocr_carea' id='block_1_101' title="bbox 559 5600 1956 5743">
    <p class='ocr_par' dir='ltr' id='par_1_101' title="bbox 559 5600 1956 5743">
     <span class='ocr_line' id='line_1_101' title="bbox 560 5600 1956 5743; baseline 0 -89"><span class='ocrx_word' id='word_1_824' title='bbox 560 5600 672 5743; x_wconf 50' lang='lat'><strong>(88}</strong></span> <span class='ocrx_word' id='word_1_825' title='bbox 708 5602 891 5656; x_wconf 75' lang='lat' dir='ltr'><strong>Codex</strong></span> <span class='ocrx_word' id='word_1_826' title='bbox 923 5600 1110 5657; x_wconf 89' lang='lat' dir='ltr'><strong>Sancti</strong></span> <span class='ocrx_word' id='word_1_827' title='bbox 1150 5601 1504 5670; x_wconf 85' lang='lat' dir='ltr'><strong>Theoderici,</strong></span> <span class='ocrx_word' id='word_1_828' title='bbox 1546 5621 1565 5654; x_wconf 73' lang='grc' dir='ltr'><strong>ι</strong></span> <span class='ocrx_word' id='word_1_829' title='bbox 1605 5604 1897 5658; x_wconf 82' lang='lat' dir='ltr'><strong>castitatis.</strong></span> <span class='ocrx_word' id='word_1_830' title='bbox 1937 5620 1956 5654; x_wconf 78' lang='grc' dir='ltr'><strong>ι</strong></span> 
     </span>
     <span class='ocr_line' id='line_1_102' title="bbox 559 5671 1947 5743; baseline -0.001 -16"><span class='ocrx_word' id='word_1_831' title='bbox 559 5671 649 5743; x_wconf 67' lang='lat'><strong>(89</strong></span> <span class='ocrx_word' id='word_1_832' title='bbox 708 5672 891 5727; x_wconf 68' lang='lat' dir='ltr'><strong>Codex</strong></span> <span class='ocrx_word' id='word_1_833' title='bbox 911 5671 1097 5729; x_wconf 85' lang='lat' dir='ltr'><strong>Sancti</strong></span> <span class='ocrx_word' id='word_1_834' title='bbox 1129 5671 1474 5741; x_wconf 84' lang='lat' dir='ltr'><strong>Theodorici,</strong></span> <span class='ocrx_word' id='word_1_835' title='bbox 1518 5692 1536 5725; x_wconf 72' lang='grc' dir='ltr'><strong>ι</strong></span> <span class='ocrx_word' id='word_1_836' title='bbox 1576 5683 1726 5730; x_wconf 90' lang='lat' dir='ltr'><strong>tanto</strong></span> <span class='ocrx_word' id='word_1_837' title='bbox 1776 5673 1850 5729; x_wconf 81' lang='lat' dir='ltr'><strong>illi</strong></span> <span class='ocrx_word' id='word_1_838' title='bbox 1896 5675 1947 5727; x_wconf 94' lang='lat' dir='ltr'><strong>iu</strong></span> 
     </span>
    </p>
   </div>
   <div class='ocr_carea' id='block_1_102' title="bbox 1738 5411 2431 5482">
    <p class='ocr_par' dir='ltr' id='par_1_102' title="bbox 1738 5411 2431 5482">
     <span class='ocr_line' id='line_1_103' title="bbox 1738 5411 2431 5482; baseline 0.017 -24"><span class='ocrx_word' id='word_1_839' title='bbox 1738 5412 1857 5467; x_wconf 61' lang='lat' dir='ltr'><strong>&quot;MP</strong></span> <span class='ocrx_word' id='word_1_840' title='bbox 1891 5411 2088 5482; x_wconf 84' lang='lat' dir='ltr'><strong>Ephes.</strong></span> <span class='ocrx_word' id='word_1_841' title='bbox 2125 5429 2200 5479; x_wconf 89' lang='lat' dir='ltr'><strong>vl,</strong></span> <span class='ocrx_word' id='word_1_842' title='bbox 2240 5413 2431 5470; x_wconf 65' lang='lat'><strong>14-17.</strong></span> 
     </span>
    </p>
   </div>
   <div class='ocr_carea' id='block_1_103' title="bbox 2172 4495 3762 4572">
    <p class='ocr_par' dir='ltr' id='par_1_103' title="bbox 2172 4495 3762 4572">
     <span class='ocr_line' id='line_1_104' title="bbox 2172 4495 3762 4572; baseline -0.006 -13"><span class='ocrx_word' id='word_1_843' title='bbox 2172 4513 2232 4559; x_wconf 94' lang='lat' dir='ltr'><strong>ut</strong></span> <span class='ocrx_word' id='word_1_844' title='bbox 2292 4502 2397 4558; x_wconf 87' lang='lat' dir='ltr'><strong>illis</strong></span> <span class='ocrx_word' id='word_1_845' title='bbox 2440 4503 2731 4572; x_wconf 88' lang='lat' dir='ltr'><strong>prujectis,</strong></span> <span class='ocrx_word' id='word_1_846' title='bbox 2788 4499 3096 4553; x_wconf 90' lang='lat' dir='ltr'><strong>iutroducat</strong></span> <span class='ocrx_word' id='word_1_847' title='bbox 3144 4512 3246 4551; x_wconf 91' lang='lat' dir='ltr'><strong>uos</strong></span> <span class='ocrx_word' id='word_1_848' title='bbox 3310 4495 3436 4552; x_wconf 90' lang='lat' dir='ltr'><strong>illuc</strong></span> <span class='ocrx_word' id='word_1_849' title='bbox 3504 4495 3762 4550; x_wconf 81' lang='lat' dir='ltr'><strong>Dominus</strong></span> 
     </span>
    </p>
   </div>
   <div class='ocr_carea' id='block_1_104' title="bbox 2173 4588 3762 4663">
    <p class='ocr_par' dir='ltr' id='par_1_104' title="bbox 2173 4588 3762 4663">
     <span class='ocr_line' id='line_1_105' title="bbox 2173 4588 3762 4663; baseline -0.006 -13"><span class='ocrx_word' id='word_1_850' title='bbox 2173 4606 2359 4651; x_wconf 91' lang='lat' dir='ltr'><strong>noster</strong></span> <span class='ocrx_word' id='word_1_851' title='bbox 2407 4594 2585 4659; x_wconf 85' lang='lat' dir='ltr'><strong>Jesus,</strong></span> <span class='ocrx_word' id='word_1_852' title='bbox 2639 4604 2695 4651; x_wconf 91' lang='lat' dir='ltr'><strong>et</strong></span> <span class='ocrx_word' id='word_1_853' title='bbox 2738 4593 3020 4663; x_wconf 90' lang='lat' dir='ltr'><strong>percipere</strong></span> <span class='ocrx_word' id='word_1_854' title='bbox 3057 4605 3284 4660; x_wconf 87' lang='lat' dir='ltr'><strong>regnum</strong></span> <span class='ocrx_word' id='word_1_855' title='bbox 3332 4604 3489 4646; x_wconf 89' lang='lat' dir='ltr'><strong>suum</strong></span> <span class='ocrx_word' id='word_1_856' title='bbox 3540 4588 3762 4643; x_wconf 67' lang='lat' dir='ltr'><strong>caeleste</strong></span> 
     </span>
    </p>
   </div>
   <div class='ocr_carea' id='block_1_105' title="bbox 2172 4680 3760 4756">
    <p class='ocr_par' dir='ltr' id='par_1_105' title="bbox 2172 4680 3760 4756">
     <span class='ocr_line' id='line_1_106' title="bbox 2172 4680 3760 4756; baseline -0.005 -13"><span class='ocrx_word' id='word_1_857' title='bbox 2172 4685 2452 4743; x_wconf 89' lang='lat' dir='ltr'><strong>concedat.</strong></span> <span class='ocrx_word' id='word_1_858' title='bbox 2502 4685 2607 4756; x_wconf 89' lang='lat' dir='ltr'><strong>Ipsi</strong></span> <span class='ocrx_word' id='word_1_859' title='bbox 2647 4684 2821 4751; x_wconf 77' lang='lat' dir='ltr'><strong>gloria</strong></span> <span class='ocrx_word' id='word_1_860' title='bbox 2853 4682 2906 4741; x_wconf 90' lang='lat' dir='ltr'><strong>in</strong></span> <span class='ocrx_word' id='word_1_861' title='bbox 2948 4690 3152 4739; x_wconf 68' lang='lat' dir='ltr'><strong>aeterna</strong></span> <span class='ocrx_word' id='word_1_862' title='bbox 3182 4680 3381 4739; x_wconf 60' lang='lat' dir='ltr'><strong>saecula</strong></span> <span class='ocrx_word' id='word_1_863' title='bbox 3414 4680 3760 4739; x_wconf 63' lang='lat' dir='ltr'><strong>saeculorum.</strong></span> 
     </span>
    </p>
   </div>
   <div class='ocr_carea' id='block_1_106' title="bbox 2173 4782 2364 4836">
    <p class='ocr_par' dir='ltr' id='par_1_106' title="bbox 2173 4782 2364 4836">
     <span class='ocr_line' id='line_1_107' title="bbox 2173 4782 2364 4836; baseline -0.005 0"><span class='ocrx_word' id='word_1_864' title='bbox 2173 4782 2364 4836; x_wconf 76' lang='lat' dir='ltr'><strong>Amen.</strong></span> 
     </span>
    </p>
   </div>
   <div class='ocr_carea' id='block_1_107' title="bbox 2747 4867 3197 4927">
    <p class='ocr_par' dir='ltr' id='par_1_107' title="bbox 2747 4867 3197 4927">
     <span class='ocr_line' id='line_1_108' title="bbox 2747 4867 3197 4927; baseline 0.004 -4"><span class='ocrx_word' id='word_1_865' title='bbox 2747 4867 3030 4927; x_wconf 80' lang='lat' dir='ltr'><strong>llOMlLlA</strong></span> <span class='ocrx_word' id='word_1_866' title='bbox 3063 4867 3197 4925; x_wconf 79' lang='lat' dir='ltr'><strong>Vill.</strong></span> 
     </span>
    </p>
   </div>
   <div class='ocr_carea' id='block_1_108' title="bbox 2181 4978 3762 5053">
    <p class='ocr_par' dir='ltr' id='par_1_108' title="bbox 2181 4978 3762 5053">
     <span class='ocr_line' id='line_1_109' title="bbox 2181 4978 3762 5053; baseline -0.004 -16"><span class='ocrx_word' id='word_1_867' title='bbox 2181 4982 2257 5037; x_wconf 81' lang='lat' dir='ltr'><strong>De</strong></span> <span class='ocrx_word' id='word_1_868' title='bbox 2308 4984 2373 5037; x_wconf 74' lang='lat' dir='ltr'><strong>iis</strong></span> <span class='ocrx_word' id='word_1_869' title='bbox 2414 4999 2533 5053; x_wconf 68' lang='lat' dir='ltr'><strong>qua:</strong></span> <span class='ocrx_word' id='word_1_870' title='bbox 2572 4984 2637 5037; x_wconf 85' lang='lat' dir='ltr'><strong>ab</strong></span> <span class='ocrx_word' id='word_1_871' title='bbox 2684 4986 3107 5051; x_wconf 70' lang='lat' dir='ltr'><strong>exploratoribus</strong></span> <span class='ocrx_word' id='word_1_872' title='bbox 3147 4980 3545 5053; x_wconf 70' lang='lat' dir='ltr'><strong>renuntiantur,</strong></span> <span class='ocrx_word' id='word_1_873' title='bbox 3599 4988 3664 5053; x_wconf 73' lang='lat' dir='ltr'><strong>et</strong></span> <span class='ocrx_word' id='word_1_874' title='bbox 3699 4978 3762 5031; x_wconf 80' lang='lat' dir='ltr'><strong>de</strong></span> 
     </span>
    </p>
   </div>
   <div class='ocr_carea' id='block_1_109' title="bbox 2248 5049 3761 5180">
    <p class='ocr_par' dir='ltr' id='par_1_109' title="bbox 2248 5049 3761 5180">
     <span class='ocr_line' id='line_1_110' title="bbox 2248 5049 3761 5177; baseline -0.005 -72"><span class='ocrx_word' id='word_1_875' title='bbox 2248 5049 2613 5177; x_wconf 45' lang='lat' dir='ltr'><strong>Krdign&#39;qgione</strong></span> <span class='ocrx_word' id='word_1_876' title='bbox 2651 5049 2885 5120; x_wconf 82' lang='lat' dir='ltr'><strong>Domini,</strong></span> <span class='ocrx_word' id='word_1_877' title='bbox 2940 5072 3003 5109; x_wconf 88' lang='lat' dir='ltr'><strong>ac</strong></span> <span class='ocrx_word' id='word_1_878' title='bbox 3052 5052 3435 5122; x_wconf 73' lang='lat' dir='ltr'><strong>supplicatione</strong></span> <span class='ocrx_word' id='word_1_879' title='bbox 3496 5049 3666 5118; x_wconf 63' lang='grc' dir='ltr'><strong>,νυνδὶ</strong></span> <span class='ocrx_word' id='word_1_880' title='bbox 3714 5058 3761 5100; x_wconf 78' lang='lat' dir='ltr'><strong>et</strong></span> 
     </span>
     <span class='ocr_line' id='line_1_111' title="bbox 2298 5141 2519 5180; baseline 0 0"><span class='ocrx_word' id='word_1_881' title='bbox 2298 5141 2429 5180; x_wconf 84' lang='lat' dir='ltr'><strong>aron</strong></span> <span class='ocrx_word' id='word_1_882' title='bbox 2506 5169 2519 5180; x_wconf 92' lang='lat'><strong>.</strong></span> 
     </span>
    </p>
   </div>
   <div class='ocr_carea' id='block_1_110' title="bbox 2250 5231 3762 5307">
    <p class='ocr_par' dir='ltr' id='par_1_110' title="bbox 2250 5231 3762 5307">
     <span class='ocr_line' id='line_1_112' title="bbox 2250 5231 3762 5307; baseline -0.001 -19"><span class='ocrx_word' id='word_1_883' title='bbox 2250 5236 2302 5289; x_wconf 77' lang='lat' dir='ltr'><strong>i.</strong></span> <span class='ocrx_word' id='word_1_884' title='bbox 2340 5236 2633 5293; x_wconf 85' lang='lat' dir='ltr'><strong>Duodecim</strong></span> <span class='ocrx_word' id='word_1_885' title='bbox 2664 5238 2811 5293; x_wconf 90' lang='lat' dir='ltr'><strong>missi</strong></span> <span class='ocrx_word' id='word_1_886' title='bbox 2833 5238 3314 5307; x_wconf 83' lang='lat' dir='ltr'><strong>suntinspectores</strong></span> <span class='ocrx_word' id='word_1_887' title='bbox 3343 5250 3409 5291; x_wconf 82' lang='lat' dir='ltr'><strong>ex</strong></span> <span class='ocrx_word' id='word_1_888' title='bbox 3448 5234 3573 5289; x_wconf 90' lang='lat' dir='ltr'><strong>ﬁliis</strong></span> <span class='ocrx_word' id='word_1_889' title='bbox 3602 5231 3762 5287; x_wconf 81' lang='lat' dir='ltr'><strong>lsrael</strong></span> 
     </span>
    </p>
   </div>
   <div class='ocr_carea' id='block_1_111' title="bbox 2510 5405 3760 5479">
    <p class='ocr_par' dir='ltr' id='par_1_111' title="bbox 2510 5405 3760 5479">
     <span class='ocr_line' id='line_1_113' title="bbox 2510 5405 3760 5479; baseline -0.007 -10"><span class='ocrx_word' id='word_1_890' title='bbox 2510 5415 2553 5447; x_wconf 85' lang='grc'><strong>⁸⁷</strong></span> <span class='ocrx_word' id='word_1_891' title='bbox 2578 5413 2710 5471; x_wconf 87' lang='lat' dir='ltr'><strong>Luc.</strong></span> <span class='ocrx_word' id='word_1_892' title='bbox 2748 5429 2803 5477; x_wconf 76' lang='grc' dir='ltr'>ι.</span> <span class='ocrx_word' id='word_1_893' title='bbox 2832 5415 2916 5471; x_wconf 87' lang='lat' dir='ltr'><strong>l9.</strong></span> <span class='ocrx_word' id='word_1_894' title='bbox 2992 5413 3217 5470; x_wconf 75' lang='lat' dir='ltr'><strong>&quot;Joau.</strong></span> <span class='ocrx_word' id='word_1_895' title='bbox 3251 5426 3362 5479; x_wconf 79' lang='lat' dir='ltr'><strong>xiv,</strong></span> <span class='ocrx_word' id='word_1_896' title='bbox 3393 5411 3486 5469; x_wconf 75' lang='grc'><strong>19..</strong></span> <span class='ocrx_word' id='word_1_897' title='bbox 3556 5407 3601 5441; x_wconf 87' lang='grc'><strong>⁶⁹</strong></span> <span class='ocrx_word' id='word_1_898' title='bbox 3625 5405 3760 5463; x_wconf 82' lang='lat' dir='ltr'><strong>Luc.</strong></span> 
     </span>
    </p>
   </div>
   <div class='ocr_carea' id='block_1_112' title="bbox 708 5666 3065 5741">
    <p class='ocr_par' dir='ltr' id='par_1_112' title="bbox 708 5666 3065 5741">
     <span class='ocr_line' id='line_1_114' title="bbox 708 5666 3065 5741; baseline -0.003 -14"><span class='ocrx_word' id='word_1_899' title='bbox 708 5672 891 5727; x_wconf 75' lang='lat' dir='ltr'><strong>Codex</strong></span> <span class='ocrx_word' id='word_1_900' title='bbox 911 5671 1097 5729; x_wconf 86' lang='lat' dir='ltr'><strong>Sancti</strong></span> <span class='ocrx_word' id='word_1_901' title='bbox 1129 5666 1497 5741; x_wconf 66' lang='lat' dir='ltr'><strong>Theodorici,&#39;</strong></span> <span class='ocrx_word' id='word_1_902' title='bbox 1518 5692 1536 5725; x_wconf 84' lang='grc'><em>‹</em></span> <span class='ocrx_word' id='word_1_903' title='bbox 1576 5683 1726 5730; x_wconf 90' lang='lat' dir='ltr'><strong>tauto</strong></span> <span class='ocrx_word' id='word_1_904' title='bbox 1776 5673 1850 5729; x_wconf 79' lang='lat' dir='ltr'><strong>illi</strong></span> <span class='ocrx_word' id='word_1_905' title='bbox 1896 5672 2227 5729; x_wconf 83' lang='lat' dir='ltr'><strong>inﬁrmiores</strong></span> <span class='ocrx_word' id='word_1_906' title='bbox 2252 5666 2563 5727; x_wconf 87' lang='lat' dir='ltr'><strong>ctIiciuntur</strong></span> <span class='ocrx_word' id='word_1_907' title='bbox 2590 5677 2645 5725; x_wconf 91' lang='lat' dir='ltr'><strong>et</strong></span> <span class='ocrx_word' id='word_1_908' title='bbox 2679 5666 3009 5740; x_wconf 84' lang='lat' dir='ltr'><strong>fragiliores.</strong></span> <span class='ocrx_word' id='word_1_909' title='bbox 3044 5681 3065 5719; x_wconf 73' lang='grc' dir='ltr'><strong><em>ο</em></strong></span> 
     </span>
    </p>
   </div>
  </div>
