4086 6218
415 276 519 332 DEI

1588 286 1654 340 1N
1695 287 2026 347 NUMEROS
2066 292 2348 353 IIOMILIA
2394 298 2522 353 VIII.

3590 325 3692 379 02?.

416 398 489 453 ad
516 400 973 456 considerandam
994 410 1353 473 terrani,quze
1371 405 1449 459 eis
1470 406 2009 481 lueratrepromissa,
2043 424 2085 475 Α
2116 427 2227 473 tres
2278 421 2447 475 nostri
2509 422 2729 478 fuerunt
2762 423 2850 479 ille
2894 426 3123 496 populus
3159 434 3325 501 prior.
3367 454 3468 497 nos
3507 456 3688 498 autem

415 492 577 559 iique
607 504 729 560 post
760 494 1116 563 quadraginta
1145 494 1261 550 dies
1284 500 1537 565 regressi,
1568 501 1779 558 diversa
1809 521 2010 563 renun-

412 585 584 639 tiant.
621 585 754 640 Nam
789 585 976 640 decem
1016 600 1085 640 ex
1133 586 1203 641 iis
1243 586 1295 641 in
1352 588 1786 659 desperationem
1842 613 2011 667 popu-

410 673 529 729 lum
584 677 827 742 mittunt,
868 678 935 731 ita
990 688 1049 730 ιιι
1080 676 1270 743 velint,
1316 679 1533 748 abjecto
1572 682 1776 756 Moyse,
1809 689 2008 760 eligere

407 767 589 820 alium
625 769 816 823 ducem
848 779 903 823 et
930 771 1131 825 reverti
1164 770 1218 825 in
1251 768 1571 840 Egyptum.
1599 775 1703 830 Alii
1734 793 1865 833 vero
1901 782 2007 837 duo

396 859 553 913 bona
608 862 880 927 nuntiant,
920 872 978 917 et
1005 863 1360 919 cohortantur
1406 869 1656 938 populum
1688 887 2006 941 permanere

406 949 464 1002 in
521 952 677 1015 (ille,
719 953 1007 1011 dicentes:
1049 974 1067 1007 ι
1109 956 1167 1010 Si
1202 956 1373 1026 diligit
1418 974 1515 1014 nos
1576 963 1871 1034 Dominus,
1923 969 2004 1023 in.

404 1043 675 1100 trodncet
702 1060 799 1100 nos
824 1047 877 1100 in
913 1055 1116 1102 terram
1153 1047 1316 1104 hanc.
1358 1070 1383 1103 ι
1416 1054 1521 1108 Sed
1561 1057 1789 1126 populus
1814 1060 2001 1116 inlide-

398 1139 595 1194 litatis
623 1141 1003 1208 desperatione
1048 1159 1294 1216 praeceps
1320 1150 1520 1219 agitur,
1558 1163 1613 1209 et
1657 1157 1723 1209 ad
1754 1156 2004 1226 lapidan-

404 1231 511 1284 dos
545 1246 645 1286 eos
677 1232 768 1300 qui
804 1233 942 1288 bona
976 1236 1250 1299 nuntiant,
1287 1241 1542 1315 prosiliit.
1590 1244 1847 1313 Maiestas
1873 1266 2002 1305 vero

400 1323 633 1377 Domini
661 1326 893 1395 protegit
916 1340 1009 1381 eos
1037 1328 1087 1381 in
1133 1330 1389 1387 nubibus.
1427 1353 1448 1386 ι
1483 1334 1548 1389 Et
1585 1338 2001 1399 dicitDominus

405 1415 476 1467 ad
520 1415 745 1487 Moysen
775 1437 788 1472 :
825 1418 1040 1474 Feriam
1075 1434 1170 1477 eos
1214 1437 1414 1491 morte,
1445 1437 1504 1482 et
1536 1429 1843 1487 interimam
1880 1450 1997 1500 eos,

396 1514 468 1561 et
498 1506 696 1563 faciam
730 1520 802 1574 te,
833 1521 888 1567 et
923 1514 1142 1569 domum
1175 1523 1346 1587 patris
1381 1524 1455 1578 tui
1489 1524 1540 1577 in
1573 1526 1851 1580 nationem
1889 1546 2003 1581 ma-

404 1611 605 1667 gnam,
629 1609 682 1655 et
704 1602 875 1658 multo
902 1607 1074 1674 magis
1095 1622 1258 1676 quam
1291 1611 1406 1666 haec
1432 1622 1517 1667 est
1540 1613 1681 1667 ⁹¹·⁹¹.
1714 1634 1732 1666 ι
1761 1616 1847 1670 Fit
1869 1633 1998 1685 ergo

408 1699 569 1744 tanta
600 1691 715 1747 haec
742 1696 1095 1751 comminatio
1119 1714 1147 1751 a
1183 1699 1437 1769 Domino,
1470 1720 1574 1759 non
1618 1717 1672 1759 ut
1722 1710 1994 1776 passibilis

2114 509 2206 564 lilii
2242 513 2483 579 ipsorum
2519 530 2726 570 sumus.
2754 516 2834 572 Illi
2865 532 2996 587 ergo
3024 528 3278 587 quoniam
3304 545 3687 601 peccaverunt,

2110 601 2309 669 abjecti
2336 616 2461 660 sunt
2492 617 2547 661 et
2590 608 2905 665 ceciderunt
2933 628 2946 664 :
2987 629 3084 668 nos
3108 626 3289 671 autem
3321 621 3414 674 lilii
3444 622 3685 690 ipsorum

2110 706 2207 757 pro
2238 694 2366 762 ipsis
2422 698 2787 763 surreximus,
2813 711 2866 755 et
2895 708 3064 760 erecti
3100 720 3310 771 sumus,
3352 714 3440 779 qui
3474 716 3682 769 nescie«

2108 783 2299 840 bamus
2331 787 2528 842 bonum
2552 789 2633 844 vel
2664 792 2885 847 nmium.
2915 794 2989 849 Ex
3023 802 3275 866 gentibus
3297 804 3439 857 enim
3475 821 3684 873 sumus,

2104 875 2196 945 qui
2245 892 2422 947 neque
2476 879 2637 945 bona,
2664 895 2784 951 qua:
2812 898 2879 938 ex
2916 886 3026 941 Deo
3058 892 3301 960 veniunt,
3339 909 3683 964 noveramus,

2106 981 2283 1037 neque
2313 969 2477 1034 mala,
2512 987 2633 1040 quae
2664 988 2731 1028 ex
2769 986 2992 1044 pec‘cato
3018 994 3391 1048 generantur:
3424 986 3469 1041 si
3503 996 3685 1045 tamen

2104 1060 2465 1117 succedentes
2496 1062 2550 1117 in
2586 1063 2763 1120 locum
2792 1081 2982 1123 eorum
3019 1074 3109 1143 qui
3135 1074 3335 1145 abjecti
3372 1088 3521 1146 sunt,
3550 1083 3685 1138 tanti

2106 1150 2288 1218 lapsus
2349 1153 2637 1209 timeamus
2688 1157 3015 1225 exemplum,
3050 1164 3332 1220 audientes
3382 1174 3685 1227 commoui-

2105 1241 2303 1298 tionem
2342 1243 2486 1299 Pauli
2515 1247 2782 1302 dicentem
2802 1250 2880 1304 ’δε
2903 1269 2922 1302 ι
2959 1251 3088 1309 Vidc
3115 1265 3298 1311 autem
3335 1263 3683 1319 severitatem

2101 1343 2157 1386 et
2182 1334 2482 1392 bonitatem
2514 1338 2630 1403 Dei,
2661 1340 2713 1393 in
2748 1357 2842 1396 eos
2869 1344 3086 1411 quidem
3125 1349 3216 1415 qui
3249 1349 3564 1406 ceciderunt
3591 1368 3683 1409 se-

2100 1423 2410 1487 veritatem,
2450 1429 2503 1480 in
2563 1438 2615 1481 te
2658 1439 2840 1485 autem
2878 1432 3205 1500 bonitatem,
3237 1439 3283 1492 si
3340 1450 3519 1497 tamen
3566 1459 3682 1513 per-

2101 1517 2374 1572 manseris
2401 1518 2454 1571 in
2510 1519 2771 1574 bonitate.
2808 1521 3063 1592 Alioquin
3110 1534 3165 1579 et
3203 1537 3257 1583 tu
3295 1532 3590 1597 excideris,
3623 1546 3683 1589 et

2099 1606 2243 1662 illisi
2294 1624 2400 1663 non
2453 1615 2851 1678 permanserint
2886 1616 2939 1669 in
2993 1618 3403 1687 incredulitate,
3435 1624 3681 1681 inseren-

2100 1705 2207 1751 tur.
2248 1716 2266 1751 ι
2311 1700 2474 1754 Addit
2507 1712 2685 1756 autem
2713 1715 2834 1773 post
2866 1707 2977 1760 haec
3020 1708 3301 1773 Dominus,
3338 1722 3393 1767 et
3427 1713 3557 1769 dicit
3580 1716 3625 1748 9'
3659 1732 3675 1770 :

402 1790 473 1835 et
500 1782 799 1839 iraeundixe
829 1788 966 1844 vitio
1008 1792 1297 1860 subiacens
1340 1796 1663 1851 ostendatur
1686 1799 1865 1852 divina
1897 1817 1984 1853 na-

2103 1808 2120 1840 ι
2163 1789 2283 1844 Filii
2313 1805 2443 1847 vero
2478 1794 2641 1848 vestri
2675 1806 2839 1850 erunt
2880 1798 3071 1855 incolae
3110 1802 3163 1856 in
3195 1804 3409 1858 deserto
3440 1809 3679 1876 quadra-

409 1882 560 1938 tura,
591 1877 685 1931 sed
715 1887 772 1932 ut
799 1894 898 1949 per
923 1881 1038 1938 inec
1074 1894 1131 1938 et
1175 1885 1339 1941 Mosei
1367 1886 1642 1955 charitas,
1674 1906 1837 1960 quam
1864 1907 1990 1962 erga

406 1967 673 2036 populum
726 1970 981 2040 habebat,
1021 1985 1076 2029 et
1120 1978 1211 2032 Dei
1246 1977 1485 2045 bonitas,
1515 1996 1639 2052 qua:
1669 1998 1833 2054 Super
1871 2003 1991 2041 om-

407 2070 536 2109 nem
586 2058 784 2114 malum
816 2074 1061 2131 agentem
1104 2078 1187 2121 est
1230 2069 1379 2139 (90),
1415 2071 1805 2129 innotesceret.
1844 2076 1995 2132 Scri-

402 2148 563 2203 bitur
590 2152 735 2206 enim
767 2153 928 2210 irasci
958 2157 1122 2221 Deus,
1152 2172 1207 2214 et
1231 2164 1559 2219 comminari
1585 2166 1862 2223 interitum
1893 2185 1994 2239 po-

398 2239 569 2308 pulo,
617 2257 728 2311 quo
778 2244 1035 2301 doceatur
1070 2250 1234 2306 homo
1294 2263 1504 2309 tantum
1550 2256 1649 2311 sibi
1688 2274 1808 2314 esse
1850 2264 1990 2331 apud

399 2332 579 2388 Deum
631 2335 755 2402 loci,
812 2346 1128 2411 tantumque
1164 2345 1396 2414 fiduciae,
1431 2356 1491 2402 ut
1529 2350 1745 2406 etiamsi
1786 2354 1856 2406 sit
1890 2354 1989 2408 ali-

397 2427 600 2489 quain
636 2425 747 2482 Deo
804 2428 1130 2500 indignatio,
1182 2436 1659 2496 obsecrationibus
1711 2445 1993 2514 mitigetur

400 2517 661 2574 humanis
689 2531 706 2573 :
734 2528 1049 2593 tantumque
1079 2525 1146 2580 de
1172 2542 1238 2583 eo
1270 2530 1566 2599 impetrare
1613 2548 1772 2599 posse
1823 2536 1991 2591 homi-

392 2622 556 2676 nem,
582 2619 643 2665 ut
667 2621 722 2666 et
752 2615 973 2684 propria
998 2625 1196 2673 statuta
1230 2633 1532 2679 convertat.
1558 2625 1784 2682 Bonitas
1806 2630 1949 2683 enim
1970 2670 1986 2697 ,

392 2712 526 2767 qum
547 2699 899 2773 subsequitur
939 2705 1106 2779 294
1145 2711 1482 2768 iracundiam
1506 2754 1523 2780 ,
1560 2725 1615 2771 et
1648 2716 1811 2773 Mosei
1852 2718 1989 2773 ﬁdu-

394 2790 543 2844 ciam
571 2794 811 2850 ostendit
839 2802 981 2868 apud
1016 2803 1206 2868 Deum,
1238 2813 1295 2859 et
1324 2804 1560 2861 alienam
1593 2808 1661 2862 ab
1688 2810 1987 2865 iracundia:

395 2878 538 2934 vitio
566 2880 803 2938 divinam
836 2888 994 2945 docet
1022 2906 1146 2948 esse
1174 2903 1452 2949 naturam.
1490 2895 1662 2952 Simul
1695 2910 1750 2953 et
1780 2913 1982 2969 mysue-

397 2968 547 3024 rium
584 2970 635 3026 in
671 2974 882 3031 saeculis
914 2979 1113 3038 futuris
1152 2983 1478 3053 explendum
1508 2988 1753 3042 continet
1779 3006 1979 3053 sermo.

394 3083 502 3137 per
523 3086 683 3141 quem
708 3076 973 3144 promittit
1003 3077 1145 3132 Deus
1201 3080 1345 3147 quod
1373 3076 1540 3133 alium
1569 3081 1848 3149 populum,
1882 3084 1982 3138 hoc
2008 3119 2052 3177 ϐ

400 3162 634 3231 abiecto,
665 3170 971 3226 resuscitet.
1003 3170 1093 3223 Ait
1124 3171 1267 3224 enim
1289 3188 1303 3224 :
1327 3189 1346 3223 ι
1376 3171 1681 3229 Percutiam
1709 3189 1803 3230 eos
1838 3191 1979 3229 mor-

394 3260 476 3317 te,
501 3263 556 3307 et
576 3257 795 3322 perdam
831 3273 946 3321 eos,
974 3268 1030 3313 et
1056 3260 1255 3314 faciam
1292 3270 1345 3316 te
1373 3273 1427 3317 et
1463 3264 1680 3319 domum
1710 3267 1880 3334 patris
1903 3269 1977 3322 tui

394 3341 456 3395 in
492 3344 765 3399 nationem
803 3364 1078 3418 magnam,
1106 3353 1275 3405 multo
1306 3354 1475 3423 magis
1499 3369 1661 3423 quam
1690 3355 1807 3410 inec
1832 3366 1973 3410 eam

394 3428 763 3489 Comminatio
793 3450 925 3506 ergo
977 3439 1093 3492 brrc
1140 3455 1247 3493 non
1271 3451 1353 3496 est
1401 3444 1704 3508 iracundia,
1734 3446 1827 3498 sed
1854 3462 1979 3514 pro—

396 3522 602 3589 phetia.
644 3527 977 3582 Assuuienda
1025 3544 1257 3599 namque
1303 3543 1421 3586 erat
1456 3534 1559 3586 alia
1611 3537 1782 3599 natio,
1809 3538 1859 3589 id
1892 3548 1978 3591 est

392 3615 627 3683 populus
652 3618 752 3673 iste
788 3619 1095 3683 nationum,
1124 3622 1215 3675 sed
1244 3636 1349 3676 non
1378 3636 1476 3691 per
1513 3622 1751 3694 Moysen.
1795 3626 1974 3681 Excu-

394 3708 539 3761 savit
570 3726 801 3781 namque
854 3727 914 3767 se
969 3712 1201 3783 Moyses.
1237 3712 1457 3769 Sciebat
1500 3715 1643 3770 enim
1689 3717 1810 3785 quia
1846 3732 1978 3787 gens

392 3797 485 3852 illa
511 3816 722 3870 magna,
748 3819 866 3872 qua:
900 3806 1319 3873 repromittitur,
1358 3822 1462 3861 non
1499 3823 1594 3877 per
1622 3808 1839 3878 Moysen
1878 3825 1975 3863 vo-

390 3894 567 3947 canda
595 3905 733 3959 eral,
759 3898 853 3952 sed
886 3914 983 3967 per
1009 3896 1199 3953 Iesum
1225 3898 1526 3962 Christum,
1560 3910 1615 3953 et
1637 3915 1743 3955 non
1776 3901 1975 3956 Mosai-

389 4003 510 4053 cus,
547 3987 640 4042 sed
688 3988 1026 4044 Christianus
1052 3999 1171 4043 erat
1216 3990 1443 4059 populus
1482 3993 1849 4060 appellandus.
1889 3997 1968 4048 ld-

388 4080 541 4133 circo
580 4078 742 4149 igitur
787 4078 1079 4149 plurimum
1129 4090 1323 4134 exorat
1372 4080 1588 4152 Moyses
1636 4099 1734 4152 pro
1778 4087 1974 4155 populo

390 4169 500 4223 illo.
536 4168 793 4224 Dominus
816 4184 948 4224 vero
975 4172 1189 4224 modum
1236 4175 1600 4241 correptionis
1628 4175 1823 4229 librata
1858 4194 1973 4230 mo—

316 4286 321 4291 ο
388 4260 670 4314 deratione
698 4262 996 4327 dispensat,
1026 4272 1083 4315 et
1125 4263 1279 4325 dicit,
1313 4264 1439 4332 quia
1477 4265 1583 4319 viri
1619 4268 1969 4335 quideni,qui

386 4348 642 4403 exierunt
679 4351 745 4404 de
787 4349 1041 4421 Egypto,
1076 4360 1130 4405 et
1158 4360 1504 4406 tentaverunt
1553 4371 1659 4415 uie,
1691 4366 1856 4426 atque
1889 4359 1970 4411 in-

2096 1875 2243 1945 ginta
2294 1879 2472 1932 annis.
2506 1897 2527 1929 i
2559 1880 2626 1934 Et
2676 1884 2802 1951 quid
2863 1885 3088 1945 haberet
3135 1895 3381 1961 mysterii
3419 1875 3678 1951 numerus

2097 1967 2217 2030 istc,
2249 1968 2507 2034 declarat,
2550 1972 2738 2027 dicens
2777 1990 2791 2025 :
2826 1993 2845 2026 ι
2895 1978 3202 2036 Secundum
3254 2000 3563 2052 numerum,
3592 1989 3677 2043 iu-

2095 2062 2215 2128 quit
2235 2060 2303 2124 “.
2325 2062 2534 2117 dierum
2558 2065 2753 2133 quibus
2788 2070 3173 2128 considerastis
3207 2085 3408 2133 terram
3431 2081 3673 2147 quadra-

2094 2153 2241 2221 ginta
2271 2153 2481 2219 diebus,
2520 2170 2620 2224 pro
2649 2157 2737 2213 die
2764 2173 2867 2228 per
2895 2178 3116 2229 annum,
3155 2168 3427 2235 recipietis
3449 2185 3671 2238 peccata

2096 2253 2274 2299 vestra
2302 2247 2664 2318 quadraginta
2687 2249 2864 2304 annis.
2905 2270 2924 2301 ι
2949 2253 3136 2311 Timeo
3165 2273 3266 2328 ego
3297 2263 3542 2331 mysterii
3575 2263 3679 2318 Ini-

2088 2336 2179 2404 jus
2210 2349 2419 2393 secreta
2454 2339 2747 2396 discutere.
2787 2343 2953 2399 Video
2980 2348 3124 2402 enim
3153 2354 3297 2419 quod
3322 2364 3666 2421 peccatorum

2094 2427 2147 2482 iu
2180 2429 2286 2484 hoc
2324 2430 2468 2485 ratio
2491 2434 2974 2503 comprehenditur
2998 2447 3053 2492 et
3096 2454 3401 2507 pinnarum.
3434 2443 3491 2500 Si
3523 2448 3669 2503 enim

2093 2520 2384 2591 unicuique
2404 2527 2678 2593 peccatori
2709 2542 2885 2582 annus
2915 2530 3207 2585 ascribitur
3231 2536 3297 2588 ad
3324 2550 3539 2606 pennam
3571 2554 3672 2610 pro

2090 2610 2253 2668 unius
2296 2614 2402 2669 diei
2452 2628 2701 2685 peccato,
2735 2629 2791 2674 et
2815 2623 3112 2677 secundum
3145 2626 3408 2683 rationem
3455 2631 3667 2687 dierum

2089 2705 2287 2774 quibus
2316 2718 2592 2777 peccatur,
2624 2726 2894 2768 annorum
2929 2716 3150 2770 totidem
3178 2731 3434 2783 numerus
3464 2724 3514 2779 in
3550 2741 3670 2796 sup-

2087 2798 2270 2866 pliciis
2315 2804 2722 2859 consumendus
2759 2814 2845 2859 est
2880 2822 2893 2859 :
2934 2822 3127 2861 vereor
3185 2824 3250 2863 ne
3282 2810 3429 2869 forte
3478 2818 3668 2884 nobis,

2090 2894 2183 2959 qui
2218 2894 2463 2961 quotidie
2488 2909 2780 2965 peccamus
2808 2908 2865 2953 et
2903 2900 3105 2955 nullum
3133 2903 3280 2957 forte
3310 2906 3433 2960 vitae
3470 2918 3668 2964 nostrae

2088 2984 2231 3038 diem
2259 2986 2466 3055 absque
2493 3000 2719 3055 peccato
2746 2991 3118 3058 transigimus,
3150 3011 3215 3049 ne
3244 2999 3356 3064 ipsa
3392 2998 3539 3057 forte
3567 3018 3642 3057 sa!

2088 3077 2231 3139 cuia,
2265 3087 2360 3131 aut
2381 3079 2545 3133 etiam
2572 3081 2768 3135 saecula
2792 3085 3113 3138 saeculorum
3162 3086 3409 3144 sufficere
3455 3095 3665 3160 possint

2085 3170 2152 3222 ad
2206 3184 2398 3236 paenae
2452 3172 2693 3227 luendas.
2724 3176 2780 3230 In
2812 3192 2879 3232 eo
2933 3179 3077 3231 enim
3100 3181 3243 3246 quod
3290 3182 3521 3250 populus
3575 3186 3664 3241 ille

2083 3258 2235 3327 prior
2283 3276 2383 3328 pro
2428 3264 2789 3332 quadraginta
2820 3268 3029 3321 dierum
3059 3269 3257 3323 delicto
3301 3274 3659 3344 quadraginta

2081 3349 2241 3402 annis
2273 3353 2551 3407 cruciatur
2574 3356 2623 3408 in
2655 3357 2897 3421 deserto,
2925 3374 3022 3413 nee
3053 3371 3253 3416 terram
3294 3372 3540 3419 sanctam
3570 3368 3660 3422 in-

2084 3440 2251 3494 troire
2278 3444 2637 3509 permittitur,
2668 3447 2968 3502 similitudo
2991 3450 3236 3518 quaedam
3264 3451 3427 3508 fiituri
3465 3456 3655 3525 judicii

2082 3530 2298 3586 videtur
2346 3535 2586 3596 ostendi,
2624 3536 2711 3590 ubi
2742 3546 3091 3606 peccatorum
3124 3542 3267 3595 ratio
3317 3544 3655 3605 discutienda

2079 3632 2205 3688 est;
2240 3625 2342 3679 nisi
2384 3627 2492 3680 erit.
2539 3628 2716 3698 aliqua
2752 3628 2986 3687 fortasse
3020 3634 3182 3687 etiam
3227 3635 3491 3693 bonorum
3524 3656 3654 3709 ope-

2079 3728 2200 3768 rum
2235 3719 2622 3784 compensatio,
2652 3720 2733 3773 vel
2762 3721 2923 3775 etiam
2956 3737 3144 3781 eorum
3176 3742 3296 3797 quas
3330 3731 3380 3781 in
3415 3731 3522 3784 vita
3556 3749 3650 3786 sua

2080 3810 2451 3878 unusquisque
2497 3812 2636 3865 mala
2703 3814 2916 3880 recipit,
2950 3816 3307 3873 utAbrabznn
3359 3820 3424 3874 de
3453 3820 3663 3877 Lazaro

2078 3897 2265 3953 docuit
2294 3900 2362 3954 ⁸⁷.
2411 3901 2517 3957 Sed
2557 3904 2672 3957 haec
2722 3903 2923 3959 nullius
2948 3915 3029 3960 est
3056 3911 3122 3961 ad
3161 3911 3425 3981 integrum
3467 3928 3651 3977 nosse,

2078 3990 2181 4043 nisi
2231 3990 2381 4046 illius
2415 3993 2502 4047 cui
2533 4007 2692 4048 omne
2727 3995 2993 4063 judicium
3026 4001 3251 4054 tradidit
3285 4000 3466 4056 Pater.
3498 4003 3649 4069 Quod

2073 4091 2256 4136 autem
2288 4084 2403 4138 dies
2430 4085 2633 4153 peccati
2668 4086 2720 4139 in
2756 4102 2956 4143 annum
2985 4105 3161 4159 pinna:
3207 4104 3507 4163 reputatur,
3544 4112 3649 4151 non

2075 4171 2247 4226 solum
2280 4174 2331 4227 in
2390 4176 2495 4228 hoc
2539 4176 2696 4242 libro,
2731 4177 2784 4230 in
2815 4193 2925 4246 quo
2955 4181 3087 4236 nihil
3122 4185 3346 4237 omnino
3388 4197 3469 4240 est
3504 4190 3648 4255 quod

2073 4265 2311 4318 dubitari
2347 4267 2542 4335 possit,
2569 4270 2895 4336 ostenditur,
2929 4272 3023 4327 sed
3068 4285 3121 4328 et
3159 4275 3211 4328 in
3246 4275 3426 4330 libello
3456 4276 3647 4334 Pasto-

2070 4357 2147 4409 ris
2181 4357 2319 4427 (9i),
2349 4358 2394 4411 si
2435 4360 2522 4414 cui
2572 4368 2752 4415 tamen
2796 4363 3065 4431 scriptura
3113 4365 3201 4419 illa
3237 4367 3545 4435 recipienda
3572 4370 3647 4424 vi-

384 4440 595 4495 creduli
629 4452 1064 4510 permanserunt,
1110 4443 1308 4497 cadent
1355 4445 1407 4499 in
1441 4446 1657 4501 deserto
1704 4450 1825 4513 hoc,
1858 4468 1875 4501 ι
1908 4458 1965 4504 et
1999 4455 2043 4509 D
2069 4449 2244 4511 detur,
2278 4449 2476 4504 similia
2505 4450 2884 4520 designantur.
2932 4455 3039 4509 Sed
3077 4455 3309 4514 fortasse
3336 4459 3534 4526 aliquis
3565 4476 3643 4513 no-

384 4548 498 4587 non
531 4533 806 4597 videbunt,
837 4536 1011 4605 inquit
1039 4537 1107 4600 ’³,
1136 4547 1365 4601 terram,
1396 4553 1559 4608 quam
1584 4539 1761 4607 iuravi
1793 4543 1964 4609 patri-

385 4624 489 4679 bus
527 4641 715 4680 eorum
751 4642 766 4679 :
802 4628 897 4681 sed
925 4627 1022 4681 ﬁlii
1047 4628 1311 4696 ipsorum,
1338 4630 1429 4699 qui
1455 4639 1581 4685 sunt
1613 4644 1824 4683 mecum
1854 4631 1962 4695 hic,

385 4717 696 4787 quicunque
754 4718 1007 4788 ignorant
1057 4718 1257 4775 bonum
1286 4720 1371 4775 vel
1417 4720 1640 4776 malum.
1675 4738 1695 4773 ι
1732 4722 1819 4776 Sit
1848 4722 1959 4776 for-

388 4809 550 4864 tassis
602 4811 805 4880 aliquid
850 4811 1015 4865 etiam
1048 4812 1368 4867 secretioris
1407 4813 1649 4884 mysterii
1690 4814 1741 4867 in
1785 4814 1961 4869 verbis

390 4898 601 4953 Domini
646 4901 927 4957 dicentis:
967 4921 985 4955 ι
1030 4903 1149 4957 Filii
1188 4917 1411 4970 eorum,
1443 4903 1533 4971 qui
1570 4912 1703 4958 sunt
1749 4918 1959 4957 mecum

390 4993 496 5047 hic.
532 5009 551 5045 ι
584 4992 684 5049 Ubi
711 4995 841 5050 hic?
870 5005 963 5050 aut
992 4994 1263 5065 quomodo
1283 4997 1642 5064 mecum?Qui
1673 4997 1834 5051 habet
1865 5012 1959 5050 au-

388 5100 474 5139 res
508 5087 784 5153 audiendi,
816 5091 1020 5146 audiat.
1052 5091 1160 5146 Nos
1188 5091 1411 5146 interim
1444 5091 1675 5146 dicimus
1701 5088 1829 5159 quia
1863 5101 1959 5157 pa-

453 5248 571 5283 "-"
602 5249 761 5305 Num.
795 5266 907 5316 xiv,
938 5251 999 5305 ll
1038 5261 1095 5305 et
1124 5251 1213 5305 12.
1287 5252 1335 5284 ⁸³
1366 5251 1496 5307 ibid.
1519 5251 1612 5305 Ἡ.

453 5405 741 5479 (ν9ίο)γριιω
789 5424 946 5479 super
984 5426 1190 5463 onmem
1232 5411 1429 5463 malum
1471 5418 1705 5478 agentem
1733 5422 1829 5463 est.
1859 5410 1949 5465 Sic

383 5477 861 5547 codd.'Sagiensis,
893 5477 1271 5541 Carnutensis,
1310 5477 1650 5533 Ebroicensis
1676 5490 1732 5533 et
1771 5481 1949 5533 ’l‘uro-

382 5549 588 5603 neusis.
616 5547 768 5603 Libb.
789 5550 969 5611 editi,c
995 5564 1115 5616 quae
1129 5565 1289 5616 super
1303 5564 1517 5602 onmem
1535 5559 1764 5602 mentem
1790 5558 1895 5604 est.
1928 5568 1945 5601 ι

456 5618 567 5686 (91)
607 5616 710 5674 Sed
741 5628 789 5671 et
817 5620 871 5671 in
894 5614 1069 5671 libello
1098 5614 1479 5679 Pas'toris,etc.
1504 5618 1715 5671 llermie
1747 5619 1839 5672 lib.
1871 5634 1956 5682 ill,

383 5688 661 5743 siiuilitud.
710 5687 767 5752 6,
822 5703 942 5755 cap.
976 5689 1034 5754 4,
1068 5689 1182 5744 Ιιαεε
1234 5689 1484 5757 leguntur
1523 5705 1535 5738 :
1575 5704 1593 5737 ι
1637 5687 1955 5757 Quicunque

2068 4549 2163 4610 get
2195 4540 2421 4595 bonitati
2482 4542 2571 4596 Dei
2609 4546 2926 4609 convenire,
2964 4557 3023 4601 ut
3055 4563 3155 4615 pro
3184 4549 3345 4605 unius
3376 4550 3484 4604 diei
3517 4564 3647 4620 pec-

2050 4643 2194 4688 .cato
2227 4648 2428 4687 annum
2454 4634 2846 4704 suppliciorum
2881 4640 3139 4706 rependat
3168 4657 3183 4693 :
3210 4640 3457 4711 quinimo
3481 4642 3645 4705 dicet,

2059 4722 2281 4780 Etiamsi
2303 4727 2443 4781 diem
2479 4741 2583 4797 pro
2630 4728 2720 4783 die
2753 4730 2963 4797 reddat,
2990 4734 3240 4801 quamvis
3284 4731 3486 4799 justus,
3535 4748 3643 4786 non

2071 4826 2248 4871 tamen
2271 4818 2513 4875 clemens
2538 4820 2752 4877 videtur
2779 4838 2901 4879 esse
2926 4832 3019 4877 aut
3042 4824 3328 4893 benignus.
3348 4823 3486 4875 Audi
3516 4840 3645 4892 ergo

2067 4908 2134 4959 ad
2172 4907 2308 4972 haec,
2337 4908 2384 4963 si
2440 4909 2583 4968 forte
2635 4913 2907 4981 possimus
2944 4911 3313 4965 dillicultatem
3339 4911 3416 4965 rei
3455 4924 3643 4966 exem-

2068 4994 2172 5063 piis
2199 4995 2556 5055 lucidioribus
2592 5002 2908 5069 explanare.
2963 4999 3022 5054 Si
3052 4998 3248 5054 vulnus
3297 5001 3512 5067 corpori
3565 5002 3643 5054 in-

2063 5086 2298 5156 ﬂigatur,
2333 5100 2430 5146 aut
2449 5107 2512 5147 os
2537 5092 2932 5162 confringatur,
2958 5100 3052 5146 aut
3078 5103 3365 5146 nervorum
3382 5088 3637 5159 iunctura

1690 5252 1736 5283 “
1767 5249 1925 5305 Rom.
1952 5267 1981 5305 χ

2085 5253 2138 5306 2.
2216 5251 2263 5282 "
2292 5249 2452 5305 Num.
2472 5263 2583 5314 xw,
2607 5248 2701 5304 55.
2774 5248 2819 5280 ’⁸
2846 5247 2975 5303 ibid.
3004 5247 3095 5303 δι.
3169 5246 3212 5280 ’⁷
3244 5248 3373 5303 Luc.
3400 5264 3512 5310 xvt,
3545 5248 3638 5304 25.

2052 5410 2219 5487 igitur
2258 5421 2367 5460 uno
2408 5405 2496 5459 die
2540 5403 2848 5487 perceperit
2896 5401 3148 5487 fallacem
3162 5403 3535 5487 dulcedinem
3571 5418 3635 5459 ac

2052 5474 2403 5545 vvoluptateni,
2441 5487 2657 5545 unoque
2691 5474 2783 5545 die
2802 5475 3071 5545 cruciatus
3107 5475 3199 5535 sit,
3242 5475 3365 5545 anni
3400 5478 3634 5541 spatium

2055 5542 2195 5604 dies’
2228 5547 2505 5601 cruciatus
2546 5544 2665 5621 ejus
2705 5542 2926 5597 valebit.
2971 5543 3074 5621 lt-a_
3103 5552 3232 5611 quot
3278 5544 3395 5621 dies
3442 5559 3633 5621 peree-

2057 5618 2198 5688 perit
2247 5616 2481 5684 quisque
2527 5614 2885 5683 voluptatem,
2943 5612 3165 5667 totidem
3214 5614 3370 5668 annis
3422 5613 3635 5667 crucia-

2062 5701 2170 5753 tur,
2205 5706 2223 5739 ι
2261 5697 2366 5741 etc.
