4086 6218
442 274 549 329 623

1915 270 2235 330 OBIGENIS

3584 274 3688 328 εει

449 388 770 454 resolvatur,
804 389 902 442 sub
934 388 1090 444 unius
1133 393 1281 446 horae
1326 392 1503 462 spatio
1550 392 1853 463 bujusmodi
1898 391 2014 444 vul-
2048 395 2093 449 Α
2122 390 2227 442 vita
2265 388 2632 457 Unusquisque
2686 389 2768 445 vel
2818 390 2995 444 minus
3047 390 3125 445 vel
3158 388 3388 459 amplius
3417 396 3692 459 peccando

450 495 577 532 nera
614 480 791 533 solent
841 482 1156 549 corporibus
1207 483 1475 545 accidere,
1511 493 1562 537 et
1592 483 1837 551 plurimis
1868 492 2013 550 post—

451 569 664 623 modum
706 570 1036 625 cruciatibus
1058 586 1122 625 ac
1144 572 1418 628 doloribus
1446 574 1679 636 exactis,
1724 572 1894 626 multo
1928 574 2013 627 vix

449 671 691 728 tempore
743 660 968 726 sanari;
1022 664 1209 731 quanti
1258 665 1399 718 enim
1465 673 1700 718 tmnorcs
1755 664 1806 715 iu
1859 664 2013 727 loco,

444 761 641 817 quanta
695 761 958 806 tormenta
994 756 1358 823 generantur?
1385 754 1500 810 Jam
1544 770 1672 809 vero
1706 755 1750 808 si
1784 756 2011 815 accidat,

445 854 499 895 ut
535 842 587 893 in
620 843 809 897 eodem
840 844 1081 907 vulnere,
1115 845 1196 898 vel
1226 844 1278 899 in
1324 847 1509 899 eadem
1539 845 1777 899 fractura
1822 845 2014 898 iterum

440 943 495 984 ct
516 934 711 1001 smpius
736 934 859 1003 quis
883 934 1217 1003 vulneretur,
1235 936 1680 1007 frequentiusque
1711 937 2011 1007 frangatur,

436 1026 657 1093 quantis
691 1026 793 1080 hoc
827 1026 1003 1095 poenis
1050 1028 1264 1093 curari,
1296 1038 1347 1082 et
1400 1030 1618 1098 quantis
1665 1038 1838 1097 potest
1887 1045 2014 1083 cru-

439 1118 674 1171 ciatibus
728 1117 985 1172 medicari
1015 1117 1037 1170 ?
1062 1118 1277 1184 Quanto
1334 1131 1511 1174 autem
1562 1130 1823 1191 tempore,
1851 1122 1894 1176 si
1930 1132 2011 1175 ta-

434 1225 564 1263 .men
592 1210 847 1279 potuerit,
882 1211 948 1264 ad
995 1212 1280 1266 sanitatem
1319 1215 1634 1282 perducitur
1660 1215 1681 1268 ?
1710 1223 1764 1269 et
1796 1216 1884 1269 vix
1914 1216 2012 1269 ali-

439 1302 661 1371 quando
716 1302 786 1355 ita
825 1304 1127 1369 curabitur,
1160 1316 1217 1358 ut
1242 1307 1324 1359 vel
1356 1309 1690 1363 debilitatem
1746 1310 2010 1377 corporis,

432 1394 521 1447 vel
569 1393 866 1449 foeditatem
919 1396 1191 1451 cicatricis
1224 1398 1461 1465 effugiat.
1511 1400 1705 1454 Transi
1743 1415 1883 1455 nunc
1943 1400 2011 1455 ab

438 1485 687 1554 exemplo
733 1487 978 1556 corporis
1009 1490 1075 1543 ad
1114 1491 1308 1544 anima:
1360 1491 1608 1547 vulnera.
1641 1493 1838 1546 Anima
1873 1507 2009 1561 quo-

441 1578 543 1632 ties
573 1586 781 1646 peccat,
819 1581 978 1635 toties
1004 1581 1340 1636 vulneratur.
1378 1582 1443 1636 Et
1474 1596 1539 1635 ne
1562 1583 1772 1638 dubites
1817 1597 2009 1652 pecca-

438 1672 506 1724 tis
536 1685 654 1723 eam
693 1670 839 1725 velut
877 1671 1001 1726 telis
1044 1682 1099 1727 et
1139 1672 1335 1741 gladiis
1369 1674 1675 1738 vulnerari,
1712 1675 1833 1728 andi
1864 1676 2007 1744 Apo-

2119 481 2409 550 quaesierit.
2453 481 2556 535 Sed
2591 492 2643 535 et
2676 500 2694 532 ι
2720 483 2859 536 calix
2890 483 2941 535 in
2976 498 3133 536 manu
3167 481 3376 535 Domini
3414 482 3524 534 vini
3555 484 3691 537 meri

2120 574 2308 641 plenus
2342 587 2465 627 esse
2516 574 2712 627 dicitur
2743 574 2903 628 misto
2931 576 2971 625 ¹.
2998 592 3019 624 υ
3076 572 3385 626 Miscebilur
3413 586 3543 642 ergo
3570 573 3691 626 sine

2118 664 2281 717 dubio
2310 664 2618 735 unicuique,
2652 675 2706 719 et
2737 666 2827 719 ﬁet
2850 664 3112 733 judicium
3140 663 3254 731 ejus
3278 678 3385 718 non
3418 662 3591 718 solum
3618 677 3690 716 er.

2118 755 2275 811 malis
2321 770 2441 824 quae
2485 757 2671 825 gessit,
2725 758 2817 810 sed
2862 757 3024 811 etiam
3070 771 3133 809 ex
3178 756 3355 810 bonis.
3398 756 3466 809 Et
3501 766 3686 810 tamen

2117 864 2236 901 cum
2265 858 2491 916 utraque
2522 850 2874 913 misceantur,
2915 847 3015 901 faex
3051 848 3187 915 ejus,
3220 861 3382 915 quam
3417 859 3518 915 ego
3550 856 3687 914 puto

2119 942 2383 995 malorum
2418 952 2628 1012 partem
2664 940 2789 1002 dici,
2846 954 2951 993 non
2993 940 3061 993 ad
3099 940 3366 1009 integrum
3396 939 3683 992 exinanie-

2120 1042 2225 1087 tur.
2282 1034 2385 1087 Sed
2436 1033 2568 1098 lure,
2615 1042 2671 1086 ut
2703 1031 2957 1090 diximus,
3003 1030 3053 1082 in
3081 1044 3238 1082 manu
3275 1028 3367 1083 Dei
3398 1040 3547 1093 sunt,
3583 1044 3683 1082 no-

2117 1134 2287 1176 strmn
2319 1134 2498 1177 autem
2547 1133 2630 1178 est
2657 1122 2722 1175 ad
2754 1121 3183 1176 emendationem
3212 1119 3372 1174 citius
3399 1120 3683 1184 festinare,

2117 1218 2181 1267 ad
2213 1216 2586 1284 pmnitentiam
2621 1216 2745 1268 sine
2775 1212 3205 1267 dissimulatione
3243 1213 3512 1275 converti,
3540 1212 3688 1281 luge-

2116 1321 2173 1359 re
2205 1307 2500 1375 praeterita,
2534 1322 2729 1361 cavere
2756 1304 2954 1369 futura,
2986 1307 3237 1361 invocare
3261 1304 3521 1358 auxilium
3555 1302 3681 1368 Dei;

2115 1403 2298 1454 statim
2337 1401 2481 1456 enim
2532 1412 2591 1457 ut
2639 1417 2934 1457 conversus
2965 1402 3316 1471 ingemueris,
3345 1400 3529 1455 salvus
3551 1401 3681 1454 eris.

2114 1491 2362 1546 Invenies
2394 1494 2537 1546 enim
2578 1494 2930 1553 advocatum,
2985 1493 3072 1561 qui
3125 1507 3222 1561 pro
3277 1502 3326 1546 te
3379 1492 3680 1562 interpellat

2112 1582 2350 1649 Patrem,
2386 1584 2667 1639 Domiumn
2698 1584 2877 1639 Jesum
2904 1585 3202 1651 Christum,
3234 1585 3401 1640 multo
3419 1597 3676 1656 praestan-

2115 1677 2306 1730 tiorem
2337 1692 2495 1745 quam
2534 1676 2631 1730 fuit
2660 1676 2891 1749 Moyses,
2924 1679 3013 1746 qui
3046 1686 3225 1733 tamen
3255 1678 3429 1732 oravit
3454 1693 3546 1747 pro
3577 1694 3673 1746 po-

438 1761 635 1815 stolum
663 1772 969 1817 monentem
1010 1773 1067 1815 ut
1100 1778 1445 1817 assumamus
1488 1782 1506 1814 ι
1547 1777 1757 1819 scutum
1783 1765 2005 1830 lidei,in
2039 1735 2081 1793 Β
2114 1768 2239 1837 pulo
2268 1768 2377 1831 illo,
2427 1777 2482 1822 et
2507 1769 2793 1825 exauditus
2844 1768 2955 1826 est.
3010 1772 3073 1826 Et
3118 1772 3349 1826 fortasse
3397 1780 3669 1839 prepterea

434 1869 545 1923 quo
590 1853 845 1923 possitis,
893 1856 1097 1925 inquit,
1133 1858 1312 1909 omnia
1357 1855 1535 1924 jacula
1582 1856 1795 1926 maligni
1842 1858 2009 1927 ignita

438 1946 843 2015 t'XSlillguer€.-D
866 1946 1030 2001 Vides
1049 1962 1179 2018 ergo
1199 1958 1418 2016 peccata
1436 1948 1652 2015 maligni
1672 1949 2003 2015 cssejacula,

436 2055 556 2108 quae
584 2040 636 2093 in
659 2040 891 2093 animam
921 2039 1245 2109 diriguntur.
1279 2041 1492 2095 Patitur
1529 2053 1709 2096 autem
1738 2052 1791 2096 et
1826 2043 2006 2096 aninta

436 2146 540 2184 non
572 2132 747 2185 solum
784 2130 1006 2186 vulnera
1042 2132 1373 2202 jaculorum,
1405 2132 1500 2186 sed
1533 2142 1583 2186 et
1611 2132 1883 2187 fracturas
1913 2150 2004 2201 pc-

430 2224 580 2287 dum,
602 2240 722 2278 cum
759 2224 934 2294 laquei
953 2235 1215 2294 parantur
1246 2223 1470 2292 pedibus
1500 2224 1637 2293 ejus,
1660 2233 1711 2278 ct
1753 2226 2007 2294 supplan-

436 2324 622 2370 tantur
643 2331 863 2386 gressus
884 2315 1021 2384 ejus.
1042 2314 1167 2369 llznc
1192 2328 1321 2384 ergo
1350 2325 1404 2369 et
1426 2314 1731 2382 lmjusmodi
1780 2316 2005 2369 vulnera

426 2419 638 2477 quanto
657 2420 899 2475 tempore
935 2417 1095 2476 putas
1118 2423 1277 2477 posse
1305 2407 1486 2462 curari
1515 2407 1538 2459 ἲ
1564 2406 1608 2459 0
1642 2407 1685 2460 si
1728 2421 2008 2475 possemus

428 2514 531 2567 per
561 2496 980 2567 unumquodque
1022 2508 1302 2566 peccatum
1344 2496 1527 2550 videre
1559 2497 1830 2564 quomodo
1849 2497 2009 2551 homo

436 2601 625 2644 noster
661 2590 889 2644 interior
918 2590 1135 2644 assidue
1173 2589 1504 2653 vulneratur,
1533 2590 1803 2657 quomodo
1832 2604 2008 2644 sermo

440 2683 612 2736 malus
630 2681 792 2752 295
810 2682 1002 2735 vulnus
1026 2680 1243 2751 infligit!
1270 2680 1574 2750 Nonlegisti
1599 2680 1743 2733 '3'”:
1770 2698 1787 2732 ι
1816 2680 2009 2735 Dicunt

439 2774 559 2843 :jnia
580 2770 1076 2843 vulnerantgladii,
1099 2773 1191 2827 sed
1213 2788 1317 2827 non
1342 2774 1411 2825 ita
1438 2782 1493 2825 ut
1514 2770 1691 2841 lingua
1716 2772 1737 2825 ἵ
1764 2790 1782 2822 ι
1810 2770 2005 2825 Vulne-

432 2878 587 2923 ratur
615 2881 744 2936 ergo
786 2880 881 2937 per
908 2867 1143 2935 linguam
1177 2866 1382 2931 anima,
1406 2864 1720 2919 vulneratur
1739 2874 1790 2919 ct
1809 2880 1903 2934 per
1919 2878 2009 2919 co-

437 2961 723 3029 gitationes
775 2970 829 3013 et
858 2958 1328 3029 concupiscentias
1360 2958 1551 3023 malas,
1608 2958 1874 3027 frangitur
1907 2972 2007 3011 au-

438 3062 543 3106 tem
573 3060 628 3106 et
654 3051 951 3106 conteritur
1001 3065 1095 3120 per
1125 3064 1285 3119 opera
1313 3051 1541 3121 peccati.
1592 3049 1721 3117 Quae
1749 3050 1793 3103 si
1822 3049 2002 3105 omnia
2030 3070 2078 3132 ο

432 3144 617 3196 videre
642 3156 945 3211 possemus,
983 3150 1037 3195 et
1062 3140 1363 3194 vulneratae
1390 3140 1584 3195 animae
1623 3141 1828 3195 sentire
1862 3141 2006 3195 cica-

430 3235 625 3297 triccs,
659 3242 866 3287 certum
891 3241 973 3286 est
1004 3232 1146 3302 quod
1176 3246 1346 3300 usque
1373 3234 1437 3285 ad
1472 3241 1697 3286 mortem
1725 3232 2011 3287 resistere-

438 3341 555 3380 mus
589 3326 873 3380 adversum
906 3334 1207 3392 peccatum.
1250 3323 1354 3378 Sed
1385 3340 1524 3379 nunc
1552 3324 1692 3378 sicut
1726 3324 1759 3377 ii
1804 3326 1892 3392 qui
1926 3321 2008 3376 vel

426 3419 678 3473 daemone
714 3414 923 3484 repleti,
978 3414 1061 3468 vel
1091 3425 1271 3468 mente
1311 3415 1529 3469 alienati
1566 3424 1711 3482 sunt,
1744 3431 1849 3469 non
1875 3429 2007 3470 sen-

438 3509 578 3561 tiunt
608 3506 652 3561 si
684 3507 1059 3570 vulnerentur,
1093 3507 1217 3575 quia
1256 3506 1595 3561 naturalibus
1636 3507 1885 3561 sensibus
1920 3521 2008 3561 ca-

434 3609 553 3653 rent
603 3616 617 3652 :
652 3600 723 3652 ita
752 3608 807 3652 et
844 3615 943 3654 nos
982 3600 1065 3653 vel
1119 3600 1502 3669 cupiditatibus
1550 3600 1735 3653 saeculi
1768 3611 2009 3654 amentes

429 3690 634 3756 eil‘ecti,
687 3690 772 3745 vel
819 3691 964 3745 vitiis
1009 3691 1284 3754 inebriati,
1338 3692 1541 3746 sentire
1588 3705 1694 3745 non
1724 3705 2010 3760 possumus

430 3792 631 3853 quanta
680 3781 926 3847 vulnera,
976 3792 1211 3852 quantas
1264 3782 1617 3837 contritiones
1664 3783 1857 3836 animae
1885 3796 2010 3851 pec-

430 3876 604 3930 cando
637 3875 1038 3943 conquirimus.
1074 3874 1135 3928 Et
1168 3874 1288 3929 ideo
1317 3874 1837 3943 consequentissima
1870 3875 2011 3929 ratio

430 3976 513 4022 cst
550 3980 742 4037 pmnac,
777 3966 828 4021 id
858 3974 943 4020 est
970 3980 1113 4037 cura:
1146 3980 1209 4018 ac
1260 3964 1639 4020 medicationis
1679 3975 1888 4034 tempus
1916 3978 2011 4017 ex-

434 4060 604 4124 tendi,
657 4067 710 4112 et
758 4071 857 4125 per
907 4055 1328 4123 unumquodque
1361 4055 1557 4110 vulnus
1608 4071 1705 4125 pro
1747 4056 2011 4125 qualitate

432 4150 604 4219 plaga:
633 4147 879 4201 medendi
934 4161 1151 4215 quoque
1199 4147 1367 4214 spatia
1397 4147 1705 4216 propagari.
1750 4147 1840 4200 Sic
1878 4160 2009 4215 ergo

431 4252 489 4296 et
519 4240 613 4295 Dei
644 4239 877 4309 aquilas
926 4254 988 4292 ac
1024 4239 1329 4307 benignitas
1366 4238 1532 4291 etiam
1570 4239 1621 4292 in
1654 4238 1786 4308 ipsis
1818 4238 2011 4291 animae

431 4332 710 4402 suppliciis
746 4332 967 4386 evidens
1001 4331 1094 4384 lict
1126 4350 1139 4385 :
1172 4341 1225 4386 et
1254 4331 1370 4385 haec
1418 4330 1663 4394 audiens,
1694 4330 1784 4399 qui
1814 4345 2007 4399 pecca-

2111 1859 2325 1929 Moyses
2374 1861 2635 1916 scribitur
2669 1863 3028 1918 intervenisse
3080 1878 3177 1932 pro
3229 1863 3468 1932 peccatis
3502 1862 3676 1931 populi

2110 1954 2335 2021 prioris,
2372 1963 2423 2009 et
2453 1954 2779 2024 impetrasse
2815 1957 3054 2021 veniam,
3092 1965 3150 2010 ut
3180 1956 3352 2010 multo
3382 1955 3555 2023 magis
3585 1969 3683 2009 nos

2111 2046 2465 2109 confidamus,
2523 2048 2666 2115 quod
2693 2047 2986 2102 advocatus
3014 2058 3201 2102 noster
3225 2046 3383 2102 .Iesus
3409 2047 3683 2101 indubita-

2113 2144 2219 2189 tam
2271 2136 2425 2190 nobis
2469 2135 2681 2190 veniam
2731 2135 3046 2205 impetrabit
3078 2150 3108 2189 a
3154 2135 3315 2190 Patre
3364 2152 3379 2189 :
3426 2136 3471 2189 si
3502 2145 3685 2190 tamen

2110 2235 2492 2282 convertamur
2539 2227 2605 2282 ad
2638 2242 2783 2293 eum,
2813 2236 2867 2281 et
2894 2242 3000 2280 non
3036 2226 3250 2281 recedat
3279 2234 3423 2280 retro
3458 2239 3556 2280 cor
3585 2239 3688 2278 no-

2110 2328 2307 2383 strum,
2363 2318 2506 2372 sicut
2552 2327 2608 2373 et
2648 2317 2888 2373 Joannes
2937 2318 2989 2370 in
3042 2315 3282 2385 Epistula
3325 2330 3423 2370 sua
3465 2316 3682 2370 dicit':

2114 2428 2131 2459 ι
2156 2408 2279 2463 llzec
2306 2417 2485 2462 autem
2517 2409 2661 2475 dico,
2699 2409 2868 2474 filioli,
2915 2416 2973 2461 ut
3002 2422 3107 2461 non
3155 2406 3409 2477 peccetis.
3449 2406 3603 2474 Quod
3630 2417 3687 2462 et

2108 2499 2152 2552 si
2186 2500 2495 2567 peccaverit
2523 2497 2720 2567 aliquis
2756 2507 3015 2560 vestrum,
3068 2495 3331 2551 habemus
3359 2496 3681 2550 advocatum

2108 2590 2249 2656 apud
2300 2588 2533 2653 Patrem,
2576 2590 2758 2645 Iesum
2810 2589 3036 2659 justum,
3087 2588 3178 2655 qui
3229 2587 3535 2655 interpellat
3584 2601 3683 2653 pr.)

2110 2682 2347 2750 peccatis
2376 2682 2596 2735 nostris.
2627 2699 2644 2732 ι
2688 2681 2787 2750 Ipsi
2824 2680 2993 2748 gloria
3024 2680 3076 2733 in
3114 2690 3315 2734 (eterna
3350 2680 3545 2733 sarcula
3575 2692 3676 2733 saa-

2107 2772 2373 2826 culorum.
2410 2773 2600 2828 Amen.
3080 2784 3083 2787 ‘

2702 2861 2981 2918 IIOMILIA
3007 2862 3097 2916 IX.

2111 2978 2187 3035 De
2226 2980 2422 3034 batillis
2454 2980 2607 3044 Core,
2640 2990 2686 3033 et
2719 2980 2976 3032 seditione
3018 2978 3197 3045 papuli
3226 2978 3497 3030 adversum
3527 2974 3672 3043 Mog-

2181 3069 2294 3116 sen,
2323 3064 2369 3104 et
2411 3053 2474 3105 de
2520 3051 2676 3120 virgis
2719 3052 2771 3103 in
2809 3050 2995 3119 quibus
3034 3050 3177 3117 virga
3208 3050 3384 3100 Aaron
3411 3048 3674 3115 germina-

2181 3124 2245 3152 ...‘r
2272 3122 2292 3152 ι

2179 3136 2245 3177 tm
2272 3136 2311 3175 ’.

2182 3239 2232 3290 1.
2277 3236 2431 3305 Apud
2476 3234 2662 3298 Deum,
2698 3243 2755 3288 ut
2807 3232 3031 3301 intelligi
3081 3231 3265 3295 datur,
3309 3229 3445 3284 nihil
3478 3236 3559 3283 est
3591 3229 3673 3281 in-

2110 3329 2262 3391 utile,
2292 3326 2425 3381 nihil
2473 3328 2731 3389 otiosum,
2759 3327 2853 3380 sed
2881 3334 2934 3379 et
2967 3340 3028 3378 ea
3061 3339 3182 3393 qua:
3215 3323 3525 3377 hominibus
3551 3322 3681 3376 alie-

2112 3422 2286 3475 nanda
2316 3421 2573 3474 videntur
2595 3428 2647 3470 et
2675 3418 3000 3487 abjicieuda,
3032 3414 3233 3484 aliquid
3272 3414 3453 3484 operis
3489 3429 3679 3469 neces-

2112 3514 2237 3567 sarii
2275 3514 2477 3567 habere
2510 3510 2875 3563 inveniuntur.
2937 3508 3089 3562 Hunc
3121 3518 3299 3561 autem
3331 3506 3485 3561 nobis
3516 3506 3679 3559 intel-

2113 3607 2308 3660 lectum
2339 3603 2574 3673 suggerit
2602 3615 2837 3670 prmscns
2866 3602 3046 3667 lectio,
3076 3615 3197 3669 qua:
3228 3602 3295 3653 de
3341 3597 3542 3653 batillis
3577 3596 3683 3652 Co-

2114 3709 2193 3757 re,
2223 3705 2276 3748 et
2310 3694 2644 3761 reliquorum
2701 3691 2791 3760 qui
2820 3706 2941 3745 cum
2971 3691 3086 3758 ipso
3124 3698 3506 3759 peccaverunt,
3536 3704 3686 3742 com-

2113 3793 2401 3845 memorat,
2439 3785 2579 3851 quod
2628 3796 2694 3835 ne
2738 3783 2851 3835 lucc
2888 3781 3105 3848 quidem
3143 3781 3297 3850 jubet
3322 3780 3479 3849 abjici
3518 3779 3678 3841 Deus,

2112 3882 2203 3933 sed
2236 3878 2348 3931 fieri
2379 3892 2448 3930 ex
2503 3876 2583 3929 eis
2614 3874 2842 3929 laminas
2875 3873 3103 3928 ductiles
3132 3883 3294 3943 atque
3317 3888 3383 3928 ex
3414 3873 3482 3927 iis
3511 3873 3683 3928 altare

2111 3969 2461 4022 circumdari.
2521 3966 2709 4020 Refert
2756 3979 2885 4034 ergo
2918 3964 3221 4034 Scriptura,
3275 3964 3401 4033 quia
3450 3980 3514 4017 ex
3546 3978 3685 4032 pne-

2112 4068 2269 4129 repto
2299 4059 2413 4124 Dei,
2454 4075 2471 4108 ς
2515 4057 2742 4125 accepit,
2780 4056 2953 4125 inquit
2977 4057 3019 4120 ⁸,
3071 4055 3298 4109 Eleazar
3328 4055 3470 4109 filius
3498 4055 3681 4109 Aaron

2111 4149 2409 4203 sacerdotis
2456 4146 2634 4201 batilla
2665 4160 2830 4208 aerea,
2879 4160 2999 4213 qua:
3046 4147 3358 4200 obtulerunt
3386 4147 3419 4199 ii
3450 4144 3543 4213 qui
3587 4159 3679 4200 ex-

2114 4242 2217 4294 usti
2244 4248 2401 4315 .sunt,
2434 4248 2488 4291 et
2526 4238 2776 4315 fecerunt
2806 4254 2869 4291 ex
2900 4238 2980 4291 eis
3029 4237 3282 4302 circulos,
3334 4248 3387 4291 et
3416 4251 3679 4305 apposue-

2113 4313 2360 4383 ruut'cos
2393 4328 2570 4390 altari,
2623 4329 2688 4381 ad
2740 4313 3309 4381 commemorationem
3342 4326 3569 4382 tiliorum
3601 4326 3678 4379 ls-

431 4426 529 4488 vit,
569 4421 876 4492 resipiscat,
908 4431 964 4476 et
991 4420 1133 4474 ultra
1164 4435 1270 4474 non
1294 4429 1499 4491 peccet.
1541 4420 1836 4475 Conversio
1862 4421 2005 4473 enim
2044 4408 2085 4462 ῐ)
2116 4419 2249 4486 rael,
2280 4427 2337 4472 nt
2373 4434 2476 4471 non
2504 4418 2729 4472 accedat
2758 4418 3043 4486 quisquam
3079 4418 3404 4487 alienigena,
3447 4416 3532 4486 qui
3570 4430 3678 4470 non

432 4514 488 4568 in
520 4511 773 4583 praesenti
806 4512 936 4575 vita,
974 4521 1027 4565 et
1055 4509 1371 4578 pmnitentia
1409 4510 1682 4565 fructuose
1711 4518 1881 4580 gesta,
1918 4525 2007 4564 ce-

430 4607 600 4662 lerem
656 4601 872 4659 confert
929 4601 1238 4671 lmjusmodi
1293 4602 1610 4657 vulneribus
1660 4602 2005 4665 medicinam,

430 4698 557 4768 quia
610 4690 926 4763 paenitentia
981 4708 1086 4747 non
1122 4691 1293 4746 solum
1324 4692 1518 4746 vulnus
1564 4693 1891 4760 praeteritum
1922 4706 2008 4746 sa-

435 4802 547 4856 nat,
582 4790 676 4845 sed
710 4798 764 4842 et
809 4787 949 4842 ultra
984 4788 1221 4839 animam
1254 4794 1479 4853 peccato
1522 4798 1625 4837 non
1657 4783 1787 4838 sinit
1821 4783 2010 4839 vulne-

434 4884 565 4937 rari.
610 4882 721 4935 lmo
754 4889 807 4933 et
835 4877 963 4931 illud
997 4874 1245 4941 adjiciam
1280 4892 1295 4929 :
1328 4874 1477 4928 verbi
1518 4887 1704 4938 causa,
1733 4874 1776 4928 si
1814 4888 2006 4941 pecca-

434 4987 520 5031 tor
568 4988 709 5038 sum,
760 4970 1000 5038 nunquid
1033 4969 1219 5023 eadem
1270 4965 1401 5019 mihi
1432 4964 1535 5019 erit
1581 4979 1736 5033 paena
1770 4965 1812 5018 si
1838 4965 2004 5019 semel

432 5068 678 5141 peccavi,
708 5081 828 5137 quae
853 5074 907 5119 et
928 5064 973 5118 si
1006 5061 1267 5125 secundo,
1301 5067 1354 5112 et
1382 5058 1563 5123 tertio,
1600 5066 1653 5111 et
1679 5057 1722 5111 si
1750 5058 1999 5126 frequen-

434 5163 543 5217 tius
580 5158 841 5229 peccem?
889 5170 992 5209 non
1030 5155 1102 5206 ita
1134 5152 1238 5207 erit
1276 5169 1290 5204 :
1323 5150 1415 5204 sed
1464 5164 1563 5218 pro
1592 5148 1773 5214 modo,
1817 5158 1871 5202 et
1904 5165 2003 5202 nu-

435 5268 607 5316 mero,
655 5260 711 5305 et
741 5262 993 5303 mensura
1026 5244 1257 5315 peccati,
1313 5242 1475 5297 etiam
1513 5254 1684 5309 poena:
1730 5240 2003 5308 quantitas

433 5342 704 5398 metienda
729 5348 832 5393 cst.
861 5336 1002 5390 Deus
1031 5335 1174 5389 enim
1204 5333 1352 5387 dabit
1383 5349 1400 5383 ι
1427 5332 1579 5385 nobis
1608 5346 1798 5400 panem
1830 5330 2004 5399 lacry-

434 5448 644 5487 marum
668 5442 719 5485 et
742 5431 946 5500 potabit
978 5443 1073 5481 nos
1097 5427 1149 5480 in
1179 5424 1455 5495 lacrymis,
1481 5442 1499 5475 ι
1541 5425 1633 5479 sed
1669 5442 1687 5475 ε
1711 5424 1760 5477 in
1788 5436 2004 5477 mensu-

434 5541 495 5581 ra
530 5524 570 5576 ⁸.
599 5544 615 5576 ι
674 5524 918 5578 Mensura
957 5533 1138 5575 autem
1180 5520 1292 5573 haec
1322 5520 1447 5584 erit,
1484 5532 1645 5586 quam
1673 5518 1776 5573 sibi
1814 5518 1865 5571 in
1898 5518 2001 5571 hac

505 5642 549 5671 ⁹¹⁹
576 5640 738 5692 Eccli.
772 5653 958 5701 xxvltl,
984 5636 1073 5690 2'2.

435 5729 544 5779 xvi,
573 5712 658 5776 59,
684 5709 771 5763 ἆυ.
850 5708 867 5737 ⁸
892 5708 991 5761 lsa.
1021 5722 1106 5773 Lv,
1135 5707 1184 5760 8.

1154 5625 1337 5692 ‘Psal.
1366 5650 1529 5702 Lxxx,
1560 5634 1613 5694 6.
1690 5635 1709 5665 ²
1732 5629 1874 5688 Psal.
1904 5646 2087 5702 LXXIV,
2114 5636 2165 5689 9.

2110 4524 2194 4569 est
2244 4528 2307 4567 ex
2362 4512 2574 4566 semine
2605 4514 2807 4577 Aaron,
2864 4513 3137 4581 imponere
3170 4512 3454 4566 incensum
3496 4524 3681 4565 coram

2112 4606 2356 4668 Domino,
2390 4620 2457 4657 ne
2486 4605 2578 4657 fiat
2609 4604 2746 4658 sicut
2789 4602 2951 4667 Core,
2992 4610 3047 4658 et
3080 4604 3410 4674 conspiratio
3437 4602 3553 4671 ejus
3577 4602 3686 4657 sic-

2112 4706 2171 4749 ut
2207 4696 2418 4749 locutus
2472 4706 2554 4749 est
2606 4696 2866 4751 Dominus
2918 4697 2970 4750 in
3013 4710 3172 4749 manu
3218 4696 3408 4768 Moysi.
3450 4714 3469 4747 ι
3515 4696 3685 4749 Mani-

2113 4787 2248 4840 feste
2280 4788 2509 4855 quodam
2558 4788 2609 4840 in
2659 4787 2779 4841 loco
2814 4788 3073 4843 Dominus
3106 4802 3199 4857 per
3237 4788 3557 4857 prophetam
3596 4788 3683 4841 di-

2112 4878 2183 4931 cit
2207 4878 2226 4909 ⁸
2254 4895 2266 4931 :
2304 4895 2321 4929 ι
2356 4876 2471 4931 Non
2500 4888 2625 4932 sunt
2650 4878 2870 4933 consilia
2904 4894 3021 4934 mea
3053 4879 3195 4934 sicut
3223 4879 3448 4934 consilia
3474 4890 3680 4941 vestra,

2112 4985 2210 5024 nec
2257 4970 2618 5040 cogitationes
2648 4986 2779 5024 mea:
2828 4972 2969 5026 sicut
3013 4973 3374 5041 cogitationes
3420 4981 3675 5027 vestrae.»

2111 5060 2167 5115 Si
2220 5066 2359 5131 apud
2396 5063 2641 5118 homines
2689 5064 2851 5119 hodie
2875 5063 3215 5130 judicaretur
3248 5066 3362 5120 hinc
3407 5079 3599 5130 causa,
3629 5074 3683 5118 et

2107 5156 2246 5223 apud
2275 5155 2642 5211 Ecclesiarum
2694 5157 2972 5226 principes
3029 5158 3325 5213 haberetur
3352 5172 3585 5213 examen
3618 5161 3683 5212 do

2107 5244 2201 5309 iis,
2239 5245 2387 5300 verbi
2421 5259 2607 5311 causa,
2656 5247 2744 5314 qui
2773 5248 2984 5301 diversa
3020 5249 3086 5301 ab
3130 5248 3387 5303 Ecclesiis
3420 5248 3679 5302 docentes

2110 5336 2303 5391 divime
2334 5338 2584 5392 vindicta:
2614 5338 2932 5406 pertulerint
2962 5340 3240 5401 ultionem,
3275 5353 3448 5394 nonne
3473 5338 3681 5405 judica-

2110 5436 2252 5490 reut,
2290 5436 2347 5479 ut
2397 5428 2440 5480 si
2471 5429 2599 5497 quid
2647 5429 2805 5482 locuti
2840 5438 2985 5493 sunt,
3024 5430 3068 5482 si
3106 5429 3233 5497 quid
3283 5430 3605 5494 docuerunt,
3634 5427 3680 5483 si

2110 5518 2236 5587 quid
2271 5520 2436 5572 etiam
2487 5520 2749 5587 scriptum
2800 5519 3159 5588 reliquerunt,
3193 5520 3448 5573 universa
3478 5520 3684 5588 pariter

2249 5636 2267 5665 ³
2295 5638 2307 5689 Ι
2334 5634 2486 5691 Joan.
2518 5637 2656 5703 ",1,
2681 5638 2736 5691 2.
2814 5638 2833 5667 ⁸
2857 5635 3013 5689 Num.
3048 5652 3133 5689 xvi
3171 5646 3221 5691 et
3259 5652 3391 5690 \‘vu.
3470 5637 3492 5668 ‘
3519 5635 3681 5692 Num.
