2043 3109
188 2838 192 2855 l

204 186 259 215 69.5

787 187 820 217 ΙΝ
837 186 1002 216 NUMEROS
1019 185 1159 213 llO.\llLl.-\
1177 183 1220 211 IX.

1782 177 1833 204 (3%

206 253 268 271 cum
288 245 408 280 ipsorum
433 246 571 274 cineribus
590 245 764 280 dcperirent?
784 246 836 274 Sed
862 255 913 273 non
933 249 996 273 sunt
1012 248 1033 275 Α
1048 249 1088 271 est
1109 244 1211 275 dicere,
1227 242 1340 276 Oportet
1361 237 1550 266 liiei'cticornni
1566 236 1665 266 batillis
1682 235 1766 263 altare
1781 236 1835 261 cir—

204 289 306 323 judlcia
324 291 370 317 Dci
387 291 458 318 sicut
478 291 581 325 judicia
610 296 713 319 nostra.
744 291 814 318 Audi
831 292 903 318 enini
928 299 996 325 quo-

207 336 287 364 modo
303 336 337 364 de
352 337 453 365 batillis
466 345 574 370 eorum,
600 338 645 373 qui
661 341 755 364 eontra
772 337 930 372 prophetam
947 335 995 362 Dei

206 383 565 418 insurrexerant,jubentur
580 384 639 412 ﬁeri
663 384 780 416 lamina},
796 388 823 410 et
836 383 863 410 iii
879 383 994 409 circuitu

204 428 299 456 altaris
322 428 404 463 afﬁgi.
425 429 493 457 Core
517 430 629 464 ﬁguram
652 434 726 457 tenet
743 436 848 462 eorum,
870 428 916 463 qui
931 435 996 455 con-

205 478 246 500 tra
263 475 477 502 ecclesiasticam
493 475 574 503 ﬁdem
589 480 617 502 et
640 475 792 503 doctrinam
819 474 940 502 veritatis
957 474 996 501 iii-

204 524 328 553 surgunt.
364 519 502 555 Scriptum
528 526 650 556 estergo
675 522 708 549 de
728 521 808 553 Core,
824 525 851 547 et
874 520 908 547 de
924 525 994 547 cretii

203 564 275 598 ejus,
303 567 374 600 quod
401 566 427 592 in
452 566 552 593 batillis
577 566 655 593 aereis
685 567 822 594 incensum
849 565 996 594 obtulerint

204 612 274 646 ignis
290 611 381 639 alieni.
401 612 434 639 Et
447 612 558 646 juhetur
575 612 686 646 quidem
700 620 714 639 a
731 613 786 640 Deo
804 613 876 647 ignis
891 612 997 639 alienus

203 658 323 693 dispergi
350 662 378 685 et
400 658 501 685 effundi
520 667 527 685 :
547 657 662 685 «Batilla
692 666 766 691 vero,
785 659 905 693 inquit",
933 658 996 692 quia

204 704 374 731 sanctiﬁcata
391 708 464 737 sunt,
482 704 565 732 facito
582 713 615 733 ea
630 706 746 732 laminas
762 704 888 736 ductiles,
906 709 933 731 et
946 704 996 731 cir-

204 750 301 776 cumda
317 757 350 777 ex
374 750 414 777 eis
428 750 526 782 altare,
552 751 616 785 quia
632 751 724 778 oblata
751 755 814 777 sunt
832 757 924 777 coram
943 750 995 777 Do-

204 796 291 828 mino,
315 801 344 824 et
368 796 536 824 sanctiﬁcata
562 801 658 824 sunt.)
691 796 748 823 lloe
770 803 836 830 ergo
863 795 930 822 mihi
950 803 998 830 per

205 842 278 869 hanc
303 842 417 875 ﬁguram
444 843 552 868 videtur
573 842 691 874 ostendi,
720 842 793 876 quod
819 841 909 869 batilla
933 841 995 872 ista,

204 895 266 922 quae
282 887 422 921 Scriptura
436 888 562 915 nominat
574 896 656 920 terea,
674 888 785 923 ﬁguratii
797 892 907 915 teneant
922 887 997 914 Scri-

205 939 293 967 ptura:
310 932 417 960 divina).
447 933 496 960 Cui
515 934 666 967 Scripturze
689 933 808 961 literetici
827 933 914 968 ignem
932 932 997 959 alie-

207 985 272 1004 num
294 979 474 1012 impatientes,
491 979 541 1006 hoc
554 985 595 1006 est
615 987 724 1007 sensum
739 985 766 1008 ct
793 980 997 1014 intelligentiam

208 1023 324 1050 alienam
342 1032 355 1050 ιι
373 1025 437 1056 Deo,
453 1029 481 1051 et
500 1025 608 1052 veritati
631 1027 798 1053 contrariam
820 1026 999 1053 introducen-

207 1073 259 1098 tes.
276 1069 416 1096 incensum
436 1070 548 1097 Domino
576 1077 629 1097 n0n
647 1078 741 1103 suave,
757 1072 804 1098 sed
828 1069 999 1098 cxsetErabile

203 1113 333 1140 oll'erunt.
353 1115 479 1150 293m
493 1116 554 1143 ideo
569 1117 656 1144 forma
669 1117 853 1144 Ecclesiarnm
870 1117 1000 1143 sacerdo-

206 1160 280 1186 tibus
297 1160 388 1193 datur;
415 1165 444 1188 ut
458 1162 481 1189 si
496 1162 604 1196 quando
620 1163 673 1190 tale
689 1163 793 1198 aliquid
819 1163 901 1190 fuerit
916 1170 997 1190 exor-

206 1208 273 1237 tum,
291 1212 320 1231 ea
337 1206 445 1239 quidem
459 1214 520 1241 qua:
537 1215 551 1234 a
569 1209 683 1235 veritate
698 1208 784 1235 aliena
805 1213 879 1241 sunt,
898 1208 932 1234 ah
948 1208 997 1235 Ec-

204 1250 288 1277 clesia
319 1250 364 1277 Dei
391 1251 500 1285 penitus
527 1253 725 1280 abstrudanlur
747 1260 754 1280 :
780 1253 803 1280 si
830 1260 882 1287 qua
908 1256 997 1279 autem

204 1296 326 1323 etiamin
352 1297 418 1331 ipsis
439 1298 630 1326 bierelicorum
653 1299 744 1327 verbis
766 1299 915 1334 Scriptura:
928 1298 999 1325 divi-

206 1348 248 1368 na:
273 1343 399 1370 sensibus
418 1344 595 1371 inveniuntur
619 1345 732 1377 inserta,
759 1353 792 1372 ne
818 1345 920 1379 pariter
934 1351 996 1371 cuin

205 1386 260 1414 illis
281 1395 341 1422 qua:
368 1389 429 1416 ﬁdei
445 1395 472 1417 et
487 1391 597 1418 veritati
621 1395 686 1418 sunt
699 1391 848 1423 contraria,
867 1397 998 1424 respuan-

206 1437 269 1466 tur;
287 1435 458 1462 sanctiﬁcata
472 1440 536 1463 sntit
555 1437 627 1463 enim
643 1445 704 1471 qua:
719 1438 752 1464 de
770 1436 909 1470 Scriptura
925 1436 996 1463 divi-

206 1487 240 1505 na
258 1479 445 1514 proferuntur,
462 1487 489 1509 et
503 1482 616 1510 Domino
633 1483 733 1511 oblata.
755 1483 847 1510 Potest
863 1489 952 1510 autem
968 1487 996 1509 et

204 1525 259 1552 alio
274 1526 361 1554 adhuc
375 1528 454 1555 modo
469 1528 579 1563 intelligi
593 1530 665 1563 quod
680 1530 712 1556 de
725 1530 827 1556 batillis
841 1529 997 1564 praecipitur

205 1577 392 1605 peccatorum,
416 1577 445 1599 ut
469 1573 620 1608 junguntur
643 1579 670 1602 et
690 1575 831 1603 socientur
849 1574 941 1602 altari.
961 1574 996 1601 Et
1010 1585 1031 1613 ε

206 1617 295 1650 primo
309 1618 361 1645 hoc
378 1618 465 1651 ipsum
481 1620 552 1654 quod
566 1626 638 1646 aerea
650 1620 791 1653 dicuntur,
809 1628 862 1647 non
878 1620 995 1647 otiosum

206 1661 354 1690 videbitur.
378 1663 428 1691 Ubi
443 1664 514 1692 enim
531 1673 596 1693 vera
609 1666 677 1693 ﬁdes
690 1671 742 1699 est,
757 1671 784 1694 et
799 1667 904 1701 integra
921 1665 996 1693 verbi

207 1706 254 1733 Dei
282 1709 450 1742 prazdicatio,
469 1714 515 1737 aut
540 1715 670 1745 argentea
688 1711 816 1738 dicuntur
833 1716 879 1738 aut
893 1719 995 1738 aurea:

208 1758 237 1779 ut
252 1753 338 1789 fulgor
355 1755 413 1782 auri
429 1756 548 1784 declaret
564 1756 625 1783 ﬁdei
639 1758 795 1791 puritatem,
810 1762 838 1785 et
854 1762 997 1792 argentum

205 1799 268 1834 igne
294 1801 449 1835 probatum,
473 1802 578 1836 eloquia
603 1803 756 1829 examinata
782 1803 925 1838 signiﬁcet.
946 1803 997 1830 Ista

205 1853 271 1880 ergo
284 1853 344 1881 quae
360 1848 487 1874 dicuntur
501 1855 584 1880 aerea,
601 1847 627 1873 iii
644 1855 710 1875 sono
725 1853 828 1875 tantum
844 1848 917 1875 vocis
930 1854 996 1875 cou-

205 1893 315 1925 sistunt,
331 1901 383 1920 non
401 1894 427 1920 in
445 1894 546 1921 virtute
562 1895 686 1928 spiritus,
709 1899 735 1922 et
751 1899 826 1927 sunt,
842 1899 871 1921 ut
884 1894 999 1928 Aposto-

205 1940 246 1966 lus
262 1940 328 1966 dicit
339 1940 361 1973 ⁸,
390 1949 399 1965 ι
411 1945 438 1967 ιιι
453 1946 632 1968 :eramentum
650 1948 764 1973 sonans,
783 1945 831 1968 aut
844 1941 996 1977 cymbalum

206 1986 336 2013 tinniens.
361 1996 371 2012 ι
394 1987 445 2014 lsta
469 1994 535 2021 ergo
550 1986 642 2014 batilla
657 1993 737 2019 terea,
755 1987 781 2013 id
798 1991 840 2014 est
857 1987 999 2014 literetiuo-

208 2039 268 2058 rum
287 2039 379 2064 voces,
398 2032 421 2059 si
438 2033 617 2060 adhibeamus
642 2032 675 2059 ad
692 2032 778 2059 altare
796 2032 853 2065 Dei,
872 2032 916 2059 tibi
930 2032 999 2059 divi-

206 2085 257 2105 nus
272 2077 343 2112 ignis
356 2082 412 2110 est,
436 2078 482 2105 ubi
501 2085 564 2105 vera
578 2077 624 2105 Dei
643 2078 812 2112 praedicatio,
829 2078 925 2105 melius
941 2078 997 2113 ipsa

205 2122 307 2149 veritas
318 2130 352 2149 ex
365 2122 495 2149 falsorum
507 2122 713 2157 comparatione
731 2122 855 2158 fulgebit.
873 2123 902 2151 Si
913 2124 997 2155 enim,

204 2174 235 2194 ut
249 2168 324 2195 verbi
339 2168 425 2203 gratia
453 2169 553 2201 dicam,
571 2176 670 2203 ponam
686 2168 759 2195 dicta
778 2168 934 2203 Marcionis,
954 2174 1000 2197 aut

203 2214 342 2246 Basilidis,
369 2218 415 2241 aut
438 2214 551 2242 alterius
575 2213 720 2248 cujuslibet
745 2215 879 2249 haeretici,
895 2220 921 2242 et
939 2216 999 2244 haec

203 2260 378 2287 sermonibus
408 2260 532 2288 veritatis
557 2267 590 2287 ac
610 2259 815 2294 Scripturarum
843 2261 995 2288 divinarum

205 2306 376 2337 testimoniis.
394 2306 466 2333 velut
480 2306 562 2333 divini
576 2305 673 2333 altaris
687 2305 748 2340 igne
761 2306 912 2340 confutem,
928 2315 995 2334 nou-

205 2359 238 2378 ne
254 2352 404 2379 evidentior
419 2360 512 2379 eorum
534 2360 566 2378 ex
584 2352 642 2386 ipsa
659 2353 863 2386 comparatione
880 2361 994 2387 appare—

204 2396 243 2423 bit
261 2397 405 2430 impietas?
421 2396 487 2423 Nam
505 2398 527 2423 si
543 2398 663 2424 doetriua
679 2398 862 2425 ecclesiastica
880 2399 993 2433 Sllllplt‘X

204 2447 285 2475 esset,
304 2448 331 2468 et
350 2443 429 2470 nullis
446 2444 611 2470 intrinsecus
630 2443 819 2471 haereticorum
837 2445 993 2478 dogmatum

204 2490 400 2516 assertionibus
425 2491 590 2524 cingeretur,
619 2500 670 2519 IlOtl
697 2496 804 2525 poterat.
828 2495 881 2517 tam
907 2491 993 2522 clara,

202 2538 229 2561 et
244 2539 297 2561 tam
322 2536 474 2563 examinata
494 2538 578 2564 videri
603 2538 671 2564 ﬁdes
688 2542 791 2563 nostra.
815 2537 867 2562 Sed
895 2536 995 2562 idcirco

203 2581 354 2608 doctrinam
371 2583 532 2609 catholicam
553 2583 797 2611 contradicentiuiii
823 2582 929 2609 obsidet
947 2590 995 2615 op-

202 2628 340 2661 pugnatio,
368 2632 396 2654 ιιι
423 2629 489 2655 tidos
516 2634 610 2657 nostra
628 2638 682 2657 non
706 2631 761 2657 otio
779 2628 835 2664 (9'2)
860 2632 994 2663 iorpescat

202 2673 249 2699 sed
264 2674 403 2700 exercitiis
417 2674 550 2702 climetur.
569 2675 682 2710 Propter
695 2676 745 2703 hoc
758 2676 872 2709 denique
885 2679 911 2700 et
925 2675 995 2708 Apo-

202 2717 288 2744 stolus
308 2718 415 2745 dicebat
428 2719 438 2734 ⁹
454 2728 461 2745 :
483 2728 490 2744 ι
506 2719 618 2753 Oportet
634 2725 723 2747 autem
740 2725 766 2747 et
791 2721 906 2747 Μῖνι-ρεαδ
921 2727 993 2749 esse.

203 2768 232 2789 ut
249 2764 354 2798 probati
381 2766 482 2800 quique
510 2768 645 2795 manifesti
666 2768 730 2794 ﬁant
758 2768 827 2794 inter
843 2775 899 2794 vos.
912 2777 920 2792 ι
940 2766 995 2793 lloc

243 2834 342 2862 ’Num.
357 2843 410 2869 xvi,
425 2836 468 2863 38.
508 2838 518 2853 ⁸
532 2837 538 2863 Ι
553 2837 615 2865 Cor.
631 2846 691 2870 xiii,
707 2838 730 2864 l.
770 2840 779 2853 ³
793 2837 800 2864 l
813 2838 876 2866 Cor.
891 2846 929 2871 xI,
944 2838 985 2865 l9.

1013 918 1034 944 Β

1047 288 1183 321 eumdari,
1211 292 1241 314 ιιι
1266 292 1341 314 certa
1365 290 1392 313 et
1407 283 1548 311 manifesta
1562 283 1686 310 omnibus
1705 282 1749 308 ﬁat
1767 281 1834 307 ﬁdc~

1047 335 1111 362 litim
1125 339 1207 369 atque
1230 333 1377 361 inﬁdelium
1405 331 1568 358 differentia.
1589 330 1655 357 Cum
1672 329 1744 357 enim
1769 327 1835 354 lidcs

1045 381 1230 409 ecclesiastica
1249 379 1321 407 velut.
1335 387 1430 406 aurum
1446 377 1560 412 coeperit
1573 375 1716 410 refulgere,
1731 379 1756 401 et
1768 381 1836 407 prae-

1046 427 1147 455 dicatio
1161 426 1219 461 ejus
1235 430 1264 453 ut
1278 430 1419 460 argentum
1435 425 1497 459 igne
1511 423 1654 458 probatura
1670 420 1836 448 intuentibus

1047 471 1243 507 resplenducrit
1260 480 1266 498 :
1286 475 1350 498 tunc
1366 471 1467 504 majore
1483 476 1544 496 cum
1563 466 1730 501 turpitudine
1746 470 1773 492 et
1789 465 1836 491 de:

1046 520 1144 547 decore
1159 519 1349 546 haereticorum
1364 524 1443 543 voces
1459 515 1569 542 obscuri
1582 513 1645 540 acris
1660 512 1761 539 vilitate
1777 519 1836 537 sor-

1047 566 1157 593 debunt.
1182 563 1227 591 Vis
1242 568 1332 590 autem
1348 562 1417 589 scire
1430 560 1501 595 quod
1516 567 1574 594 qua:
1590 559 1658 585 bona
1674 563 1747 589 sunt,
1766 557 1836 584 bona

1046 618 1108 638 esse
1122 618 1155 637 cx
1173 609 1337 637 deteriorum
1352 607 1437 642 magis
1453 605 1657 640 comparatione
1673 602 1838 630 noscuntur?

1047 656 1114 690 Quis
1130 656 1212 683 sciret
1228 655 1329 683 bonam
1345 660 1406 680 esse
1422 651 1522 682 lucem,
1541 650 1592 677 nisi
1609 649 1697 676 noctis
1711 648 1839 675 tenebras

1047 702 1233 731 sentiremus?
1261 702 1327 735 Quis
1344 699 1512 727 dulcedinem
1529 702 1653 725 nosceret
1668 695 1765 727 mellis,
1785 694 1837 721 nisi

1047 756 1153 785 gustum
1179 747 1370 775 amaritudinis
1403 746 1574 781 accepisset?
1605 745 1693 779 Ipsum
1722 741 1838 774 denique

1047 794 1195 827 diabolum,
1220 799 1248 821 et
1273 793 1445 821 obltietantes
1458 791 1602 819 adversum
1625 797 1673 816 nos
1687 786 1838 815 contrarias

1047 844 1195 876 potestates
1212 839 1233 867 si
1247 839 1366 872 auferas,
1381 839 1498 865 virtutes
1510 836 1594 864 animi
1610 835 1668 862 sine
1680 833 1839 861 obluctanle

1049 892 1102 911 non
1119 887 1266 919 potuerunt
1281 883 1442 910 enitescere.
1473 881 1519 908 Sic
1544 887 1609 915 ergo
1626 883 1652 906 et
1668 876 1838 904 sacerdotum

1051 931 1170 958 ﬁdelium
1186 930 1272 965 gloria
1285 938 1338 957 non
1355 929 1457 963 poterit
1469 927 1696 962 respleiidescere,
1713 922 1763 949 nisi
1780 929 1838 948 cant

1050 977 1199 1007 inﬁdelium
1216 975 1371 1010 reprobatio
1386 980 1412 1002 et
1436 980 1514 1007 pmua
1535 971 1715 1000 commendet.
1738 968 1791 996 Sed
1807 975 1839 993 cx

1051 1023 1085 1050 iis
1100 1029 1160 1057 qua:
1186 1022 1310 1056 legimus,
1339 1021 1440 1056 singuli
1471 1021 1571 1056 quique
1592 1019 1727 1053 iustorum
1756 1014 1841 1047 magis

1050 1076 1083 1096 ex
1107 1069 1310 1103 comparatione
1335 1072 1496 1096 cteterorum
1514 1066 1579 1093 clari
1604 1064 1731 1091 videntur
1756 1060 1840 1087 habiti

1050 1115 1120 1151 apud
1135 1115 1230 1142 Demn.
1252 1115 1377 1149 Denique
1393 1115 1425 1141 de
1440 1113 1495 1139 Noe
1509 1112 1639 1146 scriptum
1655 1114 1698 1137 est
1711 1108 1743 1140 '°,
1769 1105 1840 1140 quod

1049 1166 1122 1187 esset
1133 1160 1223 1194 justus
1237 1164 1264 1187 et
1281 1161 1418 1194 perfectus
1433 1160 1459 1186 in
1475 1157 1653 1194 generatione
1666 1161 1724 1181 sua.
1745 1153 1773 1179 ιιι
1787 1157 1841 1185 quo

1049 1206 1203 1233 ostenditur
1227 1206 1297 1240 quod
1323 1214 1376 1232 non
1402 1214 1435 1232 ex
1453 1206 1560 1239 integro
1584 1201 1730 1237 perfectus,
1748 1199 1795 1225 sed
1814 1198 1840 1223 in

1049 1250 1226 1286 generatione
1250 1258 1297 1277 sua
1325 1249 1462 1284 perfectus
1489 1247 1583 1278 fuerit,
1608 1250 1636 1273 et
1649 1244 1682 1272 ad
1699 1249 1841 1276 compara-

1051 1296 1149 1323 tionem
1165 1300 1326 1322 ca‘terorum
1347 1294 1436 1328 justus
1462 1291 1652 1327 pronuntiatus
1676 1289 1722 1316 sit.
1753 1286 1840 1313 Simili

1049 1342 1129 1369 modo
1147 1346 1211 1376 puto
1225 1341 1307 1368 etiam
1335 1340 1367 1366 dc
1392 1339 1443 1365 [λοι
1461 1337 1624 1365 habendum.
1646 1335 1753 1367 Quanto
1768 1333 1840 1359 euiui

1049 1387 1198 1414 deteriores
1212 1385 1333 1420 quotidie
1350 1384 1449 1411 ﬁebant
1468 1382 1624 1413 Sodomita),
1648 1383 1724 1406 tanto
1741 1378 1786 1404 ille
1798 1376 1842 1409 ju-

1049 1434 1117 1461 stior
1132 1433 1291 1468 apparebat.
1313 1431 1366 1458 Sed
1384 1436 1409 1457 et
1425 1430 1451 1456 in
1466 1430 1516 1456 lioc
1533 1428 1592 1462 ipso
1610 1427 1678 1453 libro
1694 1431 1772 1459 quem
1790 1423 1840 1449 har

1049 1481 1144 1507 bemus
1162 1481 1187 1506 in
1214 1478 1352 1510 manibus,
1379 1483 1440 1503 cum
1464 1474 1578 1510 ingrcssi
1593 1478 1684 1500 essent
1704 1471 1722 1497 ii
1737 1470 1782 1504 qui
1799 1469 1841 1494 in-

1048 1530 1193 1561 spexcrant
1209 1530 1306 1552 terrain
1321 1523 1354 1556 “,
1366 1528 1393 1550 et
1404 1523 1497 1551 decem
1511 1528 1543 1548 ex
1557 1520 1590 1547 iis
1603 1516 1767 1545 meticulosis
1782 1522 1842 1541 sero

1049 1570 1173 1598 monibus
1185 1569 1401 1602 desperationem
1416 1567 1506 1603 populi
1522 1565 1710 1595 incuSsissent,
1727 1562 1783 1589 duo
1795 1566 1842 1586 vc-

1051 1626 1081 1645 ro
1105 1617 1214 1651 reliqui,
1231 1616 1256 1643 id
1272 1619 1314 1643 cst
1328 1615 1411 1642 Caleb
1427 1619 1454 1641 ct
1469 1614 1563 1645 Josue,
1582 1612 1650 1638 bona
1669 1610 1840 1641 nuntiarent,

1049 1669 1077 1692 et
1101 1664 1277 1691 hortarentur
1304 1660 1431 1695 populum
1459 1665 1618 1694 permanere
1644 1657 1670 1683 in
1687 1654 1838 1690 proposito,

1051 1708 1205 1737 immortale
1220 1708 1261 1735 eis
1276 1715 1291 1734 a
1309 1706 1425 1734 Domino
1439 1706 1563 1732 meritum
1578 1702 1693 1730 contulit
1710 1708 1763 1728 non
1782 1705 1840 1731 tau-

1050 1759 1106 1780 tum
1131 1760 1180 1779 sua
1214 1751 1361 1783 confessio,
1390 1754 1520 1785 quantum
1553 1747 1669 1775 formido
1694 1745 1838 1773 sodalium.

1049 1799 1143 1834 Neque
1158 1797 1229 1826 enim
1245 1801 1299 1824 tam
1320 1794 1464 1831 magniﬁce
1480 1794 1506 1821 in
1524 1793 1564 1821 eis
1582 1793 1666 1819 virtus
1681 1791 1766 1819 animi
1780 1790 1838 1818 cla-

1049 1845 1161 1876 ruisset,
1185 1843 1236 1870 nisi
1256 1842 1423 1876 reliquorum
1440 1840 1530 1867 decem
1548 1837 1635 1872 turpis
1649 1835 1764 1872 ignavia
1781 1834 1836 1861 for-

1050 1891 1123 1918 mido
1138 1889 1280 1924 patuisset.
1304 1887 1366 1914 llam
1385 1890 1475 1913 autem
1489 1885 1606 1911 diximus
1627 1883 1660 1910 de
1676 1881 1777 1909 batillis
1793 1888 1839 1908 eo-

1049 1944 1110 1963 rum
1125 1936 1170 1970 qui
1187 1932 1362 1962 condemnati
1379 1936 1451 1964 sunt,
1477 1936 1537 1964 qua
1552 1929 1631 1956 altari
1651 1927 1780 1963 jubentur
1797 1925 1838 1952 af—

1050 1982 1106 2017 ﬁgi,
1123 1981 1193 2016 quod
1208 1988 1241 2007 ex
1265 1979 1468 2014 comparatione
1493 1976 1650 2004 inferiorum
1675 1973 1740 2008 jusﬁ
1755 1980 1837 2007 appa'

1049 2033 1128 2056 reaiit
1144 2026 1286 2059 clariores,
1301 2025 1381 2053 simul
1397 2030 1426 2051 ut
1443 2027 1469 2051 et
1482 2022 1598 2058 posteris
1615 2021 1729 2049 daretur
1742 2026 1837 2045 exem-

1051 2076 1136 2110 plum,
1157 2081 1189 2101 ne
1214 2074 1260 2108 qui
1286 2071 1496 2107 praesumptione
1511 2069 1621 2104 superbi
1647 2066 1759 2102 spiritus
1784 2072 1837 2091 non

1051 2121 1102 2149 sibi
1117 2129 1131 2147 ιι
1151 2120 1205 2147 Deo
1217 2120 1310 2146 datum
1323 2125 1420 2145 munus
1436 2115 1610 2151 pontiﬁcatus
1623 2113 1774 2144 invaderet,
1792 2110 1839 2138 sed

1051 2172 1081 2193 ut
1106 2167 1145 2194 illi
1170 2166 1260 2197 cedat,
1279 2171 1359 2199 quem
1377 2171 1429 2190 non
1452 2162 1564 2189 ambitio
1582 2160 1711 2191 humana,
1728 2165 1781 2184 non
1802 2156 1840 2182 fa-

1052 2220 1101 2240 vor
1115 2216 1260 2246 corruptus
1283 2209 1423 2241 asciverit,
1439 2214 1489 2235 nec
1511 2205 1619 2241 largitio
1635 2201 1838 2232 condemnanda

1013 2254 1035 2282 Ι)
1051 2257 1250 2292 subrogaverit,
1266 2256 1314 2282 sed
1332 2254 1492 2282 meritorum
1509 2250 1677 2279 conscientia
1691 2253 1719 2275 et
1734 2248 1779 2275 Dei
1794 2255 1840 2274 vo-

1050 2305 1140 2332 luntas
1157 2300 1344 2336 assumpserit.

1084 2351 1113 2379 ‘2.
1133 2349 1198 2377 Post
1217 2349 1273 2375 hate
1291 2346 1408 2374 refertur
1425 2353 1431 2372 :
1453 2345 1505 2372 «Et
1521 2346 1772 2372 iiiuruiuraverunt.
1798 2341 1839 2365 in-

1050 2396 1109 2431 quit
1122 2396 1155 2428 ",
1176 2394 1224 2421 ﬁlii
1250 2392 1333 2420 lsracl
1349 2391 1497 2418 adversum
1520 2389 1630 2425 Moysen
1648 2392 1675 2414 et
1691 2388 1780 2413 Aaron
1800 2385 1840 2411 di-

1050 2447 1142 2470 centes
1159 2450 1166 2470 :
1182 2440 1236 2468 Vos
1249 2440 1390 2467 occidistis
1405 2437 1532 2473 populum
1551 2434 1667 2461 Domini.
1689 2432 1722 2459 Et
1736 2431 1838 2458 factum

1049 2495 1090 2517 est
1108 2496 1169 2517 cuin
1183 2488 1301 2515 irrueret
1318 2491 1454 2521 synagoga
1471 2488 1552 2516 super
1569 2480 1678 2514 Moysen
1694 2483 1721 2507 et
1736 2478 1837 2509 Aaron,

1051 2538 1076 2563 in
1106 2536 1206 2569 impetu
1232 2533 1358 2567 fugerunt
1381 2532 1415 2558 ad
1441 2528 1645 2558 tabernaculum
1678 2525 1836 2553 testimonii.

1050 2581 1118 2609 lllud
1135 2588 1199 2608 vero
1215 2579 1319 2606 ohiexit
1335 2578 1431 2609 nubes,
1452 2581 1479 2603 et
1496 2575 1622 2610 apparuit
1641 2574 1769 2609 majestas
1784 2572 1837 2599 Do-

1050 2626 1127 2659 mini,
1144 2631 1171 2654 et
1183 2624 1303 2652 introivit
1318 2623 1424 2659 Moyses
1437 2627 1463 2649 et
1479 2622 1567 2649 Aaron
1582 2621 1614 2648 ad
1634 2620 1730 2648 faciem
1748 2619 1839 2646 taber-

1052 2672 1140 2700 naculi
1155 2669 1313 2698 testimonii.
1326 2679 1335 2695 ι
1357 2669 1414 2696 Non
1427 2668 1541 2703 legimus
1554 2672 1631 2694 antea
1646 2667 1711 2701 quia
1725 2665 1838 2692 obtexe-

1050 2720 1085 2745 rit
1094 2717 1180 2745 nubes
1188 2716 1403 2748 tabernaculum,
1412 2719 1438 2741 et
1447 2714 1606 2749 apparuerit.
1616 2713 1742 2748 majestas
1751 2711 1838 2739 Domi-

1051 2766 1088 2798 ni,
1103 2769 1131 2791 et
1146 2763 1279 2797 receperit
1297 2762 1366 2789 intra
1388 2761 1485 2787 nubem
1503 2759 1612 2794 Moysen
1624 2763 1650 2786 et
1668 2758 1770 2790 AaronI
1785 2757 1836 2784 nisi

1027 2837 1048 2853 ὀ
1061 2835 1129 2862 Gen.
1143 2840 1182 2864 γι,
1194 2831 1219 2859 9.
1260 2831 1279 2845 "
1295 2830 1373 2857 Num.
1387 2837 1441 2857 xiv.
1482 2829 1503 2844 η
1516 2828 1593 2855 Num.
1607 2836 1664 2860 χιι,
1676 2827 1720 2860 ll,
1732 2827 1777 2859 4'2,
1789 2827 1835 2854 65.

242 2902 298 2938 (9'3)
315 2912 324 2928 ι
344 2904 405 2932 Olio
428 2915 435 2932 i
460 2906 535 2934 deest
551 2906 576 2933 in
594 2906 659 2934 lihb.
683 2906 772 2940 editis,
792 2906 838 2934 sed
855 2906 993 2941 suppletur
1007 2914 1020 2934 c
1036 2913 1100 2933 mss.
1114 2901 1283 2934 Bclracciisi,
1301 2900 1457 2928 Ehroiccnsi
1474 2905 1499 2927 ct
1515 2892 1688 2927 Carnutcnsi.
