4086 6218
412 358 519 411 627

1906 353 2226 416 ORIGENIS

3582 346 3687 400 6‘28

413 493 559 532 nunc
595 494 717 532 cum
756 479 1053 534 insurrcxit
1090 479 1143 533 in
1174 493 1269 534 eos
1303 478 1552 549 populus,
1576 488 1631 533 et
1652 477 1892 549 lapidare
1908 491 1992 532 eos

2106 484 2291 543 specto
2319 473 2462 543 ejus,
2493 482 2553 526 ut
2580 473 2634 527 in
2664 470 3009 528 confessione
3031 467 3487 540 supplicationum
3508 476 3693 524 motus

408 568 607 623 voluit.
636 569 920 624 Discanms
941 586 1008 625 ex
1031 568 1134 625 hoc
1172 579 1376 639 quanta
1405 571 1479 626 sit
1509 571 1714 627 utilitas
1735 568 1789 623 in
1813 581 1999 637 perse-

408 664 729 719 eutionibus
755 664 1107 729 Christianis,
1144 673 1407 733 quantum
1438 665 1629 735 gratia:
1655 663 1997 728 conferatur,

2101 566 2218 634 ejus
2258 573 2311 619 et
2346 564 2680 621 iracundiam
2718 562 3065 632 mitigemus;
3098 562 3195 617 sed
3228 558 3551 616 econtrario
3600 559 3690 614 di-

2098 672 2319 722 camus,
2359 655 2474 710 Non
2508 664 2592 712 est
2624 668 2754 709 cura
2790 654 2902 708 Deo
2942 653 3011 707 de
3040 653 3153 705 vita
3206 650 3541 714 mortalium.
3588 665 3692 707 nee

410 758 684 824 quomodo
710 768 1079 827 prepuguator
1106 756 1188 811 eis
1216 756 1311 810 ﬁat
1337 756 1497 823 Deus,
1528 757 1801 825 quomodo
1824 757 1999 811 abun-
2098 749 2376 819 pertinent
2422 748 2538 803 haec
2568 748 2636 802 ad
2672 749 2840 803 Deum
2863 784 2880 811 ,
2910 744 3135 815 reliquit
3165 759 3269 800 nos
3298 744 3451 809 olim,
3488 758 3591 799 nec
3618 743 3694 797 ad

414 849 610 902 danter
638 859 864 904 sanctus
892 850 1128 919 Spiritus
1153 848 1491 905 infundatur.
1528 849 1681 905 Tunc
1703 851 1849 904 enim
1882 866 1996 904 ma-

408 938 557 994 xime
590 942 764 1011 gratia
803 942 894 995 Dei
925 943 1100 1005 adest,
1135 957 1261 997 cum
1308 943 1591 997 hominum
1623 943 1832 999 saevitia
1865 959 1995 999 con-

406 1028 647 1097 citatur;
688 1042 743 1085 et
780 1040 909 1085 tunc
954 1047 1138 1100 pacem
1172 1030 1436 1087 habemus
1488 1032 1629 1102 apud
1656 1032 1847 1099 Deum,
1872 1046 1993 1087 cum

410 1120 483 1175 ab
511 1121 825 1179 hominibus
857 1134 1084 1195 propter
1124 1125 1394 1195 justitiam
1448 1124 1585 1180 bella
1637 1125 1994 1195 perpetimur.

416 1232 439 1267 ιι
469 1212 571 1268 Ubi
597 1217 741 1269 enim
765 1217 1065 1271 abundavit
1086 1214 1992 1290 peccatum,superabundavit(95)

411 1316 465 1358 et
495 1306 668 1374 gratia
697 1307 760 1360 ’³.
788 1326 805 1358 ι
852 1310 1149 1378 Adoperuit
1178 1328 1309 1380 ergo
1343 1328 1438 1368 eos
1465 1314 1607 1368 nube
1636 1311 1991 1379 tabernaculi,

410 1408 465 1450 et
501 1398 660 1452 irruit
708 1414 981 1470 synagoga
1018 1418 1184 1471 super
1235 1403 1455 1475 Moysen
1491 1414 1546 1460 et
1582 1408 1779 1469 Aaron,
1815 1415 1872 1461 et
1899 1420 1994 1476 ap-

411 1488 593 1554 paruit
622 1490 793 1559 gloria
825 1492 1056 1547 Domini.
1092 1494 1355 1561 Quamvis
1386 1498 1564 1567 magni
1592 1497 1701 1552 sint
1730 1498 1853 1552 vita:
1876 1513 1993 1555 me-

410 1583 518 1636 rito
548 1580 759 1653 Moyses
786 1594 839 1637 et
866 1586 1067 1651 Aaron,
1097 1590 1345 1656 quamvis
1366 1589 1530 1642 animi
1556 1590 1845 1644 virtutibus
1878 1590 1994 1660 pol-

410 1676 581 1738 leant,
618 1690 885 1746 apparere
918 1688 1095 1732 tamen
1126 1680 1205 1734 eis
1236 1678 1329 1733 Dei
1359 1679 1535 1749 gloria
1565 1695 1669 1735 non
1702 1682 1990 1750 potuisset,

408 1766 572 1837 297
605 1770 707 1821 nisi
744 1769 794 1822 in
825 1771 1316 1839 persecutionibus,
1352 1772 1402 1823 in
1437 1771 1904 1837 tribulationibus,
1934 1772 1989 1827 in

411 1860 672 1925 perii-olis
698 1903 711 1924 ,
742 1873 905 1930 atque
939 1865 989 1916 in
1021 1863 1137 1933 ipsa
1176 1879 1314 1933 pene
1350 1866 1655 1934 mortejam
1681 1865 1892 1935 positis.
1925 1866 1993 1921 Et

410 1959 467 2003 tu
493 1967 623 2021 ergo
652 1970 757 2007 non
794 1964 949 2024 putes
986 1956 1079 2009 tibi
1113 1956 1406 2011 dormienti
1434 1966 1489 2010 et
1520 1958 1700 2012 otioso
1728 1972 1993 2028 apparere

406 2058 569 2111 posse
597 2044 825 2115 gloriam
861 2047 976 2101 Dei.
1021 2048 1131 2101 Aut
1164 2064 1273 2102 non
1304 2059 1358 2103 et
1398 2049 1597 2104 Paulus
1628 2048 1907 2118 apostolus
1938 2050 1992 2104 in

410 2137 480 2192 iis
531 2133 626 2188 Dei
678 2136 905 2205 gloriam
957 2140 1220 2209 consequi
1275 2140 1534 2195 meruit?
1584 2138 1777 2197 Nonne
1827 2156 1994 2211 super

409 2242 602 2282 omnes
630 2238 859 2285 caeteros
893 2242 1180 2287 enumerat
1219 2233 1262 2264 ’δ
1302 2249 1363 2289 se
1402 2236 1455 2288 in
1506 2236 1948 2293 tribulationibus
1973 2278 1989 2302 ,

409 2316 467 2372 in
498 2322 923 2377 necessitatibus
951 2362 966 2388 ,
1013 2324 1065 2379 in
1101 2324 1413 2379 carceribus
1467 2327 1633 2384 fuisse
1657 2370 1673 2395 ,
1713 2339 1794 2383 ter
1825 2329 1993 2398 virgis

410 2428 613 2467 enisum
639 2454 653 2479 ,
683 2414 849 2469 semel
886 2416 1185 2486 lapidatum
1218 2421 1330 2492 (94)
1359 2437 1505 2489 esse,
1540 2421 1822 2492 naufragia
1864 2437 1991 2492 per-

409 2506 625 2573 tulisse,
655 2507 893 2576 pericula
925 2512 1115 2577 maris,
1144 2514 1382 2582 pericula
1412 2513 1722 2581 ﬂuminum,
1748 2515 1991 2585 pericula

407 2598 719 2665 latronum,
754 2602 994 2669 pericula
1023 2620 1051 2656 a
1098 2606 1249 2662 falsis
1284 2608 1591 2663 fratribus?
1627 2609 1756 2676 Quae
1790 2619 1992 2679 quanto

408 2694 585 2763 magis
630 2695 949 2763 abundant,
995 2708 1146 2753 tanto
1199 2702 1431 2769 amplius
1468 2702 1535 2758 iis
1587 2704 1678 2774 qui
1724 2704 1994 2775 patienter

410 2786 658 2853 tulerint,
685 2788 972 2845 conferunt
1006 2790 1233 2862 gloriam
1272 2792 1389 2847 Dei.

481 2902 535 2956 3.
571 2921 588 2954 ι
619 2890 683 2957 Et
709 2901 926 2958 locutus
951 2913 1036 2960 est
1073 2904 1334 2960 Dominus
1357 2906 1423 2961 ad
1453 2905 1675 2978 Moysen
1706 2916 1758 2962 et
1782 2906 1991 2973 Aaron,

413 2993 603 3049 dicens
630 3011 645 3048 :
681 2995 952 3052 Discedite
985 2997 1051 3052 de
1085 3000 1262 3055 medio
1288 3013 1581 3071 synagoga:
1615 2999 1795 3069 hujus,
1824 3008 1879 3053 et
1908 2999 1993 3053 in-

413 3088 663 3143 terimam
695 3105 791 3147 eos
815 3091 1017 3146 semel:
1053 3103 1108 3148 et
1139 3093 1459 3149 ceciderunt
1488 3093 1701 3165 Moyses
1728 3102 1783 3149 et
1806 3093 1990 3149 Aaron

408 3177 465 3233 in
493 3176 688 3234 faciem
723 3196 876 3237 suam
915 3182 979 3235 “.
1014 3202 1033 3235 ι
1071 3181 1124 3236 In
1160 3183 1411 3239 Sodomis
1434 3186 1649 3253 quidem
1682 3186 1900 3255 quando
1922 3185 1989 3240 ad
2017 3180 2062 3243 C

409 3268 695 3325 minimum
740 3271 929 3328 decem
974 3275 1090 3345 (95)
1136 3275 1552 3345 requirebantnr
1584 3277 1648 3342 ",
1694 3292 1794 3345 per
1848 3292 1989 3345 quos

411 3362 501 3417 vix
530 3363 576 3417 si
609 3363 745 3418 forte
770 3366 968 3435 reperti
997 3376 1203 3435 essent,
1234 3366 1434 3422 salvari
1462 3377 1683 3435 possent
1713 3370 1748 3423 ii
1772 3370 1863 3440 qui
1891 3369 1991 3423 ha-

413 3452 661 3509 bitabant
689 3457 1024 3526 pentapolim
1044 3458 1435 3514 Sodomorum:
1460 3478 1603 3516 nunc
1628 3472 1807 3517 autem
1826 3463 1988 3520 etiam

411 3546 541 3608 duo,
573 3546 616 3599 si
653 3555 835 3602 tamen
870 3546 1225 3604 inveniantur
1262 3549 1399 3605 tales
1430 3551 1607 3619 qualis
1638 3551 1851 3623 Moyses
1885 3553 1991 3609 fuit

410 3647 469 3691 et
500 3638 682 3692 Aaron
709 3677 725 3703 ,
758 3637 1006 3695 suilicere
1050 3652 1315 3710 possunt,
1352 3652 1410 3697 ut
1442 3658 1575 3712 gens
1623 3644 1989 3702 lsraelilarum

411 3738 525 3784 tota
576 3730 834 3786 salvetur.
887 3731 1026 3798 Quid
1060 3749 1190 3803 ergo
1226 3734 1473 3791 dicemus
1520 3738 1751 3807 amplius
1782 3755 1903 3795 esse
1934 3742 1989 3796 in

408 3821 479 3877 iis
507 3822 759 3878 duobus?
805 3824 935 3890 Quae
966 3835 1119 3879 tanta
1152 3827 1365 3893 virtus,
1399 3831 1543 3898 quod
1575 3832 1851 3898 meritum,
1884 3850 1991 3904 quo

410 3923 666 3970 sexcenta
702 3916 867 3969 millia
897 3924 952 3973 et
980 3934 1046 3972 eo
1079 3919 1312 3989 amplius
1342 3920 1645 3977 liberentur
1667 3924 1736 3979 ab
1766 3927 1988 3983 interitu

411 4010 737 4063 vastatoris?
767 4011 876 4077 Ego
905 4011 1146 4065 arbitror
1179 4013 1324 4080 quod
1373 4013 1425 4067 in
1456 4013 1641 4085 Moyse
1667 4016 1751 4071 lex
1788 4018 1993 4089 signiti-

412 4107 568 4153 cetur
602 4141 618 4167 ,
650 4115 771 4168 qua:
823 4103 982 4158 docet
1036 4103 1286 4158 homines
1322 4105 1605 4159 scientiam
1642 4118 1696 4163 et
1747 4127 1988 4168 amorem

416 4191 545 4245 Dei:
576 4194 629 4246 in
658 4193 840 4247 Aaron
883 4194 1227 4263 supplicandi
1266 4196 1398 4257 Deo,
1435 4207 1489 4249 et
1517 4200 1837 4254 ohsecrandi
1867 4217 1988 4256 eum

410 4283 587 4337 forma
639 4285 925 4342 consistat.
969 4288 1026 4341 Si
1072 4303 1202 4354 ergo
1247 4288 1466 4342 accidat
1511 4290 1803 4360 aliquando
1852 4295 1991 4350 indi-

411 4378 565 4445 gnari
610 4379 766 4434 nobis
800 4383 885 4435 vel
916 4383 1174 4438 universo
1204 4386 1402 4454 pepqu
1449 4389 1654 4453 Deum,
1686 4399 1742 4445 et
1786 4389 1831 4444 si
1876 4388 1991 4460 jam

409 4471 678 4524 sententia
713 4473 935 4527 ultionis
968 4476 1211 4543 procedit
1233 4494 1262 4530 a
1298 4479 1548 4545 Domino,
1584 4481 1772 4538 redeat
1806 4494 1986 4539 autem

408 4560 499 4614 lex
533 4562 626 4615 Dei
669 4566 720 4616 in
755 4580 851 4617 cor
882 4574 1123 4619 nostrum
1173 4582 1527 4625 commonens
1559 4587 1660 4627 nos
1693 4582 1747 4628 et
1782 4574 1987 4632 docens

409 4656 656 4710 converti
682 4658 750 4712 ad
794 4659 1168 4727 paenitentiam
1201 4700 1216 4723 ,
1242 4662 1568 4717 satisfacere
1600 4679 1699 4732 pro
1726 4667 1941 4723 delictis
1968 4708 1984 4732 ,

410 4748 722 4817 supplicare
755 4766 854 4820 pro
889 4749 1099 4819 culpis:
1131 4754 1371 4808 cessabit
1399 4758 1662 4811 continuo
1686 4759 1990 4829 iracundia,

410 4841 721 4911 indignatio
734 4844 1108 4912 conquiescet,
1134 4845 1517 4913 propitiabitur
1535 4848 1817 4917 Dominus,
1834 4855 1989 4923 quasi

412 4935 599 5007 Moyse
623 4947 679 4989 et
731 4939 911 4992 Aaron
956 4937 1417 4994 intercedentibus
1453 4957 1553 5011 pro
1586 4943 1742 4999 nobis
1764 4984 1780 5010 ,
1810 4956 1864 5000 et
1893 4962 1992 5016 pro

412 5030 671 5084 universo
702 5030 900 5099 popqu
929 5032 1384 5102 supplicantibus.
1432 5032 1491 5090 Si
1536 5049 1667 5090 vero
1704 5036 1992 5107 aliquando

412 5126 623 5178 oriatur
652 5124 955 5193 indignatio
978 5126 1092 5192 Dei,
1120 5136 1175 5181 et
1200 5128 1380 5183 veniat
1405 5142 1504 5198 pro
1527 5128 1763 5198 peccatis
1790 5131 1993 5187 nostris

411 5229 554 5271 sava
582 5218 887 5285 correptio;
929 5218 1251 5273 indurentur
1280 5230 1459 5274 autem
1502 5222 1671 5275 corda
1701 5230 1887 5275 nostra
1923 5238 1993 5277 ne

410 5318 799 5364 convertamur
817 5310 884 5364 ad
910 5311 1220 5376 Dominum,
1249 5325 1384 5368 neve
1409 5311 1758 5367 humiliemur
1779 5314 1832 5368 in
1859 5328 1991 5369 con-

483 5471 527 5501 "
552 5470 710 5527 Rom.
739 5487 790 5538 ν,
811 5472 904 5527 9.0.
980 5475 1023 5506 “
1043 5475 1088 5529 ll
1115 5474 1238 5530 Cor.
1281 5490 1359 5531 xi.

408 5541 449 5572 ⁸³
484 5538 639 5595 Nutu.
675 5558 788 5609 xvr,
815 5544 905 5599 46.

626 5632 781 5716 gibt).
810 5636 968 5716 editi,
1007 5655 1027 5689 ι
1057 5636 1578 5716 superabundabitg

480 5635 595 5773 (93;
626 5635 781 5689 Libb.
810 5636 968 5715 editi,
1007 5655 1027 5689 ι
1057 5636 1538 5706 superabundabit.
1560 5658 1578 5691 ι

479 5705 571 5790 (D6
632 5702 737 5790 Ter
773 5706 933 5776 virgis
966 5725 1182 5790 emunt,
1217 5706 1741 5790 ερηιειμζιιρὶάιιζιιῃι,
1772 5711 1861 5764 Sic
1888 5708 1990 5790 lia-

407 5774 540 5899 be‘rlit
584 5789 776 5828 omnes
801 5774 969 5845 mas;
998 5779 1137 5832 male
1169 5788 1348 5833 autem
1381 5774 1512 5834 libb.
1544 5781 1698 5849 editi,
1739 5797 1758 5832 ι
1791 5792 1873 5836 ter
1912 5780 1987 5837 ia~

410 5860 464 5899 οι
511 5860 679 5899 anno.
713 5861 733 5895 ι

410 5860 679 5913 picatum.
713 5861 733 5895 ι

1438 5475 1483 5506 ³⁸
1513 5475 1673 5531 Num.
1701 5492 1810 5541 va,
1836 5476 1926 5542 Η,
1955 5476 2046 5532 45.

2103 839 2358 893 notitiam
2392 837 2511 907 ejus
2538 838 2639 892 ista
2667 835 2992 907 perveniunt
3018 857 3030 893 :
3064 835 3108 889 si
3141 835 3265 889 talia
3293 835 3601 904 cogitemus
3632 833 3691 888 in

2095 929 2353 983 cordibus
2390 928 2611 993 nostris,
2648 936 2703 982 et
2734 927 2850 981 haec
2886 926 2955 980 de
2978 940 3079 981 ore
3122 936 3316 982 nostro
3345 925 3691 995 procedant,

2096 1030 2306 1074 certum
2337 1028 2422 1076 est
2452 1035 2559 1075 non
2597 1033 2720 1075 esse
2748 1019 2802 1073 in
2836 1018 2996 1073 nobis
3029 1017 3246 1089 Moysen
3283 1028 3341 1073 et
3370 1019 3579 1081 Aaron,
3608 1016 3690 1072 le-

2094 1113 2175 1181 gis
2212 1112 2421 1168 scilicet
2468 1112 2762 1175 scientiam
2811 1121 2868 1166 et
2912 1110 3123 1167 fructus
3175 1110 3553 1180 pmnitentia,
3592 1124 3689 1179 per

2094 1220 2231 1274 quos
2262 1205 2543 1259 interitum
2578 1205 2916 1260 imminentis
2944 1206 3097 1260 exitii
3132 1204 3407 1275 possimus
3432 1202 3686 1256 evadere.

2096 1296 2208 1351 Hoc
2242 1304 2373 1367 puto
2404 1295 2677 1351 accidisse
2708 1296 2875 1351 etiam
2932 1295 3129 1366 popqu
3177 1292 3257 1348 illi
3287 1292 3382 1361 qui
3426 1291 3528 1345 fuit
3559 1301 3691 1345 aute

2096 1404 2236 1456 nos,
2284 1388 2503 1459 quando
2554 1402 2747 1444 omnes
2775 1388 3235 1451 declinaverunt,
3287 1399 3482 1441 euntes
3522 1384 3689 1438 simul

2095 1480 2317 1536 inutiles
2343 1479 2470 1535 facti
2494 1490 2623 1535 sunt
2653 1481 2714 1546 ’⁷,
2749 1488 2806 1535 et
2835 1495 2941 1535 non
2975 1479 3080 1533 fuit
3105 1480 3199 1549 qui
3233 1476 3440 1531 faceret
3472 1477 3685 1531 bonita-

2096 1582 2228 1637 tem,
2260 1588 2366 1626 non
2394 1570 2499 1626 fuit
2521 1586 2695 1640 usque
2718 1571 2785 1625 ad
2815 1586 3007 1626 unum.
3035 1569 3094 1625 Si
3122 1568 3269 1624 enim
3294 1567 3500 1634 fuisset,
3533 1583 3679 1622 nun-

2093 1677 2262 1731 quam
2298 1663 2489 1731 utique
2516 1662 2899 1731 dereliquisset
2928 1676 3023 1717 eos
3052 1660 3217 1716 Deus.
3249 1657 3359 1715 Sed
3393 1668 3446 1712 et
3472 1672 3567 1713 nos
3595 1659 3671 1713 ti-

2097 1768 2346 1808 meamus
2383 1768 2452 1809 ne
2475 1753 2619 1808 forte
2648 1753 2825 1809 simile
2851 1753 3055 1823 aliquid
3087 1751 3402 1807 inveniatur
3427 1750 3479 1804 in
3502 1750 3668 1805 nobis.

2025 1824 2069 1880 Β
2094 1844 2281 1900 Timeo
2316 1845 2460 1899 enim
2493 1844 2639 1899 illam
2678 1844 3045 1909 sententiam,
3095 1844 3151 1899 in
3184 1858 3294 1912 qua
3326 1841 3592 1897 Dominus
3621 1852 3675 1893 et

2096 1935 2351 1991 Salvator
2381 1946 2586 2001 noster,
2622 1936 2715 2006 qui
2753 1944 2952 1991 cuncta
2981 1934 3300 2004 praenoscit,
3326 1933 3485 2003 quasi
3523 1932 3677 1985 dubi-

2096 2037 2217 2081 tans
2244 2025 2376 2080 dicit
2403 2043 2416 2079 :
2454 2043 2477 2079 ι
2499 2024 2667 2082 Putas
2701 2024 2926 2081 veniens
2957 2024 3128 2080 Filius
3157 2024 3395 2080 hominis
3445 2023 3685 2078 inveniet

2095 2115 2257 2171 fidem
2296 2128 2458 2185 super
2498 2127 2700 2172 terram
2733 2117 2813 2170 “‘2
2843 2135 2862 2168 ι
2900 2115 3167 2174 Jubentur
3207 2130 3337 2186 ergo
3383 2114 3600 2185 Moyses
3630 2124 3685 2169 et

2092 2208 2272 2262 Aaron
2304 2210 2459 2263 exire
2485 2208 2553 2263 de
2581 2209 2761 2264 medio
2789 2222 3099 2280 synagogaa,
3134 2215 3191 2261 ut
3213 2207 3564 2263 interimatur
3587 2218 3680 2276 sy-

2095 2317 2298 2371 nagoga
2346 2302 2414 2357 de
2457 2301 2644 2357 semel.
2679 2301 2787 2357 Sed
2836 2303 3116 2357 videamus
3141 2300 3271 2369 quid
3308 2300 3398 2358 isti
3438 2301 3678 2366 faciunt,

2093 2393 2267 2447 sancti
2299 2404 2422 2447 sunt
2452 2392 2587 2463 (96),
2617 2393 2841 2463 perfecti
2872 2402 3024 2461 sunt,
3051 2402 3106 2449 et
3135 2393 3255 2464 plus
3289 2392 3459 2464 magis
3489 2391 3674 2446 Evan-

2094 2484 2220 2551 gelii
2263 2484 2517 2554 discipuli
2566 2501 2731 2556 quam
2782 2485 2919 2558 legis
2943 2525 2959 2550 ,
2986 2495 3041 2541 et.
3075 2486 3195 2541 ideo
3227 2486 3458 2556 diligunt
3510 2485 3677 2540 etiam

2096 2575 2347 2631 inimicos
2375 2590 2526 2646 suos,
2557 2590 2722 2645 atque
2747 2588 2907 2632 orant
2933 2592 3033 2647 pro
3067 2580 3509 2649 persecutoribus
3542 2577 3679 2632 suis.

2093 2668 2205 2723 Illis
2230 2669 2373 2723 enim
2402 2669 2752 2725 sa:vientibus
2782 2679 2840 2724 ut
2877 2669 3253 2726 interficerent
3282 2686 3375 2726 eos
3399 2710 3415 2734 ,
3447 2670 3534 2726 isti
3558 2684 3684 2740 pro-

2094 2761 2282 2816 cidunt
2313 2760 2366 2815 in
2399 2760 2594 2816 faciem
2626 2776 2778 2816 suam
2807 2778 2973 2833 super
3007 2771 3234 2817 terram.

2164 2853 2219 2907 4.
2256 2870 2275 2904 ι
2308 2852 2371 2907 Et
2407 2854 2484 2908 ait
2512 2852 2724 2926 Moyses
2772 2854 2839 2908 ad
2866 2855 3083 2910 Aaron:
3123 2855 3357 2911 Assume
3402 2857 3679 2923 batillum,

2093 2953 2150 2998 et
2182 2944 2399 3013 impone
2434 2959 2599 3016 super
2630 2945 2759 3001 illud
2792 2946 2973 3017 ignem
2995 2947 3064 3001 ab
3098 2946 3285 3012 altari,
3324 2956 3381 3002 et
3407 2948 3572 3018 injice
3598 2949 3680 3003 illi

2096 3035 2396 3099 incensum,
2426 3047 2480 3091 et
2511 3035 2647 3091 effer
2685 3036 2944 3092 velociter
2978 3037 3031 3092 in
3064 3048 3267 3104 castra,
3293 3048 3350 3095 et
3383 3054 3546 3095 exora
3578 3054 3681 3109 pro

2095 3128 2225 3196 ipsis
2252 3145 2267 3182 :
2298 3128 2433 3184 exiit
2453 3129 2597 3183 enim
2621 3129 2698 3182 ira
2722 3143 2751 3183 a
2779 3138 3068 3198 conspectu
3090 3129 3323 3197 Domini,
3350 3144 3404 3187 et
3424 3132 3536 3203 jam
3564 3146 3677 3187 ea:-

2092 3219 2171 3289 pit
2200 3230 2419 3274 vastare
2467 3220 2722 3290 populum
2754 3220 2821 3274 ”.
2859 3239 2880 3274 ι
2932 3221 3134 3278 Verum
3182 3222 3439 3291 quoniam
3475 3224 3527 3277 in
3576 3223 3678 3279 hos

2090 3311 2435 3380 pervenimus
2479 3312 2631 3367 locos
2660 3352 2676 3378 ,
2702 3311 2825 3368 volo
2858 3312 2927 3369 de
2972 3314 3215 3370 bonitate
3262 3315 3356 3370 Dei
3384 3315 3679 3373 admonere

2090 3401 2387 3473 discipulos
2417 3404 2620 3460 Christi
2646 3444 2663 3471 ,
2693 3420 2762 3461 ne
2789 3406 2912 3477 quis
2956 3405 3097 3463 forte
3136 3417 3378 3463 vestrum
3408 3406 3479 3462 ab
3505 3408 3675 3463 haere-

2092 3495 2215 3550 ticis
2243 3496 2601 3552 eonturbetur
2625 3499 2671 3552 si
2698 3501 2919 3568 quando
2947 3510 3226 3555 certamen
3253 3500 3543 3567 inciderit,
3570 3501 3677 3554 illis

2094 3586 2401 3647 dicentibus
2433 3589 2689 3657 quoniam
2728 3589 2871 3646 Deus
2905 3591 3039 3661 legis
3072 3606 3178 3646 non
3213 3601 3296 3646 est
3338 3591 3511 3646 bonus
3536 3632 3551 3657 ,
3582 3593 3674 3646 sed

2088 3675 2265 3744 justus
2295 3718 2310 3743 ,
2348 3689 2402 3733 et
2432 3679 2629 3751 Moysis
2656 3682 2740 3736 lex
2777 3698 2884 3737 non
2935 3682 3233 3737 bonitatem
3265 3683 3544 3745 continet,
3580 3682 3679 3737 sed

2086 3766 2375 3837 justitiam.
2407 3768 2642 3826 Videant
2664 3787 2794 3841 ergo
2830 3773 2922 3842 qui
2956 3772 3129 3826 Deum
3160 3773 3364 3842 pariter
3381 3771 3675 3827 criminan-

2094 3868 2186 3915 tur
2217 3872 2269 3916 et
2302 3862 2493 3933 legem,
2524 3866 2798 3933 quomodo
2830 3863 3043 3935 Moyses
3073 3864 3190 3933 ipse
3229 3872 3285 3918 et
3318 3863 3496 3918 Aaron
3528 3862 3676 3934 prio-

2093 3965 2185 4007 res
2212 3954 2458 4009 fecerunt
2491 3958 2611 4020 hoc,
2643 3956 2787 4023 quod
2820 3957 3162 4027 postmodum
3198 3955 3546 4026 Evangelium
3576 3955 3673 4010 do-

2093 4046 2223 4100 cuit.
2265 4045 2404 4099 Ecce
2442 4046 2614 4116 diligit
2644 4046 2857 4117 Moyses
2890 4048 3161 4111 inimicos,
3193 4056 3248 4101 et
3274 4056 3398 4102 orat
3427 4061 3525 4117 pro
3551 4061 3675 4117 per—

2093 4134 2432 4190 secutoribus
2484 4137 2598 4191 suis
2640 4175 2658 4201 ,
2709 4139 2853 4206 quod
2909 4139 3096 4209 utique
3148 4138 3398 4193 Christus
3454 4139 3570 4192 ﬁeri
3618 4138 3672 4192 in

2095 4225 2403 4294 Evangeliis
2429 4226 2606 4281 docet.
2635 4226 2832 4281 Audite
2859 4227 3004 4280 enim
3030 4228 3300 4297 quomodo
3326 4228 3583 4283 cadentes
3620 4227 3676 4281 in

2095 4314 2287 4369 facient
2319 4330 2479 4384 super
2506 4326 2704 4371 terram
2740 4326 2903 4371 orant
2934 4332 3033 4386 pro
3074 4317 3211 4381 illis,
3245 4318 3334 4386 qui
3368 4318 3434 4371 ad
3468 4318 3673 4372 interﬁ-

2093 4408 2312 4462 ciendos
2364 4423 2458 4462 eos
2507 4408 2935 4465 insurrexeraut.
2985 4408 3079 4462 Sic
3133 4424 3265 4478 ergo
3313 4408 3585 4463 invenitur
3620 4416 3677 4463 et

2094 4498 2367 4570 Evangelii
2416 4501 2591 4555 virtus
2628 4502 2680 4555 in
2717 4505 2831 4573 lege
2858 4543 2873 4568 ,
2921 4513 2973 4557 et
3008 4502 3360 4558 fundamento
3383 4503 3515 4574 legis
3550 4504 3677 4559 sub-

2095 4592 2218 4645 nixa
2257 4591 2627 4660 intelliguntur
2664 4594 2971 4664 Evangelia.
3022 4592 3135 4649 Nec
3185 4603 3339 4649 vetns
3381 4604 3677 4650 testamen-

2096 4693 2204 4737 tum
2240 4684 2460 4740 nomiuo
2491 4699 2594 4756 ego
2634 4688 2832 4757 legem,
2874 4687 2921 4741 si
2962 4701 3083 4741 eam
3132 4688 3452 4756 spiritaliter
3481 4687 3677 4742 intelli-

2092 4791 2236 4845 gam.
2266 4775 2373 4832 Illis
2402 4779 2781 4834 tantummodo
2816 4779 2902 4834 lex
2934 4788 3090 4834 vetus
3117 4780 3352 4835 eﬂicitur
3384 4790 3675 4836 testamen-

2094 4875 2228 4933 tum,
2256 4869 2346 4937 qui
2392 4883 2513 4924 eam
2560 4871 2852 4926 carnaliter
2887 4870 3195 4942 intelligere
3226 4872 3435 4927 volunt.
3485 4872 3552 4926 Et
3582 4887 3677 4927 ne-

2093 4961 2331 5014 cessario
2363 4961 2470 5017 illis
2505 4971 2660 5018 vetus
2687 4961 2878 5017 effecta
2913 4972 3032 5029 est,
3059 4975 3114 5019 et
3140 4964 3341 5031 senuit,
3376 4965 3500 5035 quia
3532 4964 3677 5019 vires

2093 5059 2223 5102 suas
2272 5064 2377 5104 non
2424 5061 2601 5122 potest
2645 5053 2911 5113 obtinere.
2953 5055 3121 5111 Nobis
3176 5067 3396 5122 autem,
3426 5057 3517 5126 qui
3552 5071 3672 5111 eam

2091 5138 2413 5208 spiritaliter
2439 5154 2494 5198 et
2547 5144 2862 5216 evangelica
2888 5161 3051 5203 sensu
3103 5148 3461 5221 intelligimus
3490 5159 3548 5204 et
3574 5165 3673 5205 ex-

2092 5230 2365 5300 ponimus,
2398 5248 2614 5306 semper
2653 5252 2794 5292 nova
2827 5249 2950 5293 est:
2988 5253 3043 5295 et
3068 5250 3355 5311 utrumque
3386 5242 3543 5296 nobis
3573 5258 3670 5296 no-

2094 5332 2218 5374 vum
2250 5331 2635 5382 testamentum
2662 5338 2767 5395 est,
2802 5345 2906 5385 non
2940 5333 3197 5404 temporis
3224 5343 3387 5390 mtate
3413 5374 3429 5400 ,
3460 5333 3554 5389 sed
3585 5334 3670 5389 in-

2124 5481 2169 5513 “
2193 5480 2332 5539 Gen.
2360 5499 2516 5539 xvrn.
2594 5485 2635 5517 ¹⁷
2670 5484 2815 5541 Psal.
2878 5504 2996 5553 xui,
3029 5488 3085 5547 5.
3164 5490 3208 5521 ¹⁸
3247 5489 3380 5547 Luc.
3417 5449 3573 5556 xvm,
3611 5488 3668 5546 8.

2168 5640 2281 5711 (95)
2328 5640 2460 5696 Mss.
2502 5660 2522 5693 ι
2574 5642 2641 5697 ad
2683 5644 2964 5700 minimum
2998 5646 3208 5702 decem.
3248 5664 3267 5697 ι
3307 5644 3464 5702 Libb.
3515 5644 3670 5709 editi,

2100 5729 2118 5762 ι
2154 5713 2332 5766 minus
2362 5712 2570 5766 decem.
2605 5732 2622 5765 ι

2164 5781 2279 5861 (96)
2314 5781 2405 5835 Sic
2448 5799 2580 5840 mss.
2626 5783 2784 5842 Libb.
2817 5794 2998 5843 autem
3042 5786 3209 5852 editi,
3252 5805 3271 5840 ι
3304 5785 3532 5854 faciunt,
3574 5785 3669 5857 qui

2093 5863 2267 5909 sancti
2294 5863 2442 5911 sunt.
2474 5870 2490 5907 ι
