4086 6218
486 307 581 361 (ibi

1976 301 2135 359 ORIG
2145 302 2298 358 ENIS

3640 303 3761 355 6'52

486 439 717 494 namque
748 432 830 478 est
855 467 868 488 ,
899 438 1018 491 qme
1059 420 1202 475 velut
1242 419 1292 472 in
1327 421 1471 474 vasis
1523 419 1780 475 ﬁctilibus
1810 419 2058 474 efficitur.
2095 428 2138 482 Α
2167 423 2356 475 domos
2385 419 2713 473 familiarum
2744 419 3008 486 ipsorum,
3037 419 3103 472 ab
3131 417 3383 471 omnibus
3409 418 3758 488 principibus

484 516 806 570 Peccatores
841 529 969 583 ergo
1015 527 1141 567 vasa
1199 511 1384 566 ﬁctilia
1427 514 1589 576 liunt,
1627 512 1766 566 sicut
1799 510 2062 565 Jeremias

485 607 747 676 propheta
795 606 1041 674 designat
1087 605 1140 657 in
1182 603 1686 657 Lamentationibns
1715 603 1780 666 ’⁵,
1833 603 2054 656 dicens:

490 721 509 749 σ
543 699 658 752 Filii
694 697 847 758 Sion,
893 698 984 766 qui
1018 707 1175 750 erant
1206 695 1546 750 honorabiles
1579 703 1634 747 et
1664 695 1713 748 in
1749 710 1882 748 auro
1910 694 2060 758 elati,

483 792 755 859 quomodo
805 790 1034 857 reputati
1069 797 1196 842 sunt
1243 789 1293 841 in
1326 802 1452 841 vasa
1503 787 1711 849 ﬁctilia,
1745 802 1908 855 opera
1948 803 2062 840 ma—

484 897 650 935 nuum
684 881 880 951 ﬁguli?
916 901 933 932 ι
991 880 1096 934 Et:
1151 900 1168 931 ‹
1217 880 1270 932 ln
1307 880 1467 934 domo
1512 895 1703 948 ntagna
1753 894 1858 933 non
1914 887 2062 943 sunt,

484 974 659 1041 inquit
703 973 989 1041 Apostolus
1042 971 1120 1036 ’⁷,
1170 970 1542 1024 tantummodo
1587 985 1714 1024 vasa
1758 986 1921 1024 aurea
1950 1012 1964 1034 ,
2001 980 2057 1024 et

482 1074 765 1134 argentea,
795 1064 887 1116 sed
914 1074 966 1116 et
996 1063 1166 1130 lignea
1195 1071 1248 1116 et
1281 1061 1502 1114 ﬁctilia:
1535 1072 1590 1116 et
1621 1062 1726 1116 alia
1756 1063 1971 1130 quidem
1998 1064 2062 1115 ad

483 1157 770 1219 honorem,
808 1153 912 1204 alia
944 1164 1122 1207 autem
1161 1154 1225 1206 ad
1254 1153 1660 1207 contumeliam.
1696 1173 1714 1205 ι
1761 1152 1899 1206 Sunt
1933 1167 2066 1222 ergo

481 1261 609 1299 vasa
646 1244 827 1298 ﬁctilia
858 1244 921 1297 ad
955 1243 1330 1298 contumeliam
1355 1283 1368 1305 ,
1400 1259 1521 1311 qua:
1563 1252 1617 1297 et
1639 1243 1902 1312 confringi
1937 1258 2061 1311 pos-

482 1347 629 1390 sunt.
665 1335 771 1390 Sed
810 1335 1218 1389 consideremus
1247 1333 1564 1403 diligentius
1601 1335 1728 1400 quid
1780 1337 1832 1387 in
1867 1349 2063 1389 conse-

479 1427 773 1496 quentibus
821 1425 1108 1494 Apostolus
1142 1425 1211 1479 de
1254 1425 1386 1492 ipsis
1414 1425 1558 1478 vasis
1593 1424 1850 1478 ﬁctilibus
1881 1424 2062 1478 dicat:

487 1537 506 1568 ι
531 1514 587 1570 Si
618 1517 764 1584 quis,
798 1515 973 1584 inquit
1001 1515 1066 1581 ’⁸,
1097 1515 1472 1568 emundaverit
1499 1516 1848 1583 semetipsum
1876 1514 1944 1565 ab
1974 1513 2060 1579 iis,

481 1610 586 1663 erit
611 1624 708 1662 vas
744 1608 810 1661 ad
841 1607 1100 1660 honorem
1135 1606 1560 1671 sanctiﬁcatum,
1593 1616 1644 1657 et
1673 1605 1803 1658 utile
1838 1604 2063 1658 Domino

481 1702 547 1752 ad
579 1714 737 1753 omne
765 1713 901 1768 opus
933 1699 1134 1750 bonum
1171 1707 1441 1764 paratum.
1481 1715 1498 1746 ι
1554 1697 1607 1747 In
1641 1711 1746 1759 quo
1777 1695 2062 1750 ostendere

2169 514 2407 582 ipsormu
2441 512 2723 566 duodecim
2752 512 2966 580 virgas;
3003 522 3057 564 et
3088 511 3520 580 uniuscujusque
3553 527 3762 564 eorum

2166 620 2359 658 nomen
2385 605 2568 658 scribe
2604 605 2655 656 in
2679 603 2826 671 virga
2866 617 2964 656 sua
3011 619 3024 654 :
3057 611 3112 655 et
3137 616 3332 654 nomen
3363 603 3542 654 Aaron
3569 602 3760 655 scribe

2166 695 2218 748 iu
2249 697 2395 764 virga
2448 695 2574 749 Levi
2605 711 2619 746 :
2651 704 2734 747 est
2761 693 2904 746 enim
2944 693 3093 760 virga
3129 708 3232 746 una
3265 691 3362 762 (2),
3390 707 3485 761 per
3519 693 3752 756 tribum,

2167 802 2263 855 per
2291 788 2482 840 domos
2531 786 2865 840 familiarum
2908 799 3133 839 suarum
3165 782 3372 837 dabunt
3405 784 3522 837 tibi.
3557 784 3620 837 Et
3650 800 3758 852 po-

2166 894 2264 932 nes
2289 895 2381 933 eas
2421 879 2474 932 in
2509 878 2920 933 tabernaculum
2971 876 3270 930 testimonii
3315 885 3502 929 contra
3535 891 3749 939 arcam,

2166 984 2230 1022 ex
2263 970 2458 1038 quibus
2491 985 2766 1038 agnoscar
2798 969 2893 1022 tibi
2929 968 3076 1021 inde.
3129 967 3195 1019 Et
3225 966 3329 1020 erit
3359 966 3518 1020 homo
3547 981 3751 1035 quem-

2166 1079 2380 1131 cunque
2404 1065 2640 1134 elegero,
2673 1065 2820 1133 virga
2855 1063 2973 1130 ejus
3010 1060 3360 1130 germinabit,
3401 1069 3457 1112 et
3499 1057 3756 1112 auferam

2166 1173 2195 1209 a
2227 1168 2276 1210 te
2309 1158 2800 1211 murmurationem
2831 1157 3065 1210 ﬁliorum
3095 1152 3260 1208 Israel
3299 1169 3313 1205 :
3341 1153 3394 1205 in
3421 1153 3760 1220 quibuscuno

2165 1264 2271 1318 que
2297 1260 2642 1303 murmurant
2667 1249 2768 1318 ipsi
2799 1252 2864 1304 de
2889 1250 3063 1304 vobis.
3097 1267 3115 1299 ι
3151 1246 3339 1302 Omnis
3367 1246 3618 1314 princeps
3650 1243 3756 1296 tri-

2167 1339 2269 1393 bus
2300 1350 2354 1392 et
2381 1339 2558 1410 populi
2597 1339 2760 1393 habet
2809 1340 3039 1408 virgam.
3077 1337 3192 1391 Non
3242 1335 3388 1390 enim
3423 1342 3596 1400 potest
3624 1335 3757 1401 quis

2167 1445 2355 1500 regere
2391 1433 2672 1500 populum,
2711 1433 2812 1487 nisi
2847 1432 3045 1486 habeat
3067 1433 3300 1501 virgam.
3340 1429 3495 1485 Unde
3518 1438 3574 1482 et
3600 1427 3749 1480 Pau—

2165 1520 2250 1573 lus
2277 1522 2575 1590 apostolus,
2604 1522 2729 1591 quia
2759 1522 3012 1591 princeps
3044 1532 3162 1576 erat
3192 1519 3393 1589 p0puli,
3431 1517 3634 1572 idcirco
3665 1516 3760 1571 di-

2165 1615 2322 1667 eehat
2358 1633 2369 1667 :
2410 1631 2432 1667 ι
2476 1613 2614 1680 Quid
2660 1615 2862 1668 vultis?
2890 1614 2944 1669 In
2979 1614 3132 1684 virga
3165 1615 3383 1667 veniam
3415 1610 3481 1664 ad
3509 1624 3624 1671 vos,
3652 1617 3750 1660 aut

2168 1704 2220 1756 in
2247 1706 2536 1767 rharilate,
2571 1707 2879 1775 Spirituque
2913 1703 3349 1759 mansuetudinis
3387 1701 3473 1754 ”?
3509 1721 3527 1754 ι
3556 1700 3756 1756 Omnis

491 1791 718 1851 videtur,
751 1791 890 1856 quod
915 1797 969 1842 et
993 1803 1089 1841 vas
1115 1788 1287 1856 ipsum
1313 1788 1457 1855 quod
1488 1788 1640 1851 ﬁt,et
1665 1802 1761 1856 per
1786 1801 1946 1855 quem
1979 1787 2059 1850 ﬁl.
2095 1787 2136 1840 Β
2165 1812 2294 1863 ergo
2326 1797 2579 1864 princeps
2621 1798 2859 1849 tribuum
2917 1797 3118 1849 habeat
3159 1806 3383 1847 necesse
3413 1800 3498 1846 est
3533 1791 3746 1857 virgam

483 1897 621 1934 unus
646 1892 808 1949 atque
833 1881 975 1933 idem
1008 1880 1168 1932 homo
1192 1879 1282 1932 sit.
1310 1877 1548 1947 lntellige
1569 1893 1696 1947 ergo
1723 1877 2054 1946 propositum

482 1973 648 2044 299
677 1972 896 2041 quidem
955 1971 1194 2024 hominis
1239 1984 1361 2023 esse
1395 1971 1534 2037 quod
1579 1979 1840 2037 operatur
1883 1987 1898 2023 :
1937 1969 2059 2022 reli-

480 2081 640 2132 quam
675 2075 856 2117 autem
891 2072 1099 2131 partem
1140 2061 1377 2114 hominis
1407 2063 1580 2130 ipsum
1610 2075 1732 2115 esse
1766 2076 1879 2122 vas,
1916 2060 2060 2128 quod

481 2155 542 2207 ﬁt
588 2153 671 2208 vel
717 2153 783 2205 ad
829 2152 1115 2211 honorem,
1151 2150 1231 2203 vel
1278 2149 1691 2203 contumeliam.
1752 2149 1884 2202 Cum
1929 2164 2059 2218 ergo

478 2260 672 2300 sensus
706 2255 889 2300 noster
916 2259 1035 2311 qua:
1066 2244 1203 2295 bona
1227 2251 1352 2294 sunt
1371 2240 1545 2309 eligit,
1570 2242 1704 2293 etad
1737 2240 1931 2293 bonam
1960 2256 2062 2295 nos

478 2341 959 2393 conversationem
995 2335 1182 2395 trahit,
1213 2334 1348 2388 facit
1374 2348 1472 2386 nos
1504 2348 1596 2385 vas
1631 2333 1780 2386 utile.
1802 2335 1934 2386 Cum
1965 2348 2062 2385 au-

481 2441 586 2483 tem
622 2428 943 2496 neglexerit,
974 2436 1026 2479 et
1063 2425 1328 2480 deciderit
1375 2425 1711 2495 propositum
1751 2411 1996 2478 uestrum
2029 2440 2057 2476 a

483 2523 657 2585 bonis,
682 2521 949 2574 eﬁicimur
980 2533 1077 2571 vas
1102 2518 1168 2570 ad
1197 2517 1604 2571 contumeliam.
1639 2518 1693 2568 Si
1733 2531 1864 2585 ergo
1896 2515 2059 2568 intel-

480 2613 655 2667 lectus
688 2622 877 2666 uoster
928 2610 1109 2662 luteus
1152 2611 1242 2674 sit,
1274 2619 1329 2664 et
1367 2611 1434 2664 de
1480 2608 1590 2661 luto
1627 2623 1842 2677 semper
1883 2623 1946 2661 ac
1996 2608 2062 2660 de

481 2706 715 2760 terrenis
743 2705 970 2773 cogitet,
1004 2702 1269 2757 efﬁcimur
1300 2718 1397 2756 vas
1450 2703 1640 2767 ﬁctile,
1673 2712 1727 2756 et
1773 2716 1907 2769 opus
1949 2715 2064 2752 ma-

479 2814 645 2852 nuum
704 2797 880 2866 ﬁguli.
943 2797 1010 2850 Et
1058 2795 1198 2850 forte
1247 2804 1468 2865 propter
1500 2795 1601 2848 hoc
1650 2795 1752 2849 iste
1792 2793 1882 2861 qui
1937 2792 2060 2846 talis

478 2901 587 2955 est,
621 2892 938 2959 increpatnr
968 2890 1037 2943 ab
1070 2888 1354 2958 Apostolo,
1392 2887 1547 2957 quasi
1581 2887 1672 2956 qui
1710 2902 1930 2942 sensum
1965 2888 2062 2940 ha-

482 2985 620 3036 bens
651 2981 853 3035 luteum
880 2990 934 3036 et
970 2992 1267 3046 terrenum,
1295 2982 1362 3034 de
1392 2978 1600 3048 magnis
1627 2987 1681 3032 et
1716 2979 1782 3030 iis
1821 2993 1940 3047 qua:
1966 2992 2060 3030 ca-

480 3091 611 3145 pere
634 3090 742 3128 non
776 3083 974 3143 potest,
1005 3084 1214 3143 quazrat
1243 3085 1299 3128 et
1336 3075 1482 3128 dicat
1512 3090 1525 3125 :
1562 3091 1581 3124 ι
1623 3072 1762 3138 Quid
1808 3089 1939 3143 ergo
1967 3074 2062 3126 ad-

483 3143 591 3220 huc
613 3164 1008 3234 conqueritur?
1037 3163 1311 3217 Voluntati
1333 3163 1478 3215 enim
1504 3160 1621 3227 ejus
1645 3161 1766 3228 quis
1789 3158 2058 3213 resistit?»
2093 3143 2138 3205 C

480 3257 579 3310 Cui
609 3255 912 3327 Apostolus
949 3255 1106 3324 quasi
1159 3253 1304 3307 luteo
1343 3251 1623 3320 respondit
1649 3252 1738 3305 '9:
1774 3269 1792 3301 ‹
1831 3249 1910 3304 Tu
1947 3249 2071 3319 quis

478 3363 561 3414 es,
587 3362 620 3402 ο
653 3347 840 3411 homo,
871 3347 962 3416 qui
997 3355 1194 3400 contra
1244 3344 1579 3412 respondeas
1627 3341 1788 3396 Deo?
1816 3340 2072 3410 Nunquid

478 3440 614 3494 dicit
646 3441 961 3510 ﬁgmentum
1000 3435 1055 3492 'ei
1105 3438 1197 3506 qtti
1253 3453 1311 3491 se
1363 3437 1541 3501 ﬁnxit,
1566 3435 1704 3502 Quid
1754 3449 1841 3489 me
1890 3435 2068 3488 fecisti

479 3533 601 3586 sic?
635 3551 655 3585 ιι
703 3532 911 3586 Dicitur
939 3541 1204 3599 praeterea
1231 3544 1432 3597 corpus
1465 3538 1710 3581 nostrum
1743 3541 1836 3578 vas
1883 3526 2069 3589 ﬁctile,

479 3628 596 3680 sive
625 3624 790 3678 etiam
823 3623 956 3692 legis
991 3624 1196 3688 littera,
1226 3623 1280 3675 in
1305 3636 1370 3674 eo
1392 3621 1534 3690 quod
1567 3622 1644 3674 ait
1671 3619 1963 3689 Apostolus
1982 3620 2068 3671 3°:

484 3738 503 3767 ι
539 3719 813 3773 Habentes
842 3727 1023 3770 autem
1056 3717 1370 3770 thesaurum
1407 3717 1552 3770 hunc
1601 3715 1655 3768 in
1691 3719 1838 3769 vasis
1891 3713 2070 3767 ﬁctili--

481 3815 600 3866 hns.
645 3829 664 3862 ι
705 3808 1004 3877 Utrumque
1039 3809 1182 3862 enim
1237 3809 1288 3861 in
1341 3809 1444 3863 hoc
1490 3823 1742 3863 sermone
1773 3806 1943 3876 accipi
1976 3822 2072 3875 po-

481 3915 614 3970 test,
655 3913 710 3958 et
743 3905 887 3974 qttod
927 3904 980 3956 in
1022 3917 1253 3972 corpore
1298 3903 1456 3956 nobis
1508 3902 1702 3969 positis
1749 3903 2068 3956 thesaurum

481 3995 674 4062 gratia:
700 4009 796 4063 per
819 3991 1084 4062 Spiritum
1115 4003 1364 4046 sanetum
1407 3991 1667 4046 Dominus
1694 3992 1979 4061 largiatur,
2017 3999 2071 4043 et

480 4087 625 4154 quod
667 4086 718 4140 iu
753 4086 1099 4139 sermonibus
1134 4083 1289 4152 legis,
1316 4083 1407 4150 qui
1438 4083 1570 4136 viles
1599 4094 1652 4136 et
1679 4084 1729 4135 in
1761 4091 2069 4150 contemptu

483 4179 760 4232 habentur
794 4192 892 4246 pro
914 4193 979 4231 eo
1009 4176 1152 4246 quod
1189 4175 1336 4229 nulla
1368 4185 1483 4228 arte
1514 4176 1869 4244 grammatica
1900 4192 2067 4246 expo-

482 4269 563 4322 liti
599 4268 875 4336 videntur,
903 4268 1218 4322 reconditus
1249 4268 1317 4322 sit
1363 4267 1656 4321 thesaurus
1691 4268 1975 4335 sapientiae
2011 4279 2066 4324 et

482 4360 728 4414 scientiae
760 4359 892 4425 Dei;
944 4361 1017 4413 ita
1078 4367 1136 4411 ut
1193 4358 1389 4412 merito
1429 4357 1535 4412 dici
1575 4360 1772 4426 possit,
1823 4361 1968 4428 quod
2015 4361 2065 4413 iu

2165 1903 2344 1952 Suam,
2381 1890 2472 1942 sed
2531 1904 2669 1942 unus
2702 1888 2850 1940 solus
2887 1896 2993 1948 est,
3031 1886 3173 1938 sicut
3226 1881 3506 1951 Scriptura
3560 1879 3754 1942 refert.

2167 1981 2410 2050 pontifex
2440 1982 2619 2035 Aarou
2653 1982 2807 2049 cujus
2845 1980 2992 2047 virga
3018 1977 3362 2048 germinavit.
3396 1976 3592 2028 Verum
3619 1987 3758 2041 quo-

2166 2069 2334 2128 niam.
2362 2076 2418 2122 ut
2445 2084 2588 2138 saepe
2617 2068 2978 2130 ostendimus,
3022 2082 3183 2120 verus
3209 2064 3451 2135 pontifex
3498 2063 3758 2118 Christus

2169 2171 2270 2220 est,
2307 2160 2420 2228 ipse
2453 2162 2604 2214 solus
2639 2169 2738 2224 est,
2789 2161 2944 2228 cujus
2985 2160 3133 2227 virga
3179 2159 3364 2211 crucis
3409 2173 3516 2210 non
3569 2155 3746 2209 solmu

2167 2236 2513 2321 germinavit,
2542 2253 2634 2305 sed
2663 2263 2715 2305 et
2745 2251 2947 2314 floruit,
2979 2261 3033 2304 et
3065 2265 3253 2302 omnes
3280 2251 3378 2302 hos
3408 2247 3751 2302 credentium

2169 2345 2487 2412 populorum
2527 2343 2711 2395 attulit
2740 2344 2968 2397 fructus.
3004 2343 3136 2409 Quis
3174 2351 3356 2394 autem
3387 2341 3487 2394 iste
3513 2349 3596 2393 est
3639 2338 3756 2390 fru-

2167 2447 2307 2500 ctus,
2329 2449 2486 2506 quem
2512 2433 2729 2487 attulit?
2757 2433 2956 2496 Nuces,
2986 2434 3186 2501 inquit,
3212 2433 3302 2501 qui
3341 2429 3549 2485 fructus
3571 2429 3755 2498 primo

2167 2531 2382 2599 quidem
2418 2529 2740 2584 indumento
2771 2545 2990 2583 amarus
3034 2537 3118 2582 est
3159 2546 3174 2581 :
3207 2525 3463 2593 sequenti
3510 2523 3758 2577 munitur

2169 2632 2222 2673 et
2256 2620 2476 2688 tegitur.
2505 2618 2691 2672 Tertio
2727 2625 3033 2671 sumentem
3068 2616 3245 2685 pascit
3289 2630 3352 2668 ac
3381 2614 3570 2666 nutrit.
3599 2611 3754 2664 Talis

2168 2725 2296 2778 ergo
2320 2722 2402 2764 est
2448 2711 2502 2764 in
2541 2710 2811 2764 auditorio
2849 2709 2925 2780 (ὅ)
2957 2707 3158 2762 Christi
3196 2706 3450 2760 doctrina
3494 2703 3633 2774 legis
3687 2711 3746 2756 et

2169 2804 2588 2872 prophetarum.
2628 2802 2808 2856 Prima
2843 2801 3038 2855 littera:
3071 2800 3240 2854 facies
3265 2799 3400 2852 satis
3428 2812 3609 2850 amara
3639 2806 3749 2859 est,

2167 2912 2287 2965 quae
2319 2895 2790 2950 circumcisionem
2822 2893 3010 2946 carnis
3047 2892 3311 2962 praecipit,
3339 2905 3459 2959 qua:
3484 2891 3550 2943 de
3573 2887 3748 2944 sacri-

2171 2987 2308 3040 ﬁciis
2341 2987 2582 3049 mandat,
2620 2992 2675 3039 et
2701 2995 2895 3039 castera
2930 2998 3053 3052 qua:
3083 2997 3182 3052 per
3220 2983 3558 3037 occidentem
3605 2978 3752 3033 litte-

2170 3093 2287 3132 ram
2321 3078 2704 3142 designantur.
2762 3075 2884 3131 llzec
2945 3075 3130 3130 omnia
3189 3084 3446 3142 tanquam
3500 3085 3752 3125 amarum

2173 3170 2326 3223 nucis
2371 3169 2628 3221 corticem
2682 3166 2902 3234 projice.
2934 3165 3190 3220 Secundo
3221 3166 3273 3219 in
3309 3164 3429 3219 loco
3461 3162 3528 3216 ad
3571 3161 3750 3216 muni-

2173 3272 2354 3316 menta
2384 3272 2533 3315 testa:
2562 3262 2869 3330 pervenies,
2901 3261 2954 3314 in
2989 3275 3095 3329 quo
3113 3260 3194 3314 vel
3225 3257 3446 3313 moralis
3479 3256 3748 3319 doctrina,

2173 3354 2254 3406 vel
2289 3354 2424 3406 ratio
2457 3353 2808 3407 continentiae
2859 3353 3199 3422 designatur.
3257 3349 3389 3416 Quae
3436 3347 3746 3403 necessaria

2172 3445 2388 3511 quidem
2431 3455 2557 3497 sunt
2605 3445 2670 3496 ad
2715 3443 3015 3496 custodiam
3068 3457 3258 3496 eorum
3307 3455 3427 3509 qua:
3464 3445 3755 3493 servantur

2172 3537 2523 3600 intrinsecus,
2574 3535 2875 3604 frangenda
2922 3535 3250 3602 quandoque
3292 3543 3474 3586 tamen
3527 3539 3586 3584 et
3637 3529 3754 3582 sine

2169 3628 2338 3682 duhio
2367 3629 2708 3682 dissolvenda
2741 3638 2888 3682 sunt.
2912 3628 2982 3683 Ut
3011 3627 3055 3680 si
3092 3625 3242 3678 verbi
3273 3624 3442 3693 gratia
3481 3621 3750 3684 dicamus,

2171 3720 2504 3773 abstinentia
2557 3721 2829 3783 ciborum,
2864 3728 2916 3773 et
2948 3718 3236 3788 castigatio
3272 3713 3542 3783 corporis,
3576 3710 3748 3764 donec

2170 3825 2360 3864 sumus
2397 3811 2448 3864 in
2476 3827 2706 3880 corpore
2739 3813 2842 3864 isto
2871 3808 3221 3878 corruptibili
3251 3814 3308 3860 et
3335 3802 3602 3874 passibili,
3634 3802 3750 3853 sine

2171 3901 2334 3955 dubio
2358 3902 2667 3956 necessaria
2701 3913 2806 3954 est.
2846 3901 2983 3954 Cum
3026 3909 3207 3953 autem
3259 3893 3600 3950 confractum
3636 3892 3749 3944 fue-

2173 3995 2244 4048 rit
2273 4010 2338 4049 ac
2371 3994 2698 4057 resolutum,
2737 4003 2791 4046 et
2825 3992 3248 4048 resurrectionis
3295 3997 3538 4055 tempore
3571 3986 3744 4039 incor—

2173 4084 2430 4154 ruptibile
2475 4099 2540 4138 ex
2587 4084 2926 4153 corruptibili
2969 4083 3266 4143 redditum,
3318 4087 3480 4146 atque
3522 4093 3586 4130 ex
3635 4076 3748 4128 ani-

2173 4178 2294 4231 mali
2337 4176 2580 4245 spiritale
2607 4194 2619 4230 :
2656 4193 2762 4232 non
2797 4176 2906 4244 jam
2942 4175 3124 4229 labore
3147 4172 3471 4240 aiﬂictionis,
3500 4186 3597 4224 nec
3627 4167 3748 4221 abs-

2173 4271 2409 4325 tinentiae
2444 4272 2824 4341 castigatione,
2861 4273 2954 4326 sed
3003 4270 3286 4340 qualitate,
3320 4267 3466 4320 nulla
3494 4267 3602 4335 jam
3629 4278 3748 4318 cor-

2174 4363 2286 4432 pori
2320 4362 2624 4431 corruptela
2671 4362 3040 4415 dominabitur
3069 4359 3168 4430 (ιι).
3219 4359 3311 4414 Sic
3349 4372 3480 4428 ergo
3512 4364 3568 4410 et
3610 4370 3749 4408 nunc

479 4452 617 4518 ipsis
667 4450 778 4504 sint
811 4450 1050 4504 thesauri
1091 4449 1392 4517 sapientiae,
1451 4460 1510 4502 et
1555 4451 1798 4504 scientia:
1821 4452 1910 4505 Dei
1945 4455 2066 4508 ahs-
2100 4489 2144 4543 υ
2176 4456 2483 4510 necessaria
2518 4455 2865 4509 abstinentia:
2900 4455 3036 4507 ratio
3062 4454 3293 4515 videtur,
3323 4463 3378 4505 et
3406 4450 3746 4521 posunodum

481 4541 691 4594 conditi
722 4540 790 4592 ³¹.
859 4539 986 4592 llzec
1032 4539 1192 4592 nobis
1225 4539 1368 4592 dicta
1413 4541 1523 4592 siut
1562 4540 1628 4592 de
1669 4541 2062 4609 confractione,

481 4647 604 4702 qua:
635 4646 882 4685 cessasse
913 4639 1245 4684 memoratur
1280 4647 1292 4682 :
1328 4646 1468 4684 uuuc
1496 4639 1676 4686 autem
1703 4649 1870 4701 pauca
1902 4636 2064 4689 etiam

487 4727 554 4778 de
585 4724 836 4793 sequenti
881 4723 1109 4777 historia
1153 4723 1511 4786 disseramus,
1544 4723 1597 4777 in
1634 4738 1742 4794 qua
1793 4726 2065 4796 virgarum

483 4817 939 4871 commemoratio
973 4813 1355 4867 iutrmlucitur.

555 4907 608 4959 7.
629 4908 706 4958 r”
725 4908 787 4960 Et
818 4908 1028 4959 locutus
1051 4916 1137 4960 est
1165 4905 1424 4959 Dominus
1457 4907 1522 4959 ad
1554 4905 1798 4976 Moysen,
1828 4909 2014 4963 dicens
2051 4929 2063 4964 :

485 4996 735 5067 Loquere
769 4996 896 5051 ﬁl'ris
944 4996 1132 5059 Israel,
1168 5005 1220 5049 et
1275 4996 1463 5062 accipe
1515 4996 1581 5048 ah
1614 4997 1693 5049 eis
1724 4997 1929 5062 virgam
1974 5015 2069 5064 per

1101 5167 1144 5198 ³⁷
1170 5165 1208 5218 ll
1239 5164 1379 5219 Tim.
1414 5181 1475 5222 tt.
1512 5165 1601 5218 ΞΟ.

1100 5237 1142 5268 ³⁸
1165 5235 1326 5293 lCor.
1353 5252 1424 5301 tv,
1452 5235 1541 5288 ‘21.

555 5168 603 5200 ’⁸
631 5169 832 5224 Thren.
867 5183 941 5230 tv,
967 5167 1023 5221 2.
1101 5167 1144 5198 ³⁷
1170 5165 1208 5218 ll
1239 5164 1379 5219 Tim.
1414 5181 1475 5222 tt.
1512 5165 1601 5218 ΞΟ.
1680 5164 1725 5194 ’⁸
1755 5165 1884 5218 ibid.
1927 5169 2016 5222 2|.

489 5234 532 5262 ³¹
561 5239 718 5294 Νιιιιι.
751 5255 886 5304 xvu,
917 5237 1022 5290 1-5.

561 5376 638 5448 (2)
669 5375 760 5428 Est
789 5376 928 5448 enim
956 5376 1098 5444 virga
1129 5374 1381 5448 nnu.__Sic
1417 5376 1755 5448 rectecodd.
1779 5390 1920 5448 mss.
1953 5374 2066 5428 Bel-

487 5444 755 5510 vaée'nsis,
786 5444 1118 5498 Turonensis
1166 5455 1220 5497 et
1274 5445 1638 5506 Ebroiceusis,
1668 5456 1722 5498 ut
1777 5445 1828 5496 in
1881 5445 2067 5498 (ἶναιυο

488 5525 662 5579 textu,
692 5515 807 5569 ἐστι
846 5515 955 5586 γὰρ
984 5515 1177 5586 ῥάϐδος
1208 5516 1326 5584 μία.
1357 5514 1493 5567 Male
1527 5515 1580 5567 ili
1610 5525 1769 5569 antea
1799 5515 1959 5568 cditis
1990 5515 2070 5568 le-

487 5590 654 5654 gitur,
685 5605 702 5636 ι
736 5588 934 5641 etenim
962 5589 1165 5652 virgam
1195 5600 1377 5637 unam.
1412 5601 1432 5636 ο

560 5655 638 5717 (ὅ)
663 5657 862 5708 Omnes
893 5672 1046 5717 tnss.,
1087 5674 1106 5704 ‹
1143 5655 1432 5706 auditorio.
1477 5673 1492 5704 ι
1536 5653 1690 5708 Lihb.
1718 5655 1870 5712 editi.
1912 5673 1930 5705 ι
1975 5654 2067 5704 ad-

482 5727 706 5796 jutorio.
746 5725 910 5778 Paulo
941 5735 1057 5791 post
1096 5740 1222 5778 mss.
1261 5743 1279 5772 ι
1326 5739 1423 5791 per
1456 5725 1790 5780 occidentem
1833 5725 2067 5779 litteram

2095 5173 2138 5201 ’θ
2167 5171 2323 5225 Rulli.
2358 5188 2430 5233 lx,
2471 5173 2532 5226 i9
2559 5181 2611 5226 cl.
2635 5171 2724 5224 9.0.

2178 4563 2282 4602 non
2313 4548 2621 4614 qurerenda.
2653 4545 2838 4600 Tertio
2863 4553 3041 4599 autem
3081 4546 3198 4597 loco
3227 4541 3576 4598 reconditum
3603 4540 3654 4592 in
3687 4539 3750 4590 iis

2177 4637 2426 4690 invenies
2479 4648 2532 4689 et
2587 4644 2861 4688 secretum
2917 4635 3302 4703 mysteriorum
3361 4629 3644 4699 sapientia:
3699 4636 3752 4679 et

2177 4729 2418 4782 srientia:
2455 4727 2546 4781 Dei
2589 4742 2833 4790 sensum,
2868 4743 2974 4794 quo
3011 4726 3326 4779 nutriantur
3356 4734 3412 4777 et
3462 4729 3750 4792 pascantur

2174 4820 2367 4871 animat:
2398 4829 2712 4872 sanctorum
2767 4835 2872 4870 nott
2910 4817 3085 4870 solum
3122 4818 3172 4870 in
3204 4816 3454 4884 prtesenti
3499 4815 3630 4875 vita,
3658 4811 3746 4864 sed

2176 4911 2344 4963 etiam
2379 4912 2429 4962 in
2471 4911 2671 4963 futura.
2711 4910 2816 4964 Iste
2847 4911 2991 4962 enim
3045 4919 3126 4962 est
3167 4905 3493 4976 pontiﬁcalis
3523 4904 3746 4963 fructus,

2180 5004 2244 5054 dc
2272 5019 2378 5070 quo
2412 5002 2748 5070 promittitur
2785 5003 2851 5055 iis
2885 5002 2975 5070 qui
3001 5002 3248 5053 csut'innt
3278 5008 3332 5052 et
3361 4997 3554 5051 sitiunt
3592 4994 3749 5062 justi-

2805 5171 2850 5201 ³ο
2879 5168 2917 5224 ll
2949 5169 3074 5224 Cor.
3117 5185 3192 5232 tv,
3234 5168 3282 5220 7.
3363 5164 3404 5195 ³¹
3443 5163 3560 5217 Col.
3602 5177 3662 5227 tt,
3692 5161 3744 5217 5.

2166 5379 2539 5448 designantur.
2569 5397 2586 5428 ι
2611 5377 2764 5430 Lihb.
2796 5375 2948 5441 editi,
2974 5394 2992 5426 r
3018 5390 3112 5444 per
3141 5374 3478 5428 occidentem
3514 5373 3745 5426 litteram

2168 5447 2628 5502 demonstrantur.
2679 5466 2696 5497 ι

2240 5519 2319 5586 (Il)
2381 5519 2553 5572 Codd.
2611 5518 2978 5579 Ebroicensis,
3023 5513 3370 5586 Belvaceusis
3419 5523 3473 5565 et
3517 5512 3745 5586 Tu_ro_n.,

2173 5607 2192 5639 ι
2219 5581 2310 5640 sed
2337 5589 2596 5656 qualitate
2619 5590 2702 5643 sui
2732 5589 2874 5644 nulla
2903 5588 3012 5655 jam
3047 5585 3262 5654 colpot'i
3293 5583 3631 5655 corruptibili
3661 5581 3735 5635 let

2169 5657 2552 5712 dominabitur.
2600 5678 2620 5707 ι
