4086 6218
355 303 460 360 655

359 505 654 576 Scripturis
700 507 949 561 omnibus
983 507 1211 574 triplicis
1241 506 1402 574 hujus
1435 508 1758 561 sacramenti
1789 507 1927 558 ratio

355 600 649 668 percurrit.
684 599 774 654 Sic
817 611 872 654 et
919 599 1194 669 Sapientia
1237 609 1421 654 monet
1460 600 1529 667 ³⁸,
1565 609 1624 653 ιιι
1655 601 1930 654 describa-

355 706 477 744 mus
499 705 565 746 ca
582 691 736 746 nobis
755 692 805 745 in
833 693 996 746 corde
1026 693 1334 762 tripliciter,
1366 692 1433 745 ad
1468 693 1927 760 respondendum,

353 780 558 850 inquit,
592 784 815 837 verbum
844 784 1090 838 veritatis
1119 785 1185 840 iis
1213 785 1304 853 qui
1341 785 1722 852 proposuerint
1750 785 1925 839 nobis.

355 873 450 925 Sic
479 880 588 926 tres
627 885 821 943 puteos
851 873 984 928 fodit
1024 874 1175 929 Isaac
1220 875 1533 944 patriarcha
1572 876 1660 926 3‘:
1699 889 1928 942 quorum

350 963 501 1018 solus
533 964 622 1017 ille
653 965 841 1018 tertius
865 966 934 1020 ab
962 979 1028 1019 eo
1053 967 1285 1020 latitudo
1319 968 1404 1020 vel
1435 967 1730 1036 amplitudo
1755 965 1931 1019 nomi-

349 1065 537 1111 natur.
590 1057 724 1122 Quia
781 1069 962 1111 antem
1022 1067 1424 1112 sacramentum
1468 1058 1803 1119 sacerdotale
1847 1066 1931 1110 est

349 1147 506 1217 virga
546 1148 721 1212 nucis,
780 1149 985 1204 idcirco
1043 1149 1287 1202 arbitror
1323 1149 1489 1203 etiam
1526 1149 1819 1203 Jeremiam
1861 1149 1928 1210 ³⁷,

349 1237 448 1307 qui
493 1249 612 1292 erat
640 1253 778 1292 unus
811 1240 876 1292 de
915 1240 1293 1294 sacerdotibus
1322 1256 1386 1295 ex
1423 1239 1696 1302 Anathob,
1729 1240 1934 1293 vidisse

348 1331 560 1398 virgam
589 1346 833 1396 noceam,
866 1341 922 1386 et
950 1335 1308 1404 prophetasse
1334 1333 1400 1386 de
1427 1347 1492 1385 ea
1527 1332 1617 1385 illa
1647 1347 1769 1400 qua:
1795 1332 1936 1386 scri-

352 1430 445 1489 pta
473 1431 602 1477 sunt
633 1421 716 1476 vel
747 1426 814 1478 de
847 1425 997 1494 virga
1033 1441 1225 1488 nucea,
1257 1424 1342 1480 vel
1378 1425 1444 1478 de
1481 1423 1679 1486 lebete,
1714 1424 1828 1476 sive
1866 1424 1936 1476 de

354 1511 459 1565 olla
491 1528 754 1568 succensa
784 1528 803 1566 :
838 1517 992 1584 quasi
1027 1517 1070 1568 si
1105 1517 1426 1570 ostenderet
1455 1529 1551 1585 per
1577 1515 1690 1569 haec
1713 1514 1763 1568 in
1786 1516 1936 1585 virga

354 1617 526 1659 nucea
555 1621 674 1660 esse
709 1606 906 1667 vitam,
937 1607 1072 1660 etin
1117 1607 1298 1661 lebete
1336 1621 1603 1661 succenso
1638 1621 1760 1660 esse
1792 1621 1937 1659 mor-

354 1704 486 1751 tem.
520 1695 638 1749 Vita
674 1697 818 1750 enim
866 1707 920 1750 et
972 1714 1119 1753 mors
1151 1700 1374 1768 ponitur
1425 1709 1552 1753 ante
1594 1698 1791 1753 faciem.
1839 1714 1936 1752 no-

1513 297 1576 352 IN
1613 296 1947 354 NUMEHOS
1987 295 2263 352 HOMILH
2309 295 2399 350 IX.

358 419 508 481 tiam,
540 417 791 487 quoniam
821 417 1210 471 saturahnntur
1243 417 1304 470 ³³.
1336 415 1446 471 lloc
1475 419 1636 486 igitur
1665 419 1823 471 tuodo
1863 417 1914 470 in
1948 420 1996 470 Α
2021 415 2190 482 gloria
2228 432 2242 468 :

3502 291 3608 348 63$

2281 425 2333 466 et
2363 411 2690 466 scminatum
2744 425 2943 478 corpus
2975 411 3229 478 animale,
3255 420 3448 480 surgat
3490 427 3607 464 cor-

2031 520 2134 574 pus
2168 505 2416 572 spiritale
2442 505 2511 554 “.
2548 503 2652 557 Ista
2687 512 2816 556 sunt
2862 511 3098 570 quatuor
3126 518 3246 569 quze
3277 505 3424 572 virga
3467 503 3607 556 aridi

2030 598 2285 664 corporis
2316 597 2484 650 nostri
2511 597 2564 649 in
2593 595 3003 650 resurrectione
3031 594 3378 662 germinabit.
3411 595 3520 648 Sed
3553 605 3606 647 et

2032 687 2161 740 illud
2190 687 2430 744 secundo
2458 686 2509 740 in
2535 685 2651 740 loco
2669 685 2947 746 dicemus;
2981 683 3130 751 quia,
3154 683 3290 735 sicut
3316 683 3366 734 in
3399 685 3463 736 iis
3485 700 3610 751 pro-

2033 779 2345 832 missionem
2372 794 2527 833 suam
2559 775 2699 832 Deus
2724 777 2776 829 in
2811 773 3168 844 quadruplum
3199 774 3344 828 dedit
3367 783 3421 826 et
3447 775 3613 826 multo

2031 874 2186 941 plura
2219 883 2274 926 et
2304 873 2628 941 pretiosiora
2664 869 2892 939 largitus
2914 879 2995 922 est
3032 882 3192 935 quam
3244 866 3509 934 promisit,
3539 866 3612 918 ita

2033 965 2206 1018 multo
2233 965 2404 1033 magis
2445 963 2496 1016 in
2527 963 2782 1016 omnibus
2813 960 3110 1028 Scriptura
3140 956 3293 1020 locis,
3315 955 3403 1007 ubi
3433 953 3612 1022 aliqua

2032 1055 2126 1108 Dei
2157 1056 2453 1120 promissio
2503 1053 2842 1122 continetur,
2887 1051 2930 1105 si
2977 1051 3101 1118 quis
3152 1057 3332 1099 tamen
3385 1045 3449 1098 ad
3494 1058 3614 1097 eam

2032 1147 2323 1215 pervenire
2354 1157 2650 1211 mereatur,
2683 1148 2736 1198 itt
2769 1144 2952 1197 futuro
2985 1139 3359 1208 multipliciter
3405 1151 3615 1206 praepa-

2035 1239 2278 1302 rabitur;
2316 1247 2369 1291 et
2397 1239 2476 1291 sic
2511 1251 2639 1291 vere
2666 1235 3027 1303 complebitur
3059 1233 3188 1286 illud
3215 1231 3355 1300 quod
3383 1229 3617 1297 Aposto-

2037 1329 2119 1382 lus
2155 1329 2288 1381 dicit
2320 1329 2387 1391 ⁸³,
2421 1329 2547 1396 quia
2581 1346 2598 1378 ι
2631 1328 2821 1380 oculus
2860 1341 2967 1379 non
2999 1325 3153 1389 vidit,
3196 1337 3296 1376 nec
3325 1323 3472 1375 auris
3524 1336 3620 1372 an-

2034 1420 2193 1482 divit,
2230 1435 2331 1473 nec
2359 1419 2412 1473 in
2448 1434 2547 1473 cor
2583 1420 2821 1472 hominis
2844 1419 3114 1482 ascendit,
3142 1431 3261 1484 qua:
3295 1412 3619 1483 prarparavit

2041 1509 2183 1562 Deus
2207 1508 2274 1562 iis
2304 1509 2395 1578 qui
2429 1509 2662 1579 diligunt
2697 1522 2842 1560 eum.
2881 1526 2900 1559 ι
2937 1504 3071 1560 Vide
3095 1518 3227 1574 ergo
3248 1509 3448 1570 quanta
3484 1499 3617 1560 sint,

2035 1611 2092 1656 et
2118 1601 2324 1670 qualia,
2360 1617 2482 1669 qua:
2524 1617 2629 1656 non
2673 1599 2844 1654 solum
2879 1599 3062 1653 videre
3097 1606 3152 1652 et
3193 1594 3382 1648 audire
3414 1590 3616 1645 nemini

2038 1695 2212 1758 licuit,
2245 1695 2338 1748 sed
2364 1709 2429 1747 ne
2457 1694 2509 1747 in
2544 1709 2638 1747 cor
2661 1693 2900 1762 quidem,
2930 1692 2980 1744 id
3016 1699 3099 1745 est
3141 1689 3207 1743 ad
3237 1685 3620 1756 cogitationem

353 1798 549 1842 stram.
589 1787 656 1842 Et
688 1799 770 1844 est
799 1791 910 1844 vita
943 1791 1163 1860 quidem
1205 1791 1457 1846 Christus
1495 1792 1547 1844 in
1591 1801 1934 1846 sacramento
1967 1763 2008 1816 Β
2041 1788 2335 1841 humanam
2365 1786 2541 1857 potuit
2570 1785 2888 1839 ascendere.
2925 1782 3051 1836 Sive
3081 1797 3212 1849 ergo
3256 1791 3480 1841 terram,
3509 1776 3623 1828 sive

355 1877 549 1931 nucis:
599 1893 746 1932 mors
787 1890 970 1936 autem
1014 1881 1258 1936 diabolus
1291 1883 1346 1935 in
1391 1881 1560 1952 figura
1594 1882 1784 1937 lebetis
1817 1897 1936 1936 suc-

357 1965 527 2020 censi.
565 1967 620 2020 Si
659 1983 788 2040 ergo
833 1973 1170 2040 peccaveris,
1205 1973 1516 2042 portionem
1566 1983 1713 2026 tuam
1765 1987 1936 2040 pones

355 2072 480 2109 cum
514 2057 688 2117 lebete
711 2078 1009 2130 succenso;
1051 2065 1214 2136 300
1256 2065 1301 2120 si
1343 2072 1521 2119 autem
1566 2064 1710 2133 iuste
1739 2064 1934 2133 egeris,

351 2147 624 2207 efﬁcietur
651 2158 830 2224 portio
863 2165 950 2210 tua
986 2160 1039 2212 in
1057 2158 1207 2227 virga
1240 2173 1411 2212 nucea
1437 2172 1560 2213 curn
1586 2171 1780 2227 magno
1806 2171 1938 2225 pon-

357 2244 528 2297 titice.
560 2243 666 2299 Sed
702 2255 757 2299 et
787 2247 842 2300 itt
880 2247 1122 2302 Canticis
1152 2249 1488 2303 canticorum
1533 2247 1578 2279 ³⁸
1618 2262 1818 2317 sponsa
1849 2249 1942 2302 de-

354 2335 624 2390 scendere
658 2336 858 2392 dicitur
886 2338 939 2392 in
971 2339 1188 2394 hortum
1218 2340 1396 2403 nucis,
1430 2339 1520 2393 ubi
1553 2340 1716 2393 etiam
1735 2339 1942 2408 pariter

355 2441 484 2480 cum
523 2429 754 2483 nucibus
778 2430 1198 2485 sacerdotalium
1232 2432 1630 2500 quodammodo
1656 2445 1939 2501 pomorum

355 2517 575 2587 copiam
614 2521 975 2588 perscribitur
1000 2521 1296 2577 invenisse.
1318 2519 1702 2576 Verumtamen
1737 2522 1802 2575 de
1836 2521 1942 2574 vir-

358 2611 468 2681 gis,
500 2619 559 2664 ut
581 2610 767 2667 dicere
799 2627 1166 2682 creperamns,
1197 2630 1364 2668 unum
1387 2616 1639 2683 promisit
1670 2615 1813 2668 Deus
1839 2613 1946 2666 fru-

357 2709 507 2753 ctum
543 2700 598 2754 in
637 2701 812 2771 virga,
841 2710 897 2754 et
934 2701 1114 2772 plures
1152 2702 1322 2757 dedit.
1358 2702 1465 2757 Sed
1509 2703 1780 2759 attendite
1822 2705 1946 2758 dili-

358 2791 598 2858 gentius.
635 2790 680 2844 si
727 2789 870 2846 forte
922 2793 1194 2859 possimus
1244 2794 1630 2849 liberalitatem
1687 2795 1780 2850 Dei
1833 2796 1958 2849 lar-~

360 2881 570 2946 giorem
609 2879 776 2934 etiam
817 2880 951 2949 ipsis
990 2881 1106 2935 suis
1147 2882 1604 2952 promissionibus
1646 2883 1876 2937 edocere
1927 2902 1942 2936 :

361 2973 405 3025 si
433 2970 569 3026 forte
600 2982 653 3025 et
677 2987 741 3026 ex
773 2971 1002 3026 iisillam
1024 2973 1351 3050 ineffabilem
1378 2974 1677 3029 bonitatem
1714 2975 1803 3029 Dei
1828 2989 1947 3044 quae

360 3063 417 3118 in
449 3062 744 3133 Scriptura:
795 3065 978 3119 littera
1046 3080 1264 3136 semper
1307 3067 1523 3136 tegitur,
1567 3067 1752 3120 rimari
1787 3076 1948 3135 atque

362 3156 692 3225 investigare
726 3159 1048 3227 poterimus,
1073 3173 1196 3211 cum
1228 3158 1514 3228 largiorem
1539 3159 1590 3212 in
1621 3161 1947 3230 przcstando,

362 3260 526 3313 quam
569 3247 621 3298 in
655 3246 1024 3314 promittendo
1048 3247 1353 3302 videamus.

439 3334 492 3388 8.
529 3335 697 3404 Igitur
733 3350 913 3390 sermo
945 3336 1245 3405 Scriptura:
1279 3339 1346 3392 de
1379 3354 1480 3407 qua
1513 3355 1654 3392 nunc
1678 3338 1952 3407 loquimur

367 3433 440 3487 ita
476 3433 673 3488 habet:
717 3451 736 3485 ι
774 3433 982 3500 Eterit,
1013 3437 1208 3505 inquit,
1251 3443 1411 3491 homo
1435 3453 1818 3506 quemcunque
1841 3439 1951 3492 elc-

366 3540 518 3595 gero,
575 3525 721 3594 virga
777 3526 893 3592 ejus
951 3528 1282 3596 germinahit
1317 3528 1384 3582 ³⁸.
1441 3549 1459 3580 ι
1495 3529 1607 3583 lloc
1653 3540 1736 3584 est
1774 3529 1948 3583 solum

367 3616 510 3684 quod
546 3615 792 3683 promisit
843 3617 1006 3682 Deus,
1055 3626 1114 3670 ut
1154 3618 1302 3686 virga
1348 3617 1465 3685 ejus
1504 3635 1668 3688 quem
1700 3620 1949 3689 elegerit,

365 3708 658 3775 germinet.
691 3708 788 3761 Ubi
824 3724 952 3762 vero
975 3710 1041 3760 ad
1077 3723 1189 3762 rem
1231 3710 1444 3762 venitur
1468 3720 1525 3763 ut
1554 3711 1692 3778 quod
1729 3714 1954 3780 promis-

366 3812 487 3849 sum
536 3805 620 3850 est
674 3801 1003 3853 ostendatur
1055 3798 1339 3866 impletum
1395 3817 1407 3852 :
1464 3814 1569 3853 non
1613 3816 1777 3854 unum
1824 3802 1952 3856 illud

367 3889 514 3956 qttod
568 3892 896 3957 promissum
945 3891 1125 3944 fuerat
1159 3890 1413 3945 effectum
1451 3892 1671 3959 dicitur,
1708 3894 1804 3948 sed
1835 3895 1953 3962 vide

368 3990 571 4045 quanta
627 3983 924 4037 addantur.
964 3983 1056 4036 Ait
1086 3984 1234 4036 enim
1263 4000 1276 4034 :
1313 3999 1331 4031 ο
1375 3981 1437 4038 Et
1471 3999 1597 4039 ecce
1627 3987 1954 4054 germinavit

370 4071 520 4139 Virga
556 4071 739 4125 Aaron
769 4073 820 4126 in
858 4072 1021 4126 domo
1053 4071 1179 4126 Levi
1210 4073 1277 4127 ⁸ο.
1317 4089 1335 4122 ι
1377 4072 1469 4126 Est
1499 4074 1600 4128 hoc
1631 4091 1794 4128 unmn
1827 4076 1952 4130 illud

373 4165 490 4219 sine
525 4165 687 4218 dubio
719 4165 861 4233 quod
889 4166 1063 4219 fuerat
1089 4166 1516 4233 repromissum;
1560 4165 1652 4220 scd
1682 4167 1954 4222 adduntur

373 4269 428 4310 et
459 4257 586 4319 alia,
629 4267 683 4310 et
721 4257 922 4310 dicitur
954 4275 968 4312 :
1005 4276 1022 4308 ι
1065 4258 1132 4310 Ει
1175 4257 1431 4326 produxit
1476 4257 1696 4312 frendes
1729 4268 1784 4312 et
1825 4275 1954 4329 pro-

375 4347 499 4400 tulit
527 4346 711 4408 florcs,
754 4358 808 4401 et
839 4349 1165 4417 germinavit
1206 4364 1378 4403 nuces
1406 4347 1471 4399 “.
1511 4366 1528 4398 ι
1566 4347 1698 4402 Cum
1726 4365 1857 4419 ergo
1889 4352 1954 4404 de

2035 1877 2234 1931 cmlum
2264 1875 2494 1938 dixeris,
2521 1873 2636 1927 sive
2661 1872 2829 1927 solem
2859 1872 3004 1924 hunc
3033 1878 3088 1923 et
3114 1867 3376 1936 fulgorem
3395 1861 3625 1917 visibilis

2043 1968 2290 2031 luminis,
2321 1968 2503 2021 omnia
2538 1969 2654 2021 Itale
2684 1963 2878 2018 oculus
2906 1963 3062 2026 vidit,
3105 1970 3160 2015 et
3193 1960 3341 2012 auris
3371 1955 3573 2009 audivit
3606 1968 3618 2000 :

2037 2067 2093 2113 et
2125 2073 2230 2111 non
2263 2063 2489 2125 possunt
2533 2068 2651 2107 esse
2677 2067 2744 2106 ex
2781 2050 2887 2103 illis
2930 2064 3050 2117 quae
3097 2046 3287 2100 oculus
3327 2059 3432 2096 non
3471 2040 3625 2103 vidit,

2043 2165 2140 2204 nec
2183 2149 2332 2200 auris
2382 2145 2612 2208 audivit,
2655 2158 2754 2196 nec
2806 2141 2858 2194 in
2922 2154 3017 2193 cor
3072 2136 3308 2190 hominis
3358 2129 3626 2184 ascendit.

2042 2239 2456 2309 Transgredere
2487 2251 2617 2306 ergo
2649 2234 2761 2288 haec
2789 2233 2995 2296 omnia,
3027 2238 3080 2283 et
3113 2215 3442 2282 transcende
3467 2234 3628 2273 omne

2041 2332 2300 2402 quidquid
2342 2330 2518 2390 vides,
2554 2325 2812 2394 quidquid
2837 2323 3015 2389 audis,
3051 2317 3312 2388 quidquid
3339 2314 3502 2370 etiam
3532 2325 3628 2402 co-

2043 2401 2216 2490 gitare
2241 2429 2414 2489 potes,
2455 2427 2511 2474 et
2541 2416 2670 2471 illud
2698 2415 2838 2470 scito
2871 2429 2991 2468 csse
3016 2410 3311 2479 repositum
3342 2406 3408 2460 iis
3423 2403 3516 2472 qui
3548 2401 3631 2454 dl-

2043 2512 2221 2582 ligunt
2258 2511 2448 2575 Deum,
2478 2509 2620 2579 quod
2654 2523 2752 2564 nec
2781 2506 2847 2560 ad
2881 2502 3280 2572 cogitationem
3319 2496 3499 2551 cordis
3551 2491 3626 2544 tui

2044 2603 2216 2672 quivit
2251 2603 2568 2656 ascendere.
2602 2597 2753 2653 Unde
2787 2613 2894 2667 ego
2922 2595 3162 2648 arhitror
3189 2589 3320 2645 nihil
3358 2589 3409 2641 in
3438 2583 3630 2653 hujus-

2047 2693 2189 2747 tuodi
2232 2691 2746 2762 repromissionibus
2795 2691 2860 2742 de
2888 2686 3048 2740 rebus
3077 2680 3452 2751 corporalibus
3479 2675 3629 2744 cogi-

2048 2786 2290 2839 tamlum.
2327 2784 2483 2838 ltatio
2517 2783 2659 2836 enim
2699 2778 2939 2833 materia:
2965 2773 3262 2843 corporalis
3291 2785 3396 2823 non
3429 2782 3627 2834 usque-

2046 2891 2261 2945 quaque
2295 2889 2512 2930 sensum
2545 2873 2796 2926 bumanae
2819 2865 3160 2937 cogitationis
3178 2861 3410 2930 effugere
3426 2865 3628 2928 potest,

2046 2968 2139 3019 sed
2177 2966 2264 3018 illa
2291 2973 2552 3032 suntquze
2577 2963 2643 3014 ad
2675 2960 2870 3014 nullius
2896 2971 3141 3017 sensum,
3173 2953 3367 3008 nullius
3391 2966 3484 3005 cor
3509 2964 3631 3018 pos-

2052 3067 2178 3112 sunt
2210 3057 2507 3112 ascendere
2539 3068 2658 3124 qua:
2687 3052 2741 3106 in
2784 3050 2897 3104 sola
2924 3048 3016 3102 Dei
3050 3045 3315 3114 sapientia
3348 3043 3632 3095 continen-

2056 3158 2161 3202 tur.
2195 3147 2409 3201 Etenim
2447 3145 2716 3198 videbitur
2742 3141 2844 3194 hac
2885 3138 3094 3192 ratione
3142 3134 3284 3204 quod
3319 3129 3634 3202 promissio-

2052 3254 2179 3294 num
2212 3238 2350 3291 bona
2376 3235 2568 3305 majori
2599 3234 2758 3287 modo
2788 3247 2948 3299 quam
2990 3227 3258 3298 promissa
3310 3232 3456 3287 sunt,
3499 3222 3633 3273 dan-

2055 3339 2184 3382 tur:
2216 3327 2467 3381 similiter
2502 3334 2557 3379 et
2612 3337 2784 3393 ponite
2819 3337 2938 3392 qua:
2985 3316 3361 3388 peccatoribus
3407 3307 3634 3366 commi-

2052 3430 2279 3485 nantur,
2313 3415 2691 3486 multiplicatis
2733 3413 3069 3468 cruciatibus
3117 3405 3413 3461 inferendae
3466 3409 3629 3462 sunt;

2052 3512 2193 3567 sicut
2219 3520 2273 3564 et
2299 3509 2350 3562 in
2394 3505 2791 3576 superioribus,
2831 3503 2922 3556 ubi
2952 3515 3129 3555 annus
3153 3511 3250 3566 pro
3298 3495 3384 3549 die
3427 3495 3494 3546 ad
3518 3491 3634 3542 viu-

2052 3601 2252 3656 dictam
2299 3600 2541 3668 ponitur,
2567 3594 2916 3665 exposuimus
2963 3611 2978 3646 :
3031 3589 3133 3644 nisi
3182 3589 3226 3642 si
3258 3587 3380 3656 quis
3411 3584 3630 3639 tertium

2051 3691 2254 3759 aliquid
2292 3704 2450 3758 posse
2496 3688 2612 3742 fieri
2641 3687 2862 3757 c0gitet,
2895 3684 3156 3753 colligens
3205 3681 3384 3749 aliqua
3424 3676 3613 3731 solatia

2052 3797 2116 3837 ex
2144 3783 2208 3836 iis
2237 3797 2355 3851 quae
2392 3781 2444 3834 in
2473 3777 2893 3832 comminatione
2927 3791 3014 3839 ea,
3041 3788 3162 3842 qua!
3196 3773 3262 3825 ad
3297 3770 3459 3824 David
3494 3768 3633 3820 facta

2053 3885 2138 3932 est
2163 3874 2228 3939 “,
2256 3873 2640 3928 continentur:
2673 3869 2762 3924 ubi
2797 3867 2973 3922 triduo
2997 3863 3344 3936 pronuntiata
3377 3871 3460 3916 est
3491 3874 3637 3913 mor-

2057 3970 2125 4022 tis
2151 3967 2347 4022 futurae
2373 3964 2628 4025 vastatio,
2658 3970 2714 4016 et
2748 3961 2889 4015 intra
2934 3974 3026 4013 sex
3059 3959 3224 4011 horas
3261 3953 3631 4009 abbreviatum

2055 4061 2268 4115 videtur
2309 4069 2521 4128 tempus
2570 4069 2695 4111 esse
2724 4051 2995 4123 supplicii.
3028 4050 3136 4105 Sed
3182 4050 3296 4102 hate
3339 4047 3432 4101 tibi
3464 4047 3632 4114 proli-

2055 4169 2181 4208 cere
2213 4160 2458 4222 possuut,
2495 4150 2587 4204 ubi
2619 4147 2953 4219 ptenitentim
2990 4155 3199 4212 tempus
3229 4151 3282 4197 ct
3307 4137 3634 4194 satisfactio-

2056 4248 2140 4301 nis
2165 4245 2484 4300 conceditur
2513 4243 2687 4297 locus.
2717 4239 2992 4295 Scribitur
3021 4238 3066 4268 "
3092 4247 3272 4289 tamen
3306 4234 3449 4287 Deus
3479 4230 3632 4284 malis

2057 4340 2274 4409 quidem
2309 4336 2543 4390 reddens
2580 4336 2632 4388 in
2663 4333 2879 4388 tertiam
2913 4343 2964 4386 et
2991 4339 3240 4400 quartam
3281 4324 3628 4395 progeniem;

373 4437 490 4492 solo
517 4441 762 4507 germine
786 4439 975 4493 fuisset
1005 4441 1354 4508 promissum,
1389 4439 1508 4493 vide
1535 4452 1739 4509 quanta
1783 4417 1945 4510 largi-
1984 4435 2027 4488 D
2060 4432 2214 4485 bonis
2248 4439 2428 4483 autem
2475 4428 2682 4482 faciens
2724 4426 3161 4480 misericordiam
3203 4438 3306 4475 non
3359 4418 3528 4473 solum
3578 4417 3631 4470 in

377 4541 464 4585 tur
491 4533 648 4598 Deus,
688 4541 744 4584 ιιι
782 4547 884 4584 non
917 4533 1090 4586 solum
1129 4548 1349 4602 germen
1402 4535 1738 4601 produxerit,
1772 4535 1866 4588 sed
1900 4544 1954 4587 et

376 4623 628 4687 frondes;
658 4631 714 4675 et
768 4637 876 4675 non
928 4622 1099 4676 solum
1157 4623 1394 4685 frondes,
1428 4623 1524 4677 sed
1575 4633 1629 4676 et
1666 4623 1862 4687 flores;
1900 4634 1954 4677 et

375 4715 766 4785 germinaverit
806 4729 912 4768 non
943 4714 1112 4767 solum
1144 4713 1326 4778 flores,
1359 4717 1453 4768 sed
1477 4724 1532 4768 et
1561 4713 1786 4768 fructus.
1812 4715 1951 4781 Quid

377 4806 542 4874 igitur
567 4815 650 4858 est
679 4807 818 4872 quod
854 4822 920 4860 ex
957 4805 1022 4858 iis
1067 4805 1318 4875 colligere
1353 4814 1406 4858 ct
1453 4806 1808 4874 contemplari
1854 4807 1950 4859 de-

376 4898 641 4952 beamus?
672 4897 851 4951 Pritno
875 4897 1118 4950 omnium
1162 4898 1582 4950 resurrectionis
1615 4913 1681 4950 ex
1731 4897 1954 4950 mortuis

380 4999 809 5044 sacramentum.
863 4987 1026 5056 Virga
1077 4989 1219 5042 enim
1279 4988 1429 5042 arida
1488 4989 1779 5058 germinat,
1831 5004 1951 5041 cum

377 5068 577 5150 corpus
608 5081 936 5134 exstinctum
986 5078 1215 5148 cwpcrit
1261 5079 1607 5132 reviviscere.
1661 5079 1789 5145 Quae
1830 5084 1954 5131 sunt

381 5187 562 5228 autem
599 5183 835 5244 quatuor
863 5172 964 5226 ista
989 5188 1111 5240 qua:
1147 5171 1448 5241 resnrgenli
1485 5173 1698 5239 corpori
1731 5179 1954 5238 praesta-

382 5267 628 5319 bunlur?
668 5265 733 5319 Ut
775 5265 1100 5320 seminatum
1138 5264 1188 5315 in
1234 5263 1607 5330 corruptione,
1658 5273 1844 5331 surgat
1903 5262 1954 5314 itt

384 5355 824 5423 incorruptione;
855 5369 906 5408 et
937 5356 1264 5408 seminatur“
1307 5355 1358 5407 itt
1393 5353 1730 5419 infirmitate,
1770 5361 1954 5421 Sttrgat

381 5447 437 5500 in
469 5450 696 5508 virtute;
741 5457 796 5500 et
835 5448 1159 5501 sentinatum
1207 5449 1259 5501 in
1302 5446 1622 5518 ignominia,
1662 5455 1848 5514 surgat
1899 5445 1951 5496 itt

453 5629 497 5660 ”
519 5632 706 5686 Matth.
731 5646 780 5681 v.
857 5633 902 5663 ³⁵
931 5633 1187 5689 Prov.ltt.
1213 5633 1262 5682 5.
1345 5632 1387 5660 ³⁸
1411 5630 1545 5683 Gen.
1575 5645 1719 5682 xxvi.

385 5699 620 5755 “ihor.
659 5718 744 5762 xv,
783 5703 870 5762 1:2,
904 5702 991 5757 45.
1074 5703 1116 5732 ³³
1162 5700 1180 5752 l
1224 5702 1345 5754 (lor.
1386 5718 1445 5763 ιι,
1487 5699 1538 5754 9.

1798 5628 1838 5657 ³⁷
1863 5626 1972 5680 Jcr.
2001 5641 2030 5682 t.

1619 5699 1660 5730 ⁵³⁸
1707 5701 1743 5752 ll
1801 5698 2088 5764 lleg.xxtv.

2063 4524 2273 4576 tertiam
2307 4533 2360 4574 et
2397 4528 2646 4588 quartam
2681 4519 3018 4589 progeniem,
3070 4514 3192 4580 sed,
3246 4519 3306 4566 ut
3351 4509 3631 4578 Scriptura

2062 4615 2210 4678 dicit,
2247 4615 2297 4666 itt
2332 4613 2476 4667 mille
2501 4612 2904 4682 generationes.

2129 4705 2183 4760 9.
2214 4706 2320 4759 Sed
2356 4706 2638 4759 redeamus
2670 4702 2736 4756 ad
2764 4719 2825 4758 ea
2869 4717 2988 4770 qua:
3018 4703 3084 4755 de
3112 4697 3276 4766 virgis
3305 4695 3484 4748 dicere
3517 4705 3632 4744 ca:-

2062 4816 2335 4870 pcramns.
2384 4800 2679 4854 Possumus
2712 4779 2888 4850 adhuc
2912 4795 3074 4848 etiam
3110 4791 3190 4842 sic
3221 4785 3516 4852 intelligere
3537 4800 3631 4837 co-

2063 4909 2177 4946 rum
2212 4908 2332 4961 quat
2361 4894 2412 4946 in
2442 4893 2588 4961 virga
2617 4888 3085 4960 germinavcrant,
3118 4875 3469 4931 differentias.
3501 4872 3631 4930 Om-

2063 4985 2145 5039 nis
2184 4988 2274 5055 qui
2312 4986 2363 5040 in
2395 4985 2617 5038 Christo
2651 4979 2848 5040 credit,
2881 4976 3056 5044 primo
3108 4967 3356 5028 moritur,
3402 4973 3456 5018 et
3508 4974 3631 5036 post

2063 5081 2162 5133 hoc
2194 5080 2496 5132 renascitur
2527 5090 2542 5127 :
2572 5079 2729 5126 etest
2760 5069 2922 5122 etiam
2947 5067 3058 5118 hrec
3089 5065 3278 5132 figura,
3304 5060 3445 5128 quod
3481 5061 3629 5130 virga

2062 5174 2210 5225 arida
2253 5169 2598 5242 postmodum
2632 5161 2922 5230 germinat.
2973 5158 3069 5211 Est
3097 5169 3226 5224 ergo
3243 5152 3474 5222 primunt
3508 5167 3632 5222 ger-

2063 5279 2181 5316 men
2240 5262 2410 5328 prima
2460 5256 2693 5311 hominis
2721 5254 2771 5305 in
2803 5251 3022 5306 Christo
3055 5245 3344 5303 confessio.
3379 5244 3631 5300 Secundo

2061 5352 2374 5414 fromlcscit,
2411 5349 2496 5400 uhi
2529 5352 2748 5399 renatus
2767 5341 2966 5397 donum
3003 5341 3188 5413 gratia?
3231 5337 3323 5393 Dei
3353 5354 3419 5394 cx
3455 5336 3630 5406 Spiri-

2063 5453 2148 5495 tus
2201 5441 2370 5494 sancti
2407 5437 2781 5507 purificatione
2814 5435 3136 5506 susceperit.
3175 5432 3298 5487 Inde
3339 5432 3496 5488 affert
3527 5432 3626 5489 fio-

3077 5619 3119 5651 δ’
3141 5617 3271 5673 ibid.
3295 5621 3346 5678 8.
3428 5620 3466 5652 ⁵³
3489 5619 3620 5674 ibid.

2121 5623 2339 5674 "flant.
2371 5636 2442 5672 vt.
2522 5617 2564 5647 3“
2591 5617 2743 5672 Nunt.
2783 5638 2909 5682 xvii,
2945 5621 2991 5674 Γί.

2171 5696 2212 5723 ⁸⁵
2248 5693 2416 5747 Exod.
2447 5708 2537 5743 xx.
