4086 6218
2012 170 2032 196 Ι

448 313 558 370 6‘55

1915 319 2241 378 ORIGENIS

3620 324 3735 381 656

445 449 560 498 res,
591 433 682 490 ubi
716 433 992 512 proﬁcere
1015 436 1265 505 coeperit,
1297 444 1349 490 et
1382 451 1595 493 morum
1636 438 1910 493 suavitate
1942 439 2037 494 de-
2064 447 2111 501 Α
2139 450 2227 495 eet
2272 441 2326 495 in
2362 440 2555 496 Deum.
2587 442 2664 496 De
2703 440 3011 511 hnjusmodi
3039 441 3187 495 enim
3227 441 3466 512 peccatis
3498 456 3604 498 non
3646 445 3735 499 fa-

445 528 649 593 corari,
686 544 751 582 ac
786 528 1143 596 fragrantiam
1178 529 1573 585 misericordia:
1594 541 1647 585 et
1688 531 2037 601 benignitatis

448 620 749 675 eil'undere.
785 620 865 674 Ad
900 620 1150 676 ultimum
1183 636 1400 691 quoque
1426 623 1587 678 aﬂ‘ert
1616 627 1780 681 etiam
1828 623 2037 681 fructus

438 710 691 778 iustitia,
723 711 924 781 quibus
955 727 1061 767 non
1114 712 1289 768 solum
1325 713 1445 784 ipse
1471 714 1640 781 vivat,
1677 715 1774 771 sed
1814 725 1872 770 et
1913 716 2037 770 aliis

443 806 686 870 praebeat
724 804 913 859 vitam.
955 804 1091 862 Cum
1124 807 1268 861 enim
1298 807 1364 861 ad
1393 808 1697 878 perfeCtum
1718 809 1949 872 venerit,
1981 818 2039 864 et

444 896 736 966 protulerit
765 913 831 952 ex
854 914 913 953 se
948 899 1174 954 verbum
1205 899 1352 963 ﬁdei,
1383 898 1610 956 verbum
1647 902 1893 956 scientia:
1918 902 2035 968 Dei,

446 997 502 1042 et
529 988 665 1043 alios
693 988 1051 1053 lucrifeccrit,
1095 992 1198 1045 hoe
1224 1000 1304 1045 est
1340 990 1588 1047 attulisse
1611 991 1818 1048 fructus
1842 992 2038 1061 quibus

447 1079 540 1133 alii
583 1082 913 1134 nutriantur.
947 1081 1039 1135 Sic
1062 1096 1191 1151 ergo
1225 1082 1423 1151 singuli
1467 1084 1669 1152 quique
1695 1085 2035 1139 credentium

447 1173 518 1226 de
548 1172 697 1242 virga
720 1175 924 1238 Aaron,
944 1174 1037 1242 qui
1058 1174 1308 1229 Christus
1332 1186 1435 1243 est,
1462 1178 1876 1247 germinantnr;
1911 1192 2039 1245 quo.

448 1280 569 1319 rnIn
598 1276 837 1332 quatuor
863 1267 978 1320 ista:
1013 1265 1335 1321 dilferentize
1376 1268 1427 1320 in
1476 1269 1598 1323 aliis
1632 1270 1932 1337 Scriptura:
1962 1271 2038 1323 lo-

447 1356 531 1410 cis
564 1356 709 1409 velut
742 1365 929 1410 aetates
954 1367 1189 1425 quatuor
1218 1358 1595 1427 designantur,
1638 1375 1773 1427 quas
1799 1358 2038 1414 Joannes

445 1448 726 1514 apostolus
766 1449 816 1501 in
852 1447 1090 1517 Epistola
1124 1464 1223 1504 sua
1248 1450 1597 1506 distinctione
1623 1454 1851 1522 mystica
1885 1466 2036 1505 com-

443 1536 752 1606 prehendit,
774 1539 850 1593 ait
882 1539 1026 1593 enim
1062 1538 1107 1571 ‘°
1137 1558 1150 1593 :
1184 1559 1202 1591 ι
1244 1540 1437 1596 Scribe
1463 1542 1637 1607 vobis,
1666 1545 1845 1613 pueri,
1891 1563 1910 1596 ι
1951 1553 2029 1609 et,

450 1629 683 1685 ascribo
722 1630 898 1695 vobis,
928 1631 1324 1698 adolescentes,
1377 1652 1396 1685 ι
1440 1643 1519 1697 et,
1568 1653 1586 1685 ι
1632 1636 1817 1689 scribo
1859 1636 2035 1703 vobis,

444 1730 649 1789 patres.
697 1742 715 1774 ›
771 1722 826 1776 III
866 1722 1066 1791 quibus
1103 1724 1290 1793 utique
1320 1741 1426 1778 non
1461 1728 1775 1796 corporales
1817 1736 2030 1793 aetates,

2144 531 2252 585 cile
2291 530 2672 586 remissionem
2703 530 2939 600 aliquam
2983 532 3235 588 videmus
3268 533 3323 586 in
3352 532 3488 604 legis
3530 533 3733 590 litteris

2140 621 2438 691 designari.
2470 618 2593 677 Haec
2628 634 2809 678 autem
2844 624 3084 680 diximus
3115 640 3215 693 pro
3240 625 3308 680 iis
3330 639 3451 694 quas
3478 628 3717 681 recitata

2140 722 2269 767 sunt
2299 713 2457 769 nobis
2486 729 2502 770 :
2544 732 2563 766 ι
2606 715 2671 769 Ει
2705 716 2864 781 dixit,
2913 717 3113 787 inquit,
3156 715 3416 773 Dominus
3438 716 3508 772 ad
3533 717 3726 774 Aaron

2140 805 2331 860 dicens
2366 822 2380 861 :
2414 806 2495 861 Tu
2525 815 2582 862 et
2616 807 2711 862 ﬁlii
2743 808 2842 874 tui,
2878 817 2934 863 et
2973 810 3171 865 domus
3198 809 3371 879 patris
3410 811 3489 865 tui
3541 819 3728 866 tecum

2140 898 2371 955 sumetis
2413 910 2640 969 peccata
2697 910 3077 957 sanctorum»
3132 901 3320 957 Potest
3369 902 3587 972 quidem
3649 903 3732 958 ita

2140 991 2339 1061 exponi
2380 991 2532 1048 locus
2568 992 2700 1058 iste;
2755 1000 2816 1047 ut
2873 1006 2971 1062 per
3004 1007 3068 1047 ea
3111 1008 3234 1062 quae
3275 990 3435 1049 offert
3478 993 3732 1062 pontifex

2142 1097 2245 1150 pro
2280 1090 2505 1151 peccato
2559 1080 3015 1151 uniuscujusque,
3049 1090 3106 1134 et
3139 1081 3393 1150 puriﬁcat
3451 1097 3575 1135 eum
3628 1094 3735 1150 pro

2140 1190 2250 1243 quo
2288 1173 2572 1238 obtulerit,
2600 1173 2865 1242 scriptum
2903 1173 3016 1227 sit:
3054 1190 3072 1224 ι
3098 1172 3179 1225 Tu
3225 1181 3280 1227 et
3308 1171 3403 1226 lilii
3436 1172 3730 1230 tni.tecum

2140 1266 2369 1319 sumetis
2400 1275 2623 1335 peccata
2648 1273 2985 1319 sanctorum.
3016 1281 3034 1315 ι
3063 1263 3194 1319 Mihi
3225 1273 3405 1318 autem
3436 1277 3542 1318 non
3574 1264 3734 1317 vide-

2143 1365 2229 1409 tur
2253 1357 2487 1411 otiosum
2519 1356 2661 1425 quod
2694 1366 3009 1410 sanctorum
3043 1364 3269 1424 peccata
3307 1362 3727 1409 commemorat.

2141 1445 2199 1501 In
2230 1448 2415 1503 multis
2449 1448 2650 1502 etenim
2690 1447 2991 1517 Scriptum:
3027 1448 3163 1502 locis
3196 1461 3378 1503 sermo
3426 1446 3531 1500 iste
3568 1459 3731 1515 repe-

2144 1541 2296 1594 titur.
2330 1540 2483 1596 Unde
2531 1539 2922 1609 reqnirendum
2967 1550 3073 1606 est,
3111 1541 3387 1609 quomodo
3450 1548 3508 1594 et
3550 1540 3729 1595 sancti

2141 1630 2395 1686 dicantur
2441 1630 2629 1700 aliqui,
2665 1638 2720 1685 et
2773 1631 2837 1685 de
2895 1631 3140 1700 peccatis
3180 1645 3370 1685 eormn
3430 1630 3725 1687 scribatur.

2142 1723 2261 1778 Non
2292 1724 2463 1788 enim,
2500 1732 2559 1776 ιιι
2593 1731 2784 1792 putant
2829 1724 3079 1793 quidam,
3132 1723 3315 1778 statim
3358 1732 3416 1776 ut
3448 1724 3570 1792 quis
3600 1738 3729 1778 san-

442 1814 540 1867 sed
571 1814 769 1869 animm
801 1815 1142 1883 profectumn
1183 1792 1529 1873 diﬂerentias
1575 1820 1749 1888 ponit,
1782 1829 1841 1875 ut
1868 1819 2032 1875 etiam
2070 1792 2111 1846 Β
2140 1825 2260 1869 ctus
2294 1827 2419 1869 esse
2459 1815 2717 1883 coeperit,
2747 1828 2978 1883 peccare
3003 1814 3117 1883 jam
3148 1828 3254 1867 non
3286 1822 3484 1883 potest,
3516 1823 3571 1868 et
3598 1828 3732 1867 con—

444 1904 498 1959 in
550 1907 652 1960 hoc
702 1908 1065 1962 sacerdotalis
1105 1908 1272 1975 virgze
1330 1912 1582 1978 germine
1618 1910 2035 1968 observavimus

442 1995 738 2066 designari.
797 1996 1081 2053 Habentur
1139 2015 1270 2070 ergo
1325 2000 1440 2055 haec
1478 2001 1638 2071 301
1698 2004 1883 2058 omnia
1928 2020 2033 2058 non

445 2097 556 2142 tam
603 2088 660 2144 in
715 2092 870 2162 virga
899 2093 1107 2157 Aaron,
1142 2106 1306 2161 quam
1338 2093 1391 2147 in
1423 2109 1488 2147 ea
1526 2094 1675 2164 virga
1736 2111 1858 2166 qua:
1902 2099 2037 2153 exiit

441 2180 511 2236 de
560 2181 745 2238 radice
775 2182 1058 2240 Jesse:et
1108 2182 1207 2239 ﬂos
1238 2184 1307 2239 de
1357 2186 1543 2240 radice
1594 2185 1712 2254 ejus
1765 2191 2033 2257 ascendit,

440 2290 608 2344 super
655 2291 819 2346 quem
884 2276 1154 2347 requievit
1188 2279 1415 2348 spiritus
1460 2277 1553 2332 Dei
1573 2278 1642 2337 ".
1696 2278 1754 2333 lu
1790 2296 1901 2350 quo
1937 2296 2037 2339 nec

442 2364 549 2420 huc
616 2366 792 2435 ipsum
843 2368 1061 2423 videtur
1129 2369 1371 2425 otiosum
1426 2372 1571 2439 quod
1630 2373 1785 2428 exire
1838 2374 2039 2430 dicitur

440 2456 614 2525 virga,
667 2467 723 2511 et
762 2458 862 2512 ﬂos
911 2458 1229 2514 ascendere.
1286 2460 1546 2527 Quamvis
1598 2463 1743 2517 enim
1788 2481 1927 2522 unus
1966 2468 2037 2522 sit

439 2548 695 2602 Christus
768 2564 865 2618 per
938 2548 1307 2605 substantiam
1364 2552 1467 2622 (5),
1542 2553 1776 2623 singulis
1852 2565 2034 2612 tamen

442 2640 695 2697 diversus
724 2641 980 2709 eﬂieitur,
1013 2654 1176 2714 prout
1213 2644 1421 2716 indiget
1446 2646 1491 2700 is
1524 2647 1578 2701 in
1610 2662 1717 2717 quo
1748 2661 2033 2719 operatur.

442 2733 546 2800 Qui
592 2750 724 2802 ergo
754 2736 976 2806 segnior
1004 2746 1089 2791 est
1119 2746 1173 2790 et
1204 2737 1586 2807 negligentior,
1618 2754 1719 2809 pro
1754 2741 2035 2812 disciplina

444 2826 505 2878 ﬁt
536 2825 586 2881 ei
620 2827 870 2882 Christus
909 2827 1079 2898 virga,
1112 2839 1167 2882 et
1201 2829 1253 2883 in
1284 2829 1436 2898 virga
1479 2845 1587 2884 non
1616 2832 1922 2890 ascendere
1953 2836 2035 2889 di-

442 2919 611 2983 citur,
646 2920 741 2974 sed
762 2921 937 2974 exire.
957 2920 1279 2975 Exeundum
1318 2938 1552 2993 namque
1577 2934 1661 2980 est
1692 2925 1741 2980 ei
1773 2927 1866 2996 qui
1889 2927 2038 2984 iners

445 3023 502 3067 et
535 3011 719 3081 segnis
747 3020 833 3069 est
861 3013 929 3068 de
954 3028 1021 3068 eo
1046 3022 1189 3068 statu
1228 3014 1281 3069 in
1311 3030 1419 3085 quo
1444 3032 1552 3071 non
1586 3027 1731 3073 recte
1757 3021 2035 3087 consistit,

2145 1909 2296 1963 tinuo
2329 1908 2452 1964 sine
2498 1918 2728 1978 peccato
2761 1908 3039 1979 putandus
3068 1917 3173 1962 est.
3203 1907 3265 1962 Si
3307 1907 3454 1964 enim
3497 1916 3725 1962 sanctus

2143 2015 2250 2053 non
2286 2008 2565 2069 peccaret,
2601 2014 2707 2055 non
2758 1999 2947 2067 utique
2977 1999 3242 2068 scriptum
3265 2007 3410 2054 esset
3440 2015 3455 2054 :
3489 2017 3509 2053 ι
3536 1998 3731 2053 Sume-

2146 2092 2216 2145 tis
2264 2101 2493 2161 peccata
2545 2102 2888 2147 sanctorum.
2914 2110 2933 2142 ι
2970 2090 3030 2145 Si
3066 2102 3288 2147 sanctus
3336 2092 3457 2146 sine
3501 2101 3732 2161 peccato

2144 2192 2312 2249 esset,
2366 2200 2475 2240 non
2518 2185 2727 2240 diceret
2781 2183 3043 2239 Dominus
3088 2198 3190 2254 per
3228 2184 3568 2239 Ezechielem
3611 2199 3735 2252 pro-

2144 2277 2361 2345 phetam
2390 2279 2458 2332 ad
2489 2279 2731 2349 angelos,
2787 2293 2926 2348 quos
2982 2276 3237 2332 mittebat
3278 2286 3597 2346 peccatores
3626 2293 3730 2345 pn-

2142 2368 2260 2424 nire
2283 2369 2447 2436 "-"5
2485 2386 2504 2422 ι
2539 2369 2607 2424 Et
2641 2384 2670 2424 a
2701 2370 2909 2426 sanctis
2940 2371 3074 2425 meis
3107 2367 3398 2438 ineipictis.
3419 2386 3438 2419 ι
3472 2368 3529 2423 Si
3579 2369 3729 2422 enim

2139 2462 2316 2517 sancti
2346 2462 2465 2518 sine
2504 2472 2732 2532 peccato
2763 2471 2915 2528 sunt,
2945 2461 3222 2531 quomodo
3264 2462 3365 2529 ipsi
3401 2460 3561 2529 primi
3600 2474 3730 2514 suc~

2140 2556 2403 2607 cumbunt
2454 2554 2740 2623 suppliciis
2797 2553 3193 2624 peccatorum?
3252 2553 3310 2608 Si
3358 2552 3531 2607 sancti
3590 2552 3713 2607 sine

2140 2656 2372 2716 peccato
2404 2656 2611 2711 essent,
2642 2660 2920 2715 nunquam
2945 2645 3155 2700 diceret
3188 2643 3561 2715 Scriptum",
3594 2645 3726 2715 quia

2146 2756 2165 2790 ι
2182 2739 2363 2809 justus
2396 2739 2450 2794 in
2492 2739 2767 2810 principio
2797 2737 3071 2794 sermonis
3096 2737 3177 2792 sui
3208 2736 3323 2807 ipse
3365 2735 3449 2792 sui
3498 2751 3724 2793 accusa-

2142 2842 2228 2887 tor
2275 2832 2354 2887 ﬂt.
2382 2850 2402 2886 ι
2440 2831 2498 2886 Si
2536 2832 2717 2887 sancti
2760 2831 2883 2887 sine
2926 2839 3154 2901 peccato
3203 2838 3410 2895 essent,
3442 2844 3725 2899 nunquam

2139 2924 2342 2980 Paulus
2402 2924 2683 2994 apostolus
2744 2922 2989 2987 diceret,
3038 2921 3302 2978 Romanis
3355 2921 3605 2977 scribens
3633 2920 3723 2975 ”:

2147 3035 2165 3069 ι
2189 3016 2367 3072 Nolite
2400 3026 2623 3087 prepter
2664 3015 2848 3070 cibum
2897 3016 3118 3072 solvere
3144 3029 3284 3085 opus
3322 3013 3452 3080 Dei;
3481 3032 3500 3066 ι
3529 3012 3729 3081 quibus

443 3115 503 3159 et
541 3105 931 3160 transeundum
987 3107 1055 3161 ad
1094 3106 1260 3161 alium
1305 3117 1532 3175 statum,
1578 3117 1840 3179 tanquam
1875 3111 2027 3183 virga
2060 3133 2105 3192 α
2145 3109 2196 3163 in
2241 3109 2514 3180 principio
2549 3109 2805 3180 Epistolas
2836 3107 3136 3178 scripserat
3156 3107 3249 3162 ":
3286 3123 3303 3158 ι
3334 3103 3601 3161 Omnibus
3634 3105 3727 3174 qui

443 3197 750 3267 compulso,
784 3198 837 3253 id
879 3206 964 3252 est
994 3198 1289 3254 severitate
1326 3200 1597 3256 doctrinae
1626 3202 1905 3271 rigidiorls
1941 3207 2035 3258 ad-

444 3293 676 3345 monito.
704 3291 807 3359 Qui
858 3307 989 3348 vero
1012 3291 1195 3363 justus
1230 3302 1333 3357 est,
1369 3297 1500 3363 quia
1527 3294 1710 3363 justus
1740 3298 1886 3353 sicut
1916 3298 2035 3367 pal-

446 3398 533 3436 Ina
562 3383 808 3450 ﬂoret”,
841 3384 894 3438 in
938 3386 1041 3440 hoc
1076 3386 1373 3441 ascendere
1406 3386 1608 3441 dicitur
1640 3388 1915 3445 Christus.
1944 3390 2035 3445 Sic

445 3492 578 3544 ergo
623 3478 717 3547 qni
765 3478 1088 3533 verberibus
1138 3478 1365 3547 indiget,
1405 3480 1520 3534 exit
1565 3481 1633 3534 ad
1681 3496 1807 3536 eum
1843 3484 2033 3553 virga;

447 3572 540 3639 qui
574 3582 753 3625 autem
790 3572 1010 3641 proiicit
1044 3572 1107 3625 ad
1135 3572 1430 3640 justitiam,
1460 3576 1711 3628 ascendit
1746 3576 1797 3629 in
1823 3575 2033 3631 ﬂorem.

445 3662 721 3717 Ascendet
769 3674 952 3717 autem
1001 3678 1286 3733 usqueqno
1321 3666 1513 3720 afferat
1547 3664 1755 3722 fructus
1785 3668 2035 3738 spiritus,

445 3756 542 3827 qui
589 3765 716 3811 sunt
753 3755 1020 3821 Charitas,
1066 3759 1346 3828 gaudium,
1403 3776 1533 3828 pax,
1584 3761 1849 3830 patientia
1873 3760 1942 3828 ⁸⁸,
1982 3769 2038 3814 et

446 3846 672 3917 reliqua:
725 3848 956 3903 virtutes
993 3848 1047 3903 in
1097 3849 1321 3905 Christo
1369 3850 1497 3907 Jesu
1558 3851 1790 3907 Domino
1824 3862 2037 3917 nostro,

447 3939 536 3994 cui
568 3949 655 3995 est
697 3939 894 4005 hortor,
927 3949 982 3994 et
1009 3940 1205 4011 gloria,
1229 3951 1285 3997 et
1312 3942 1600 4013 imperium
1632 3944 1687 3997 in
1722 3941 1916 3999 saecula
1942 3958 2039 3997 εω-

445 4029 721 4085 culorutn.
756 4035 954 4086 Amen.

1046 4122 1328 4179 IIOMILIA
1369 4125 1439 4179 Χ.

451 4230 529 4285 De
564 4249 623 4286 eo
651 4233 790 4300 quod
823 4234 1075 4301 scriptum
1102 4247 1176 4288 est
1206 4237 1291 4289 ⁵ος
1334 4255 1352 4287 ι
1402 4233 1471 4289 Et
1509 4236 1644 4291 dixit
1674 4237 1930 4292 Dominus
1970 4242 2038 4293 ad

524 4306 711 4384 Aaron.
740 4320 757 4357 :
787 4302 863 4355 Tu
894 4315 941 4357 et
986 4306 1089 4373 ﬁlii
1120 4308 1218 4369 tui,
1250 4318 1296 4359 et
1331 4310 1519 4361 domus
1560 4309 1729 4379 patris
1759 4310 1837 4363 tui
1869 4320 2039 4364 tecum

518 4382 739 4427 sumett’s
769 4383 984 4443 peccatu
1021 4388 1349 4433 sanctorum.
1396 4397 1415 4429 ι

2149 3212 2279 3257 sunt
2323 3198 2510 3257 Romae
2544 3202 2757 3257 dilectis
2793 3203 2911 3265 Dei,
2943 3202 3152 3258 vocatis
3192 3198 3418 3254 sanctis.
3450 3216 3470 3249 ι
3513 3196 3581 3251 Et
3627 3197 3724 3250 ite-

2140 3312 2258 3350 rum
2289 3295 2428 3351 idem
2461 3295 2749 3365 Apostolus
2774 3298 2839 3349 ad
2859 3294 3176 3351 Corinthios
3193 3292 3465 3354 scribens,
3494 3288 3682 3343 dicit"
3712 3310 3724 3343 ;

2146 3407 2162 3440 ι
2198 3388 2402 3445 Paulus
2429 3397 2656 3442 vocatus
2720 3386 3003 3457 apostolus
3032 3385 3161 3440 Jesn
3199 3384 3431 3449 Christi;
3472 3401 3492 3436 ι
3524 3393 3577 3436 et
3610 3391 3727 3449 post

2140 3497 2308 3551 pauca
2342 3499 2359 3538 :
2398 3500 2415 3534 ι
2445 3480 2703 3535 Ecclesia:
2744 3480 2833 3535 Dei
2868 3495 2988 3549 quae
3042 3491 3129 3535 est
3170 3475 3448 3541 Corinthi,
3481 3474 3728 3529 sanctili-

2138 3576 2279 3629 eatis
2312 3576 2366 3629 in
2401 3574 2623 3631 Christo
2664 3573 2817 3639 Jesu,
2851 3574 3061 3629 vocatis
3108 3569 3337 3625 sanctis.
3364 3586 3382 3619 ι
3421 3567 3559 3621 Istos
3598 3580 3729 3633 ergo

2139 3682 2277 3737 quos
2308 3666 2684 3722 sanctiﬁcatos
2712 3674 2765 3720 et
2797 3673 3019 3719 sanctos
3060 3661 3326 3731 appellat,
3358 3658 3486 3712 audi
3518 3666 3726 3726 quanta

2143 3761 2194 3815 in
2224 3761 2304 3815 eis
2336 3768 2559 3829 peccata
2610 3760 3006 3829 reprehendat.
3062 3756 3153 3809 Ait
3186 3754 3332 3808 enim
3366 3751 3419 3804 in
3446 3749 3726 3818 sequenti-

2142 3852 2304 3908 bus"
2332 3871 2344 3906 :
2376 3870 2395 3903 ι
2417 3853 2554 3908 Cum
2605 3852 2753 3906 enim
2805 3852 2915 3906 sint
2952 3850 3096 3903 inter
3127 3862 3219 3901 vos
3251 3842 3628 3901 annulationcs
3675 3851 3729 3895 et

2141 3947 2544 4012 contentiones,
2592 3960 2772 3999 nonne
2823 3944 3078 4001 carnales
3122 3942 3278 4004 estis,
3328 3947 3384 3993 et
3425 3935 3726 3991 secundum

2141 4037 2420 4092 hominem
2466 4037 2800 4092 atnbulatis?
2830 4056 2849 4088 ι
2887 4036 2956 4091 Ει
2987 4035 3185 4090 iterum
3210 4034 3256 4064 ⁵³
3283 4050 3295 4086 :
3331 4049 3349 4082 ι
3381 4028 3501 4083 Jam
3532 4028 3727 4081 divites

2146 4130 2275 4186 facti
2300 4131 2453 4194 estis,
2486 4131 2605 4183 sine
2636 4128 2791 4182 nobis
2827 4126 3087 4196 regnatis,
3119 4133 3174 4180 et
3212 4124 3417 4177 utinam
3472 4134 3725 4188 regnare-

2149 4223 2255 4277 tis!
2291 4241 2311 4274 ι
2351 4221 2417 4276 Ει
2453 4220 2713 4275 iterum6°
2744 4239 2756 4274 :
2793 4237 2810 4267 ι
2834 4217 3116 4285 Tanquam
3143 4224 3322 4268 autem
3360 4227 3465 4266 non
3499 4216 3722 4262 venturo

2148 4331 2234 4370 Ine
2268 4315 2335 4370 ad
2368 4328 2466 4368 vos
2517 4311 2685 4367 inﬂati
2728 4319 2855 4365 sunt
2885 4308 3129 4378 quidam.
3164 4326 3183 4357 ι
3216 4303 3463 4374 Etpanlo
3495 4300 3667 4371 post“
3704 4315 3717 4354 :

2152 4429 2170 4461 ι
2199 4407 2437 4465 Omnino
2474 4405 2692 4459 auditur
2725 4404 2871 4457 inter
2906 4418 3000 4456 vos
3030 4398 3342 4461 l'ornicatio,
3376 4406 3430 4450 et
3465 4396 3589 4449 talis
3614 4392 3723 4447 for-

525 4489 577 4545 1.
617 4489 718 4555 Qui
755 4488 1009 4545 meliores
1030 4501 1179 4553 sunt,
1219 4491 1539 4548 inferiorum
1575 4509 1797 4563 semper
1846 4496 2036 4564 culpas
2069 4477 2114 4532 Β
2145 4499 2373 4565 nieatio,
2415 4496 2597 4567 qualis
2634 4512 2734 4550 nee
2770 4492 3156 4562 inter'gentes.
3191 4510 3208 4541 ι
3253 4491 3305 4543 In
3342 4484 3726 4556 consequenti-

449 4590 505 4633 et
525 4590 745 4647 peccata
760 4582 1089 4651 suscipiunt.
1114 4583 1381 4645 Sic-enim
1401 4595 1456 4639 et
1487 4586 1779 4655 Apostolus
1811 4588 1943 4643 dicit
1964 4588 2033 4642 δίε

456 4690 477 4723 ι
505 4670 612 4726 Vos
640 4673 730 4742 qui
758 4673 1033 4728 ﬁrmiores
1061 4674 1215 4738 estis,
1254 4675 1655 4731 imbecillitates
1693 4679 2036 4734 inﬁrmoruut

450 4766 739 4819 sustinete.
768 4784 786 4815 ι
820 4764 1062 4819 Israelita
1115 4765 1159 4821 si
1212 4776 1424 4836 peccet,
1474 4768 1525 4821 id
1578 4780 1663 4824 est
1700 4771 1890 4839 laicus,
1926 4773 2039 4842 ipse

450 4871 610 4911 suum
661 4872 767 4910 non
818 4866 1000 4926 potest
1043 4855 1259 4913 auferre
1295 4867 1614 4928 peccatum;
1661 4863 1754 4917 sed
1809 4864 2038 4932 requirit

451 4946 697 5015 levitatn,
756 4948 964 5017 indiget
1014 4948 1323 5014 sacerdote,
1371 4950 1480 5003 imo
1530 4951 1709 5020 potius
1750 4962 1805 5006 et
1853 4954 2036 5009 adhuc

448 5038 644 5095 horum
697 5040 900 5109 aliquid
937 5042 1280 5096 eminentius
1313 5044 1512 5113 quaerit
1549 5062 1561 5097 :
1598 5044 1855 5114 pontiﬁce
1903 5061 2039 5117 opus

452 5141 558 5196 est,
593 5142 653 5185 ut
693 5143 1042 5201 peccatorum
1097 5136 1476 5191 remissionem
1536 5138 1705 5206 possit
1764 5138 2037 5209 accipere.

454 5222 725 5279 Sacerdos
781 5238 963 5280 autem
1017 5228 1060 5283 si
1106 5229 1411 5299 delinquat,
1469 5241 1563 5284 ant
1613 5230 1876 5298 pontifex,
1924 5232 2040 5303 ipse

456 5331 613 5370 suum
655 5328 832 5386 potest
865 5335 1101 5390 purgare
1136 5331 1417 5390 peCcatnm
1444 5338 1458 5385 ;
1486 5322 1531 5376 si
1567 5332 1745 5377 tamen
1775 5338 1880 5379 non
1914 5340 2041 5394 pec-

529 5455 575 5489 ⁶⁶
600 5459 614 5510 l
639 5458 796 5513 Joan.
829 5475 890 5523 ιι,
918 5459 1006 5523 15,
1048 5461 1133 5515 11.
1214 5462 1257 5493 ⁸⁷
1291 5464 1390 5517 lsa.
1426 5478 1501 5523 ιιι.
1535 5463 1586 5516 1.

456 5526 578 5557 ⁸¹·⁵³
608 5529 804 5583 Ezerh.
842 5546 917 5595 Ix,
954 5532 1009 5584 6.
1142 5532 1187 5562 ³⁸
1222 5532 1382 5589 Prov.
1420 5550 1576 5597 XVIII,
1611 5534 1695 5588 1'7.

459 5613 543 5663 ιιι,
573 5599 627 5651 3.
704 5601 749 5631 δ’
782 5600 802 5657 1
832 5602 957 5656 Cor.
990 5617 1062 5667 tv,
1093 5603 1146 5658 8.
1224 5603 1268 5634 ⁵ο
1292 5604 1416 5658 ibid.
1452 5604 1540 5659 18.
1617 5606 1657 5636 ⁸³
1681 5605 1698 5659 l
1726 5605 1851 5661 Cor.
1886 5621 1937 5673 v,
1972 5607 2020 5660 1.

1661 5464 1708 5495 ⁸⁸
1732 5463 1876 5519 Psal.
1905 5480 2017 5533 xei,
2054 5464 2143 5520 15.

1777 5537 1823 5567 ⁵⁵
1858 5534 2019 5589 Boni.
2058 5552 2170 5597 XIV,
2202 5536 2291 5590 9.0.

1777 5622 1851 5661 δι’.
1886 5621 1937 5664 ν.
1972 5607 2020 5660 1.
2093 5608 2137 5639 ⁸⁸
2170 5608 2299 5664 ibid.
2324 5608 2380 5662 2.

2146 4594 2245 4648 bus
2274 4606 2404 4646 vero
2429 4590 2472 4622 ⁸³
2500 4607 2514 4643 :
2547 4606 2567 4640 ι
2601 4587 2668 4641 Ει
2703 4601 2821 4653 vos,
2857 4586 3053 4654 inquit,
3082 4581 3253 4636 inﬂati
3308 4582 3463 4645 estis,
3521 4587 3577 4633 et
3624 4592 3727 4630 non

2146 4686 2329 4757 potius
2360 4684 2570 4740 luctum
2604 4679 2901 4735 habuistis.
2936 4696 2955 4728 ι
2997 4674 3054 4729 In
3108 4690 3216 4745 quo
3279 4674 3467 4743 utique
3524 4671 3727 4725 nullum

2148 4779 2370 4848 reliquit
2413 4777 2738 4840 immunem,
2791 4772 2919 4826 dum
2969 4768 3098 4823 aliis
3140 4764 3548 4827 fornicationis,
3609 4762 3730 4817 aliis

2146 4869 2447 4928 inﬂationis
2481 4878 2538 4925 et
2588 4866 2859 4938 superbia:
2888 4862 3094 4917 crimen
3145 4858 3392 4915 ascribit.
3437 4855 3604 4910 Notat
3635 4869 3729 4908 eos

2146 4975 2201 5021 et
2231 4966 2282 5019 in
2320 4961 2777 5031 consequentibus
2806 4956 2969 5011 etiam
3002 4955 3068 5011 de
3100 4951 3345 5021 iudieiis,
3377 4960 3434 5004 et
3462 4948 3597 5003 dicit
3634 4945 3684 4978 ”
3710 4961 3726 4999 :

2151 5078 2170 5111 ι
2195 5057 2313 5114 Jam
2359 5056 2581 5125 quidem
2614 5051 2838 5107 omnino
2868 5050 3124 5105 delictum
3166 5054 3251 5102 est
3296 5044 3349 5098 in
3382 5041 3572 5108 vobis;
3602 5039 3728 5110 quia

2141 5144 2346 5215 judicia
2378 5142 2595 5199 habetis
2636 5142 2779 5196 inter
2808 5154 2925 5195 vos.
2954 5158 2972 5192 ι
3007 5136 3200 5207 Arguit
3228 5150 3325 5191 eos
3349 5147 3485 5202 quos
3510 5138 3732 5186 sanctos

2149 5238 2387 5301 dixerat,
2416 5245 2471 5291 et
2492 5252 2589 5306 pro
2618 5249 2685 5292 eo
2713 5233 2861 5303 quod
2887 5231 3047 5287 idolis
3076 5229 3354 5285 immolata
3380 5224 3732 5287 manducent,

2147 5342 2205 5383 et
2251 5329 2406 5398 quasi
2457 5327 2790 5383 sententiam
2842 5325 2986 5379 inter
3018 5338 3113 5378 eos
3147 5319 3435 5391 proferens
3462 5316 3601 5370 dicit
3631 5312 3680 5344 “
3712 5326 3725 5360 ε

2220 5464 2265 5499 ¹⁵⁹
2298 5465 2417 5523 Gal.
2452 5482 2503 5532 v,
2527 5465 2620 5520 2‘2.
2696 5464 2743 5498 ”
2768 5464 2931 5518 Num.
2963 5475 3121 5524 xvni,
3147 5458 3199 5513 1.
3277 5458 3321 5489 ⁸¹
3356 5456 3644 5532 [imm-sv,
3678 5452 3728 5505 1.

2390 5538 2435 5569 ⁵⁸
2468 5524 2621 5589 liotn.
2666 5553 2703 5600 ι,
2737 5538 2790 5589 7.
2887 5534 2929 5564 ⁵⁷
2964 5532 2981 5585 Ι
3014 5534 3138 5585 (Zur.
3170 5532 3240 5593 ι,1
3276 5537 3326 5584 el
3359 5527 3447 5600 2._
3491 5527 3536 5557 ⁸⁵
3565 5526 3578 5577 Ι
3605 5524 3731 5578 Cor.

2460 5608 2506 5638 ⁸³
2535 5606 2551 5659 Ι
2586 5598 2710 5663 ευτ’,
2746 5622 2823 5672 vt,
2856 5605 2908 5659 7.
2989 5603 3034 5634 “
3067 5604 3082 5656 Ι
3117 5602 3243 5656 Cor.
3281 5612 3396 5663 vin,
3431 5598 3515 5652 li.

532 5764 611 5835 (ὕ)
646 5761 747 5819 Per
801 5765 1170 5822 substantiam.
1213 5769 1578 5827 Substantiam
1626 5787 1777 5831 more
1826 5772 2014 5832 Graeco
2050 5783 2205 5834 vocat
2235 5766 2664 5833 sulrsistcntiam,
2701 5766 2755 5823 id
2782 5775 2861 5822 est
2893 5766 3248 5835 bypustasim.
