4086 6218
233 369 354 425 637
1492 355 1558 411 1N
1594 351 1927 412 NUMEROS
1965 334 2249 413 nonius
2290 357 2357 412 χ.
3459 350 3561 403 633

242 507 265 542 ι
306 489 412 545 Sic
457 498 656 544 autent
712 495 1009 558 peccantes
1034 482 1178 536 inter
1203 479 1429 542 fratres.
1467 490 1522 535 et
1557 481 1868 550 percutien-
1900 489 1946 543 Α
1973 483 2123 537 dium
2158 490 2334 552 gerat.
2389 494 2514 534 cum
2554 475 2889 546 peccaverit,
2924 474 3099 529 nescit
3141 470 3346 543 peccati
3385 475 3557 539 ptent.

239 592 335 637 tes
388 581 813 638 conscientiam
860 590 1049 632 earum
1110 573 1410 639 inﬁrmant,
1474 574 1527 627 iu
1588 573 1871 628 Christum
1987 574 2232 627 tudinem
2265 586 2477 642 gerere,
2511 570 2683 625 nescit
2725 566 2908 623 delicti
2958 564 3259 620 remedium
3289 578 3559 633 quaarere.

239 673 541 740 peccatis.
598 691 618 726 ο
673 669 780 725 Sed
839 677 895 722 et
962 667 1029 721 de
1078 680 1145 720 co
1207 663 1570 718 nihilominus
1624 663 1874 719 confutat
1976 666 2081 733 Qui
2120 680 2225 721 non
2275 672 2410 719 sunt
2460 662 2659 728 sancti,
2691 661 2745 714 in
2792 658 3039 729 peccatis
3068 657 3183 710 suis
3218 656 3561 715 moriuntur;

241 777 379 826 eos,
418 762 582 832 quod
624 776 730 816 non
766 758 943 813 solum
988 755 1395 811 immolatitium
1430 754 1509 827 (6)
1542 755 1749 821 cibum,
1778 770 1854 810 set

1977 759 2069 828 qui
2104 758 2279 814 sancti
2329 765 2479 819 sunt,
2514 771 2609 826 pro
2636 754 2876 823 peccatis
2905 750 3307 820 paenitudinem
3343 759 3560 815 gerunt,

240 867 304 909 et
366 854 620 910 calicem
659 851 1054 907 daemoniorum
1109 856 1465 918 przesumant,
1518 857 1573 902 ct
1628 840 1826 902 dicit"

1977 851 2204 906 vulnera
2255 864 2352 903 sua
2406 846 2674 909 sentiunt,
2708 842 3022 909 intelligunt
3051 840 3254 910 lapsus,
3283 840 3565 908 requirunt

250 962 268 991 ι
300 943 437 998 Non
464 946 705 1014 potestis
738 941 961 997 calicem
1010 937 1227 996 Domini
1281 936 1494 1006 bibere,
1546 947 1601 993 et
1645 939 1874 993 calicem
1976 943 2340 1006 sacerdotem,
2400 937 2689 993 sanitatem
2745 934 3072 1002 deposcunt,
3125 929 3566 1000 puriﬁcationem

242 1037 687 1091 dsetuuttiorum
723 1052 736 1087 :
774 1049 881 1088 non
940 1031 1168 1102 potestis
1220 1044 1425 1084 mensa:
1460 1029 1675 1085 Domini
1707 1031 1877 1098 parti-
1979 1050 2078 1103 per
2113 1031 2424 1103 pontiﬁcem
2480 1034 2751 1098 qua-runt.
2792 1024 3000 1078 idcirco
3048 1038 3182 1091 ergo
3214 1032 3374 1076 caute
3407 1028 3460 1075 ct
3490 1020 3568 1075 si-

244 1130 416 1197 cipes
465 1142 622 1192 esse,
666 1137 720 1180 et
769 1138 970 1178 mensa:
1022 1119 1438 1176 damnouiorum.
1476 1139 1495 1173 ι
1544 1122 1679 1189 Ipsis
1709 1125 1876 1177 etiam
1982 1127 2313 1195 gniﬁcantcr
2343 1137 2523 1178 sermo
2552 1120 2686 1188 legis
2710 1118 2982 1187 designat,
3027 1115 3156 1183 quia
3193 1113 3478 1182 pontiﬁces
3508 1120 3570 1166 et

249 1222 399 1275 illud
437 1222 588 1275 dicit
618 1220 663 1251 ⁸⁸
696 1236 710 1272 :
752 1238 770 1270 ι
804 1217 957 1285 Quod
991 1216 1450 1272 convenientibus
1501 1215 1659 1271 vobis
1685 1216 1738 1270 in
1775 1217 1874 1271 Ee-
1983 1218 2320 1279 sacerdotes,
2378 1229 2485 1267 non
2546 1222 3002 1281 quorumcunque
3026 1248 3041 1268 ,
3089 1205 3183 1259 sed
3242 1217 3562 1258 sanctorum

247 1316 467 1380 clcsia,
505 1314 669 1367 audio
690 1312 989 1367 schismata
1009 1325 1183 1365 esse.»
1207 1310 1269 1364 Et
1302 1311 1503 1364 iterum
1522 1308 1564 1339 ⁸⁷
1592 1324 1606 1360 :
1644 1326 1663 1359 ι
1694 1306 1877 1362 Unus~
1987 1305 2364 1361 tantummodo
2392 1310 2611 1357 sumant
2642 1308 2902 1369 peccata;
2930 1304 3157 1349 sanctus
3190 1293 3335 1347 enim
3371 1292 3565 1361 estqui

249 1410 523 1479 quisque
576 1406 721 1462 enim
769 1419 922 1459 suam
976 1417 1190 1458 coanatn
1232 1400 1522 1471 praesumit
1553 1400 1621 1455 ad
1656 1402 1882 1453 tnandu-
1985 1405 2270 1467 peccatum
2307 1409 2463 1449 suum
2490 1407 2587 1461 per
2620 1389 2931 1460 pontiﬁcem
2960 1395 3138 1439 curat.

251 1502 521 1556 cundum
551 1507 641 1554 :et
662 1496 802 1551 alius
832 1494 1052 1565 quidem
1084 1493 1295 1558 esurit,
1319 1493 1461 1548 alius
1489 1501 1673 1546 autem
1692 1491 1881 1547 ebrius
2051 1487 2108 1543 2.
2152 1487 2259 1543 Sed
2310 1487 2597 1540 redeamus
2623 1481 2689 1536 ad
2727 1480 3041 1549 pontiﬁcem
3086 1489 3354 1541 nostrum,
3387 1473 3569 1542 ponti—

252 1604 375 1649 est.
412 1612 432 1646 ι
477 1592 543 1648 Et
575 1607 673 1663 pro
708 1590 777 1645 iis
806 1563 1027 1643 delictis
1066 1586 1268 1643 dicit“
1305 1603 1318 1639 :
1354 1605 1372 1637 ι
1399 1586 1700 1656 Propterea
1738 1587 1884 1638 inter
1987 1581 2145 1635 ﬁcetn
2181 1592 2432 1648 maguum
2478 1576 2568 1647 qui
2604 1572 2910 1651 penetravit
2957 1572 3146 1633 cmlos,
3173 1568 3356 1622 Jesum
3390 1563 3572 1618 Domi-

260 1706 374 1745 vus
437 1687 602 1742 multi
666 1685 896 1750 inﬁrmi,
962 1693 1022 1739 et
1067 1683 1225 1753 aegri,
1277 1690 1333 1736 et
1377 1680 1662 1736 dormiunt
1704 1679 1873 1735 tuulti.

1984 1684 2114 1721 num
2145 1678 2424 1731 nostrum;
2458 1674 2515 1719 et
2543 1664 2825 1718 videamus
2852 1662 3125 1731 quomodo
3156 1660 3268 1728 ipse
3296 1673 3415 1710 cum
3448 1653 3573 1707 tiliis

254 1780 438 1848 Quod
484 1782 530 1835 si
565 1794 665 1834 nos
706 1778 854 1847 ipsos
885 1750 1334 1846 diiudicaremus,
1367 1788 1474 1828 non
1509 1774 1697 1841 utique
1719 1771 1867 1841 302

1988 1756 2123 1822 suis,
2155 1755 2417 1826 apostolis
2449 1754 2662 1809 scilicet
2684 1764 2740 1808 et
2766 1753 3119 1823 martyribus,
3148 1750 3311 1804 sumit
3350 1755 3572 1817 peccata

249 1836 683 1941 jTidicag-enmr,
714 1836 743 1922 ι.
791 1836 956 1924 Ροει⁷
979 1868 1096 1923 [iam
1148 1836 1330 1923 auteni
1382 1882 1491 1920 non
1522 1836 1634 1934 jn'n
1919 1836 1960 1890 Β
1989 1858 2325 1903 δίιηοιοιυιιι.
2362 1846 2429 1900 Ει
2455 1847 2675 1916 (illlde
2709 1848 2855 1914 quod
2889 1845 3150 1898 DUIllanS
3186 1851 3377 1895 llOSlCl‘
3408 1836 3568 1892 JCSUS

272 1966 537 2021 ...οι-δικ,
574 1964 675 2034 (7),
708 1961 802 2019 sed
846 1961 971 2016 ﬁdei
1006 1962 1057 2015 ει,
1090 1961 1170 2016 eis
1199 1963 1407 2015 crimen
1440 1932 1763 2030 mggem
1794 1960 1885 2013 Αη
1986 1937 2237 1993 Christus
2282 1939 2496 1991 venerit
2530 1948 2590 1992 ut
2638 1938 2860 1992 tolleret
2918 1947 3207 2005 peccatum
3262 1932 3472 1996 mttndi,
3511 1937 3569 1984 et

260 2058 433 2111 enim
461 2054 550 2110 “z
590 2053 914 2123 «Quomodo
957 2052 1145 2107 dicunt
1184 2050 1331 2105 inter
1364 2065 1461 2104 vos
1488 2051 1712 2120 quidam
1738 2050 1883 2120 quod
1988 2039 2166 2085 “(me
2217 2044 2316 2083 sua
2378 2038 2601 2098 Decem“
2664 2039 2850 2083 "03ml
2907 2026 3191 2091 ἀειθνθτίι»
3246 2024 3427 2109 “nulls
3478 2021 3573 2090 (ιιιί

265 2150 632 2205 resurrectio
673 2159 1011 2203 mortuorum
1068 2163 1175 2200 non
1238 2145 1392 2199 sit?»
1450 2144 1515 2199 Et
1571 2144 1769 2198 iterum
1793 2142 1878 2199 7°:

1986 2121 2211 2178 Christo
2236 2120 2427 2186 credit,
2463 2120 2702 2191 ignorat.
2729 2119 3015 2185 Quomodo
3039 2126 3221 2170 autem
3254 2126 3309 2169 et
3338 2114 3431 2167 ﬁlii
3459 2112 3576 2182 ejus

269 2260 289 2291 ι
322 2241 390 2295 Si
422 2249 612 2294 autem
646 2238 900 2294 Christus
936 2252 1039 2291 nou
1086 2236 1414 2302 resurrexit,
1452 2250 1590 2289 vana
1627 2244 1711 2289 est
1754 2235 1882 2288 Iides

1988 2214 2243 2270 auferant
2269 2222 2491 2284 peccata
2526 2220 2865 2277 sanctorum,
2886 2210 2938 2264 id
2964 2216 3047 2263 est
3075 2205 3303 2276 apostoli
3333 2215 3388 2258 et
3425 2219 3577 2258 mar-

266 2339 397 2385 vesl
412 2347 502 2385 ra.
534 2331 724 2386 Adhuc
746 2329 890 2383 enim
921 2326 1054 2382 estis
1087 2327 1141 2382 in
1171 2326 1415 2395 peccatis
1446 2325 1664 2381 vestris.
1695 2343 1713 2376 ι
1741 2324 1879 2379 Lutt-

1990 2318 2163 2379 tyres,
2194 2308 2241 2363 si
2286 2305 2612 2376 poterimus,
2648 2319 2717 2359 ex
2758 2301 3069 2371 Seripturis
3104 2298 3304 2354 divinis
3345 2297 3579 2368 probare

268 2442 416 2497 nun]
458 2440 623 2496 non-0
657 2431 761 2486 est,
807 2436 908 2475 nec
949 2420 1203 2489 pmsenli
1251 2418 1593 2474 conveniens
1630 2416 1883 2486 lemnm-i’
1995 2400 2352 2457 tentabimus.
2385 2398 2528 2453 Audi
2580 2398 2756 2467 primo
2811 2394 3041 2449 Paulum
3082 2393 3357 2447 dicentem
3388 2409 3401 2442 :
3435 2407 3454 2439 ι
3489 2386 3583 2442 Li-

270 2483 337 2572 iit
390 2483 630 2588 plurima
687 2514 754 2569 de
812 2513 878 2567 iis
925 2511 1235 2566 testimonia
1285 2510 1655 2582 proferamus,
1689 2483 1888 2580 quibus
1989 2494 2183 2550 belli“
2228 2492 2402 2557 θυίων
2432 2489 2701 2561 inquit“.
2733 2486 3064 2557 “Pendam.
3092 2483 3584 2582 elexpendul‘Pm

270 2571 559 2681 probetur
580 2606 728 2676 quod
755 2605 789 2658 ii
823 2604 913 2674 qui
947 2603 1123 2658 sancti
1163 2571 1440 2667 dicuntur,
1479 2618 1585 2657 non
1622 2571 1883 2657 continue

1988 2585 2278 2640 animabus
2299 2581 2535 2647 vestris;
2568 2600 2586 2633 ι
2617 2580 2745 2635 etin
2771 2579 2878 2633 alio
2904 2578 3024 2631 loco
3054 2594 3067 2630 :
3101 2595 3119 2627 ι
3152 2574 3262 2643 Ego
3297 2573 3441 2627 enim
3467 2571 3580 2641 iam

273 2703 463 2757 etiam
511 2698 630 2753 sine
663 2705 888 2767 peccato
917 2709 1039 2750 esse
1067 2693 1475 2763 intelligantur;
1504 2694 1600 2748 sed
1629 2692 1745 2748 haec
1770 2692 1886 2761 opi-

1988 2676 2265 2743 immolor,
2290 2673 2551 2744 inquit",
2573 2681 2628 2727 et
2649 2682 2859 2741 tempus
2886 2668 3297 2739 regressiouis,»
3325 2664 3443 2719 sive
3464 2679 3584 2718 tre-

274 2799 498 2847 neutur
539 2790 614 2857 illi
646 2754 736 2860 qui
771 2788 1071 2856 Scripturis
1102 2754 1300 2841 divinis
1345 2754 1472 2840 non
1505 2783 1758 2846 sollicite,
1788 2754 1889 2838 nec
1990 2768 2278 2825 εοιυιίυιιίε
2308 2781 2441 2821 mea?
2472 2765 2703 2823 Ῐυειειιοθ
2737 2764 2844 2818 ΡΓο
2865 2761 2934 2817 iis
2978 2774 3111 2830 θιέο
3141 2756 3338 2860 quib.“
3367 2754 3578 2860 Sﬁ'ibe'

275 2848 591 2954 diligettter
636 2846 966 2936 intendunt:
1002 2878 1056 2933 in
1103 2878 1302 2947 quibus
1346 2876 1527 2931 multa:
1560 2890 1682 2931 esse
1733 2874 1888 2931 diﬁ'e-

1990 2862 2108 2927 bat,
2135 2859 2371 2929 expendi
2400 2873 2461 2914 se
2490 2869 2546 2915 et
2585 2855 2851 2912 immolari
2887 2852 3017 2907 dicit
3047 2848 3364 2920 Apostolus.
3395 2846 3581 2902 llostta

280 2973 493 3027 rentizc
525 2982 841 3026 sanctorum
874 2971 1162 3031 docentur,
1200 2967 1342 3020 sicut
1371 2982 1401 3019 a
1425 2966 1581 3021 nobis
1609 2974 1663 3019 et
1690 2966 1743 3019 in
1767 2964 1891 3020 aliis

1991 2962 2175 3007 autem
2211 2968 2333 3006 cum
2358 2949 2697 3015 immolatur,
2728 2946 2799 3001 ad
2833 2946 2937 3000 hoc
2963 2940 3275 2998 immolatur
3304 2953 3363 2992 ut
3395 2953 3581 2991 eorum

285 3064 632 3118 tractatibus
662 3061 876 3131 plenius
911 3060 1119 3115 dictum
1151 3067 1256 3112 est.
1290 3056 1402 3111 Sed
1439 3066 1495 3111 et
1536 3072 1681 3111 nunc
1709 3070 1890 3125 quau-

1992 3059 2093 3115 pro
2126 3044 2325 3112 quibus
2343 3042 2647 3113 iugulatur,
2679 3046 2901 3107 peccata
2928 3041 3252 3104 purgentur.
3280 3028 3355 3084 De
3384 3038 3589 3095 marty-

286 3166 416 3210 tum
447 3156 597 3209 locus
623 3155 871 3222 requirit,
906 3153 1173 3207 dicemus.
1199 3150 1386 3206 Sancti
1418 3150 1675 3204 dicuntur
1698 3119 1889 3204 iidem-
1915 3188 1957 3222 ρ
1996 3140 2148 3194 ribus
2190 3149 2371 3193 autem
2403 3136 2597 3191 scribit
2633 3132 2872 3188 Joannes
2919 3126 3198 3199 apostolus
3237 3127 3289 3178 in
3316 3119 3589 3193 Apocaiy-

289 3188 416 3210 ιιιιιι
447 3188 597 3209 unum
623 3188 871 3222 nequ-lu,
906 3188 1173 3207 υιυνιιιυσο
1200 3188 1386 3206 υ-ιιυιι
1418 3188 1667 3204 υιυυιιηιη
1698 3188 1885 3204 ιιυνυιί
1997 3188 2145 3194 ---—~
2193 3188 2369 3193 ——-v~——
2404 3188 2565 3191 --ηκν
2956 3188 2972 3199 .
3367 3188 3383 3193 -
3526 3188 3535 3190 -

289 3263 411 3315 que
441 3257 495 3300 et
522 3225 840 3315 p‘eccatores
868 3243 943 3298 illi
968 3244 1057 3312 qui
1083 3256 1143 3298 se
1172 3249 1436 3297 voverunt
1465 3239 1683 3310 quidem
1706 3238 1816 3293 Deo
1833 3249 1888 3294 et
1915 3188 1959 3248 ϐ
1994 3231 2161 3304 psi",
2187 3230 2312 3300 quia
2343 3229 2539 3283 animo:
2586 3241 2774 3281 eorum
2807 3223 2907 3295 qui
2944 3218 3180 3291 jugulati
3208 3228 3334 3274 sunt
3367 3226 3590 3285 propter

291 3347 793 3406 Sequestraverttnt
842 3353 871 3389 a
910 3335 1054 3404 vulgi
1094 3336 1508 3390 conversatione
1537 3333 1704 3386 vitam
1732 3347 1888 3387 suam
1994 3339 2192 3380 nomen
2221 3323 2431 3377 Domini
2454 3320 2603 3385 Jesu,
2634 3319 2903 3375 assistunt
2930 3314 3131 3379 altari;
3163 3312 3254 3382 qui
3289 3321 3471 3363 autem
3493 3324 3587 3361 as-

294 3432 369 3483 ad
410 3431 512 3482 hoc
563 3436 621 3483 ut
665 3428 894 3483 Domino
922 3397 1190 3482 ser'viant.
1224 3424 1541 3494 Huiusmodi
1570 3439 1698 3493 ergo
1727 3424 1893 3479 homo
1994 3415 2139 3471 sistit
2169 3414 2370 3478 altari,
2406 3411 2716 3466 ostenditur
2738 3408 2893 3476 fungi
2924 3402 3227 3462 sacerdotis
3252 3397 3449 3455 oﬂieio.
3482 3397 3587 3452 Sa-

294 3523 607 3577 secundutn
642 3521 768 3588 hoc,
803 3522 945 3588 quod
982 3535 1041 3574 se
1090 3518 1565 3578 caeterisactibus
1609 3518 1896 3572 circumci-
1994 3505 2429 3562 cerdotisautem
2448 3499 2680 3557 ofﬁcium
2701 3512 2921 3569 eSt,pro
2938 3495 3116 3566 populi
3140 3493 3446 3563 supplicare
3461 3504 3591 3561 pec-

294 3617 380 3668 sis
412 3612 643 3667 Domino
676 3612 1027 3683 tnaucipavit,
1064 3622 1293 3666 sanctus
1320 3609 1540 3663 dicitur.
1574 3608 1758 3663 Potest
1793 3624 1894 3663 au-
1995 3598 2153 3655 catis.
2183 3595 2335 3652 Unde
2352 3610 2453 3666 ego
2478 3608 2690 3658 vereor,
2717 3606 2785 3646 ne
2811 3590 2953 3645 forte
2976 3602 3042 3641 ex
3062 3601 3166 3656 quo
3187 3596 3458 3655 martyres
3480 3599 3584 3637 non

298 3717 416 3760 tem
454 3706 590 3771 ﬁeri,
624 3716 680 3759 ut
711 3706 761 3758 in
794 3705 895 3759 hoc
929 3705 1045 3773 ipso
1072 3705 1216 3774 quod
1245 3704 1471 3759 Domino
1497 3702 1756 3768 deservit,
1786 3716 1893 3755 non

1998 3689 2156 3756 ﬁunt,
2185 3686 2449 3741 ethostite
2470 3693 2786 3740 sanctorum
2812 3696 2916 3737 non
2945 3676 3249 3733 oﬁ‘erttntur
3272 3689 3368 3743 pro
3395 3688 3587 3742 pecca-

300 3802 382 3853 itzt
432 3800 616 3853 omnia
658 3805 814 3870 gerat
850 3806 907 3851 ut
947 3797 1065 3868 geri
1095 3797 1378 3866 competit,
1412 3798 1508 3853 sed
1542 3766 1819 3866 delinquat
1841 3797 1893 3849 in
2000 3784 2072 3836 tis
2093 3780 2322 3846 nostris,
2343 3787 2693 3847 peccatorum
2724 3782 3035 3828 nostrorum
3069 3766 3445 3822 remissionem
3480 3780 3592 3816 non

301 3889 608 3954 nonnullis,
642 3900 697 3945 et
740 3900 947 3960 peccet.
1004 3889 1159 3945 Sicut
1189 3892 1333 3945 enim
1386 3891 1431 3946 is
1464 3890 1555 3960 qui
1587 3856 1897 3958 sequestrat
1997 3869 2548 3930 ιιιθτεθιιὶυτοειίάεο
2574 3882 2788 3931 vereor:
2809 3880 2875 3919 ιιε
2892 3860 3338 3934 Ρθνωθιδθηῑῖυυε
3362 3858 3414 3911 i“
3435 3856 3595 3909 "oms

301 3999 391 4049 se,
420 3993 477 4038 et
523 3991 773 4054 segregat
803 3984 870 4037 ab
896 3982 1150 4038 omnibus
1175 3982 1410 4049 actibus,
1445 3992 1502 4036 ut
1526 3981 1895 4051 disciplinam,

1999 3965 2236 4037 peccatis
2266 3963 2495 4029 nostris,
2521 3959 2732 4015 accidat
2755 3958 2910 4012 nobis
2936 3954 3065 4008 illud
3099 3953 3246 4022 quod
3286 3952 3351 4004 de
3386 3956 3589 4003 semet-

304 4075 464 4130 verbi
498 4075 697 4145 gratia,
740 4076 1027 4130 medicinae
1079 4085 1171 4129 aut
1198 4074 1559 4145 philosophia:
1593 4088 1897 4141 consequa-

2000 4060 2133 4130 ipsis
2166 4059 2353 4113 dicunt
2380 4053 2573 4119 Judaei,
2608 4051 2736 4122 quia
2768 4065 2877 4104 non
2910 4048 3174 4103 habentes
3198 4043 3387 4105 altare,
3416 4054 3591 4109 neque

305 4176 422 4231 tur,
454 4182 557 4247 non
588 4168 773 4236 utique
801 4168 1062 4221 continuo
1094 4176 1150 4221 ut
1173 4132 1231 4224 se
1258 4166 1567 4238 lmiusmodi
1615 4132 1899 4219 tradiderit
2004 4153 2283 4221 lemplum.
2314 4164 2494 4220 neque
2516 4144 2913 4219 sacerdotium.
2934 4152 2990 4196 el
3012 4140 3084 4195 οὶ)
3108 4139 3212 4192 hoc
3246 4150 3346 4190 ιιθο
3382 4132 3592 4188 ιιυειὶδδ

305 4244 640 4326 disciplinis,
678 4258 750 4311 ita
781 4257 1057 4327 perfectus
1104 4258 1231 4321 erit,
1258 4234 1451 4311 ut'non
1506 4257 1819 4310 inveniatur
1846 4256 1897 4309 in
2006 4252 2320 4318 oﬁ'ereutes,
2355 4259 2603 4322 peccata,
2644 4244 2843 4314 inquit,
2878 4250 3063 4297 nostra
3099 4245 3326 4291 manent
3381 4234 3434 4288 in
3490 4247 3585 4284 no~

306 4347 505 4416 aliquo
555 4360 832 4415 peccare:
868 4348 975 4399 imo
1034 4347 1213 4413 potius
1270 4346 1501 4415 plurima
1539 4346 1901 4414 delinquendo
2006 4346 2125 4408 bis;
2173 4355 2229 4399 et
2287 4344 2411 4398 ideo
2469 4340 2631 4396 venia
2672 4337 2823 4392 nulla
2860 4332 3240 4402 subsequitur.
3271 4327 3339 4382 Et
3372 4333 3588 4386 contra,

305 4439 401 4493 vix
442 4437 506 4491 ad
534 4436 921 4507 perfectionem
974 4437 1269 4506 aliquando
1298 4438 1608 4506 perveniet;
1638 4448 1691 4491 et
1718 4448 1897 4490 tamen
2006 4450 2104 4488 nos
2152 4434 2340 4489 dicere
2389 4432 2674 4492 debemus,
2721 4426 2847 4495 quia
2889 4422 3084 4478 hostia:
3137 4426 3442 4486 martyrum
3483 4428 3593 4466 non

307 4528 504 4583 Statim
539 4536 597 4581 ut
620 4541 679 4581 se
706 4527 771 4581 ad
814 4526 1123 4596 huiusmodi
1156 4527 1383 4581 scholas
1407 4528 1653 4591 tradidit,
1689 4538 1900 4582 certum
1937 4528 1982 4585 υ
2010 4525 2314 4579 oll'eruutur
2343 4537 2440 4590 pro
2485 4519 2664 4583 nobis,
2701 4518 2908 4571 idcirco
2944 4520 3168 4567 manent
3200 4510 3251 4562 in
3285 4507 3442 4560 nobis
3476 4521 3597 4573 pec-

310 4628 400 4673 cst
454 4632 577 4672 eum
630 4618 715 4673 vel
766 4622 910 4673 inter
961 4619 1231 4683 medicos,
1265 4618 1347 4673 vel
1380 4618 1523 4673 inter
1552 4618 1902 4688 philosophos
2010 4628 2129 4672 cata
2155 4627 2510 4681 uostra;non
2537 4611 2684 4665 enitn
2709 4623 2988 4664 meremur
3014 4602 3446 4676 persecutionem
3483 4597 3596 4667 pati

311 4707 635 4773 numerari;
680 4708 751 4761 ita
782 4718 837 4763 et
866 4710 935 4764 de
985 4711 1195 4765 sanctis
1227 4710 1608 4779 accipiendum
1643 4721 1728 4765 est
1754 4713 1899 4780 quod
2012 4720 2230 4779 propter
2275 4704 2579 4770 Christum,
2612 4717 2715 4757 nec
2759 4700 2898 4756 mori
2952 4708 3174 4769 propter
3232 4708 3429 4747 nomen
3468 4688 3595 4742 Filii

313 4799 506 4853 statim
529 4800 750 4869 quidem
775 4809 834 4855 ut
859 4803 1134 4869 mancipat
1161 4816 1221 4856 se
1255 4802 1381 4871 quis
1415 4801 1614 4857 studiis
1641 4804 1902 4858 sanetita-
2015 4801 2132 4856 Dei.
2162 4799 2232 4854 Et
2267 4799 2392 4853 ideo
2436 4796 2604 4853 etiam
2639 4792 2911 4856 diabolus,
2949 4790 3133 4845 sciens
3161 4800 3255 4855 per
3285 4780 3596 4853 passionem

314 4893 417 4956 tis,
455 4898 753 4946 secundum
780 4894 881 4949 hoc
904 4896 1047 4963 quod
1089 4897 1391 4965 proposuit,
1423 4904 1648 4951 sanctus
1670 4895 1904 4965 appelle-
2013 4894 2264 4966 martyrii
2312 4890 2697 4947 remissionem
2736 4885 2856 4939 tieri
2896 4890 3418 4955 peecatorumunon
3475 4872 3596 4926 vult

320 4994 431 5037 tur.
479 4982 789 5040 Secundum
832 4987 936 5042 hoc
974 5002 1104 5042 vero
1136 4987 1282 5057 quod
1316 5001 1541 5043 necesse
1575 4999 1660 5044 est
1687 5002 1813 5043 eum
1848 4988 1900 5042 in
2013 4986 2170 5040 nobis
2225 4982 2477 5052 publicas
2527 4976 2811 5049 gentilium
2871 4971 3283 5041 persecutiones
3339 4980 3594 5020 movere;

321 5076 507 5132 multis
544 5077 888 5146 delinquere,
941 5081 1115 5135 donec
1159 5093 1257 5133 usu
1286 5086 1346 5132 et
1376 5078 1659 5150 disciplina
1693 5094 1758 5133 ac
1784 5079 1905 5133 dili-
2013 5080 2114 5134 scit
2143 5078 2313 5141 enim,
2345 5076 2470 5145 quia
2518 5073 2566 5127 si
2609 5072 2675 5124 ad
2711 5081 2867 5135 reges
2888 5077 2943 5120 et
2971 5064 3226 5135 prasides
3260 5060 3595 5113 adducamur

322 5172 503 5239 gentia
566 5172 919 5227 abscindatur
968 5176 1036 5228 ab
1087 5188 1154 5228 eo
1213 5175 1554 5229 consuetudo
1618 5172 1902 5243 peccandi,
2017 5184 2238 5244 propter
2283 5185 2482 5225 nomen
2512 5163 2741 5226 Christi,
2774 5163 2842 5217 ad
2895 5158 3267 5216 testimonium
3298 5151 3498 5207 Judmis
3543 5160 3598 5203 ct

322 5263 490 5317 ctiatn
537 5274 813 5332 peccator,
871 5274 929 5319 ut
983 5283 1146 5337 supra
1191 5269 1470 5331 diximus,
1514 5242 1904 5335 appellabitur.
2017 5242 2294 5332 gentibus,
2350 5258 2605 5329 gaudium
2662 5253 2821 5308 nobis
2873 5262 2928 5305 ct
2981 5247 3281 5303 exsultatio
3324 5245 3417 5308 sit.
3470 5242 3599 5311 quia

329 5352 438 5422 ligo
459 5363 644 5408 autem
675 5364 731 5409 et
780 5354 1012 5424 amplius
1034 5358 1175 5410 addo
1204 5356 1432 5425 aliquid,
1465 5354 1608 5424 quod
1641 5352 1744 5407 nisi
1776 5367 1899 5405 satt-
2020 5368 2235 5407 merces
2293 5363 2476 5407 nostra
2506 5348 2684 5403 multa
2741 5344 2794 5397 itt
2846 5343 3002 5396 caelis
3032 5350 3133 5395 est.
3173 5334 3296 5391 lla'c
3331 5351 3435 5388 non
3470 5331 3599 5386 facit

328 5456 476 5499 ctum
506 5446 842 5515 propositum
875 5446 1072 5515 aliquis
1106 5447 1324 5509 habeat,
1353 5456 1407 5498 ct
1442 5445 1748 5499 sanctitatis
1790 5451 1911 5496 sttt-
2022 5445 2299 5511 inimicus,
2332 5445 2413 5499 vel
2444 5445 2585 5512 quod
2620 5445 2733 5513 ipse
2764 5438 2946 5510 gloria:
2977 5435 3202 5497 invidet,
3232 5430 3313 5484 vel
3347 5426 3602 5482 fortnasis

397 5537 441 5568 "
469 5536 484 5590 I
516 5540 644 5592 Cor.
677 5554 731 5601 x,
754 5539 825 5593 ‘20
847 5549 902 5594 et
934 5537 1023 5591 2|.
1102 5537 1145 5567 “
1174 5538 1189 5591 Ι
1217 5536 1345 5590 Cor.
1379 5552 1451 5600 xt,
1487 5538 1573 5590 18.
1652 5537 1695 5569 °'
1721 5535 1851 5589 ibid.
1890 5535 1980 5590 21.

2082 5539 2126 5570 ⁸⁸
2153 5539 2283 5593 ibid.
2325 5537 2395 5590 50
2421 5546 2473 5592 et
2496 5536 2583 5589 5i.
2685 5534 2729 5565 °'
2758 5531 2775 5585 Ι
2804 5532 2935 5587 Cor.
2956 5544 3045 5595 xv,
3078 5528 3161 5581 12.
3256 5522 3305 5555 ⁷⁸
3336 5521 3470 5577 ibid.
3508 5521 3598 5576 17.

330 5604 371 5636 ⁷³
399 5605 439 5659 ll
470 5606 598 5662 Cor.
636 5624 730 5671 xtl,
770 5611 853 5664 15.
929 5609 974 5640 ⁷²
1000 5608 1040 5661 ιι
1071 5606 1213 5661 Tim.
1252 5623 1322 5671 tv,
1366 5612 1419 5660 ϋ.
1497 5608 1717 5678 "Apoc.
1752 5621 1825 5660 vt.

405 5747 481 5817 (6)
511 5748 692 5802 Codex
750 5748 1102 5805 Belvacensis
1128 5788 1144 5811 ,
1186 5765 1204 5798 ι
1229 5744 1650 5801 immolatitium.
1678 5762 1695 5794 ι
1727 5745 1913 5799 Codex
2034 5762 2051 5794 ι
2076 5739 2546 5817 de‘itntuplali‘s.)
2584 5736 2737 5815 Libh.
2770 5735 2922 5799 editi,
2962 5753 2980 5785 ι
3008 5731 3292 5817 immolati.
3316 5751 3336 5786 ι

337 5802 519 5874 Sancti
556 5802 1426 5889 Theoderici,viimuiolatiouis.
1472 5840 1485 5867 ς
1538 5816 1913 5885 Ειιιυιςυιιδιδ,
2098 5812 2173 5884 (7)
2203 5812 2386 5868 Codex
2421 5808 2792 5877 Bclvaccnsis,
2828 5823 2846 5858 t
2871 5802 3139 5860 mortalia.
3185 5822 3200 5852 ι
