4086 6218
522 320 626 378 659

2016 321 2335 377 ORICENIS

3680 312 3792 367 0ίο

520 438 666 508 quod
729 436 815 492 ille
857 439 947 506 qui
982 438 1162 492 omnia
1220 438 1501 507 prasvidet,
1532 439 1824 508 prieuoscit
1865 454 1964 493 nos
1997 456 2100 491 non
2138 450 2178 505 Α
2212 432 2519 501 Evangeliis
2566 432 2697 487 ίΙίεῖι
2730 432 2816 484 ⁸⁸³
2866 450 2884 481 ί
2925 428 3004 482 Τιι
3057 436 3237 481 “mem
3288 442 3408 479 “'m
3451 441 3598 490 oms,
3644 429 3789 479 im”

522 543 647 582 esse
678 529 899 582 idoneos
934 531 999 583 ad
1030 531 1351 599 martyrium
1389 532 1749 585 tolerandum.
1778 530 1892 586 Scit
1916 542 2094 585 tamen

522 619 783 672 Dominus
814 620 905 682 qui
941 628 1065 673 sunt
1097 620 1238 688 ejus,
1267 632 1321 675 et
1355 621 1406 674 in
1441 624 1637 689 quibus
1670 638 1774 676 non
1819 633 2093 692 speratur,

522 711 685 765 habet
730 712 817 766 ille
844 712 1131 767 thesauros
1159 730 1288 768 suos
1326 729 1340 767 :
1373 735 1390 766 ι
1434 716 1546 769 Non
1575 717 1719 769 enim
1764 717 1901 771 sicut
1933 717 2096 771 homo

518 804 687 867 videt,
727 804 800 857 ita
848 813 900 859 et
939 806 1165 859 Deus“.
1195 826 1212 858 ι
1252 806 1361 876 Ego
1399 824 1504 860 non
1542 808 1730 862 dubito
1773 819 1821 862 et
1881 811 1931 863 in
1992 812 2093 865 hoc

517 906 783 947 conventu
842 910 965 949 esse
1013 897 1231 963 aliquos
1278 899 1378 966 ipsi
1436 899 1533 953 soli
1569 901 2091 970 cognitos,quiiam

518 986 659 1050 apud
713 1001 835 1038 eum
895 998 1164 1055 martyres
1212 991 1321 1043 sint
1359 991 1672 1046 testimonio
1722 994 2087 1056 conscientiie,

515 1077 715 1145 parati,
749 1078 790 1131 si
825 1079 944 1146 quis
965 1092 1245 1148 exposcat,
1280 1082 1555 1139 cllundere
1578 1086 1895 1154 sanguinem
1933 1103 2089 1140 suum

517 1182 617 1233 pro
648 1168 864 1221 nomine
923 1169 1129 1224 Domini
1163 1171 1290 1228 Jesu
1324 1175 1559 1243 Christi;
1600 1192 1706 1231 non
1750 1178 1943 1233 dubito
1974 1194 2093 1233 esse

518 1258 728 1327 aliquos
786 1261 874 1327 qui
932 1262 1157 1317 tulerint
1202 1282 1419 1321 erucem
1472 1284 1647 1337 suam,
1706 1280 1761 1324 et
1796 1282 2092 1340 sequantur

512 1366 653 1404 eum.
709 1350 832 1405 Haec
888 1353 1013 1407 licet
1047 1370 1141 1423 per
1170 1373 1456 1413 excessum
1490 1364 1804 1429 quemdam,
1834 1378 2091 1419 necessa-

512 1443 595 1495 rio
633 1454 810 1499 tamen
872 1449 1127 1503 videntur
1174 1452 1341 1516 dicta,
1380 1464 1436 1506 ut
1473 1456 1898 1524 intelligeremus
1954 1475 2088 1526 quo-

519 1535 687 1590 modo
715 1553 812 1605 per
845 1542 1181 1609 pontificem,
1222 1544 1382 1615 303
1412 1557 1464 1599 et
1501 1547 1639 1602 ﬁlios
1669 1550 1945 1617 pontilicis
1996 1552 2089 1605 liat

516 1624 574 1679 in
608 1630 812 1683 sanctis
847 1631 1092 1685 remissio
1119 1646 1494 1701 peccatorum.

578 1760 631 1813 5.
676 1760 932 1830 Sequitur
961 1774 1079 1832 post
1106 1764 1259 1817 haec:
1300 1783 1318 1815 ι
1348 1764 1414 1819 Et
1444 1775 1521 1828 tu,
1568 1767 1742 1836 inquit
1786 1769 1853 1833 ⁷⁸,
1892 1779 1947 1825 et
1993 1772 2086 1825 lilii

510 1848 587 1903 tui
623 1851 898 1921 accipietis
957 1863 1175 1922 peccata
1217 1857 1505 1910 sacerdotii
1548 1860 1711 1914 vestri
1752 1878 1764 1913 :
1810 1872 1863 1915 et
1892 1861 2090 1919 fratres

509 1951 633 1997 tuos
655 1944 887 1997 tribumu
923 1944 1076 2010 Levi,
1111 1946 1319 2014 plebem
1352 1950 1522 2016 patris
1556 1951 1630 2004 tui
1668 1967 1882 2008 assume
1912 1955 1975 2007 ad
2010 1966 2083 2021 te,

508 2043 563 2086 et
587 2034 953 2103 adjungantur
988 2038 1103 2102 tibi,
1137 2050 1185 2093 et
1226 2041 1534 2097 ministrent
1565 2043 1658 2098 tibi
1695 2062 1707 2098 :
1742 2057 1797 2101 et
1817 2056 1869 2101 ιιι
1899 2058 1953 2102 et
1993 2050 2086 2103 lilii

507 2125 585 2176 tui
619 2135 792 2179 tecum
823 2127 877 2181 in
902 2140 1192 2198 conspectu
1225 2133 1553 2189 tabernaculi
1580 2138 1874 2191 testimonii
1898 2140 2087 2193 obser-

505 2217 710 2271 vabunt
762 2220 1042 2275 custodias
1110 2230 1231 2278 tuas
1288 2226 1638 2280 tabernaculi.
1697 2248 1715 2279 )
1780 2229 2085 2285 Observare

504 2305 841 2376 diligentius,
869 2310 1218 2367 etintendere
1269 2315 1332 2368 iis
1376 2332 1497 2384 qua:
1525 2320 1727 2386 scripta
1759 2331 1916 2384 sunt,
1948 2338 2082 2375 con-

501 2396 651 2448 venit
682 2411 775 2450 eos
807 2399 1076 2466 praecipue
1120 2402 1210 2469 qui
1259 2404 1310 2456 in
1348 2406 1540 2459 ordine
1597 2410 1920 2463 sacerdotali
1966 2415 2077 2479 glo—

503 2485 751 2550 riantur;
792 2496 848 2541 ut
872 2490 1047 2544 sciant
1070 2492 1195 2559 quid
1224 2505 1307 2547 est
1334 2498 1478 2564 quod
1499 2499 1578 2552 eis
1608 2498 1689 2553 lex
1733 2502 1913 2555 divina
1948 2520 2082 2573 pra:-

500 2574 643 2642 cepit
671 2575 1088 2633 observandum.
1118 2581 1217 2648 Tu,
1254 2583 1451 2653 inquit,
1485 2598 1538 2641 et
1566 2590 1658 2643 lilii
1695 2592 1766 2644 tui
1803 2602 1978 2647 tecum
2028 2598 2079 2649 in

500 2676 797 2736 conspectu
832 2674 1165 2728 tabernaculi
1200 2678 1483 2733 observate
1526 2683 1800 2738 custodias
1851 2695 2079 2753 vestras,

498 2764 554 2810 et
612 2758 806 2826 altare,
853 2774 909 2817 et
958 2767 1233 2823 custodias
1282 2771 1613 2828 tabernaculi
1667 2776 1766 2846 (8).
1825 2777 2078 2835 Mandata

498 2851 717 2919 quidem
781 2864 930 2909 certa
992 2868 1115 2911 sunt
1184 2870 1237 2915 et
1288 2865 1599 2930 evidentia,
1662 2878 1721 2922 ut
1783 2872 2078 2929 observare

500 2942 794 2999 debeamus
838 2949 1109 3004 custodias
1157 2951 1514 3021 tabernaculi,
1563 2966 1617 3010 et
1661 2959 1871 3026 altaris,
1899 2973 1952 3016 et
1986 2980 2077 3019 sa-

498 3037 723 3093 cerdotii
751 3054 765 3103 ;
789 3042 908 3107 quis
939 3056 1069 3095 sane
1094 3043 1165 3097 sit
1189 3046 1279 3114 qui
1306 3046 1576 3111 observet,
1604 3059 1656 3103 et
1680 3049 1921 3107 faciatea
1955 3071 2075 3124 quae

496 3129 870 3183 sacerdotibus
902 3135 1151 3189 mandata
1179 3147 1305 3191 sunt
1343 3157 1356 3205 ;
1406 3149 1460 3195 et
1505 3142 1629 3211 quis
1671 3146 1742 3198 sit
1767 3146 1858 3213 qui
1887 3156 2073 3202 utatur
2101 3160 2143 3217 ο

494 3219 713 3287 quidem
753 3225 944 3277 ordine
971 3236 1026 3279 et
1057 3226 1261 3283 honore
1287 3233 1597 3298 sacerdotii,
1638 3251 1803 3304 opera
1849 3255 1979 3295 vero
2021 3250 2075 3295 et

495 3314 815 3383 mysterium
844 3319 1131 3373 sacerd0tii
1168 3336 1270 3375 non
1296 3324 1568 3391 observet,
1604 3328 1692 3383 ille
1719 3330 1867 3385 solus
1910 3348 2071 3387 nosse

492 3414 687 3472 potem,
712 3408 801 3475 qui
834 3419 1110 3466 scrutatur
1134 3416 1295 3469 corda
1347 3426 1397 3469 et
1444 3434 1599 3474 renes
1628 3422 1694 3475 ⁷³.
1746 3421 2073 3479 Mandautur

490 3497 771 3553 observari
808 3516 911 3554 non
941 3502 1114 3557 solum
1170 3521 1231 3559 ea
1274 3524 1393 3577 qua:
1432 3510 1562 3566 foris
1619 3524 1764 3579 sunt,
1807 3536 1824 3566 ι
1867 3517 1970 3570 Sed
2018 3529 2073 3571 et

490 3602 577 3651 ea,
613 3590 789 3658 inquit
835 3593 902 3657 ⁷⁷,
948 3602 1005 3647 ut
1054 3609 1246 3652 curent
1286 3603 1600 3657 sacerdotes
1637 3606 1906 3674 przccipue
1952 3624 2071 3676 qua:

492 3682 635 3736 intra
680 3684 920 3741 velamen
967 3701 1128 3758 sunt;
1177 3711 1194 3743 ι
1250 3694 1397 3748 velut
1447 3697 1491 3750 si
1528 3697 1774 3753 diceret:
1821 3718 1951 3755 cura
2000 3703 2071 3755 sit

489 3778 904 3845 sacerdotibus,
974 3783 1246 3839 evidentia
1316 3804 1380 3843 ae
1457 3791 1745 3846 manifesta
1817 3796 2068 3849 mandata

488 3862 690 3919 divinae
721 3865 853 3936 legis
888 3869 1129 3937 implere,
1156 3884 1208 3928 et
1235 3880 1488 3947 mysteria
1513 3880 1630 3947 ejus
1658 3884 1975 3937 abscondita
2014 3895 2068 3939 et

489 3954 664 4009 velata
732 3962 877 4014 onmi
947 3967 1278 4033 persiiieaeia
1354 3974 1621 4026 contueri.
1688 3973 1744 4027 Si
1812 3991 1940 4030 vero
2000 3977 2065 4030 ad

487 4046 765 4101 hominem
816 4051 947 4105 velis
1004 4054 1210 4109 referre
1250 4059 1655 4114 tabernaculum
1724 4066 2062 4131 testimonii;

486 4139 745 4203 quoniam
811 4143 1027 4210 quidem
1090 4162 1285 4217 corpus
1354 4152 1590 4207 hominis
1652 4156 2061 4211 tabernaculum

486 4229 687 4285 Paulus
717 4235 971 4302 appellat,
1020 4238 1205 4294 dicens
1259 4242 1348 4296 “’3:
1397 4262 1414 4295 ε
1450 4243 1550 4310 Qui
1582 4246 1727 4300 enim
1780 4264 1968 4303 sumus
2008 4251 2061 4303 in

486 4324 837 4381 tabernaculo
869 4330 995 4396 hoc,
1022 4335 1290 4402 gemimus
1319 4338 1595 4407 aggravati
1622 4355 1637 4403 ;
1671 4340 1722 4393 iu
1764 4356 1873 4410 quo
1904 4343 2060 4396 uolu-

483 4431 605 4471 mus
627 4420 936 4488 exspoliari,
964 4426 1056 4477 sed
1089 4431 1442 4497 supervcstiri
1469 4447 1483 4496 ;
1534 4451 1549 4485 ν
1600 4433 1645 4486 si
1693 4448 1824 4501 ergo
1850 4436 1915 4488 ad
1957 4435 2059 4490 ho-

485 4510 683 4563 minem
732 4513 1135 4571 tabernaculum
1202 4520 1542 4587 rel'eramus,
1601 4525 1857 4581 interiora
1911 4529 2059 4581 vela-
2092 4512 2134 4566 Ῑ)

483 4602 667 4666 minis,
727 4604 815 4658 ubi
870 4606 1270 4663 inaccessibilia
1323 4626 1707 4683 conteguntur,
1762 4620 2058 4688 principale

481 4697 661 4760 cordis
683 4697 947 4763 dicemus,
973 4701 1113 4768 quod
1139 4703 1310 4756 solum
1336 4708 1575 4775 recipere
1599 4720 1772 4778 potest
1799 4716 2053 4783 mysteria

479 4788 749 4853 veritatis,
803 4800 858 4845 et
915 4807 1084 4859 capax
1131 4810 1251 4849 esse
1296 4812 1620 4854 arcanorum
1671 4804 1781 4857 Dei.
1834 4807 2040 4859 Altaria

478 4894 607 4935 vero
640 4881 782 4948 duo,u
802 4882 853 4937 id
876 4894 959 4937 est
986 4886 1216 4941 interius
1234 4897 1286 4941 ct
1305 4892 1565 4958 exterius,
1603 4897 1859 4963 quoniam
1883 4899 2056 4953 altare

474 4976 740 5029 orationis
777 4976 1035 5031 indicium
1086 4990 1189 5045 est,
1229 4979 1356 5036 illud
1391 4993 1522 5053 puto
1561 4986 1870 5056 significare
1907 4994 2047 5059 quod

476 5067 610 5121 dicit
634 5066 987 5135 Apostolus"
1015 5087 1029 5122 ;
1055 5087 1073 5120 i
1100 5069 1283 5126 Orabo
1308 5073 1523 5142 spiritu,
1549 5077 1717 5130 orabo
1737 5089 1790 5132 et
1809 5092 2006 5135 mente.
2024 5102 2041 5133 ι

474 5158 607 5212 Cum
638 5160 781 5212 enim
816 5161 979 5215 corde
1015 5179 1263 5226 oravero,
1301 5168 1366 5218 ad
1394 5167 1566 5223 altare
1596 5169 1826 5225 interius
1864 5173 2047 5243 ingre—

475 5250 614 5307 dior.
666 5251 731 5304 Et
782 5251 885 5307 hoc
939 5264 1070 5322 puto
1117 5270 1239 5311 esse
1282 5260 1423 5326 quod
1462 5261 1623 5313 etiam
1669 5262 1931 5319 Dominus
1990 5268 2042 5319 in

546 5418 591 5449 ⁷⁵
852 5434 971 5493 svi,
1005 5420 1056 5475 7.
1131 5423 1175 5454 ⁷³
1208 5421 1364 5475 Num.
1401 5442 1554 5493 xvttt,
1605 5428 1719 5483 1-5.

473 5502 584 5551 xw,
613 5492 699 5544 15.
777 5491 822 5521 ⁸⁰
846 5491 1034 5548 Matth.
1074 5508 1146 5559 Η,
1170 5495 1222 5547 ϐ.
1297 5496 1339 5525 ⁸⁸
1383 5494 1422 5549 ΙΙ
1452 5491 1578 5551 Cor.
1608 5515 1688 5562 ιιι,
1718 5500 1772 5566 ‘2,
1803 5502 1855 5555 5.

544 5586 619 5658 (8)
664 5586 945 5643 Observata
980 5591 1250 5643 rustodias
1280 5603 1494 5657 vestras,
1532 5603 1579 5645 et
1612 5594 1802 5658 altare,
1856 5610 1900 5649 rt
1946 5615 2042 5649 cu-

472 5656 674 5731 uodt'tu
710 5659 1055 5711 tabernaculi.
1089 5660 1426 5716 Ilteciulibb.
1456 5656 1609 5717 antea
1632 5656 1797 5721 editis
1818 5669 2041 5731 omissa,

473 5725 788 5792 StIpplCllltlt‘
826 5746 855 5780 e
889 5744 1018 5781 mss.

553 5795 631 5866 (υ)
671 5796 948 5849 C’tt’t'ttl'im
1000 5798 1413 5869 mttltittuliurtti,
1457 5804 1506 5853 id
1550 5813 1624 5858 at
1667 5804 2035 5873 prt‘frrtiom'm

1796 5431 1842 5462 ⁷⁸
1876 5430 2035 5488 Rom.
2062 5447 2176 5495 vm,
2213 5431 2300 5483 27.

1932 5502 1976 5533 ⁸¹
2009 5505 2163 5557 llom.
2199 5517 2258 5564 ll,
2298 5500 2383 5553 15.

2208 527 2258 577 in
2292 522 2599 577 cubiculum
2633 531 2806 585 tuum,
2838 531 2893 574 et
2932 519 3125 572 claude
3164 524 3364 572 ostium
3410 528 3584 582 tuum,
3612 527 3787 571 etora

2205 627 2414 685 patrem
2447 624 2594 669 tuum
2624 616 2674 668 in
2704 614 3047 668 abscondito.
3086 632 3103 664 ι
3141 612 3242 677 Qui
3288 626 3417 681 ergo
3455 611 3530 664 ita
3574 620 3697 665 orat
3724 620 3791 664 ut

2204 708 2335 771 dixi,
2368 705 2673 775 ingreditur
2702 706 2768 759 ad
2796 706 2968 759 altare
3001 705 3209 759 incensi
3242 705 3385 774 quod
3419 712 3501 757 est
3525 703 3789 758 interius.

2203 802 2338 855 Cum
2389 812 2567 856 autem
2608 801 2727 870 quis
2786 800 2931 854 clara
2972 814 3123 862 voce,
3169 807 3223 854 et
3263 800 3443 851 verbis
3475 813 3596 853 cum
3648 810 3792 849 sono

2203 897 2449 964 prolatis,
2504 896 2661 963 quasi
2720 904 2777 948 ut
2832 895 3065 949 tedilicct
3118 893 3426 953 audientes,
3468 892 3785 945 orationem

2200 988 2375 1040 l'uudit
2405 991 2468 1039 ad
2504 987 2694 1050 Deum,
2725 987 2811 1040 hic
2841 987 3034 1055 spiritu
3071 996 3212 1048 orat,
3243 993 3297 1038 et
3322 984 3523 1039 oll'erre
3555 985 3781 1038 videtur

2203 1079 2433 1132 hostiam
2470 1079 2520 1130 in
2556 1077 2713 1130 altari
2742 1078 2884 1146 quod
2922 1079 3058 1131 foris
3080 1087 3167 1131 est
3197 1078 3263 1131 ad
3301 1078 3781 1131 bolocaustomata

2201 1170 2381 1238 populi
2439 1170 2818 1223 constitutum.
2889 1169 3113 1239 Oportet
3165 1184 3296 1238 ergo
3352 1170 3670 1223 sacerdotes
3710 1184 3779 1223 ea

2200 1275 2397 1314 curare
2429 1261 2697 1329 praecipue
2742 1270 2795 1314 et
2847 1262 3143 1323 custodire,
3182 1276 3301 1331 qua:
3341 1260 3481 1313 intra
3528 1260 3777 1313 velamen

2201 1351 2431 1405 interius
2462 1361 2844 1424 conteguntur,
2880 1366 2947 1405 ue
2969 1353 3096 1420 quid
3124 1352 3195 1405 ibi
3223 1352 3510 1421 pollutum,
3550 1366 3615 1404 ue
3647 1354 3775 1419 quid

2201 1442 2513 1496 inveniatur
2540 1442 2936 1510 .immuudum;
2972 1445 3073 1497 hoc
3116 1454 3198 1497 est
3238 1444 3554 1499 interiorem
3599 1447 3778 1499 homi-

2198 1550 2343 1593 nem.
2394 1542 2447 1587 et
2481 1536 2662 1589 cordis
2708 1547 2920 1590 secreta
2951 1552 3169 1601 curare,
3212 1547 3271 1593 ttt
3309 1538 3386 1592 ibi
3426 1539 3774 1615 immaculata

2198 1636 2570 1693 permaneant.
2600 1625 2892 1681 Cbcrubim
2945 1637 2998 1682 et
3040 1630 3505 1699 prepitiatorium,
3543 1632 3774 1684 scicntia

2200 1715 2547 1784 intelligenda
2576 1727 2658 1772 cst
2686 1718 2973 1773 Trinitatis
3000 1736 3015 1784 ;
3050 1722 3426 1791 interpretatio
3456 1723 3598 1776 enim
3627 1722 3771 1777 Clie-

2124 1811 2163 1867 Β
2198 1806 2370 1859 rubim
2417 1809 2832 1873 multitudinem,
2887 1811 2938 1863 id
2983 1820 3066 1865 est
3109 1813 3483 1881 perfectionem
3537 1815 3768 1869 scientia:

2196 1895 2404 1950 indicat
2432 1897 2508 1967 i9)
2542 1916 2553 1949 :
2592 1908 2645 1950 et
2674 1914 2793 1967 qme
2839 1910 2923 1954 est
2974 1902 3078 1955 alia
3138 1904 3421 1972 perfectio,
3457 1905 3558 1959 nisi
3599 1920 3767 1974 agno-

2192 1985 2336 2039 visse
2370 1985 2581 2041 Patrem
2615 2000 2668 2042 et
2691 1989 2908 2054 Filium,
2939 2001 2993 2045 et
3025 1993 3286 2062 Spiritum
3314 1997 3607 2049 sanctum?
3645 1997 3771 2050 Haec

2191 2091 2321 2146 ergo
2353 2079 2592 2131 curanda
2622 2091 2747 2133 sunt
2785 2083 2854 2134 ita
2887 2098 2917 2136 a
2959 2085 3359 2149 sacerdotibus,
3412 2096 3469 2140 ut
3515 2087 3767 2141 inconta-

2192 2169 2398 2222 tninata
2446 2181 2500 2223 et
2546 2171 2710 2225 illtrsa
2745 2186 3052 2229 serventur.
3107 2176 3212 2231 Sed
3268 2188 3321 2232 et
3374 2194 3509 2232 urna
3559 2183 3767 2234 habens

2189 2260 2463 2315 cmlestem
2496 2263 2673 2317 cibum
2704 2282 2932 2332 malum,
2971 2269 3259 2322 thesaurus
3292 2281 3477 2339 utique
3499 2282 3583 2326 est
3615 2274 3768 2328 verbi.

2187 2352 2377 2407 divini.
2438 2355 2503 2408 Et
2552 2371 2677 2410 arca
2727 2374 2913 2425 aurea,
2964 2362 3013 2413 in
3059 2377 3162 2429 qua
3200 2373 3325 2416 sunt
3356 2364 3550 2418 tabula:
3591 2374 3766 2419 testa-

2187 2444 2377 2509 menti,
2432 2456 2490 2498 ut
2543 2448 2760 2513 opinor,
2808 2464 2910 2501 non
2953 2450 3096 2503 aliud
3142 2468 3306 2520 quam
3368 2468 3522 2507 meus
3574 2464 3758 2509 nostra

2184 2545 2304 2585 esse
2332 2532 2664 2599 declaratur,
2696 2537 2747 2590 in
2781 2552 2885 2606 qua
2928 2538 3098 2609 legem
3144 2541 3235 2594 Dei
3275 2544 3535 2597 debemus
3564 2545 3763 2599 habere

2184 2624 2540 2695 descriptam.
2592 2628 2718 2683 Haec
2770 2640 2947 2685 autem
3003 2648 3158 2686 mens
3192 2649 3356 2688 aurea
3407 2637 3566 2691 debet
3612 2652 3757 2699 esse,

2184 2716 2287 2771 hoc
2318 2728 2401 2773 est
2435 2734 2564 2787 pura
2598 2730 2651 2773 et
2675 2722 2931 2790 pretiosa,
2970 2725 3020 2777 in
3054 2740 3157 2794 qua
3191 2726 3364 2796 legem
3411 2728 3503 2782 Dei
3544 2730 3750 2783 descri-

2183 2816 2330 2875 ptam
2360 2823 2575 2877 semper
2606 2806 2926 2876 habeamus,
2969 2815 3110 2868 sicut
3159 2816 3453 2880 Apostolus
3499 2820 3630 2874 dicit
3660 2819 3703 2849 "
3742 2839 3756 2874 :

2189 2915 2209 2947 ι
2252 2897 2523 2969 Scriplam
2572 2918 2675 2956 non
2726 2917 3055 2973 atramento,
3108 2912 3203 2962 sed
3238 2911 3433 2979 spiritu
3479 2911 3569 2965 Dei
3606 2914 3758 2979 vivi;

2183 3006 2286 3044 nou
2326 2993 2376 3045 in
2414 2994 2615 3049 tabulis
2662 2997 2911 3067 lapideis,
2948 3006 3045 3055 sed
3090 3002 3142 3055 in
3176 3004 3374 3058 tabulis
3409 3005 3594 3059 cordis
3629 3022 3754 3059 car-

2183 3085 2417 3139 nalibus.
2487 3107 2505 3140 ι
2563 3086 2673 3142 lloc
2730 3099 2815 3144 est
2866 3093 3009 3145 enim
3058 3094 3197 3162 quod
3235 3105 3288 3149 ct
3327 3098 3391 3149 de
3434 3098 3753 3165 quibusdam

2178 3177 2377 3230 dicitur
2412 3195 2431 3228 ι
2470 3179 2560 3247 qui
2599 3184 2889 3237 ostendunt
2918 3201 3053 3254 opus
3078 3186 3212 3255 legis
3246 3188 3605 3256 scriptumsin
3636 3206 3758 3243 cor-

2177 3270 2334 3324 dibus
2368 3272 2480 3325 suis
2511 3273 2576 3326 ".
2618 3292 2634 3323 ι
2692 3274 2825 3340 Quis
2883 3288 3067 3331 autem
3122 3280 3341 3349 scripsit
3400 3283 3453 3334 in
3503 3282 3758 3339 cordibus

2175 3376 2384 3425 eorum,
2422 3363 2523 3418 nisi
2563 3364 2702 3419 Deus
2727 3368 2899 3435 digito
2960 3371 3109 3425 suo?
3152 3370 3348 3441 Legem
3380 3375 3569 3442 utique
3598 3387 3755 3428 natu-

2177 3456 2341 3508 ralem
2372 3472 2533 3525 quam
2567 3458 2714 3512 dedit
2747 3461 2884 3515 Deus
2917 3463 3156 3517 humano
3177 3465 3393 3533 generi,
3435 3474 3488 3519 et
3535 3467 3586 3518 in
3623 3482 3756 3521 cuu-

2174 3558 2389 3602 ctorum
2422 3551 2696 3605 mentibus
2724 3554 2945 3621 scripsit
2975 3573 2987 3609 :
3017 3557 3156 3610 unde
3198 3566 3249 3611 et
3284 3558 3438 3611 initia
3463 3560 3750 3621 sumimus,

2174 3659 2237 3697 ac
2258 3647 2464 3699 semina
2501 3648 2747 3715 quaedam
2793 3651 2857 3700 ad
2897 3653 3345 3717 perscrutandam
3379 3654 3627 3723 capimus
3658 3670 3751 3708 ve-

2175 3737 2391 3789 ritatem
2425 3755 2438 3790 :
2471 3754 2591 3807 qua:
2619 3741 2826 3795 semina
2873 3743 2915 3797 si
2954 3744 3090 3797 bene
3133 3744 3477 3808 excolamus,
3514 3745 3750 3800 fructum

2172 3827 2298 3879 vita:
2347 3828 2575 3885 alferent
2635 3832 2686 3884 in
2748 3834 2905 3887 nobis
2954 3834 3005 3887 in
3056 3835 3276 3890 Christo
3334 3835 3462 3891 Jesu
3522 3836 3750 3891 Domino

2173 3931 2380 3985 nostro,
2413 3925 2497 3978 cui
2529 3937 2615 3980 est
2641 3927 2808 3997 gloria
2845 3938 2899 3981 et
2942 3929 3224 3999 imperium
3265 3933 3316 3986 iu
3360 3934 3553 3989 saecula
3582 3948 3753 3988 saecu-

2172 4010 2368 4065 lorum.
2396 4014 2588 4070 Amen.

2753 4109 3033 4165 HOMILIA
3076 4111 3164 4166 ΧΙ.

2618 4202 2691 4255 De
2710 4206 2963 4272 primitiis
2991 4208 3294 4275 o/ferettdis.

2238 4331 2276 4385 Ι.
2324 4333 2597 4388 Primitias
2629 4340 2871 4391 omnium
2904 4338 3144 4409 frugum,
3186 4342 3536 4412 omniumque
3576 4359 3737 4414 pecu-

2166 4426 2313 4491 dum,
2367 4430 2742 4485 sacerdotibus
2778 4431 2865 4486 lex
2911 4434 3130 4487 mandat
3182 4434 3367 4489 olferri
3429 4438 3522 4492 5’:
3579 4438 3740 4491 itaut

2165 4522 2344 4574 omnis
2369 4522 2460 4589 qui
2488 4523 2729 4587 pessidet
2752 4539 2963 4593 agrum,
2994 4525 3074 4577 vel
3098 4526 3333 4592 vineam,
3357 4529 3437 4581 vel
3460 4530 3741 4593 olivetum,

2165 4614 2245 4666 vel
2277 4614 2441 4666 etiam
2477 4614 2719 4676 hortum,
2755 4624 2807 4668 et
2834 4616 2877 4669 si
2918 4617 3045 4684 quid
3084 4628 3169 4672 est
3197 4620 3341 4687 quod
3367 4632 3657 4676 exercetur
3686 4624 3737 4673 iu

2166 4704 2352 4769 terris,
2386 4705 2479 4759 sed
2515 4716 2568 4758 et
2600 4707 2645 4759 si
2679 4707 2800 4774 quis
2842 4709 3053 4775 peculia
3095 4712 3475 4780 cujuscunque
3521 4715 3741 4781 pecoris

2162 4800 2384 4863 nutriat,
2422 4796 2614 4852 oll‘erat
2645 4814 2712 4853 cx
2751 4801 2815 4855 iis
2845 4801 2957 4856 Deo
2980 4818 3143 4855 omne
3190 4804 3332 4871 quod
3359 4804 3591 4872 primum
3634 4816 3738 4865 est,

2160 4892 2212 4945 id
2255 4899 2336 4945 est
2366 4892 2431 4944 ad
2470 4892 2785 4946 sacerdotes
2811 4894 3041 4948 deferat.
3078 4892 3189 4948 Deo
3216 4898 3360 4948 enim
3388 4895 3575 4949 oll‘erri
3607 4898 3740 4951 dicit

2159 4987 2301 5053 quod
2338 4987 2713 5041 sacerdotibus
2739 4989 2915 5041 datur.
2951 4989 3015 5042 Et
3059 4991 3159 5043 hoc
3189 4995 3442 5059 estquod
3472 4992 3738 5057 docemur

2158 5094 2223 5131 ex
2262 5078 2397 5146 lege,
2429 5080 2552 5147 quia
2583 5095 2739 5134 nemo
2768 5080 2910 5134 licite
2963 5097 3061 5135 nec
3092 5083 3333 5152 legitime
3380 5093 3570 5137 utatur
3617 5083 3734 5137 lru-

2157 5174 2338 5228 rtibus
2368 5190 2506 5243 quos
2534 5184 2677 5229 terra
2710 5178 2984 5245 produxit,
3042 5196 3140 5234 nec
3193 5181 3567 5235 animantibus
3614 5196 3736 5246 quae

2155 5265 2419 5335 pecudum
2441 5267 2897 5336 protulitpartus,
2922 5271 3024 5325 nisi
3059 5288 3124 5326 ex
3162 5273 3388 5339 singulis
3422 5274 3734 5343 quibusque

2379 5430 2423 5461 '”
2453 5429 2613 5484 Num.
2637 5445 2792 5495 xvut,
2830 5430 2881 5481 7.
2960 5430 3003 5461 73
3034 5429 3072 5483 ll
3102 5431 3228 5489 Cor.
3264 5448 3313 5495 v,
3351 5431 3405 5484 4.
3482 5433 3527 5463 τ’
3556 5432 3573 5484 Ι
3604 5429 3729 5485 Cor.

2461 5500 2506 5531 ⁸³
2532 5499 2689 5553 Nam.
2724 5516 2838 5553 stu.

2155 5597 2386 5650 scientiw
2418 5597 2634 5648 iudicat.
2660 5598 2701 5648 A
2737 5596 2916 5651 radice
2935 5606 3050 5657 22h
3074 5598 3130 5649 lit
3150 5606 3226 5654 3'1
3251 5597 3553 5653 multitudo.
3586 5597 3727 5653 Che-

2157 5668 2331 5720 rubim
2378 5681 2507 5734 ergo
2548 5666 2807 5746 explicari
2849 5677 3044 5746 potest.
3069 5668 3207 5746 sicut
3245 5668 3526 5746 multitudo
3560 5684 3579 5722 :
3620 5684 3725 5746 quo

2158 5748 2316 5803 parto
2351 5746 2528 5809 autem
2553 5736 2832 5789 multitudo
2861 5738 3093 5792 scientia:
3135 5737 3483 5804 interpretari
3526 5736 3722 5809 possit,

2158 5810 2329 5861 lateor
2362 5822 2444 5859 tne
2475 5808 2742 5874 ignorare.
