4086 6218
524 279 634 336 645

526 398 660 455 nihil
703 392 947 467 proderit
983 408 996 450 ;
1032 408 1050 439 ι
1093 393 1146 439 ct
1175 382 1267 435 illu

525 488 818 545 manifesto
854 484 905 536 in
934 494 1101 533 carne
1125 485 1209 529 est
1232 470 1604 529 circumcisio.
1636 468 1724 523 illa
1759 463 2111 521 circumcisio

525 595 629 645 Cal,
668 592 844 647 neque
880 574 970 643 qui
1006 573 1060 625 in
1104 568 1394 623 manifesto
1446 566 1499 620 in
1543 578 1710 619 carne
1740 561 1961 616 Iudaeus
2001 566 2110 619 est,

525 678 620 729 sed
670 672 842 742 quiin
901 666 1118 722 occulto
1182 663 1403 719 Judzeus
1464 669 1549 715 est
1595 677 1610 713 :
1658 667 1714 712 et
1759 652 2112 710 circumcisio

525 766 707 820 cordis
747 765 800 817 in
844 762 1064 830 spiritu,
1112 773 1217 811 non
1273 757 1478 813 littera.
1519 751 1679 818 cujus
1729 749 1851 803 laus
1885 760 1992 801 non
2044 758 2111 799 ex

525 857 864 918 hominibus,
891 856 984 909 sed
1016 868 1083 907 ex
1116 852 1227 904 Deo
1253 857 1359 902 est.
1392 866 1409 898 ι
1444 845 1568 899 Hzl‘c
1597 858 1728 912 ergo
1755 840 1969 911 singula
1993 854 2114 907 qua:

527 963 872 1018 nequaquam
906 945 1128 1013 penitus
1156 939 1454 997 seetmdum
1489 939 1730 991 litteram
1763 933 2111 988 observanda

526 1049 662 1103 dicit
690 1042 1002 1114 Apostolus,
1029 1038 1272 1092 invenies
1306 1036 1489 1089 omnia
1538 1032 1655 1085 fere
1694 1031 1837 1099 apud
1889 1028 2111 1100 Moysen

528 1145 629 1197 sub
682 1141 819 1209 legis
879 1135 1031 1189 titulo
1075 1129 1372 1199 designari.
1424 1126 1541 1181 .lam
1594 1142 1720 1179 vero
1780 1126 1833 1179 itt
1902 1138 1968 1176 eo
2022 1121 2113 1176 ubi

529 1238 658 1289 dicit
712 1233 780 1295 9‘,
828 1249 844 1279 ι
882 1228 992 1281 Non
1043 1224 1279 1285 occides,
1348 1237 1452 1273 non
1505 1218 1836 1271 adulterium
1896 1215 2067 1268 facies
2098 1253 2113 1277 ,

531 1343 637 1380 non
700 1320 994 1383 l'urahcris,
1036 1339 1053 1370 ι
1108 1325 1162 1371 et
1207 1315 1411 1383 reliqua
1476 1310 1821 1376 huiusmodi,
1872 1323 1976 1360 non
2026 1308 2111 1360 in-

532 1418 749 1477 venies,
797 1413 1055 1482 quoniam
1103 1409 1240 1476 legis
1292 1407 1342 1459 in
1390 1403 1457 1457 iis
1498 1404 1716 1455 titulum
1761 1399 2112 1468 prmmiscrit,

533 1509 625 1563 sed
689 1507 863 1575 magis
920 1505 1035 1557 lucc
1087 1498 1343 1554 mandata
1391 1497 1669 1553 videntur.
1727 1504 1781 1546 et
1838 1493 1959 1545 ideo
2009 1506 2115 1544 non

532 1598 848 1651 exinanitur
911 1593 1051 1663 apud
1124 1586 1417 1653 discipulos
1488 1585 1769 1655 Evangelii
1849 1583 2114 1649 scriptura

535 1694 662 1749 ista,
692 1690 783 1743 sed
814 1686 1176 1753 aditnpletur:
1205 1682 1353 1749 quia,
1387 1689 1443 1733 ut
1468 1678 1601 1743 dixi,
1632 1692 1737 1729 non
1778 1675 2116 1736 mandatum,

543 1786 635 1836 sed
666 1784 745 1834 lcv
778 1780 978 1833 habere
1000 1772 1459 1827 diciturutnbratu
1487 1766 1792 1821 futurorum
1827 1766 2117 1828 bonorum;

535 1885 591 1929 et
628 1874 749 1927 ideo
798 1872 911 1925 lucc
959 1867 1115 1920 nobis
1143 1863 1442 1917 secundum
1484 1860 1725 1913 litteram
1763 1857 2119 1912 custodienda

534 1978 683 2023 sunt.
729 1964 862 2019 Item
896 1960 1062 2014 alibi:
1107 1975 1126 2007 ε
1163 1955 1348 2018 Juste,
1399 1952 1573 2021 inquit
1616 1952 1690 2010 θ’.
1729 1961 1942 2005 seetare
1983 1952 2123 2015 quod

532 2063 736 2132 justum
770 2064 872 2111 est,
906 2073 923 2103 ι
968 2048 1105 2117 Quid
1141 2062 1276 2114 epus
1299 2055 1384 2100 est
1427 2045 1476 2099 in
1516 2044 1601 2098 his
1629 2042 1941 2109 allegoriam
1964 2041 2124 2112 305

535 2165 803 2223 qnzcrcre,
852 2160 975 2199 cum
1027 2140 1257 2195 mitificet
1307 2138 1470 2192 etiam
1516 2135 1736 2191 littera?
1778 2133 2127 2189 Ostendimus

537 2259 669 2315 ergo
708 2256 826 2294 esse
858 2236 1106 2305 quaedam
1142 2247 1260 2300 quzc
1298 2228 1525 2282 omnino
1556 2242 1661 2281 non
1697 2237 1819 2280 sunt
1860 2228 2124 2280 servanda

537 2333 834 2387 Secundum
871 2326 1105 2379 litteram
1145 2320 1299 2389 legis,
1333 2327 1387 2372 et
1418 2333 1539 2371 esse
1562 2319 1814 2387 qumdam
1843 2332 1965 2387 quae
1998 2316 2128 2370 alle-

535 2425 686 2493 goria
715 2420 930 2492 penitus
962 2417 1249 2470 immutare
1306 2426 1415 2465 non
1460 2410 1643 2473 debet,
1692 2410 1787 2464 sed
1819 2407 2128 2463 omnimode

540 2517 614 2571 ita
647 2522 704 2568 ιιι
732 2511 1029 2579 Scriptura:
1058 2507 1123 2560 de
1149 2505 1218 2558 iis
1251 2506 1534 2557 continent
1573 2499 1912 2554 observanda
1943 2507 2072 2552 sunt
2108 2513 2123 2551 :

540 2619 686 2658 nunc
717 2600 934 2669 requiro
956 2597 999 2651 si
1029 2604 1154 2651 sunt.
1174 2592 1354 2662 aliqua
1393 2606 1512 2660 qua:
1540 2598 1597 2645 ct
1643 2589 1939 2644 secundum
1978 2589 2130 2643 litte-

540 2708 659 2747 ram
698 2688 914 2760 quidem
949 2694 1093 2738 stare
1123 2681 1349 2749 possint,
1386 2676 1698 2732 necessario
1728 2683 1907 2728 tamen
1954 2674 2007 2728 iu
2050 2675 2130 2729 eis

537 2787 712 2838 etiam
749 2779 1058 2850 allegoriam
1095 2773 1501 2844 requirendam.
1534 2769 1599 2823 Et
1624 2768 1747 2822 vide
1771 2767 1814 2822 si
1841 2780 2131 2836 possumus

543 2877 662 2932 hmc
714 2870 1007 2943 apostolica
1064 2877 1120 2921 et
1168 2863 1477 2934 evangelica
1524 2859 1844 2914 auctoritate
1894 2862 2127 2916 munire.

546 2966 820 3035 Scriptum
851 2972 938 3018 est
980 2961 1034 3015 in
1086 2959 1201 3029 lege
1232 2957 1280 2989 ⁸³
1314 2973 1327 3010 :
1369 2973 1387 3006 t
1424 2953 1663 3024 fropter
1709 2956 1813 3011 hoc
1867 2955 2133 3024 relinquet

544 3058 713 3113 homo
736 3063 943 3125 patrem
974 3061 1026 3106 et
1060 3058 1311 3107 matrem.
1345 3053 1400 3098 et
1445 3046 1741 3101 adhaerebit
1787 3048 1943 3101 uxori
1997 3060 2127 3105 sum.
2162 3069 2203 3126 ο

546 3160 599 3203 et
624 3156 783 3203 erunt
815 3147 921 3199 duo
951 3144 1004 3198 in
1041 3154 1204 3196 carne
1246 3153 1375 3190 una.
1416 3158 1435 3191 ι
1493 3138 1615 3193 lizrc
1653 3138 1795 3209 quod
1840 3138 2132 3209 allegorica

547 3238 804 3313 mysteria
864 3235 1205 3300 contineant,
1242 3231 1465 3295 Paulus,
1499 3246 1620 3284 cmn
1655 3231 1707 3284 in
1752 3230 1991 3298 Epistola
2040 3244 2135 3283 sua

546 3333 654 3387 hoc
709 3331 882 3399 ipsum
935 3326 1207 3396 posuisset
1266 3322 1612 3392 exemplum,
1679 3322 1996 3390 pronuntiat
2054 3321 2139 3374 di-

542 3438 677 3478 cens
710 3422 756 3454 "
793 3439 807 3476 :
852 3439 869 3473 ι
912 3419 1224 3492 Mysterium
1255 3420 1357 3472 hoc
1384 3429 1644 3485 maguum
1678 3423 1781 3477 est,
1812 3428 1915 3483 ego
1956 3422 2137 3466 autem

551 3515 673 3569 dico
705 3514 756 3568 in
780 3513 1021 3575 Christo,
1055 3520 1109 3566 et
1133 3512 1184 3565 iu
1217 3508 1478 3565 Ecclesia.
1521 3522 1539 3556 ι
1566 3503 1719 3570 Quod
1755 3515 1934 3559 autem
1974 3518 2138 3571 opor-

548 3618 667 3661 teat
702 3609 803 3662 hoc
833 3608 996 3662 etiam
1042 3604 1336 3659 sceumlum
1387 3598 1621 3652 litteram
1678 3597 1969 3662 custodiri,
2024 3596 2139 3665 ipse

553 3699 810 3752 Dominus
841 3707 895 3751 et
943 3695 1193 3750 Salvator
1229 3694 1408 3756 docet,
1462 3690 1723 3747 dicens”
1758 3707 1772 3744 :
1810 3708 1829 3741 ι
1867 3687 2138 3757 Scriptum

546 3797 657 3853 est,
684 3789 909 3858 Propter
938 3788 1042 3842 hoc
1076 3786 1345 3854 relinquet
1373 3786 1535 3840 homo
1561 3791 1767 3853 patrem
1798 3790 1849 3837 et
1886 3789 2140 3845 matrem,

545 3891 609 3937 et
638 3882 935 3936 adhzcrebit
963 3880 1115 3934 uxori
1145 3895 1276 3944 sum,
1305 3890 1359 3936 et
1388 3886 1548 3935 erunt
1594 3877 1699 3929 duo
1732 3876 1785 3928 in
1824 3887 1989 3927 carne
2014 3886 2140 3925 una.

546 3973 711 4040 Quod
764 3987 892 4039 ergo
944 3972 1087 4024 Deus
1128 3969 1434 4036 conjunxit,
1491 3970 1651 4021 homo
1694 3981 1799 4019 non
1842 3973 2079 4031 separet.
2120 3981 2138 4013 ι

558 4067 625 4119 Ει
654 4064 892 4119 ostendit
926 4062 1111 4130 utique
1138 4060 1477 4114 observamla
1528 4071 1649 4111 esse
1687 4057 1801 4110 hrec
1845 4056 2006 4109 etiam
2058 4067 2146 4107 se-

556 4153 793 4207 cundmu
818 4152 1078 4213 litteram,
1118 4164 1239 4205 cum
1289 4148 1521 4217 adjicit:
1559 4163 1578 4197 ‹
1626 4144 1777 4212 Quod
1826 4158 1957 4211 ergo
2007 4142 2146 4196 Deus

545 4244 857 4312 conjunxit,
915 4244 1077 4298 homo
1128 4258 1234 4297 non
1292 4248 1524 4312 separet.
1584 4257 1601 4288 ι
1669 4236 1774 4291 Sed
1829 4244 1885 4289 et
1931 4234 1983 4288 in
2026 4234 2147 4287 aliis

555 4335 846 4408 Apostolus
879 4334 968 4390 ubi
1004 4335 1134 4390 dicit
1164 4335 1234 4397 ",
1271 4351 1290 4384 ι
1337 4332 1465 4402 quia
1502 4328 1777 4383 Abraham
1818 4327 1956 4380 duos
2007 4324 2146 4379 lilios

558 4429 765 4491 habuit,
802 4443 964 4480 unum
996 4427 1062 4479 de
1092 4427 1305 4488 ancilla,
1343 4436 1397 4481 et
1422 4438 1586 4478 unum
1623 4421 1690 4475 de
1723 4420 1918 4480 libera,
1953 4438 1972 4470 ι
2018 4415 2140 4484 quis
2175 4414 2220 4469 D
2246 4397 2399 4470 Ρ¹¹¹⁰ε
2458 4412 2472 4449 ³

549 4519 767 4573 dubitat
795 4519 906 4573 ιιωο
934 4521 1252 4574 secundum.
1275 4520 1510 4574 litteram
1544 4524 1693 4569 stare
1736 4509 1971 4566 debere?
2011 4510 2143 4562 Cer-

558 4624 672 4667 tum
698 4624 783 4667 est
815 4613 983 4674 enim,
1014 4614 1137 4681 quia
1169 4625 1219 4667 et
1252 4613 1400 4667 lsaac
1437 4613 1503 4666 de
1538 4607 1701 4667 Sara,
1747 4613 1803 4657 et
1842 4600 2033 4656 lsmael
2073 4600 2140 4653 de

549 4704 705 4776 Agar
735 4705 826 4759 lilii
859 4702 1057 4759 fuerint
1087 4705 1336 4757 Abrahm.
1366 4702 1531 4756 Addit
1562 4708 1741 4752 tamen
1789 4696 1855 4749 iis
1898 4697 2139 4762 Aposto-

546 4797 663 4863 ‘lus,
703 4806 759 4852 et
804 4797 938 4852 dicit
965 4798 1011 4829 ⁸⁷
1047 4813 1061 4850 :
1098 4815 1118 4849 ι
1157 4795 1283 4852 llaec
1336 4803 1515 4850 autem
1573 4797 1700 4844 sunt
1760 4784 2074 4855 allegorica,
2116 4800 2134 4832 ι

551 4907 679 4961 quae
704 4892 756 4946 in
793 4892 900 4947 duo
932 4900 1250 4946 testamenta
1296 4884 1593 4947 convertit,
1635 4889 1691 4935 et
1727 4878 1878 4933 Sara:
1922 4875 2141 4945 quidem

552 4984 799 5037 subolem
832 4992 1090 5052 tanquam
1136 4982 1189 5035 in
1222 4980 1532 5035 libertatem
1562 4970 1835 5046 gignentis
1867 4968 1989 5022 novi
2028 4964 2142 5020 Te—

552 5073 818 5129 stamenti
844 5072 1048 5127 liberos
1079 5072 1245 5135 dicit;
1281 5070 1425 5137 Agar
1442 5076 1621 5121 autem
1657 5071 1915 5128 tanquam
1950 5058 2001 5110 in
2032 5070 2147 5111 scr-

552 5167 784 5220 witutem
830 5164 1141 5235 generantis
1187 5175 1416 5217 terrenae
1482 5155 1779 5213 Jerusalem
1854 5152 1991 5206 lilios
2054 5167 2150 5204 uo-

553 5258 807 5311 :niiuavit.
844 5256 1213 5320 Ostendimus,
1254 5263 1312 5307 ut
1341 5253 1555 5321 opinor,
1617 5245 1942 5301 auctoritate
1989 5240 2150 5295 Scri-

552 5360 734 5417 ptura:
755 5349 971 5413 divinae,
1002 5349 1161 5403 exiis
1189 5360 1309 5417 qua:
1344 5345 1397 5398 in
1444 5344 1561 5412 lege
1604 5337 1806 5405 scripta
1855 5342 2002 5397 sunt,
2049 5331 2149 5384 ali-

554 5461 669 5513 «pla
704 5445 919 5516 penitus
943 5442 1256 5515 refugienda
1288 5455 1409 5495 esse
1443 5447 1497 5491 et
1524 5432 1788 5493 cavenda,
1844 5443 1911 5482 ne
1951 5438 2147 5480 secun—

637 5588 685 5619 "
718 5586 872 5640 Rom.
901 5599 961 5648 tt,
996 5582 1091 5641 28.
1117 5581 1211 5635 29.

564 5671 681 5721 xu,
719 5656 753 5709 5
784 5666 838 5709 et
871 5646 956 5709 ti.‘
1017 5654 1063 5684 "
1093 5651 1212 5707 Gal.
1260 5646 1481 5721 “:22.

564 5718 677 5782 2L-
736 5726 757 5757 ⁸
784 5725 914 5779 ibid.
944 5723 1037 5776 22.
1115 5725 1135 5752 ⁵
1162 5720 1293 5776 ibid.
1321 5718 1410 5770 ⁸27.

1287 5579 1330 5610 9‘
1368 5578 1525 5629 ltom.
1564 5586 1683 5630 xm,
1719 5568 1773 5622 9.
1875 5568 1894 5598 θ

1296 5664 1345 5693 v-
1388 5646 1481 5693 Ἡ.
1590 5643 1631 5675 ⁸⁷
1671 5638 1802 5693 ibid.
1831 5636 1898 5691 9-4

1672 5657 1802 5693 ιυιιι.
1831 5657 1920 5691 Z4.

1990 244 2313 301 ORIGENiS

1275 380 1305 433 d
1339 376 1390 412 ”
1420 394 1434 432 :
1470 396 1486 426 ι
1526 375 1639 430 Non
1692 377 1835 429 enim
1888 389 2009 444 qua:
2051 374 2104 423 iu
2139 376 2179 427 Λ
2212 366 2338 417 dum
2362 361 2596 415 litteram
2643 354 2711 408 ab
2757 349 3031 420 Evangelii
3076 345 3361 415 discipulis
3402 344 3803 404 observentur;

1875 5567 1919 5598 υ
1950 5562 1970 5617 l
2001 5561 2141 5616 'l‘im.
2174 5570 2250 5619 vt,
2289 5553 2374 5607 li.

2027 5630 2115 5685 σοι
2144 5628 2270 5683 Cor.
2302 5640 2378 5678 ιχ.

3694 224 3801 279 l3“

2215 455 2461 524 quaedam
2498 464 2629 504 vero
2655 447 2966 502 otnnimode
2992 453 3051 496 ιιι
3075 442 3277 509 scripta
3313 446 3438 490 sunt
3467 434 3803 496 obtinenda;

2215 547 2317 598 alia
2340 554 2521 598 autem
2553 544 2755 597 habere
2786 536 3002 607 quidem
3034 531 3337 588 sccundmn
3380 528 3617 581 litteram
3662 526 3809 579 veri-

2218 647 2381 691 tatem
2434 635 2542 699 sui,
2597 632 2839 703 recipere
2888 638 3068 680 tamen
3118 622 3322 678 utiliter
3380 629 3438 674 et
3492 616 3809 673 necessario

2217 731 2380 785 etiam
2413 726 2761 797 allegoricum
2792 725 3035 776 sensum.

2287 822 2342 874 2.
2386 820 2503 874 Erit
2540 832 2669 885 ergo
2696 815 2805 881 jam
2858 808 3118 878 sapientis
3165 803 3358 860 scribae
3403 811 3459 856 et
3510 798 3689 853 edocti
3746 799 3815 850 de.

2221 929 2384 984 regno
2420 913 2534 973 Dei,
2570 910 2658 978 qui
2694 908 2833 960 sciat
2866 906 2932 958 de
2959 898 3227 955 thesauris
3268 896 3352 950 his
3392 893 3644 963 proferre
3666 907 3810 944 nova

2219 1018 2274 1061 ct
2300 1015 2503 1070 vetera,
2528 1002 2668 1057 scire
2699 997 2971 1069 quomodo
2997 995 3048 1047 iu
3090 1006 3197 1045 uno
3229 1001 3443 1059 quoque
3492 986 3613 1037 loco
3660 983 3818 1037 Scri-

2223 1108 2419 1170 pturm,
2446 1105 2540 1150 aut
2573 1092 2794 1161 abjiciat
2819 1089 3035 1159 penitus
3073 1083 3413 1138 occidentem
3458 1080 3724 1140 litteram,
3758 1086 3817 1127 ct

2222 1191 2469 1261 spiritum
2510 1187 2873 1241 vivificantem
2907 1180 3181 1248 requirat,
3229 1182 3325 1227 aut
3372 1171 3663 1226 conﬁrmet
3692 1183 3816 1220 om-

2220 1287 2456 1346 nimode,
2502 1292 2558 1339 ct
2603 1281 2791 1336 utilem
2828 1292 2893 1332 ac
2943 1274 3306 1329 necessariam
3360 1270 3555 1339 probet
3615 1268 3812 1319 litterzc

2221 1378 2524 1433 doctrinam
2555 1394 2570 1442 ;
2600 1384 2691 1427 attt
2729 1378 2984 1426 manente
3006 1367 3257 1428 historia,
3294 1371 3598 1431 opportune
3628 1370 3681 1412 ct
3718 1359 3814 1410 de-

2222 1482 2415 1525 center
2449 1468 2761 1521 introduCat
2787 1466 2949 1519 etiam
2988 1458 3277 1528 mysticum
3306 1467 3546 1508 sensum.
3582 1450 3736 1504 Sicut
3764 1458 3817 1502 et

2223 1563 2276 1616 in
2311 1564 2412 1616 hoc
2442 1574 2694 1615 sermone
2728 1573 2888 1626 quem
2934 1553 3196 1607 habemus
3253 1546 3305 1601 in
3359 1544 3612 1597 manibus
3661 1541 3814 1594 arbi-

2226 1665 2339 1708 tror
2366 1652 2687 1715 convenire;
2739 1651 2897 1703 decet
2938 1645 3083 1699 enim
3116 1652 3172 1695 et
3216 1640 3350 1694 utile
3378 1646 3462 1692 est.
3508 1638 3669 1691 etiam
3716 1651 3811 1688 εει-

2156 1720 2198 1773 B
2225 1743 2541 1797 ecrdotibus
2578 1737 2854 1808 Evangelii
2893 1732 3079 1789 oll'erri
3122 1730 3412 1801 primitias.
3458 1728 3527 1780 Ita
3564 1726 3708 1780 enin:
3756 1737 3815 1779 et

2230 1834 2490 1890 Dominus
2517 1832 2805 1902 disposuit,
2854 1838 2914 1882 ιιι
2945 1826 3038 1896 qui
3073 1821 3421 1892 Evangelium
3466 1822 3806 1881 annuntiant,

2226 1928 2293 1981 de
2318 1924 2611 1993 Evangelio
2654 1923 2858 1983 vivant,
2910 1929 2966 1974 et
3005 1917 3099 1987 qui
3152 1915 3311 1968 altari
3353 1912 3689 1974 deserviunt,
3745 1913 3814 1965 de

2227 2018 2384 2072 altari
2416 2016 2742 2085 participem
2761 2013 2828 2066 ⁵³⁸.
2865 2012 2932 2066 Ει
2964 2011 3109 2064 sicut
3139 2008 3245 2060 hoc
3276 2007 3496 2075 dignum
3539 2014 3592 2058 et
3621 2004 3817 2059 decens

2235 2120 2343 2174 cst,
2379 2111 2456 2163 sic
2490 2108 2796 2162 econtrario
2841 2116 2895 2159 ct
2932 2104 3190 2157 indecens
3241 2110 3294 2153 et
3327 2100 3605 2168 indignum
3631 2096 3819 2151 existi-

2240 2219 2330 2257 mo
2359 2212 2413 2256 ct
2438 2202 2679 2271 impium,
2728 2209 2785 2252 ut
2811 2199 2855 2251 is
2885 2198 2973 2266 qui
3012 2195 3178 2249 Deum
3206 2193 3354 2253 colit,
3415 2202 3471 2246 et
3521 2191 3819 2259 ingreditur

2232 2295 2536 2351 Erelesiam
2588 2291 2709 2356 Dei,
2755 2291 2845 2359 qui
2910 2288 3017 2344 scit
3069 2287 3385 2342 sacerdotes
3437 2294 3491 2337 et
3538 2283 3818 2337 ministros

2237 2387 2498 2442 assistere
2527 2384 2712 2448 altari,
2773 2391 2828 2437 et
2871 2390 2965 2434 aut
3014 2380 3183 2435 verbo
3237 2377 3332 2432 Dei
3377 2387 3471 2429 aut
3512 2375 3819 2430 ministerio

2232 2477 2491 2533 Ecclesia:
2540 2476 2838 2539 deservire,
2892 2474 2959 2527 de
3006 2470 3275 2525 fructibus
3321 2478 3481 2522 terra:
3537 2480 3677 2535 quos
3730 2466 3823 2520 dat

2232 2568 2375 2623 Deus
2410 2567 2574 2621 solem
2603 2579 2760 2619 suum
2789 2560 3160 2630 producendo.
3190 2569 3245 2613 et
3281 2558 3492 2627 pluvias
3540 2570 3667 2610 snas
3717 2554 3819 2606 nii-

2232 2657 2540 2717 nistrando.
2572 2670 2678 2709 non
2720 2654 2917 2706 oll'erat
2958 2650 3226 2720 primltias
3276 2647 3668 2702 sacerdotibus.
3703 2643 3821 2697 Non

2236 2750 2370 2803 mihi
2402 2748 2617 2802 videtur
2662 2743 2972 2815 hujusmodi
3029 2740 3209 2795 anima
3262 2740 3464 2793 habere
3500 2734 3821 2791 memoriam

2237 2842 2354 2904 Dei,
2390 2854 2491 2895 nec
2519 2838 2783 2907 cogitare,
2820 2850 2921 2889 nec
2964 2835 3191 2887 credere
3244 2830 3371 2899 quia
3431 2830 3571 2883 Deus
3612 2827 3825 2880 dederit

2236 2934 2443 2988 fructus
2474 2944 2613 3000 quos
2644 2927 2808 2997 cepit,
2833 2940 2969 2994 quos
2998 2924 3069 2978 ita
3099 2924 3345 2978 recondit
3403 2917 3556 2990 quasi
3615 2918 3827 2971 alienos

2239 3042 2268 3079 a
2307 3024 2436 3079 Deo.
2468 3021 2526 3077 Si
2559 3020 2705 3075 enim
2751 3034 2781 3073 a
2825 3018 2936 3071 Deo
2982 3014 3084 3069 sibi
3139 3015 3297 3068 datos
3342 3012 3609 3074 crederet,
3658 3008 3825 3063 sciret

2241 3116 2428 3184 utique
2484 3110 2822 3168 numerando
2858 3106 3173 3161 sacerdotes
3221 3104 3490 3158 honorare
3539 3101 3707 3155 Demu
3759 3101 3829 3153 de

2240 3207 2384 3262 datis
2406 3214 2464 3283 et
2484 3202 2801 3258 muneribus
2824 3202 2959 3257 suis.
2999 3201 3067 3256 Et
3104 3199 3279 3253 adlutc
3331 3206 3391 3249 ιιι
3434 3195 3667 3265 amplius
3712 3193 3829 3247 luce

2240 3301 2577 3358 observanda
2602 3297 2768 3352 etiam
2802 3295 3103 3350 secundum
3135 3292 3371 3346 litteram
3398 3288 3570 3359 ipsius
3612 3286 3705 3342 Dei
3729 3300 3829 3337 vo-

2243 3391 2398 3447 cibus
2432 3389 2754 3448 doceantur,
2779 3382 3041 3437 addemus
3075 3380 3141 3432 ad
3165 3379 3300 3432 lucc.
3328 3375 3585 3428 Dominus
3614 3372 3741 3427 dicit
3772 3370 3828 3424 iu

2246 3476 2615 3550 Evangeliis”
2640 3491 2655 3529 :
2680 3493 2697 3526 ι
2730 3470 2821 3527 Va:
2852 3472 3028 3533 vobis,
3055 3468 3260 3523 Scriba:
3292 3475 3346 3520 et
3373 3462 3635 3519 Pharismi
3661 3462 3832 3531 hypo-

2246 3574 2423 3635 critac,
2456 3569 2547 3639 qui
2581 3565 2863 3622 decimatis
2886 3561 3182 3629 tneuthatn,
3216 3578 3234 3611 ι
3258 3560 3358 3612 hoc
3379 3566 3484 3623 est,
3509 3573 3529 3605 ι
3564 3552 3830 3609 decimam

2250 3666 2394 3720 datis
2415 3663 2680 3724 menthm,
2711 3670 2768 3714 et
2807 3654 3029 3727 rymini,
3072 3660 3127 3706 ct
3170 3649 3377 3715 anethi,
3432 3657 3486 3703 et
3540 3642 3831 3717 praeteritis

2210 3774 2369 3829 qua:
2415 3756 2621 3826 majora
2672 3760 2797 3809 sunt
2842 3745 2976 3813 legis
3018 3759 3033 3797 :
3076 3741 3397 3813 hypocrita»,
3450 3737 3563 3793 lucc
3613 3744 3832 3805 oportet

2248 3849 2391 3914 lieri,
2426 3857 2482 3903 et
2520 3847 2612 3901 illa
2657 3860 2761 3900 non
2810 3838 3011 3896 omitti.
3066 3854 3085 3888 ι
3151 3833 3286 3887 Vide
3340 3845 3468 3900 ergo
3520 3829 3833 3899 diligentius

2246 3940 2519 4011 Quomodo
2545 3950 2724 3992 sermo
2780 3930 2995 3987 Domini
3052 3926 3165 3981 vult
3216 3924 3333 3979 ﬁeri
3381 3922 3597 3993 quidem
3650 3920 3834 3974 omni-

2249 4033 2407 4088 mode
2433 4045 2552 4099 quae
2581 4028 2786 4097 majora
2823 4032 2950 4078 sunt
3004 4020 3163 4091 legis,
3194 4032 3302 4073 non
3340 4027 3518 4069 tamen
3552 4013 3728 4066 omitti
3776 4020 3835 4064 et

2251 4128 2364 4181 haec
2394 4138 2512 4193 quat
2552 4123 2845 4177 secundum
2879 4121 3118 4175 litteram
3149 4112 3527 4181 designantur.
3574 4104 3729 4171 Quod
3780 4106 3828 4157 si

2250 4219 2422 4278 dicas,
2486 4213 2614 4282 quia
2668 4211 2785 4265 haec
2835 4212 2900 4263 ad
2960 4207 3263 4263 Pharisieos
3322 4198 3560 4258 diccbat,
3611 4210 3717 4247 non
3764 4193 3833 4246 ad

2251 4304 2562 4376 discipulos,
2604 4302 2726 4356 audi
2771 4302 2967 4355 iterum
3024 4300 3200 4366 ipsum
3240 4293 3513 4347 dicentem
3566 4288 3632 4340 ad
3669 4286 3835 4338 disci-

2527 4412 2545 4445 ‹
2608 4392 2719 4447 Nisi
2779 4388 3140 4444 abundaverit
3205 4383 3415 4455 iustitia
3479 4390 3658 4435 vestra
3716 4377 3835 4445 plus

2252 4503 2417 4559 quam
2445 4486 2839 4540 Pharisa‘urutn
2866 4490 2919 4535 et
2949 4478 3290 4541 Scribarum,
3326 4491 3431 4528 non
3478 4470 3754 4526 intrabitis
3780 4468 3832 4519 iu

2255 4558 2480 4649 regnum
2507 4575 2769 4631 caelorum
2795 4576 2838 4628 ί.
2880 4592 2898 4623 ι
2942 4569 3095 4636 Quod
3147 4585 3278 4639 ergo
3308 4567 3422 4621 vult
3473 4563 3591 4617 ﬁeri
3636 4576 3666 4615 a
3697 4558 3836 4612 Pha-

2249 4672 2444 4737 risaais,
2481 4670 2652 4725 multo
2687 4667 2853 4736 magis
2886 4676 2940 4720 et
2968 4666 3174 4735 majore
3204 4675 3328 4715 cum
3352 4654 3687 4713 abundantia
3722 4652 3835 4704 vult

2251 4780 2281 4819 a
2300 4761 2578 4831 discipulis
2600 4758 2810 4829 impleri
2834 4777 2846 4823 ;
2867 4758 3015 4828 quod
3037 4764 3214 4810 autem
3240 4751 3355 4805 ﬁeri
3377 4765 3405 4802 a
3425 4745 3705 4815 discipulis
3728 4757 3833 4795 non

2252 4858 2389 4924 vult,
2432 4870 2533 4910 nec
2568 4850 2861 4907 Phariswis
2908 4851 3139 4918 imperat
3177 4841 3508 4898 faciendum.
3556 4834 3836 4903 Quomodo

2254 4961 2431 5004 autem
2481 4946 2598 5017 plus
2647 4945 2778 4998 velit
2835 4941 2950 4996 fieri
3005 4956 3033 4993 a
3083 4935 3362 5005 discipulis
3416 4946 3577 5000 quam
3626 4926 3834 4980 faciunt

2258 5045 2539 5105 Pharisaei,
2579 5043 2631 5095 in
2667 5056 2735 5095 eo
2765 5039 3004 5093 declarat
3032 5035 3123 5089 tibi
3165 5033 3298 5087 dicit
3330 5031 3352 5062 ⁸
3395 5044 3409 5082 :
3448 5045 3467 5078 ι
3503 5025 3715 5078 Dictum
3752 5027 3836 5071 est

2257 5136 2533 5205 antiquis:
2562 5131 2680 5187 Non
2709 5131 2982 5185 occides.»
3011 5128 3122 5182 Hoc
3145 5125 3440 5179 observant
3467 5126 3523 5171 ct
3554 5111 3833 5168 Pharisa-i.

2256 5226 2544 5297 Discipulis
2572 5235 2751 5278 autem
2788 5222 2919 5275 dicit
2947 5220 2969 5252 ⁸
3006 5237 3019 5272 :
3061 5233 3080 5268 ι
3119 5216 3231 5285 Ego
3272 5222 3453 5266 autem
3487 5206 3612 5260 dico
3665 5201 3835 5261 vobis,

2257 5321 2382 5392 quia
2416 5319 2461 5373 si
2486 5318 2609 5388 quis
2649 5316 2823 5370 iratus
2850 5311 3015 5366 fuerit
3048 5309 3203 5365 l‘ratri
3237 5321 3356 5369 suo,
3392 5316 3516 5357 rcus
3549 5296 3657 5351 erit
3696 5291 3837 5359 judi—

2255 5416 2359 5472 cio.
2399 5430 2418 5464 ι
2452 5383 2716 5466 Similiter
2753 5414 2806 5460 et
2840 5405 2907 5458 dc
2942 5418 3007 5459 eo
3034 5401 3177 5472 quod
3201 5398 3460 5465 scriptum
3482 5400 3565 5445 est
3598 5388 3641 5442 ":
3672 5396 3689 5429 ι
3722 5383 3837 5436 Non

2480 5548 2526 5580 ³³
2547 5545 2683 5600 Gen.
2716 5558 2774 5610 tt,
2803 5541 2896 5597 24.
2991 5541 3037 5573 ⁸⁸
3061 5539 3255 5610 Epltes.
3286 5549 3338 5610 κζ,
3371 5531 3534 5610 52.Μ
3562 5526 3607 5557 ⁹⁸

2991 5541 3037 5573 ⁸⁸
3061 5539 3255 5607 pres.
3286 5549 3338 5607 v,
3371 5531 3533 5607 52.5“
3562 5531 3607 5557 "
3646 5531 3770 5607 {Matt

2453 5619 2499 5652 ν’
2537 5590 2915 5679 ιὶἇίὶιιῗὶῐιῖῐ,
2941 5611 3033 5665 23.
3061 5590 3359 5661 "inanti.
3386 5617 3439 5666 v,
3468 5599 3559 5652 eo.
3651 5595 3670 5624 ²
3702 5590 3839 5647 ibid.

3115 5599 3130 5641 ι
3169 5606 3359 5661 Matth.
3386 5617 3439 5666 v,
3468 5599 3559 5652 ευ.
