4086 6218
484 253 587 310 647

1930 239 2253 299 ΟΒΙΟΕΝΙΞ

3642 245 3750 303 648

483 370 779 433 auditores,
816 383 1001 438 agrum
1027 366 1275 419 Ecclesia!
1312 362 1453 415 illius
1483 376 1642 430 quam
1679 363 1855 423 docet,
1894 363 1942 415 id
1974 372 2056 417 est
2086 366 2129 419 Α
2161 360 2414 427 apostoli,
2450 372 2503 413 et
2536 361 2871 429 singulorum
2903 378 2996 430 per
3017 362 3286 427 ordinem,
3326 363 3404 417 vel
3447 377 3543 434 pro
3575 368 3727 419 ineriv

482 461 818 515 credentium
851 460 1010 514 corda
1054 458 1297 509 videatur
1332 457 1598 509 excolere.
1636 455 1805 508 llabet
1836 472 1966 523 ergo
1996 468 2049 507 et

484 554 599 621 ipse
632 554 855 607 culturae
888 568 997 605 sure
1028 550 1286 611 fructum,
1331 560 1385 602 et
1430 550 1481 602 in
1530 550 1595 601 iis
1634 549 1884 601 omnibus
1938 550 2051 601 fru—

484 646 665 696 ctibus
698 644 900 696 invenit
931 643 1045 696 sine
1076 642 1239 695 dubio
1276 641 1505 693 electum
1546 641 1777 709 aliquem
1818 650 1870 693 et
1912 656 2052 708 pra:-

482 736 722 801 cipnum,
749 748 907 799 quem
965 733 1117 800 quasi
1174 732 1440 802 primitias
1479 732 1693 792 offerat,
1752 734 1953 785 invenit
2000 741 2055 783 et

482 836 618 887 quos
650 836 743 887 pro
790 820 1183 888 prituogenitis,
1217 828 1270 871 et
1310 819 1444 871 alios
1483 834 1579 885 pro
1622 818 1864 869 decimis.
1901 816 2054 881 Quod

483 913 525 964 si
559 926 659 963 non
700 912 909 964 videtur
941 909 1286 963 temerarium
1322 910 1522 959 audere
1558 908 1608 959 in
1655 907 1877 969 talibus,
1922 923 2055 975 pos-

485 1011 612 1054 sunt
644 1001 873 1054 fortasse
904 999 1242 1067 primogeniti
1283 1013 1408 1052 vere
1441 998 1515 1049 illi
1572 997 1699 1062 dici,
1747 998 1813 1051 de
1860 998 2056 1065 quibus

484 1091 750 1156 scriptum
775 1100 857 1143 est
883 1090 994 1119 ¹⁶ι¹⁷
1018 1089 1139 1156 quia
1167 1104 1287 1141 cum
1314 1088 1628 1141 mulieribus
1658 1103 1717 1142 se
1749 1104 1851 1141 non
1881 1089 2058 1156 inqui-

483 1191 767 1243 naveruut,
811 1178 1047 1245 virgines
1099 1177 1238 1229 enim
1290 1187 1724 1246 permanserunt,
1773 1178 2053 1231 autetiam

484 1273 552 1325 de
596 1272 925 1340 martyribus
977 1278 1155 1338 potest
1208 1271 1407 1321 dictum
1446 1269 1631 1322 videri.
1692 1268 1755 1322 Et
1807 1269 2057 1338 primitiae

484 1360 833 1413 nihilominus
862 1371 1085 1428 possunt
1118 1360 1339 1430 intelligi
1374 1360 1627 1413 Ecclesia:
1660 1361 1916 1430 virgines.
1949 1360 2055 1414 De-

486 1453 641 1505 cima:
676 1466 889 1519 quoque
922 1452 957 1505 ii
999 1452 1089 1521 qui
1134 1461 1252 1520 post
1290 1452 1596 1520 conjugium
1638 1453 1978 1507 continenter
2004 1463 2061 1505 ct

482 1558 629 1595 caSte
670 1544 919 1597 vixerint.

550 1634 604 1686 4.
692 1633 888 1686 Verum
958 1633 1211 1701 quoniam
1279 1648 1343 1687 ex
1418 1636 1727 1703 angelorum
1802 1638 2058 1707 primitiis

481 1740 660 1777 sermo
715 1726 940 1793 sumpsit
997 1726 1319 1786 exordium,
1388 1743 1523 1794 quas
1583 1727 1767 1782 offerri
1829 1730 1896 1782 ab
1960 1731 2054 1783 iis-

482 1818 602 1869 dem
633 1818 848 1870 lnnnani
899 1819 1111 1886 generis
1178 1818 1476 1872 cultoribus
1520 1821 1848 1887 dixeramus,
1894 1823 2054 1893 307

480 1922 639 1975 atque
674 1911 739 1963 ad
764 1909 1033 1978 apostolos
1058 1913 1301 1978 sequenti
1342 1912 1479 1974 loco,
1517 1922 1571 1965 et
1606 1913 1728 1967 inde
1754 1915 1819 1965 ad
1859 1931 2055 1967 unum-

479 2018 749 2070 quemque
798 2003 1077 2056 doctorum
1128 2004 1345 2057 deducti
1401 2020 1614 2068 sumus,
1667 2006 1950 2059 redeamus
1986 2008 2052 2059 ad

479 2096 743 2161 uliginem
784 2110 969 2148 eorum
1013 2110 1132 2162 qua:
1177 2096 1449 2149 discutere
1486 2111 1844 2163 coeperamus.
1888 2096 2057 2165 Igitur

482 2186 851 2254 unusquisque
875 2185 1188 2255 angelorum
1226 2186 1337 2255 (16)
1382 2186 1432 2238 in
1462 2188 1929 2241 consummatione
1955 2203 2057 2242 sar-

479 2276 587 2330 culi
633 2278 806 2332 aderit
855 2278 907 2330 in
950 2278 1173 2345 judicio,
1218 2280 1453 2331 educens
1486 2293 1577 2331 eos
1620 2293 1802 2332 secum
1857 2280 2053 2347 quibus

481 2367 713 2436 praefuit,
759 2384 895 2435 quos
947 2369 1175 2435 adjuvit,
1233 2383 1369 2435 (jtlflS
1413 2369 1691 2433 instruxit,
1730 2385 1825 2437 pro
1859 2368 2055 2435 quibus

482 2474 694 2525 semper
724 2460 855 2511 vidit
891 2458 1083 2511 faciem
1110 2458 1286 2511 Patris
1318 2461 1406 2527 qui
1441 2460 1492 2511 in
1524 2458 1677 2513 cmlis
1705 2470 1807 2514 est.
1830 2460 1894 2513 Et
1926 2471 2054 2531 puto

483 2549 647 2602 etiam
692 2549 763 2601 ibi
811 2548 1213 2615 inquisitionem
1267 2549 1526 2611 futuram,
1567 2565 1672 2603 non
1716 2551 1936 2619 quidem
1985 2548 2057 2606 an

481 2639 706 2693 cultura:
742 2638 1018 2691 hominum
1054 2638 1275 2706 angelus
1305 2638 1559 2703 defuerit,
1603 2640 1697 2693 sed
1727 2656 1793 2693 an
1830 2640 2056 2696 cultura:

484 2728 739 2798 angelica:
755 2742 1093 2797 nequaquam
1126 2727 1285 2797 digne
1314 2729 1542 2798 segnitia
1576 2730 1809 2783 humana
1831 2747 2057 2800 respon-

482 2820 645 2875 derit.
681 2820 797 2874 Erit
820 2835 948 2890 ergo
980 2821 1107 2874 etin
1143 2820 1243 2872 hoc
1266 2820 1526 2887 judicium
1559 2821 1653 2875 Dei
1683 2834 1863 2876 utrum
1886 2825 2053 2894 negli-

483 2913 661 2978 gentia
683 2912 859 2979 aliqua
888 2912 1258 2964 ministrorum
1284 2912 1571 2982 spirituum
1598 2915 1686 2983 qui
1717 2915 1781 2968 ad
1810 2915 2057 2969 ministe-

2160 453 2246 515 tis,
2282 467 2414 519 quos
2448 454 2631 522 utique
2672 454 2724 505 in
2761 452 3036 507 laboribus
3068 463 3117 507 et
3159 454 3408 507 doctrina
3446 470 3571 519 sua,
3622 455 3737 511 sive

2158 544 2520 610 apostolorum
2574 544 2689 596 sive
2738 543 3069 610 reliquorum
3124 553 3238 611 post
3294 559 3387 598 eos
3430 545 3743 611 doctorum,

2160 648 2377 686 necesse
2414 644 2492 687 est
2519 635 2721 701 primas
2749 645 2929 702 partes
2966 633 3163 686 habere
3188 644 3243 687 et
3282 635 3587 687 animarum
3624 651 3743 703 qua,

2159 738 2253 790 per
2279 740 2372 778 eos
2428 726 2799 792 profecerunt,
2852 732 2905 777 et
2948 723 3179 775 fructtnn
3216 740 3319 776 una
3364 742 3485 777 cum
3522 725 3589 779 iis
3648 740 3741 789 ῃςιῐ

2159 830 2295 882 quos
2315 828 2519 884 Operati
2542 826 2667 869 sunt
2695 816 2761 868 ad
2786 830 2969 867 aream
2996 814 3205 868 Domini
3227 826 3595 883 comportare.
3630 816 3742 868 Erit

2158 919 2289 974 ergo
2318 904 2369 957 iu
2399 906 2820 973 congregatione
2861 904 3156 967 fructuum,
3188 905 3235 955 id
3278 915 3365 958 est
3392 906 3443 958 in
3472 906 3746 959 electione

2160 996 2515 1058 credentium,
2550 996 2659 1058 ille,
2689 996 2841 1049 verbi
2892 998 3087 1064 gratia,
3114 997 3207 1064 qui
3235 997 3336 1049 fuit
3370 997 3514 1050 illius
3548 997 3745 1050 Eccle-

2162 1086 2253 1139 sia:
2284 1086 2586 1154 prmcipuus
2635 1096 2689 1140 et
2745 1087 2999 1151 eximius,
3031 1088 3305 1154 primitiae,
3353 1096 3406 1140 et
3458 1087 3547 1140 ille
3576 1090 3743 1141 etiam

2162 1176 2263 1229 hoc
2310 1176 2558 1243 superior
2609 1177 2755 1231 illius
2795 1177 3051 1233 Ecclesia:
3090 1178 3502 1248 priinogcnitus,
3536 1180 3603 1232 ab
3629 1180 3744 1240 illo,

2162 1266 2307 1319 verbi
2334 1269 2531 1335 gratia,
2565 1268 2757 1337 angelo
2786 1270 3020 1323 oblatus.
3054 1268 3120 1323 Et
3157 1269 3229 1322 ita
3265 1285 3426 1323 omne
3459 1272 3563 1323 hoc
3598 1272 3743 1338 quod

2162 1358 2537 1412 adnmbratum
2576 1372 2661 1414 est
2695 1361 2745 1412 in
2794 1360 2932 1431 lege,
2960 1361 3217 1429 quoniam
3249 1360 3331 1413 lex
3368 1362 3613 1413 umbram
3648 1364 3746 1413 lm-

2164 1450 2253 1503 bet
2303 1451 2606 1505 futurorum
2644 1454 2931 1516 bonorum,
2986 1453 3167 1522 aliquo
3198 1453 3355 1507 modo
3394 1468 3490 1522 per
3513 1456 3745 1522 angeio-

2166 1558 2280 1594 rum
2339 1544 2635 1597 ministeria
2697 1544 2750 1597 in
2804 1543 3114 1599 futurorum
3183 1545 3452 1597 bonorum
3514 1548 3745 1599 veritate

2162 1636 2554 1704 complebitur:
2590 1646 2647 1689 ut
2679 1652 2797 1705 qua:
2826 1636 3166 1705 prteforinata
3187 1646 3315 1689 sunt
3355 1637 3406 1689 iu
3432 1636 3519 1690 illo
3547 1635 3740 1703 Israel,

2160 1727 2251 1796 qui
2298 1729 2593 1781 secundum
2647 1742 2867 1782 carnem
2907 1726 3071 1783 Israel
3122 1728 3343 1793 dicitur,
3387 1727 3440 1780 in
3482 1727 3735 1782 Israelitis

2159 1820 2302 1872 veris
2330 1827 2383 1871 et
2411 1818 2723 1872 coelestibus
2769 1819 3119 1887 impleantur.
3149 1818 3353 1871 Nomen
3379 1817 3521 1870 enim
3568 1819 3763 1899 Israel.

2158 1910 2402 1978 pervenit
2428 1923 2597 1976 usque
2625 1909 2690 1962 ad
2716 1910 2991 1977 angelicos
3018 1910 3256 1976 ordines,
3284 1910 3387 1963 nisi
3412 1909 3538 1978 quia
3570 1909 3735 1962 multo

2158 2002 2341 2055 verius
2368 2000 2441 2054 illi
2495 2000 2915 2069 appellabuntur
2962 2002 3150 2068 Israel,
3195 2011 3401 2071 quanto
3434 2001 3616 2054 verius
3665 2002 3739 2052 illi

2158 2103 2282 2147 sunt
2310 2108 2461 2145 mens
2490 2093 2677 2146 videns
2709 2093 2893 2145 Deum.
2945 2092 3057 2148 lloc
3087 2094 3229 2147 enim
3265 2091 3429 2147 Israel
3466 2092 3739 2158 interpre-

2161 2193 2307 2237 tatur
2355 2182 2490 2252 (18).
2535 2182 2670 2235 Puto
2711 2184 2854 2237 enim
2885 2184 3032 2251 quia,
3077 2184 3217 2237 sicut
3251 2183 3491 2250 quazdani
3524 2183 3741 2234 nomina

2158 2274 2243 2327 vel
2296 2275 2559 2342 gentium,
2616 2274 2698 2326 vel
2760 2275 3089 2342 principum,
3126 2274 3178 2326 in
3228 2273 3529 2341 Scripturis
3561 2272 3739 2341 posita

2156 2366 2421 2430 videmus,
2459 2381 2577 2434 qua:
2629 2366 2837 2433 absque
2882 2366 2988 2418 ulla
3042 2366 3380 2421 dubitatione
3440 2366 3507 2420 ad
3570 2366 3741 2418 malos

2157 2460 2399 2526 angelos,
2439 2464 2491 2510 et
2524 2456 2588 2507 ad
2633 2456 2862 2509 virtutes
2901 2456 3208 2509 contrarias
3242 2455 3554 2511 referantur
3586 2473 3601 2518 ;
3636 2457 3741 2509 sic—

2159 2554 2239 2609 ut,
2272 2545 2420 2599 verbi
2458 2543 2656 2613 gratia,
2685 2543 2893 2597 Pharao
2916 2560 3009 2598 rex
3040 2544 3279 2615 IEgypti,
3310 2554 3367 2599 et
3388 2543 3743 2599 Nabuchodo-

2159 2653 2320 2691 nosor
2346 2637 2671 2707 Babylonius
2696 2647 2749 2689 et
2771 2636 3025 2705 Assyrius
3056 2652 3070 2701 ;
3102 2637 3173 2689 ita
3209 2638 3373 2689 etiam
3406 2652 3492 2701 ea,
3526 2653 3645 2706 qu;e
3673 2636 3740 2691 de

2160 2729 2363 2783 sanctis
2394 2730 2524 2782 viris
2567 2738 2621 2783 et
2652 2738 2811 2798 gente
2844 2728 3093 2796 religiosa
3132 2729 3469 2792 scribuntur,
3506 2730 3570 2781 ad
3614 2743 3739 2781 san-

2157 2830 2273 2875 ctus
2296 2821 2514 2891 angelos
2545 2831 2600 2874 et
2636 2821 2701 2873 ad
2740 2821 2999 2889 benignas
3032 2818 3290 2873 debemus
3324 2818 3533 2873 referre
3564 2821 3733 2871 virtu-

2160 2924 2258 2966 tes.
2296 2911 2449 2978 Quod
2483 2920 2663 2965 autent
2701 2928 2794 2965 rex
2829 2912 3003 2981 gentis
3031 2912 3208 2980 impia:
3242 2911 3308 2963 ad
3352 2911 3604 2963 virtutem
3641 2908 3738 2963 ali-

484 3005 623 3057 rium
657 3014 711 3057 et
744 3003 1069 3071 adiutorium
1105 3003 1249 3057 missi
1290 3014 1415 3057 sunt
1441 3018 1664 3074 propter
1692 3022 1785 3061 eos
1818 3008 1908 3074 qui
1945 3008 2055 3061 hce-
2083 3046 2126 3104 ϐ
2161 3018 2319 3073 quam
2353 3004 2642 3073 malignam
2695 3004 2761 3056 ab
2788 3002 3071 3072 Scriptura
3109 3002 3395 3065 referatur,
3433 3002 3551 3055 audi
3610 3017 3740 3069 quo-

484 3097 765 3149 rcditatem
806 3095 1026 3163 capiunt
1056 3095 1270 3158 salutis,
1298 3112 1364 3148 an
1417 3112 1604 3150 eorum
1640 3099 1730 3165 qui
1772 3099 1838 3152 ab
1875 3098 2057 3166 iisju-

484 3197 681 3239 vantur
736 3187 945 3256 ignavia
1009 3198 1114 3239 tam
1171 3186 1323 3239 multi
1388 3185 1569 3256 lapsus
1632 3189 1753 3241 vitae
1808 3190 2058 3244 humana:

482 3279 803 3349 proveniant
862 3278 995 3347 (Π).
1039 3278 1190 3344 Quod
1242 3280 1285 3333 si
1320 3278 1393 3331 ita
1438 3289 1539 3344 est,
1582 3281 1688 3335 erit
1721 3296 1851 3352 ergo
1893 3282 2055 3335 etiam

485 3379 628 3423 Inter
653 3370 874 3438 angelos
901 3380 955 3423 et
984 3371 1228 3426 homines
1266 3372 1527 3438 iudicium
1560 3373 1687 3426 Dei:
1722 3383 1775 3427 et
1808 3375 2058 3428 fortassis

477 3462 866 3531 judicabantur
898 3463 1066 3532 aliqui
1106 3480 1227 3517 cum
1254 3464 1419 3518 Paulo
1450 3475 1502 3519 et
1529 3466 1876 3519 conferentur
1901 3466 2053 3519 labo—

486 3553 635 3606 ribus
669 3553 803 3619 ejus,
840 3562 893 3608 et
926 3555 1190 3608 fructibus
1225 3557 1315 3624 qui
1341 3572 1403 3608 ex
1450 3556 1791 3609 multitudine
1832 3559 2058 3610 creden-

488 3644 619 3695 tium
651 3644 907 3697 veuiunt:
942 3654 995 3699 et
1019 3644 1159 3699 forte
1189 3646 1487 3700 invenietur
1518 3647 1567 3699 in
1601 3646 1874 3701 laboribus
1898 3664 2059 3715 supe-

487 3732 598 3785 rior
633 3734 795 3786 etiam
825 3734 1092 3803 aliquibus
1128 3736 1354 3803 angelis,
1389 3745 1442 3789 et
1477 3736 1598 3789 ideo
1630 3735 1887 3789 nimirum
1920 3738 2060 3791 dice-

485 3824 577 3877 bat
608 3824 649 3854 ’³
682 3841 694 3877 :
733 3844 751 3875 ι
788 3826 894 3879 Λιιι
924 3828 1145 3881 nescitis
1180 3828 1302 3896 quia
1350 3828 1570 3897 angelos
1593 3829 2002 3897 judicahimus?
2036 3849 2053 3879 ι

488 3915 601 3969 Non
644 3919 785 3984 quod
835 3918 947 3987 ipse
994 3918 1194 3971 Paulus
1240 3920 1444 3986 jmlicet
1499 3922 1740 3989 angelos,
1793 3922 1885 3974 sed
1917 3923 2060 3990 quod

485 4026 621 4077 opus
654 4010 799 4062 Pauli
850 4012 992 4079 quod
1027 4012 1137 4080 egit
1183 4013 1233 4064 iu
1276 4014 1585 4082 Evangelio.
1616 4023 1670 4066 et
1692 4029 1819 4082 erga
1849 4015 2063 4067 animas

486 4100 849 4163 credentium,
900 4100 1167 4166 judicabit
1216 4101 1471 4169 aliquos:
1520 4118 1623 4155 nou
1665 4103 1810 4156 enim
1846 4118 2057 4168 omnes,

486 4191 580 4243 sed
613 4190 823 4257 aliquos
858 4192 1194 4261 angelorum.
1225 4192 1288 4244 Et
1316 4204 1597 4261 prepterea
1624 4193 1871 4247 fortassis
1896 4195 2060 4247 etiam

487 4280 680 4335 Petrus
712 4282 777 4335 ad
814 4284 911 4337 ista
960 4286 1292 4352 respondens
1345 4287 1561 4340 dicebat
1595 4286 1637 4317 ¹⁹
1671 4305 1683 4341 :
1726 4304 1743 4337 ι
1781 4287 1836 4341 lu
1898 4303 2059 4357 quem

486 4375 875 4441 concupiscunt
908 4377 1070 4429 etiam
1099 4378 1601 4449 angeliprospicerc
1634 4403 1645 4435 ;
1687 4400 1705 4432 ι
1737 4381 1983 4449 quamvis
2006 4388 2059 4434 et
2094 4384 2137 4439 D
2165 4377 2471 4447 loquentem
2529 4378 2709 4433 dicere
2742 4378 2786 4409 ³³
2823 4396 2837 4431 ;

489 4464 592 4532 ipsi
618 4467 845 4532 apostoli
884 4469 1087 4536 angelis
1125 4479 1347 4524 utantur
1376 4472 1713 4540 adjutoribus
1744 4474 1809 4525 ad
1837 4472 2063 4542 explen-

488 4560 615 4609 dum
666 4560 1064 4625 praedicationis
1100 4576 1209 4614 sua:
1253 4578 1470 4625 munus,
1513 4574 1568 4617 ct
1614 4579 1748 4631 OpttS
1786 4564 2059 4632 Evangelii

488 4653 999 4708 consunnuaudum.
1068 4653 1159 4708 Sic
1210 4655 1354 4707 enim
1406 4654 1687 4707 dicebatur
1722 4655 1775 4707 iu
1828 4655 2059 4709 Actibus

490 4740 857 4805 apostolorum
890 4743 955 4807 ²⁰,
986 4743 1113 4811 quia
1142 4743 1367 4812 angelus
1397 4743 1539 4797 Petri
1576 4753 1717 4798 esset
1751 4744 1838 4812 qui
1874 4745 2059 4812 pulsa-

491 4841 571 4883 ret
616 4832 682 4885 ad
740 4834 960 4887 osrium.
1013 4834 1277 4887 Similiter
1330 4851 1456 4903 ergo
1498 4836 1815 4903 intelligitur
1839 4852 1962 4890 esse
2008 4848 2062 4892 ct

488 4921 626 4975 alius
659 4922 803 4976 Pauli
835 4924 1080 4993 angelus,
1107 4925 1248 4978 sicut
1281 4934 1363 4978 est
1395 4924 1561 4988 Petri,
1588 4935 1641 4978 et
1672 4925 1807 4977 alius
1842 4926 2065 4979 alterius

564 5039 679 5108 ιέ-ιτ
711 5039 876 5107 Apoc.
902 5056 1012 5108 xw,
1050 5042 1104 5095 4.
1186 5042 1229 5072 ¹⁸
1265 5042 1282 5095 ι
1317 5042 1441 5097 Cor.
1468 5057 1541 5107 vt,
1574 5042 1627 5096 ὅ.

492 5107 538 5137 ⁸³
566 5107 701 5163 Gen.
733 5126 808 5176 x1,
846 5112 895 5163 7.

562 5250 673 5322 (16)
704 5251 873 5318 Igitur
899 5256 1246 5324 numquisque
1271 5254 1597 5323 angelorum,
1623 5261 1728 5324 etc.
1759 5251 1890 5306 Vide
1920 5251 2059 5324 llue-

492 5320 626 5443 3pm
656 5320 1109 5392 'Origcniunortim
1154 5327 1247 5379 lib.
1288 5320 1358 5388 ιι,⁷
1394 5334 1582 5392 quaest.
1619 5323 1671 5389 5,
1723 5340 1873 5377 Itum.
1906 5323 1976 5375 20
2010 5332 2063 5375 et

563 5461 673 5531 (Π)
710 5462 825 5515 lz'rit
850 5480 971 5533 ergo
999 5473 1047 5515 et
1074 5468 1124 5516 in
1162 5464 1256 5517 hoc
1289 5464 1551 5532 judicium
1586 5463 1674 5517 Dei
1701 5473 1873 5515 utrum
1901 5463 2063 5529 negli-

494 5533 665 5602 gentia
698 5535 876 5602 aliqua
911 5536 1269 5587 ministrorum
1301 5538 1580 5601 spirituum
1606 5536 1693 5602 qui
1726 5535 1791 5584 ad
1822 5535 2061 5583 ministe-

497 5600 632 5671 rium
659 5610 707 5651 et
732 5600 1057 5669 adjutorium
1094 5607 1236 5657 missi
1266 5614 1385 5655 sunt
1419 5600 1627 5670 propter
1661 5620 1744 5655 eos
1776 5603 1865 5671 qui
1891 5604 2063 5654 lucre—

495 5668 706 5721 ditatem
737 5668 944 5734 rapiunt
970 5674 1177 5738 salutis,
1213 5693 1279 5726 tm
1306 5668 1481 5726 eorum
1509 5668 1595 5740 qui
1628 5675 1689 5725 ub
1720 5668 2065 5742 eis’juvumzr

1709 5041 1750 5073 ιο
1788 5042 1803 5095 l
1841 5043 1947 5095 Pet.
1982 5054 2019 5099 ι,
2068 5047 2152 5099 12,

2165 3095 2322 3149 modo
2370 3094 2538 3149 Isaias
2571 3096 2636 3149 de
2679 3094 3179 3149 Nabuchodonosor
3202 3094 3389 3148 dicat:
3429 3111 3447 3144 ι
3497 3092 3561 3146 Et
3592 3092 3738 3144 indu-

2161 3203 2302 3251 cant,
2338 3188 2513 3256 inquit
2543 3188 2607 3251 “,
2635 3187 2874 3256 gladium
2912 3201 3074 3254 super
3097 3167 3322 3255 gentem
3353 3199 3623 3254 magnam,
3649 3200 3740 3235 su-

2162 3294 2256 3347 per
2290 3280 2585 3348 principem
2619 3279 2989 3347 Assyriorum.
3022 3279 3114 3332 Ait
3142 3278 3287 3331 enim
3316 3291 3332 3329 :
3374 3276 3582 3329 Virtute
3621 3290 3737 3327 mea

2163 3372 2377 3433 faciam,
2410 3380 2463 3422 et
2492 3371 2755 3438 sapientia
2780 3384 2970 3421 sensus
3006 3370 3106 3421 mei
3138 3368 3412 3420 destruam
3443 3367 3577 3419 ﬁnes
3610 3384 3743 3431 geu-

2165 3466 2318 3527 tium,
2357 3472 2410 3516 et
2465 3463 2723 3515 virtutem
2786 3476 2975 3515 eorum
3021 3459 3395 3527 deprwdabor.
3446 3477 3464 3510 ι
3513 3457 3576 3510 Ει
3614 3458 3742 3509 item

2162 3554 2285 3607 alibi
2330 3554 2488 3621 quasi
2546 3554 2611 3605 de
2671 3553 2914 3621 principe
2968 3555 3145 3621 gentis
3184 3551 3462 3619 cujusdam
3519 3550 3743 3615 loquens

2161 3647 2294 3701 dicit
2323 3650 2367 3678 "
2399 3666 2411 3699 :
2456 3665 2473 3697 ι
2523 3647 2807 3711 Quomodo
2839 3647 3037 3699 cecidit
3070 3648 3133 3699 de
3164 3644 3304 3699 coelo
3348 3644 3587 3706 Lucifer,
3650 3643 3741 3712 qui

2166 3754 2320 3792 mane
2353 3738 2668 3792 oriebatur?
2720 3756 2737 3787 ι
2794 3738 2836 3791 si
2883 3753 3012 3806 ergo
3050 3738 3160 3789 haec
3200 3734 3379 3789 omnia
3414 3736 3479 3787 ad
3518 3736 3742 3804 angelos

2163 3831 2426 3896 quosdam
2487 3829 2735 3896 maligna:
2766 3827 2873 3898 (l9)
2909 3828 3129 3881 virtutis
3188 3826 3381 3879 referri
3416 3826 3562 3895 cogit
3608 3827 3744 3880 ratio

2165 3926 2434 3986 veritatis,
2481 3939 2658 3976 nonne
2689 3924 2877 3977 eadem
2911 3922 3296 3991 consequentia
3334 3923 3495 3976 etiam
3532 3937 3651 3992 quae.
3679 3922 3744 3974 de

2164 4016 2345 4077 bonis,
2387 4014 2469 4065 νιἸ
2512 4014 2873 4083 principibus,
2905 4015 2981 4066 vel
3014 4015 3269 4083 gentibus
3295 4015 3743 4074 conscribuntur,

2164 4106 2230 4156 ad
2257 4105 2545 4166 bonarum,
2577 4113 2633 4155 ut
2670 4120 2833 4171 supra
2891 4105 3143 4169 diximus,
3198 4106 3457 4157 virtutum
3501 4103 3744 4173 angelus,

2168 4197 2557 4264 ministrosque
2599 4194 3071 4250 referentur?Sed
3112 4206 3168 4250 et
3203 4196 3332 4250 illud
3362 4197 3580 4265 quodin
3633 4196 3743 4250 Ge-

2168 4288 2281 4341 nesi
2309 4287 2567 4355 scriptum
2605 4286 2854 4356 legimus,
2895 4287 3062 4341 Deum
3090 4291 3156 4341 ad
3188 4287 3409 4357 angelos
3437 4289 3553 4341 sine
3583 4286 3745 4338 dubio

2897 4396 2914 4428 ι
2963 4379 3150 4433 Venite
3198 4378 3594 4434 confundamus
3640 4378 3743 4428 liu-

2165 4485 2299 4540 guas
2327 4485 2538 4535 eorum,
2582 4488 2600 4521 ι
2637 4470 2765 4539 quid
2804 4470 2947 4525 aliud
2986 4470 3283 4538 putandum
3316 4480 3419 4533 est,
3458 4469 3563 4523 nisi
3602 4469 3743 4537 quod

2165 4568 2363 4623 diversi
2396 4568 2568 4637 angeli
2605 4568 2847 4621 diversas
2883 4566 2937 4619 in
2962 4566 3274 4621 hominibus
3299 4566 3511 4633 linguas
3538 4562 3745 4631 operati

2166 4658 2275 4712 sint
2312 4676 2371 4710 ac
2402 4658 2678 4725 loquelas?
2717 4657 2801 4720 Ut,
2830 4657 2978 4710 verbi
3010 4658 3205 4724 gratia,
3237 4672 3373 4709 unus
3399 4656 3601 4723 aliquis
3633 4653 3745 4705 fue-

2168 4750 2257 4813 rit,
2312 4749 2401 4816 qui
2442 4748 2833 4818 Bahylonicam
2882 4757 3009 4802 tunc
3041 4748 3132 4801 uui
3171 4748 3373 4802 homini
3414 4746 3747 4815 impresserit

2169 4839 2434 4907 linguam,
2462 4840 2599 4892 alius
2629 4840 2717 4907 qui
2743 4839 2830 4891 alii
2854 4838 3189 4907 ZEgyptiam,
3214 4849 3269 4893 et
3307 4838 3445 4890 alius
3466 4838 3555 4903 qui
3598 4836 3745 4889 Gne-

2174 4947 2312 4994 Cam,
2358 4942 2409 4983 el
2448 4932 2524 4985 sic
2558 4932 2898 4985 diversarum
2954 4931 3195 4999 gentium
3242 4929 3342 4997 ipsi
3392 4928 3464 4982 illi
3516 4927 3744 4982 fortasse

2234 5051 2276 5079 ²⁰
2316 5053 2432 5102 Act.
2474 5066 2571 5104 xu.
2682 5052 2724 5081 “
2761 5051 2863 5103 Isa.
2893 5066 2945 5114 ιι,
2977 5052 3063 5114 12,
3101 5051 3188 5107 15.
3265 5051 3309 5081 ’³
3352 5048 3453 5102 lsa.
3495 5061 3604 5110 xw,
3661 5042 3741 5096 l2.

2166 5250 2374 5317 ignavia
2408 5248 2693 5301 tammulti
2742 5249 2918 5317 lapsus
2968 5250 3091 5303 vitm
3131 5251 3373 5302 humana:
3416 5248 3740 5317 proveniant.

2170 5322 2291 5373 lltcc
2323 5322 2372 5371 in
2414 5321 2573 5370 editis
2605 5321 2803 5372 omissa
2838 5321 3154 5385 supplentur
3187 5335 3217 5372 e
3266 5322 3420 5375 codd.
3469 5318 3744 5386 Sagicusi,

2169 5389 2503 5453 Belvacensi,
2530 5400 2582 5441 et
2613 5390 2796 5441 Sancti
2837 5388 3179 5444 TllCUtlUl‘lL‘l.

2240 5482 2349 5553 (l8)
2388 5480 2577 5534 Viden;
2608 5480 2796 5533 Deum.
2834 5480 2948 5533 Hoc
2978 5484 3115 5533 enim
3153 5480 3324 5535 Israel
3346 5484 3740 5551 interpretatur.

2168 5575 2207 5627 Α
2241 5586 2364 5633 nam
2394 5593 2409 5623 ι
2447 5574 2601 5640 vidit,
2650 5591 2667 5623 ›
2702 5583 2750 5624 et
2776 5557 2848 5631 5.x:
2877 5592 2894 5622 ι
2931 5574 3080 5626 Dens.
3117 5592 3134 5622 ι

2242 5668 2352 5740 (19)
2405 5668 2554 5733 lllss.,
2593 5685 2611 5718 ι
2652 5668 2918 5735 malignae.
2957 5686 2972 5717 ›
3012 5666 3163 5719 Libh.
3208 5667 3361 5731 editi,
3396 5685 3412 5718 ι
3458 5680 3686 5734 magnae.
3717 5682 3739 5716 ι
