2043 3109
246 161 300 190 649

246 269 346 295 bantur
360 274 485 299 auctores
500 280 506 297 :
524 275 655 302 manserit
676 281 765 304 autem
780 278 870 314 lingua
884 289 933 314 per
947 283 1033 312 Adam

246 312 371 344 primitus
389 315 462 348 data,
490 322 518 343 ut
533 324 672 353 putamus,
696 312 831 357 Hebraeis,
854 326 881 353 in
903 335 934 355 ea
955 336 1033 364 parte

244 356 396 392 hominum,
409 368 469 395 qua:
483 370 535 390 non
551 372 614 399 pars
628 366 744 402 alicujus
761 372 862 406 angeli,
875 374 915 401 vel
932 376 1032 409 princi-

243 402 285 436 pis
301 404 370 431 facta
384 411 435 439 est,
451 408 496 435 sed
511 416 571 443 qua:
588 410 635 438 Dei
649 415 738 446 portio
751 402 909 450 permansit.
919 420 1029 450 Interim

242 452 272 476 ut
284 449 375 478 dicere
396 460 577 488 ceperamus,
593 457 713 487 offerunt
729 449 758 488 et
770 465 859 499 angeli
883 466 1027 501 primitias,

241 497 428 533 unusquisque
451 501 533 529 credo
556 505 644 537 gemis
670 513 738 539 sum,
754 513 782 535 et
805 517 912 539 rursum
942 522 1026 541 unus-

239 542 354 577 quisque
377 544 505 573 Ecclesia:
519 555 585 575 sum.
613 550 718 583 Quibus
739 554 844 588 angelis
863 561 890 584 et
907 557 1026 587 Joannes

239 587 267 614 in
282 588 441 625 Apocalypsi
457 593 576 621 scribere
594 595 703 624 videtur
717 598 749 631 “,
769 587 845 628 verbi
860 605 958 637 gratia,
976 613 1025 633 an-

238 633 297 667 gelo
315 635 440 664 Ecclesiae
466 638 655 675 Ephesiorum,
685 645 725 671 vel
743 644 955 683 Smyrnmorum,
983 653 1023 680 vel

236 679 452 717 Laodicensium,
469 684 640 721 aliarumque
653 696 712 723 quae
724 692 831 726 scripta:
846 700 919 722 sunt.
938 696 1022 725 Olfert

234 733 299 761 ergo
320 729 506 765 unusquisque
523 733 681 767 angelorum
698 737 843 771 primitias,
867 742 907 768 vel
928 743 1022 772 Eccle-

233 771 290 804 sia),
305 773 347 800 vel
370 775 460 808 gentis
479 784 535 804 sua:
550 785 611 812 quae
624 780 649 807 ei
663 780 847 816 dispensanda
875 790 1019 817 commissa

231 822 283 844 est.
298 818 352 845 Aut
365 818 435 847 forte
445 826 472 848 et
488 821 533 849 alii
547 823 720 854 extrinsecus
731 829 819 863 angeli
835 837 908 866 sunt,
926 835 971 869 qui
986 843 1019 863 ex

230 863 357 891 omnibus
386 866 512 899 gentibus
538 868 630 897 ﬁdeles
647 878 771 906 quosque
787 863 961 912 congregem.
985 881 1017 908 Et

231 908 434 938 consideremus
458 919 491 940 ne
512 912 582 941 forte
601 915 671 943 sicut
687 917 769 954 308
783 919 809 946 in
826 908 927 957 aquua,
942 927 1017 954 verbi

230 954 330 988 gratia,
349 956 468 990 civitate,
487 959 531 987 ubi
550 963 668 989 nondum
688 964 835 994 Christiani
862 971 917 997 nati
942 978 1015 1006 sunt,

228 1000 251 1027 si
276 1001 387 1029 accedat
404 1003 514 1038 aliquis,
529 1010 557 1033 et
577 1007 678 1036 docere
699 1010 823 1046 incipiat,
842 1013 956 1050 laboret,
975 1019 1016 1046 in-

227 1050 325 1079 struat,
357 1048 474 1077 adducat
493 1051 527 1078 ad
552 1051 643 1084 ﬁdem,
668 1059 695 1081 et
722 1056 779 1091 ipse
794 1048 963 1093 postmodum
981 1065 1013 1092 iis

226 1097 294 1123 quos
319 1092 410 1120 docuit
433 1095 559 1131 princeps
583 1103 610 1124 et
632 1100 776 1136 cpiscopus
804 1105 849 1131 ﬁt:
877 1107 913 1134 ita
930 1110 1012 1137 etiam

224 1137 312 1164 sancti
332 1139 420 1174 angeli
438 1140 494 1176 (20)
512 1150 605 1173 eorum
621 1153 691 1180 quos
716 1156 731 1176 e
749 1150 866 1180 diversis
886 1155 1013 1189 gentibus

223 1187 459 1219 congregaverint,
469 1192 495 1215 et
507 1189 601 1219 labore
614 1199 664 1221 suo
674 1201 706 1222 ac
717 1195 869 1226 ministerio
879 1187 1012 1234 proﬁcere

223 1225 347 1263 fecerint,
358 1231 410 1265 ipsi
427 1239 521 1261 eorum
535 1236 616 1264 etiam
634 1225 907 1279 iiifuturoprincipes
926 1245 1009 1275 ﬁant:

222 1278 251 1300 ut
265 1273 389 1304 Christus
408 1286 460 1306 non
477 1284 530 1308 tam
548 1290 594 1310 rex
614 1284 720 1313 dicatur
739 1295 819 1322 quam
839 1298 886 1318 rex
904 1299 1008 1328 regum,

220 1324 247 1346 et
263 1328 315 1348 non
330 1326 383 1350 tam
402 1323 542 1359 Dominus,
554 1336 635 1362 quam
655 1331 784 1361 Dominus
798 1334 1006 1367 dominantium.

219 1363 323 1400 Quippe
339 1368 361 1395 si
384 1369 427 1396 isti
456 1378 533 1407 reges
558 1375 625 1402 Iiunt
640 1383 735 1404 eorum
755 1387 824 1414 quos
841 1389 949 1417 regunt,
980 1391 1008 1413 et

220 1409 351 1442 proﬁcere
370 1413 484 1449 faciunt,
506 1417 556 1452 ipsi
568 1426 633 1454 ergo
649 1409 770 1451 offerunt.
793 1409 927 1460 quosdam
945 1431 1006 1464 qui-

217 1455 278 1483 dem
291 1459 423 1494 pontiﬁci,
438 1463 568 1496 quosdam
583 1473 648 1494 vero
669 1467 731 1496 ﬁliis
744 1472 894 1507 pontiﬁcis,
909 1475 933 1502 id
953 1481 1004 1510 est,

217 1502 404 1536 superioribus
433 1507 592 1543 virtutibus,
612 1514 843 1550 etarchangelis,
870 1521 1002 1554 quosdam

214 1547 296 1575 etiam
318 1549 430 1584 Levitis,
453 1552 479 1580 id
506 1559 547 1582 est.
569 1558 649 1589 paulo
669 1559 853 1597 inferioribus,
868 1565 889 1592 si
915 1572 1002 1596 tamen
1017 1579 1039 1609 ο

214 1601 385 1629 consequens
394 1599 516 1627 videatur
533 1601 577 1628 tali
591 1604 706 1637 quadam
720 1608 811 1642 specie
822 1611 903 1639 ctiam
915 1619 1000 1649 ange-

214 1639 279 1649 .,_A_
341 1643 358 1649 ..
499 1645 506 1649 .
574 1647 588 1649 »ν

735 1639 742 1642 _
952 1639 983 1649 0-

214 1639 281 1667 licos
300 1643 422 1678 ordines,
447 1650 476 1672 ut
498 1645 638 1677 lsraelitici
667 1658 740 1686 sunt,
764 1662 825 1683 esse
849 1657 1000 1694 distinctos,

213 1686 430 1721 quandoquidem
457 1690 589 1721 Israelita:
611 1695 668 1731 (2i)
690 1699 793 1727 umbra:
807 1706 834 1729 et
850 1686 999 1739 exemplari

615 1728 618 1729 ν
658 1728 662 1731 ν
829 1728 832 1729 ⁷
855 1728 999 1739 """"I""‘"

212 1728 338 1758 dicantur
352 1733 491 1764 deservire
503 1738 664 1768 caelestium.
677 1742 826 1774 Possumus
842 1755 906 1784 ergo
924 1751 1000 1779 dice-

214 1780 252 1806 re,
264 1776 326 1810 quia
345 1777 415 1807 forte
432 1781 457 1807 in
477 1782 566 1812 futuro
578 1793 639 1813 cmn
654 1796 748 1817 omnes
765 1790 870 1821 fructus
886 1802 999 1830 congre-

214 1820 256 1830 _-.,
303 1827 307 1830 .
386 1825 392 1830 -

939 1820 984 1830 ,.-

210 1820 344 1854 gabuntur
359 1825 392 1852 ad
415 1834 516 1859 aream,
532 1837 610 1859 erunt
622 1834 729 1868 quidam
750 1839 837 1871 portio
851 1842 995 1876 pontiﬁcis,

210 1872 238 1876 -A
248 1866 256 1876 Ι
273 1866 308 1876 911·
408 1871 413 1876 ³
497 1874 502 1876 ⁸
513 1874 520 1876 ⁸

209 1866 256 1892 sed
273 1866 342 1896 illius
359 1871 413 1898 veri
429 1874 565 1906 pontiﬁcis
576 1866 688 1907 Christi.
705 1866 789 1909 Erunt
805 1889 832 1911 et

810 1909 831 1911 η
909 1909 994 1920 μων

206 1909 374 1949 Levitarum,
396 1918 465 1946 sicut
491 1920 547 1954 jam
564 1930 645 1957 supra
668 1925 796 1961 diximus,
821 1931 861 1957 vel
882 1933 994 1967 angelis,

205 1960 246 1985 vel
261 1959 320 1987 aliis
333 1963 492 1993 coelestibus
508 1968 653 1997 virtutibus
668 1978 847 2006 sequestrata.
865 1976 933 2005 Puto
945 1987 994 2006 au-

205 2009 256 2031 tem
272 2007 342 2040 quod
362 2015 442 2036 erunt
458 2012 566 2045 quidam
586 2016 674 2049 portio
688 2018 771 2045 etiam
792 2020 931 2050 hominum
945 2031 992 2052 eo-

203 2057 261 2078 rum
287 2052 418 2083 duntaxat
436 2058 481 2091 qui
506 2058 531 2085 in
550 2060 600 2088 hac
614 2062 667 2089 vita
687 2065 833 2098 prudentes
846 2075 878 2096 ac
897 2069 990 2098 ﬁdeles

201 2096 399 2131 dispensatores
418 2104 492 2131 verbi
509 2104 554 2132 Dei
574 2107 692 2136 fuerunt.
710 2109 766 2138 Hoc
781 2113 855 2140 enim
869 2115 989 2144 arbitror

200 2141 226 2168 in
245 2142 398 2179 Evangeliis
414 2149 548 2184 designari
565 2160 579 2178 a
599 2153 721 2189 Domino,
744 2157 788 2184 ubi
808 2159 845 2185 ait
861 2160 894 2187 ad
913 2169 986 2195 eum,

198 2187 242 2214 cui
261 2191 412 2219 crediderat
431 2195 550 2230 quinque
571 2205 659 2231 muas,
678 2187 826 2231 etlfecerat
839 2212 870 2231 ex
882 2206 922 2234 eis
937 2209 984 2234 dc-

195 2240 255 2261 ccm
270 2236 293 2283 :'
311 2245 317 2263 :
334 2246 343 2263 ι
362 2239 425 2267 Esto
439 2247 599 2275 potestatem
618 2245 721 2274 habens
737 2255 818 2283 supra
840 2251 933 2279 decem
944 2254 984 2280 ci-

439 2268 446 2275 .
520 2268 524 2269 ν
538 2268 599 2271 ηε...
618 2268 721 2274 ...η-,νην
737 2268 795 2283 νυνι
803 2268 818 2277 II
840 2268 933 2279 Il‘ihclll
944 2268 982 2280 ιι·

194 2268 304 2309 νὶιειιέε.
324 2292 333 2309 ι
353 2284 400 2312 Cui
416 2294 479 2314 vero
495 2291 646 2320 crediderat
664 2302 755 2326 unam,
772 2301 800 2322 et
821 2296 922 2326 fecerat
948 2306 982 2327 ex

192 2332 226 2352 ea
247 2328 366 2363 quinque
391 2332 431 2358 ἐς
455 2343 465 2359 ι
491 2334 556 2363 Esto
582 2344 745 2372 potestatem
772 2342 877 2370 habens
900 2352 981 2379 supra

192 2372 312 2407 quinque
327 2376 458 2406 civitates.
473 2389 482 2405 ι
498 2381 562 2414 Qua:
570 2384 641 2410 enim
655 2385 698 2412 hic
711 2392 830 2421 potestas
841 2389 980 2418 civitatum

192 2417 364 2453 intelligenda
388 2429 438 2455 est,
459 2426 509 2453 nisi
532 2427 693 2461 gubernatio
716 2432 886 2460 animarum?
903 2434 980 2463 Unde

190 2468 218 2490 et
242 2465 347 2494 videtur
368 2469 431 2497 mihi
447 2473 517 2506 quod
539 2473 597 2500 sine
612 2483 693 2503 causa
707 2478 789 2505 etiam
806 2479 878 2506 inter
904 2481 977 2515 ipsos

190 2511 299 2546 angelos
312 2514 356 2541 alii
373 2520 532 2550 potestatem
553 2525 580 2546 et
601 2522 784 2556 principatum
805 2531 886 2559 super
908 2526 976 2555 alios

188 2560 293 2587 gerant,
310 2558 354 2585 alii
370 2564 460 2587 autem
476 2563 643 2597 subjaceant,
656 2571 683 2593 et
698 2568 884 2602 obtemperent
897 2577 974 2606 pote-

187 2601 260 2628 smti.
275 2601 352 2630 Sicut
368 2612 400 2632 ne
415 2605 465 2633 istc
480 2608 591 2641 quidem
601 2611 643 2637 cui
659 2617 778 2646 potestas
796 2614 888 2643 decem
909 2617 974 2645 civi-

187 2649 283 2680 tatum,
304 2649 345 2677 vel
372 2650 416 2679 ille
443 2652 484 2678 cui
504 2654 622 2689 quinque
642 2656 781 2684 civitatum
796 2659 886 2694 datur,
913 2663 972 2691 sine

220 2695 243 2712 ”
257 2697 340 2732 Apoc.
358 2708 386 2727 ιι.
425 2701 449 2716 ’⁵
461 2700 525 2729 Luc.
548 2711 605 2735 xix,
628 2704 671 2733 I7.
709 2705 807 2733 “ibid.
831 2709 874 2737 I9.

220 2743 332 2785 (20))“:
349 2748 537 2787 etiim_x__mncli
558 2750 655 2787 angeli,
681 2756 733 2779 etc.
758 2753 824 2782 Vide
840 2755 965 2787 lluetiunt

184 2777 401 2818 Oﬁige‘nignorum
415 2782 461 2810 lib.
480 2791 508 2814 Il.
525 2777 620 2818 quaesi.
635 2777 661 2818 5',

286 2814 361 2857 diss...
374 2826 384 2843 ι
404 2812 541 2857 Israelita}:
558 2829 567 2845 ι
578 2812 962 2857 Libb.'eiliti,"«dsraelitirm.i

216 2814 257 2845 (2i
286 2814 361 2848 Mss,
374 2826 384 2843 ι
404 2814 541 2846 Israelita):
558 2829 567 2845 ι
578 2814 767 2854 Ιλίὺϋίειιίιῇι
782 2814 962 2857 Israelitirm.»

215 2814 272 2883 (93;
287 2850 363 2892 Lihh.
382 2853 458 2886 editi,
472 2864 486 2892 Δι
509 2856 647 2892 excolunt,
666 2867 675 2882 ι
691 2858 738 2884 sed
756 2865 833 2892 mss.,
854 2871 862 2887 ι
883 2871 964 2891 cxco-

641 2882 647 2887 .
693 2882 713 2883 κν
733 2882 737 2884 ~
756 2882 820 2887 ---~-"
855 2882 862 2887 ·
884 2882 963 2891 ιιι-νυ-

178 2882 220 2910 Iit.
239 2893 248 2909 ι
266 2886 347 2914 l'aulo
360 2882 510 2922 postcodex
523 2890 550 2917 S.
567 2891 738 2927 ’l‘hcodorici,
754 2902 763 2919 ι
779 2895 813 2923 ab
826 2882 963 2928 erroribus

336 2935 470 2967 PnuoL.
488 2938 545 2968 (in.
567 2938 634 2970 XII.

849 173 882 201 IN
903 175 1071 205 NUMEROS
1089 178 1232 210 IIOMILIA
1248 184 1292 211 XI.

246 221 384 257 principes
403 223 514 258 fuerint,
528 227 573 261 qui
584 232 610 255 et
623 228 775 265 linguarum
790 240 821 259 ac
834 234 948 269 loquelie
964 238 1038 266 vidc-
1053 239 1076 267 A
1091 242 1198 274 merito,

913 2712 935 2728 ”
946 2713 954 2740 Ι
969 2713 1079 2747 Cor.xv,
1093 2716 1138 2744 ρο.

1821 204 1873 233 650

1225 250 1257 271 eo
1279 246 1350 280 quod
1369 249 1499 278 creditam
1514 254 1565 281 sibi
1587 257 1774 291 multiplicavit
1791 269 1869 295 pecur

1087 284 1170 318 niam,
1197 292 1322 322 pervenit
1337 293 1368 318 ad
1398 293 1550 328 hujusmodi
1580 284 1752 333 potestatem.
1776 284 1872 334 Ortunia

1084 331 1155 358 enim
1180 335 1249 368 apud
1269 336 1352 364 Deum
1378 341 1481 369 ratione
1496 349 1524 370 et
1541 345 1646 379 judicio
1659 349 1736 383 ﬁunt,
1762 360 1811 379 nec
1837 355 1871 381 ad

1083 378 1208 412 gratiam,
1225 382 1272 409 sed
1288 390 1337 416 pro
1356 387 1452 415 merito
1468 389 1537 416 alius
1558 393 1682 428 princeps
1697 402 1756 423 esse
1772 399 1869 427 multo-

1082 429 1140 449 rum
1155 425 1274 459 ponitur,
1295 429 1363 458 alius
1380 433 1518 466 subjectus
1536 443 1596 464 esse
1610 439 1782 474 principatui.
1800 443 1870 471 Eva-

1079 468 1133 502 gati
1152 469 1265 499 forsitan
1288 476 1436 509 prolixiore
1462 480 1604 509 videamur
1620 492 1744 519 excessu,
1759 490 1805 516 sed
1835 491 1869 518 de

1078 514 1205 547 primitiis
1226 523 1423 554 exponentibus
1443 528 1625 555 necessarium
1651 531 1798 560 fuitetiam
1814 535 1865 563 ista

1077 558 1222 595 discutere,
1237 566 1455 602 quandoquidem
1474 572 1541 598 tanti
1557 573 1669 602 honoris
1682 584 1780 606 nomen
1794 579 1865 607 istud

1078 603 1103 630 in
1121 604 1269 642 Scripturis
1286 612 1384 641 divinis
1401 615 1515 644 habetur
1527 622 1555 645 ut
1572 619 1655 646 etiam
1672 621 1730 655 ipse
1741 623 1866 653 Christus

1076 651 1203 685 primitia:
1217 657 1371 686 nominatus
1387 661 1433 693 sit,
1449 667 1476 688 et
1490 663 1616 697 primitiae
1629 666 1820 698 dormientium
1830 672 1863 699 "’.

1074 696 1108 723 Et
1122 698 1194 725 sicut
1215 708 1261 728 rex
1279 710 1383 739 regum,
1408 711 1435 733 et
1455 696 1584 738 Dominus
1599 711 1807 748 dominantium,
1836 722 1863 744 et

1074 747 1167 776 pastor
1180 751 1332 782 pastorum,
1354 753 1545 785 etponliﬁcum
1563 757 1696 791 pontifex,
1714 760 1749 787 ita
1767 769 1863 790 conse-

1073 794 1189 822 quenter
1203 795 1230 818 et
1247 794 1428 827 primitiarum
1446 799 1574 832 primitia:
1593 803 1708 831 dicetur.
1724 805 1790 839 Qua:
1806 809 1862 842 pri-

1730 832 1747 839 ~
1772 832 1788 834 π

1073 832 1154 860 mitia:
1173 843 1224 863 non
1240 837 1296 871 jam
1315 841 1446 875 pontiﬁci,
1461 844 1507 872 sed
1528 845 1583 874 Deo
1597 848 1694 876 oblatae
1717 857 1790 885 sunt,
1816 861 1861 881 se-

1071 878 1187 907 cundum
1202 882 1253 910 hoc
1274 886 1344 918 quod
1360 887 1478 922 seipsum
1497 891 1615 920 hostium
1635 895 1733 923 obtulit
1750 898 1816 931 Deo,
1831 905 1859 927 et

1071 932 1185 961 surgens
1201 935 1216 955 a
1237 932 1353 959 mortuis
1375 935 1446 962 sedit
1466 936 1493 963 in
1518 938 1642 967 dextram
1671 941 1728 970 Dei.
1753 944 1859 972 Dicitur

1068 976 1159 999 autem
1176 974 1198 990 ⁸⁸
1219 974 1277 1009 ipse
1295 982 1324 1004 et
1346 980 1481 1014 primitiae,
1505 988 1530 1010 et
1553 985 1748 1021 primogenitus
1775 991 1859 1019 totius

1067 1023 1213 1052 creatum,
1229 1022 1300 1055 quod
1315 1029 1403 1051 utrum
1421 1027 1466 1054 tali
1484 1029 1561 1056 modo
1579 1038 1627 1064 per
1642 1033 1761 1067 singulas
1775 1043 1857 1070 quasm

1067 1068 1120 1095 que
1137 1070 1278 1094 creaturas
1301 1068 1413 1103 intelligi
1433 1072 1538 1106 debeat,
1554 1076 1627 1109 quali
1644 1078 1718 1105 inter
1733 1068 1855 1110 homines

1067 1107 1194 1139 primitias
1221 1111 1414 1141 dormientium
1439 1117 1547 1151 dicitur,
1564 1107 1599 1146 iet
1628 1122 1795 1158 intelligitur,
1818 1135 1852 1153 an

1065 1152 1155 1188 aliqua
1183 1156 1297 1185 celsiore
1317 1164 1344 1186 et
1364 1161 1498 1190 diviniore
1521 1165 1708 1202 intelligentia,
1738 1179 1789 1199 non
1811 1179 1853 1201 est

1064 1201 1205 1232 prasentis
1215 1204 1344 1237 temporis
1359 1208 1497 1242 persequi.

1098 1244 1124 1271 5.
1138 1244 1291 1276 Redeamus
1306 1257 1371 1285 ergo
1383 1252 1419 1280 ad
1433 1254 1613 1287 primitiarum
1635 1259 1766 1288 rationem
1780 1271 1850 1297 quas

1062 1290 1180 1321 diximus
1208 1293 1299 1323 oﬁ‘erri
1324 1304 1373 1331 per
1400 1301 1519 1335 angelos,
1548 1311 1608 1337 quae
1632 1307 1796 1343 colliguntur
1815 1320 1848 1339 ex

1061 1337 1136 1371 agris
1164 1338 1243 1374 hujus
1263 1343 1365 1370 mundi.
1382 1344 1446 1379 Agri
1467 1352 1557 1375 autem
1571 1337 1738 1386 angelorum,
1764 1357 1846 1384 corda

1060 1387 1152 1410 nostra
1162 1389 1234 1412 sunt.
1250 1386 1440 1424 Unusquisque
1450 1400 1515 1428 ergo
1529 1402 1621 1423 eorum
1636 1406 1668 1424 ex
1684 1406 1749 1434 agro
1763 1409 1844 1436 quem

1059 1427 1135 1461 colit,
1154 1429 1234 1457 oﬁ‘crt
1250 1432 1384 1466 primitias
1404 1435 1468 1464 Deo.
1488 1427 1549 1466 Etsi
1566 1448 1684 1469 mererer
1698 1427 1748 1478 Ego
1765 1427 1845 1474 hodie

1059 1480 1186 1508 magnum
1208 1476 1336 1511 aliquem,
1353 1484 1380 1507 et
1397 1488 1502 1510 summo
1516 1488 1644 1519 pontiﬁce
1658 1491 1767 1524 dignum
1782 1500 1844 1519 seu-

1057 1526 1117 1546 sum
1139 1521 1273 1556 proferre,
1296 1525 1332 1551 ita
1352 1530 1381 1552 ut
1405 1529 1484 1557 exiis
1499 1533 1626 1561 oumibus
1637 1543 1696 1570 quae
1708 1537 1843 1573 loquimur

1057 1569 1085 1591 et
1108 1565 1247 1600 docemus,
1273 1571 1462 1607 essetaliquid
1485 1578 1634 1612 egregium,
1649 1583 1720 1615 quod
1737 1590 1843 1611 summo

1055 1611 1190 1639 sacerdoti
1206 1615 1313 1647 placere
1329 1617 1450 1652 deberet,
1471 1611 1577 1655 poterat
1594 1624 1709 1654 fortasse
1727 1628 1794 1661 ﬁeri,
1813 1636 1843 1657 ut

1055 1657 1166 1691 angelus
1180 1660 1224 1693 qui
1244 1663 1487 1699 przeestEcclesize,
1503 1674 1535 1694 ex
1554 1670 1681 1698 omnibus
1698 1673 1777 1700 dictis
1790 1683 1841 1702 uo-

1053 1703 1119 1731 stris
1143 1704 1257 1739 eligeret
1281 1707 1390 1742 aliquid,
1406 1715 1432 1738 et
1454 1711 1513 1740 loco
1526 1715 1707 1748 primitiarum
1727 1719 1840 1747 Domino

1054 1749 1087 1776 de
1103 1750 1192 1784 agello
1206 1751 1257 1778 mei
1272 1753 1364 1783 cordis
1377 1755 1497 1785 offerret.
1515 1759 1568 1787 Sed
1584 1768 1633 1794 ego
1648 1770 1691 1790 me
1707 1765 1764 1792 scio
1786 1773 1838 1793 non

1053 1795 1162 1828 mereri,
1180 1803 1229 1824 nec
1254 1800 1380 1827 conscius
1405 1809 1463 1829 sum
1486 1805 1563 1837 mihi,
1577 1808 1647 1841 quod
1664 1809 1724 1836 talis
1740 1810 1838 1844 aliquis

1049 1846 1146 1868 sensus
1159 1841 1313 1872 inveniatur
1330 1847 1356 1873 in
1377 1855 1429 1879 me,
1447 1857 1526 1883 quem
1545 1852 1654 1887 dignum
1669 1856 1773 1889 judicet
1788 1866 1836 1885 an-

1047 1887 1123 1922 gelus
1139 1891 1184 1923 qui
1204 1898 1253 1918 nos
1272 1893 1382 1926 excolit,
1398 1895 1496 1924 offerre
1508 1906 1556 1932 pro
1577 1900 1714 1934 primitiis,
1727 1904 1768 1931 vel
1785 1913 1834 1938 pro

1046 1932 1237 1968 primogenitis
1251 1936 1373 1966 Domino.
1391 1940 1479 1976 Atque
1506 1932 1607 1972 utinam
1624 1947 1676 1974 tale
1700 1949 1736 1976 sit
1763 1953 1834 1985 quod

1047 1977 1185 2011 loquimur
1210 1986 1238 2008 et
1263 1982 1403 2016 docemus,
1432 1991 1528 2015 utnon
1556 1997 1605 2024 pro
1621 1993 1710 2020 verbis
1734 1997 1834 2023 nostris

1046 2024 1221 2053 condemnari
1236 2035 1402 2063 mereamur,
1415 2033 1550 2062 sufﬁceret
1568 2037 1645 2064 nobis
1659 2037 1715 2066 haec
1733 2042 1831 2074 gratia.

1042 2068 1236 2104 Oﬂ‘eruntergo
1246 2074 1332 2108 angeli
1343 2082 1375 2102 ex
1385 2077 1465 2106 nobis
1477 2081 1621 2115 primitias,
1632 2087 1659 2110 et
1667 2068 1766 2113 excolit
1774 2086 1830 2122 (22)

1042 2117 1227 2152 unusquisque
1245 2126 1294 2146 eos
1310 2128 1378 2155 quos
1396 2124 1487 2151 studio
1502 2131 1529 2153 et
1549 2127 1686 2162 diligentia
1715 2117 1780 2159 sua
1795 2117 1829 2160 ab

1039 2162 1180 2189 erroribus
1193 2164 1313 2198 gentium
1328 2170 1462 2196 convertit
1480 2170 1512 2197 ad
1526 2171 1609 2200 Deum
1622 2181 1629 2201 :
1644 2180 1670 2201 et
1689 2182 1729 2204 est
1746 2186 1829 2207 unus-

1039 2207 1154 2240 quisque
1168 2208 1194 2235 in
1214 2210 1338 2243 portione
1355 2212 1397 2239 vel
1416 2221 1480 2241 cura
1496 2216 1568 2245 illius
1584 2220 1673 2254 angeli
1691 2230 1697 2248 :
1713 2227 1741 2249 et
1756 2225 1827 2253 sicut

1003 2244 1025 2271 Ι)
1040 2258 1070 2277 ex
1089 2251 1166 2279 initio
1183 2254 1274 2282 saeculi
1304 2256 1382 2290 hujus
1407 2266 1467 2286 cum
1482 2244 1649 2299 dispergeth
1673 2267 1741 2295 Deus
1756 2269 1826 2299 ﬁlios

1035 2296 1120 2324 Adam
1132 2299 1165 2330 ",
1183 2301 1279 2328 statuit
1295 2302 1363 2330 ﬁnes
1378 2306 1498 2339 gentium
1512 2312 1661 2340 secundum
1680 2322 1823 2345 numerum

1034 2343 1190 2378 angelorum
1205 2345 1264 2379 Dei,
1277 2352 1306 2375 et
1320 2357 1491 2387 unaquaeque
1505 2362 1572 2390 gens
1589 2359 1640 2386 sub
1664 2360 1708 2388 illo
1728 2365 1823 2399 angelo

1034 2387 1103 2399 ig-.-
1370 2396 1378 2399 μ
1398 2397 1402 2399 -

1034 2387 1105 2415 facta
1122 2395 1162 2416 est
1177 2399 1185 2417 ε
1200 2400 1251 2419 una
1266 2399 1355 2422 autem
1368 2396 1416 2424 fuit
1430 2404 1457 2426 et
1471 2399 1556 2428 electa
1569 2410 1636 2437 gens
1651 2405 1745 2441 Israel,
1762 2387 1823 2445 qua:

1033 2435 1122 2467 portio
1139 2436 1245 2464 Domini
1261 2439 1324 2472 fuit,
1346 2447 1372 2469 et
1398 2443 1536 2474 funiculus
1553 2435 1723 2480 hicreditalis
1737 2435 1795 2489 ejus
1813 2466 1820 2484 :

1031 2479 1068 2506 ita
1082 2482 1163 2509 credo
1183 2484 1248 2511 etin
1268 2485 1322 2514 ﬁne
1340 2488 1418 2522 hujus
1432 2492 1522 2520 mundi
1539 2498 1622 2530 atque
1637 2497 1663 2524 iu
1678 2479 1759 2530 initid
1768 2511 1820 2531 stc-

1029 2527 1080 2554 culi
1095 2528 1208 2557 alterius
1225 2529 1343 2560 futttrum
1356 2533 1425 2569 (9.5),
1446 2542 1475 2564 ut
1492 2527 1589 2569 iterum
1610 2543 1712 2573 dividat
1725 2527 1819 2578 Excel-

1028 2581 1073 2602 sns
1089 2575 1158 2603 ﬁlios
1168 2576 1254 2603 Adam
1267 2587 1272 2603 :
1285 2583 1312 2605 et
1324 2581 1371 2613 qui
1385 2589 1436 2609 non
1449 2587 1631 2619 potuerintita
1649 2595 1742 2623 mundi
1757 2605 1818 2628 esse

1026 2621 1110 2647 corde
1137 2626 1165 2648 ut
1192 2622 1279 2656 ipsum
1295 2624 1405 2653 videant
1427 2628 1581 2669 Dominum,
1599 2643 1626 2667 et
1645 2646 1705 2668 esse
1726 2646 1816 2678 ροηίο

1028 2666 1131 2678 l1-...:..£
1161 2668 1184 2678 ης
1197 2669 1217 2678 1.
1228 2676 1232 2678 .
1249 2674 1267 2678 ν.
1356 2676 1359 2678 λ

1027 2666 1145 2699 Domini,
1161 2668 1269 2696 videant
1284 2676 1395 2701 sanctos
1408 2678 1530 2714 angelos,
1548 2689 1575 2712 et
1591 2687 1646 2715 sint
1663 2666 1812 2722 secundum

1178 2717 1200 2732 ⁸⁸
1217 2718 1321 2746 Coloss.
1340 2723 1415 2753 1,15.
1456 2728 1478 2743 ²⁹
1494 2729 1572 2761 Deut.
1585 2743 1668 2765 χχχιι.

1021 2762 1155 2817 geigi‘qm’;
1172 2774 1180 2790 ι
1200 2764 1276 2817 ΙλίΙίΙ).
1292 2768 1398 2817 CIII-(LP!
1415 2773 1448 2817 ab
1457 2780 1597 2817 erroribus
1610 2786 1701 2815 etiam.
1728 2800 1737 2817 ι

1057 2798 1113 2834 (εδ)
1130 2799 1172 2826 Im
1427 2798 1708 2859 inﬂammatrix;
1720 2800 1746 2855 ἢ,
1760 2829 1809 2857 si.

1067 2835 1280 2859 llvculin/lm‘iuc
1307 2842 1423 2859 ιιιιηνηη.
1455 2853 1494 2859 λη
1524 2851 1572 2859 ε...
1608 2857 1628 2859 __

1034 2834 1039 2839 -
1154 2837 1158 2841 ~
1245 2838 1248 2841 -
1315 2840 1318 2842 .
1363 2834 1367 2840 ι
1436 2834 1505 2846 νν-ιντ-
1524 2834 1614 2848 manu:
1631 2834 1708 2859 atque
1720 2835 1746 2855 ιη
1760 2834 1808 2857 ιηῐι

1019 2838 1054 2859 ί¹⁰
1067 2835 1157 2861 “mm
1172 2837 1280 2876 ηίίὲ’¹“¹¹¹⁵
1305 2842 1434 2875 Ιιιίιινιιηι.
1453 2853 1506 2878 etc.
1524 2851 1590 2884 Vide
1608 2857 1734 2891 Huetium
1748 2864 1808 2894 Uri.

1019 2871 1188 2894 aenimmrnm
1203 2873 1237 2894 llll
1267 2882 1281 2894 κ
1310 2884 1393 2894 ιιιιλιιμι
1421 2882 1429 2894 ι
1441 2883 1447 2894 ι
1576 2891 1583 2894 .
1594 2892 1602 2894 ,

1018 2871 1188 2902 genianorum
1203 2873 1246 2899 lili.
1266 2882 1293 2907 li,
1305 2871 1403 2911 'qugust.
1421 2871 1467 2916 ιίζ
1479 2871 1605 2920 inmunia
