4086 6218
372 320 443 375 ’(Ῑὸ
454 320 472 373 l

1838 316 2157 377 ORIGENIS

3532 319 3640 376 G52

378 446 663 490 numerum
695 430 1005 500 angelorum
1026 429 1140 484 Dei.
1173 427 1279 484 Sed
1310 430 1504 486 beatus
1527 439 1605 487 est
1642 434 1731 503 qui
1757 434 1953 507 dignus
1983 440 2025 494 Α
2055 435 2197 491 enim
2240 435 2397 507 panis
2441 435 2559 504 qui,
2611 448 2735 490 cum
2778 448 2992 505 semper
3040 436 3380 499 comedatur,
3425 449 3640 505 semper

376 524 540 581 fuerit
593 523 644 576 in
690 521 780 575 illa
814 521 921 575 vita
955 520 1295 590 esse'portio
1353 523 1587 593 Domini,
1630 535 1683 580 et
1726 526 1956 596 populus

374 621 492 692 eius
512 617 697 682 Jacob,
724 632 785 671 ac
808 616 1080 672 funiculus
1106 618 1435 673 haereditatis
1453 634 1563 673 sua:
1590 619 1775 673 Israel.
1797 618 1958 690 Opta-

378 714 485 770 liile
520 721 602 769 est
638 726 786 782 ergo,
817 710 1151 775 utdiximus,
1182 710 1256 765 ita
1289 712 1558 781 proﬁcere
1592 727 1954 782 unumquem-

376 822 504 874 que,
542 814 601 858 ut
622 804 765 857 inter
790 802 1080 871 primitias,
1104 801 1186 856 vel
1208 802 1569 872 primogenita
1600 803 1728 873 eligi
1747 818 1955 859 merea-

374 907 485 961 tur,
504 905 555 951 et
570 893 751 950 offerri
776 894 905 959 Deo,
926 903 1117 949 etesse
1132 907 1259 961 pars
1280 893 1515 959 Domini,
1532 894 1672 949 sicut
1698 905 1953 951 econtra-

372 990 454 1044 rio
484 986 633 1042 valde
652 986 945 1040 timendum
974 992 1056 1039 est
1076 998 1143 1039 ne
1172 984 1513 1039 inveniamur
1540 985 1679 1041 inter
1704 986 1844 1056 illos,
1879 988 1949 1043 de

370 1078 567 1148 quibus
585 1076 849 1143 scriptum
866 1074 1033 1128 est”:
1061 1093 1078 1126 ι
1102 1073 1406 1129 Introibunt
1421 1076 1473 1128 in
1490 1074 1748 1131 inferiora
1769 1086 1951 1143 terrae,

372 1166 656 1221 tradentur
674 1164 725 1216 in
750 1163 1133 1233 manusgladii,
1156 1172 1337 1232 partes
1356 1163 1596 1233 vulpium
1612 1174 1791 1219 erunt.
1819 1183 1838 1217 ι
1862 1164 1955 1220 Vi-

370 1257 465 1310 des
479 1255 643 1327 309
670 1269 799 1325 ergo
832 1255 1253 1311 resurrectionis
1289 1264 1540 1326 tempore
1563 1272 1686 1313 cum
1710 1256 1954 1314 dividere

370 1347 606 1417 cteperit
637 1347 900 1402 Excelsus
929 1356 1137 1417 gentes,
1167 1357 1222 1404 et
1261 1365 1359 1419 pro
1402 1352 1610 1406 meritis
1643 1352 1953 1421 dispergere

374 1440 511 1494 ﬁlios
562 1439 758 1505 Adam,
800 1440 1009 1496 futuros
1057 1455 1179 1496 esse
1222 1442 1487 1511 quosdam
1536 1444 1627 1513 qui
1665 1444 1869 1499 intrent
1897 1444 1949 1498 in

370 1528 625 1583 inferiora
672 1536 854 1594 teme,
898 1538 954 1583 ct
984 1538 1173 1599 partes
1212 1531 1478 1599 vulpium,
1536 1533 1588 1586 id
1636 1541 1722 1588 est
1770 1542 1951 1600 partes

370 1623 672 1674 daemonum
723 1621 876 1675 ﬁant.
912 1620 1044 1690 lpsze
1075 1621 1218 1675 enim
1268 1631 1400 1676 sunt
1457 1622 1642 1693 vulpes
1686 1624 1947 1679 extermi-

371 1722 560 1767 nantes
590 1712 778 1766 vineas
806 1712 874 1776 3‘,
899 1726 966 1766 ex
1002 1711 1200 1780 quibus
1230 1721 1351 1766 erat
1379 1720 1433 1767 et
1463 1711 1721 1779 Herodes,
1751 1716 1816 1769 de
1842 1730 1948 1785 quo

368 1806 565 1861 dicitur
593 1805 683 1859 υτ
724 1823 743 1855 ι
800 1804 895 1868 lte,
928 1779 1095 1859 dicite
1149 1804 1293 1873 vulpi
1345 1803 1492 1859 huic.
1537 1824 1556 1858 ι
1590 1779 1946 1876 Rcfugianius
1978 1779 2019 1834 Β

364 1912 492 1968 ergo
528 1906 775 1952 terrenos
804 1905 960 1951 actus
987 1904 1039 1951 et
1092 1895 1510 1967 intelligentiam
1548 1907 1850 1962 terrenam,
1884 1913 1949 1952 ne

366 1992 641 2062 aggravati
675 1989 912 2043 terrenis
942 1988 1212 2051 sensibus,
1245 1988 1474 2045 introire
1502 1990 1750 2045 dicamur
1777 1992 1831 2046 in
1860 1991 1942 2047 in-

368 2083 564 2139 feriora
596 2089 774 2145 terrm,
815 2089 870 2135 et
910 2089 1095 2149 partes
1123 2080 1363 2149 vulpium
1393 2080 1532 2137 ﬁeri.
1565 2081 1774 2137 lntrant
1799 2084 1944 2137 enim

363 2181 417 2227 et
445 2171 519 2225 illi
553 2172 605 2225 in
636 2170 895 2226 inferiora
925 2180 1104 2236 terrae,
1129 2174 1222 2240 qui
1252 2172 1424 2243 legem
1450 2173 1543 2227 Dei
1568 2186 1624 2228 et
1648 2175 1945 2243 repromis-

365 2263 578 2316 siuttum
602 2260 765 2326 bona,
789 2258 1149 2330 intelligentia
1185 2269 1415 2314 terrenae
1443 2259 1792 2329 cogitationis
1846 2273 1943 2314 ex—

364 2353 588 2422 cipiunt,
614 2361 668 2405 et
694 2366 799 2405 non
818 2350 1061 2405 excitant
1089 2350 1302 2404 animas
1329 2350 1632 2404 auditorum
1661 2350 1727 2402 ad
1752 2364 1942 2418 exspe-

365 2446 658 2499 ctationem
716 2440 1043 2508 caelestium,
1110 2450 1167 2496 et
1218 2441 1474 2496 intuitum
1532 2455 1939 2509 supernorum:

364 2552 486 2592 cum
524 2534 806 2590 evidenter
845 2532 1135 2602 Apostolus
1173 2533 1315 2587 dicat
1355 2532 1399 2563 ³³
1431 2549 1444 2586 :
1487 2548 1504 2583 ι
1557 2531 1612 2586 Si
1655 2546 1945 2587 consurre-

363 2630 521 2685 xistis
558 2643 681 2682 cum
732 2626 955 2682 Christo
985 2641 1106 2695 qua:
1141 2640 1359 2681 sursum
1407 2635 1535 2680 sunt
1574 2627 1818 2695 quaerite,
1854 2626 1942 2680 ubi

362 2721 610 2777 Christus
652 2728 735 2775 est
773 2719 825 2772 in
876 2718 1098 2773 dextera
1146 2716 1240 2772 Dei
1270 2718 1488 2781 sedens,
1518 2732 1624 2772 non
1671 2732 1792 2787 qua:
1818 2726 1945 2773 sunt

361 2830 524 2885 super
551 2823 751 2867 terram
785 2831 798 2866 :
840 2832 859 2865 ι
908 2811 1052 2881 quod
1083 2812 1271 2880 utique
1312 2810 1418 2866 illis
1454 2810 1673 2865 dicebat
1706 2811 1940 2879 Aposto-

361 2905 441 2960 lus
486 2904 551 2971 ³⁸,
576 2906 668 2974 qui
699 2914 918 2959 terrena
952 2903 1362 2968 observatione,
1408 2901 1641 2957 terrenis
1674 2917 1693 2950 ι
1730 2914 1796 2955 ne
1822 2901 1941 2955 teti-

360 2996 552 3066 geritis
582 3015 600 3047 ι
642 2994 884 3060 aiebant,
922 3012 940 3045 ι
981 3008 1049 3049 ne
1077 2994 1447 3064 gustaveritis,
1472 2998 1551 3061 jne
1578 2993 1937 3047 attaminave-

361 3088 500 3153 ritis,
531 3106 548 3138 ι
579 3088 780 3157 quibus
803 3086 949 3142 addit
987 3100 1002 3140 :
1047 3104 1067 3137 ι
1113 3085 1243 3153 Qua:
1280 3095 1408 3142 sunt
1435 3086 1618 3141 omnia
1665 3085 1719 3139 in
1747 3099 1936 3139 corru-
1966 3116 2007 3174 ο

358 3180 600 3248 ptionem
639 3180 755 3249 ipso
785 3194 910 3245 usu,
941 3176 1243 3236 secundum
1279 3178 1540 3233 mandata
1571 3187 1626 3232 et
1659 3177 1939 3234 doctrinas

358 3273 660 3329 hominum.
704 3292 722 3324 ι

427 3368 482 3423 6.
511 3367 673 3424 Addit
717 3378 838 3437 post
870 3369 985 3424 haec
1009 3368 1052 3400 ³⁵
1087 3382 1100 3421 :
1140 3384 1158 3417 ι
1197 3366 1264 3423 Ει
1291 3368 1504 3424 locutus
1545 3380 1630 3424 est
1679 3369 1938 3424 Dominus

356 3461 422 3515 ad
460 3461 637 3515 Aaron
674 3459 856 3514 dicens
893 3477 906 3513 :
936 3458 1075 3515 Ecce
1123 3475 1223 3531 ego
1254 3458 1376 3515 dedi
1412 3460 1565 3514 vobis
1610 3459 1677 3514 ad
1718 3474 1936 3515 conser-

355 3552 588 3607 vandum
621 3551 911 3620 primitias.
948 3571 969 3604 ›
999 3543 1257 3618 Quamvis
1285 3553 1336 3605 in
1368 3550 1639 3607 nonnullis
1662 3549 1938 3620 exempla-

357 3641 507 3697 ribus
558 3640 895 3707 Latinorum,
947 3659 966 3692 ι
1023 3643 1089 3697 ad
1138 3641 1570 3707 observandum,
1618 3660 1636 3693 ι
1672 3641 1933 3710 scriptum

354 3734 446 3801 sit,
472 3735 653 3789 verius
680 3742 856 3789 tamen
885 3744 969 3790 est
998 3754 1017 3787 ι
1056 3736 1122 3790 ad
1160 3741 1619 3791 conservandum.
1659 3754 1676 3787 ι
1712 3733 1817 3789 Sed
1847 3748 1932 3789 re-

352 3827 681 3895 quirendum
711 3836 793 3882 est
822 3828 1091 3897 quomodo
1141 3829 1433 3883 secundum
1480 3826 1650 3898 legem
1682 3826 1935 3895 primitiae

351 3925 764 3973 conserventur.
799 3918 913 3975 Non
943 3919 1087 3974 enim
1126 3929 1184 3973 ut
1216 3928 1456 3983 servent,
1496 3920 1809 3974 sacerdotes
1842 3932 1932 3971 ac-

353 4008 563 4078 cipiunt
590 4010 881 4079 primitias,
907 4013 1001 4067 sed
1042 4021 1101 4067 ut
1148 4014 1443 4067 insumant.
1486 4011 1764 4077 Quomodo
1803 4024 1931 4079 ergo

351 4100 522 4156 dicit:
553 4120 571 4152 ι
608 4101 747 4157 Ecce
793 4102 914 4157 dedi
966 4104 1119 4158 vobis
1164 4102 1431 4171 primitias
1482 4103 1549 4156 ad
1596 4116 1932 4155 conservan-

352 4192 516 4248 dum?
550 4213 566 4243 ι
598 4190 751 4248 Unde
786 4203 1002 4249 eottstat
1031 4210 1135 4249 non
1172 4209 1330 4265 posse
1373 4194 1475 4249 hoc
1529 4195 1595 4247 ad
1637 4193 1809 4264 legem
1842 4193 1930 4245 lit-

353 4294 501 4348 teras,
549 4285 640 4340 sed
692 4285 757 4339 ad
804 4285 974 4357 legem
1026 4288 1252 4357 spiritus
1304 4286 1585 4358 applicari.
1622 4285 1740 4339 Ista:
1786 4285 1929 4338 enim

348 4376 601 4444 primitiae
641 4393 777 4447 quas
827 4394 988 4448 supra
1036 4380 1351 4449 spiritaliter
1381 4380 1754 4449 exposuimus,
1794 4394 1928 4433 con-

2058 535 2358 595 pcrmanet,
2386 527 2493 580 imo
2514 538 2727 594 semper
2746 536 2995 596 augetur.
3026 526 3122 581 Est
3149 542 3301 597 ergo,
3328 529 3473 582 sicut
3498 527 3640 593 Apo-

2056 617 2228 671 stolus
2259 616 2389 670 dicit
2423 616 2488 681 ’7,
2531 615 2793 685 spiritalis
2838 630 2996 684 esca,
3053 633 3175 688 quae
3222 630 3424 688 quanto
3468 617 3639 690 magis

2059 706 2371 772 insumitur,
2403 716 2551 761 tanto
2579 705 2809 775 amplius
2842 708 3059 763 crescit.
3101 708 3317 776 Quanto
3339 710 3482 765 enim
3515 725 3635 763 am-

2058 800 2195 868 plius
2227 801 2447 855 verbum
2491 799 2587 854 Dei
2622 800 2938 869 sumpseris,
2988 810 3191 870 quanto
3224 801 3517 856 instantius
3559 801 3638 857 ci-

2057 893 2181 946 bum
2216 892 2376 947 istum
2418 890 2742 957 comederis,
2774 898 2923 945 tanto
2954 891 3006 946 in
3037 906 3089 948 te
3136 892 3443 947 afﬂuentius
3468 894 3639 948 abun-

2057 985 2224 1040 dabit.
2281 984 2405 1039 llaze
2437 984 2585 1038 dicta
2625 993 2751 1038 sunt
2789 999 2891 1053 pro
2920 999 2985 1040 eo
3026 987 3171 1055 quod
3226 986 3485 1056 scriptum
3529 994 3636 1052 est,

2062 1095 2079 1128 ι
2118 1077 2186 1132 ad
2218 1076 2646 1133 conservandum
2679 1076 2969 1143 primitias.
3015 1096 3032 1129 ι

2125 1166 2178 1219 7.
2225 1164 2483 1235 Sequitur
2536 1174 2719 1219 autem
2760 1165 2805 1196 ³⁸
2843 1183 2855 1218 :
2891 1183 2909 1216 ι
2946 1166 3022 1220 Ex
3053 1168 3307 1223 omnibus
3355 1181 3474 1238 qua:
3511 1182 3637 1222 san-

2054 1256 2365 1311 ctiﬁcantur
2398 1256 2529 1310 mihi
2562 1270 2592 1309 a
2638 1253 2765 1308 ﬁliis
2801 1253 2990 1309 lsracl.
3021 1276 3039 1308 ι
3074 1255 3183 1312 Nec
3231 1258 3334 1313 hoc
3385 1259 3505 1314 sine
3549 1273 3638 1314 sa-

2053 1357 2332 1405 cramento
2367 1348 2600 1415 dicitur;
2632 1363 2739 1403 non
2772 1350 2885 1403 vult
2918 1350 3063 1403 enim
3102 1348 3241 1403 Deus
3285 1350 3505 1404 aliunde
3549 1365 3639 1405 ac-

2053 1441 2234 1509 cipere
2265 1442 2556 1510 primitias,
2590 1442 2694 1498 nisi
2722 1457 2750 1496 a
2781 1441 3136 1497 sanctiﬁcatis
3180 1440 3363 1497 Israel.
3408 1442 3633 1499 Puterat

2054 1537 2195 1586 enim
2246 1533 2363 1588 ﬁeri
2402 1542 2461 1588 ut
2497 1543 2553 1589 et
2586 1536 2725 1604 apud
2775 1534 3005 1605 gentiles
3040 1535 3411 1591 invenirentur
3452 1536 3629 1606 aliqua

2052 1638 2214 1693 opera
2244 1625 2406 1696 digna
2434 1624 2563 1682 Deo.
2609 1626 2979 1686 Excoluerunt
3028 1626 3171 1681 enim
3220 1637 3275 1681 et
3322 1627 3466 1682 inter
3511 1628 3627 1683 illos

2054 1715 2217 1785 aliqui
2272 1716 2500 1772 virtutes
2539 1718 2730 1784 animi,
2778 1727 2832 1773 et
2876 1717 3213 1787 philosophia
3261 1718 3312 1772 in
3362 1720 3623 1773 nonnullis

2051 1807 2160 1877 egit
2188 1806 2606 1876 aliquantulum,
2639 1810 2731 1864 sed
2774 1824 2880 1863 non
2920 1809 3034 1863 vult
3077 1810 3180 1865 ista
3226 1809 3411 1865 offerri
3443 1811 3494 1865 in
3519 1811 3625 1879 pri-

2052 1894 2239 1949 initiis.
2272 1895 2349 1950 Ex
2384 1896 2491 1951 illis
2534 1898 2644 1951 vult
2670 1898 2807 1953 Deus
2851 1898 3130 1954 benefacta
3163 1899 3461 1968 suscipere,
3494 1914 3628 1969 quo-

2050 2000 2169 2039 rum
2199 2000 2351 2042 mens
2378 1988 2525 2043 videt
2547 1988 2737 2056 Deum,
2772 1999 2829 2044 et
2858 1990 2948 2060 qui
2983 1990 3308 2044 sanctiﬁcati
3353 2001 3482 2045 sunt
3522 1992 3631 2047 Deo

2050 2091 2145 2144 per
2173 2078 2352 2133 ﬁdem.
2380 2078 2609 2135 Gentilis
2638 2090 2817 2136 autem
2846 2081 3060 2137 etiamsi
3104 2081 3304 2151 aliquid
3340 2082 3628 2138 honestum

2048 2179 2103 2224 et
2140 2170 2421 2240 probabile
2458 2172 2662 2228 habere
2696 2173 2942 2228 videatur
2985 2173 3039 2228 in
3081 2174 3347 2242 moribus,
3378 2174 3478 2230 hoc
3513 2175 3630 2246 ipso

2048 2266 2191 2333 quod
2220 2279 2324 2319 non
2353 2266 2461 2320 Deo
2504 2267 2732 2322 ascribit
2761 2266 2927 2320 animi
2972 2267 3248 2331 virtutem,
3279 2269 3372 2323 sed
3407 2268 3629 2337 jactan-

2051 2355 2139 2409 tiae
2181 2369 2293 2410 sua:
2336 2355 2596 2424 deputat,
2641 2371 2748 2411 non
2805 2366 2888 2412 est
2932 2356 3270 2412 sanctiﬁcata
3314 2357 3625 2428 hujusmodi

2048 2444 2321 2514 probitas,
2380 2456 2434 2501 et
2492 2446 2611 2501 ideo
2673 2462 2777 2502 non
2833 2448 3097 2519 recipitur
3149 2449 3290 2503 inter
3340 2450 3625 2519 primitias.

2046 2534 2318 2602 Quantum
2348 2544 2527 2591 autem
2559 2536 2625 2591 ad
2655 2536 3024 2593 deﬁnitionem
3063 2538 3255 2595 littera:
3294 2540 3449 2611 legis,
3478 2541 3626 2596 vide-

2050 2634 2135 2679 tur
2162 2627 2327 2681 etiam
2359 2627 2665 2697 proselytos
2692 2628 2980 2684 excludere
3013 2630 3082 2685 ab
3120 2629 3487 2698 hujuscemodi
3517 2646 3630 2685 tnu-

2045 2733 2194 2773 nere.
2240 2717 2397 2773 Solos
2439 2720 2580 2773 cnim
2628 2720 2997 2777 sanctiﬁcatos
3039 2736 3106 2776 ex
3145 2721 3270 2777 ﬁliis
3306 2722 3469 2778 Israel
3511 2724 3628 2778 vult

2043 2809 2241 2866 offerre
2268 2811 2554 2880 primitias.
2589 2810 2730 2866 Puto
2753 2821 2932 2867 autem
2961 2812 3257 2868 lsraelitem
3308 2813 3413 2868 dici
3444 2828 3626 2882 posse,

2042 2919 2106 2959 ex
2133 2916 2240 2972 quo
2276 2902 2403 2955 licet
2431 2902 2480 2956 ei
2517 2902 2721 2973 ingredi
2760 2904 2812 2958 in
2851 2904 3149 2959 Ecclesium
3194 2904 3330 2957 Dei:
3362 2905 3623 2976 scriptum

2041 3001 2125 3048 est
2168 2991 2309 3047 enim
2358 2991 2444 3044 ³⁹ε
2486 3010 2503 3044 ι
2537 2990 2653 3045 Non
2699 2992 3102 3048 abominaberis
3139 2991 3456 3059 ldumazum,
3499 2993 3625 3061 quia

2044 3083 2215 3138 frater
2266 3092 2387 3138 tuus
2444 3091 2563 3149 est,
2614 3098 2716 3138 nec
2750 3083 3090 3155 lEgyptium,
3144 3085 3401 3154 quoniam
3450 3086 3623 3141 incola

2044 3175 2193 3232 fuisti
2224 3175 2277 3229 in
2307 3182 2448 3228 terra
2487 3171 2727 3243 IEgypti.
2763 3172 2887 3227 Filii
2932 3174 2976 3230 si
3010 3175 3121 3228 nati
3162 3174 3364 3229 fuerint
3401 3177 3503 3240 eis,
3531 3191 3626 3245 ge-

2042 3268 2322 3323 neratione
2363 3264 2521 3320 tertia
2561 3264 2864 3319 introibunt
2898 3265 2952 3318 in
2981 3264 3277 3320 Ecclesiam
3309 3266 3421 3321 Dei.
3458 3285 3478 3319 ι
3514 3266 3625 3321 Do-

2039 3374 2139 3414 nec
2160 3372 2288 3429 ergo
2308 3356 2543 3413 fructum
2568 3370 2674 3411 non
2707 3354 2865 3409 affert
2887 3353 3195 3425 ZEgyptius,
3222 3354 3305 3411 vel
3333 3355 3620 3419 ldumaaus,

2040 3466 2139 3505 nec
2168 3450 2357 3506 fecerit
2390 3448 2528 3505 ﬁlios
2555 3449 2741 3518 primae
2768 3455 2821 3501 et
2846 3447 3094 3501 secundae
3115 3456 3169 3500 ct
3193 3446 3365 3501 tertia:
3394 3461 3621 3516 genera-

2039 3544 2222 3608 tionis,
2257 3560 2361 3598 non
2395 3550 2571 3611 potest
2600 3542 2829 3597 introire
2857 3540 2908 3595 in
2938 3539 3233 3595 Ecclesiam
3268 3538 3497 3601 Domini,
3523 3537 3619 3593 sed

2039 3637 2271 3692 ﬁliorum
2309 3637 2589 3706 generatio
2634 3635 2764 3688 facit
2813 3648 2908 3689 eos
2950 3632 3177 3687 introire
3216 3631 3273 3685 in
3312 3629 3613 3685 Ecclesium

2041 3730 2270 3785 Domini.
2302 3728 2567 3784 Ohscrvet
2602 3727 2913 3798 diligentius
2944 3726 3035 3795 qui
3078 3725 3203 3794 legit
3245 3724 3454 3779 litteras
3480 3722 3619 3777 divi~

2037 3840 2154 3888 nas,
2192 3832 2249 3877 et
2284 3837 2387 3877 non
2425 3830 2482 3876 ut
2520 3820 2648 3875 libet
2701 3820 2997 3890 Scripturae
3030 3817 3197 3872 verba
3234 3822 3617 3886 pertranseat:

2036 3913 2128 3968 sed
2163 3913 2389 3982 aspiciat
2417 3911 2483 3965 ad
2516 3922 2957 3979 unumquemque
2987 3922 3320 3974 sermonem,
3346 3907 3615 3978 quomodo

2036 4020 2139 4060 non
2164 4003 2332 4069 dixit,
2352 4003 2396 4057 si
2438 4000 2550 4056 nati
2594 3999 2796 4055 fuerint
2830 3999 2909 4055 eis
2934 3998 3029 4053 ﬁlii
3056 3999 3138 4054 vel
3175 3999 3317 4063 ﬁliae,
3350 3999 3444 4053 sed
3474 4016 3490 4049 ι
3521 3996 3616 4052 ﬁlii

2033 4096 2077 4150 si
2115 4094 2224 4149 nati
2255 4094 2456 4149 fuerint
2494 4091 2595 4154 eis,
2623 4092 2782 4145 tertia
2827 4090 3178 4159 generatione
3224 4090 3527 4145 introibunt
3561 4089 3617 4143 in

2034 4183 2329 4240 Ecclesiam
2352 4180 2586 4236 Domini.
2602 4199 2619 4231 ι
2651 4179 2716 4234 Et
2736 4181 3043 4245 considera,
3066 4182 3108 4235 si
3128 4188 3302 4250 potes,
3321 4179 3612 4234 secundum

2032 4275 2317 4347 mysticum
2349 4287 2591 4337 sensum,
2625 4286 2723 4326 cur
2771 4271 2874 4327 soli
2920 4272 3012 4327 ﬁlii
3046 4273 3176 4337 sint,
3212 4287 3318 4327 non
3353 4272 3515 4327 etiam
3552 4272 3615 4323 ﬁ-

2033 4370 2134 4433 lize,
2160 4368 2250 4437 qui
2278 4366 2482 4422 faciunt
2511 4366 2737 4420 introire
2764 4374 2948 4434 patres
2970 4365 3021 4420 in
3044 4365 3341 4421 Ecclesium
3376 4365 3615 4420 Domini.

348 4467 556 4522 servari
586 4479 827 4537 possunt,
859 4469 960 4523 illae
989 4485 1092 4524 non
1122 4481 1366 4540 possunt.
1393 4470 1497 4525 Sed
1524 4470 1646 4541 etsi
1674 4469 1927 4524 Christus
1959 4459 2002 4513 Ι)
2034 4460 2280 4530 Denique
2317 4458 2561 4513 invenies
2586 4457 2752 4512 eliam
2798 4464 3014 4511 εθηοιοδ
3055 4457 3251 4525 ﬁnibus
3282 4457 3542 4512 θιῖηιίυηι
3579 4471 3609 4510 3

348 4568 431 4613 cst
460 4559 753 4614 secundum
783 4561 1096 4631 Apostolum
1122 4562 1394 4631 primitiae,
1423 4578 1549 4617 vere
1592 4564 1708 4617 ista:
1737 4562 1926 4632 primi-

350 4652 434 4706 tia‘.
464 4652 531 4707 ad
562 4653 992 4707 conservandum
1030 4654 1168 4708 datae
1211 4665 1339 4709 sunt
1386 4654 1561 4708 nobis.
1595 4654 1732 4720 Quid
1780 4653 1924 4707 enim

350 4752 457 4798 tam
488 4743 728 4809 beatum,
748 4759 902 4813 quam
938 4752 995 4799 ut
1018 4744 1198 4799 anima
1220 4759 1338 4815 quae
1365 4745 1601 4813 suscepit
1626 4744 1922 4810 Christum,

346 4850 560 4906 semper
584 4852 706 4891 eum
739 4845 1048 4904 conservet,
1083 4845 1138 4891 et
1166 4850 1381 4907 semper
1407 4835 1603 4891 habeat
1642 4835 1694 4890 in
1723 4850 1781 4891 se
1811 4851 1924 4890 ma-

346 4930 602 4985 nentem‘l
632 4930 697 4984 Et
727 4930 848 4985 talis
887 4930 1068 4986 anima
1116 4945 1240 4985 vere
1287 4929 1555 4999 primitias
1601 4928 1828 4998 suscipit
1857 4929 1924 4982 ad

344 5022 802 5077 conservandum.
833 5020 969 5077 Nam
998 5021 1103 5076 illae
1131 5021 1384 5092 primitiae
1411 5034 1529 5091 quae
1554 5018 1926 5077 oﬂ‘erebantur

344 5112 394 5165 in
429 5112 562 5181 lege,
601 5115 1068 5170 consumebantur
1111 5130 1206 5185 per
1254 5114 1429 5181 cibos,
1457 5122 1513 5169 et
1561 5114 1822 5184 ingressae
1868 5112 1920 5166 ia

342 5213 606 5271 ventrem,
650 5205 1040 5275 dirigebantur,
1077 5217 1136 5261 ut
1183 5203 1534 5275 Evangelium
1576 5204 1709 5259 dicit
1744 5203 1809 5268 ⁸⁸,
1869 5203 1920 5255 in

342 5307 639 5350 secessum.
671 5296 807 5352 Istas
849 5307 1026 5353 autem
1068 5298 1340 5367 primitias
1370 5296 1460 5369 qui
1492 5295 1919 5361 manducaverit,

340 5395 394 5438 ct
422 5391 720 5456 gustaverit
767 5404 962 5460 panem
1017 5392 1107 5461 qui
1156 5393 1223 5446 de
1286 5389 1425 5446 cmlo
1476 5389 1777 5453 descendit,
1814 5402 1918 5441 non

340 5481 624 5547 morietur,
659 5485 749 5537 sed
779 5493 1059 5551 permanet
1084 5485 1137 5539 in
1184 5486 1345 5539 vitam
1383 5492 1664 5538 aeternam.
1698 5481 1799 5535 Iste
1837 5488 1922 5535 est

409 5662 453 5693 ³ο
480 5661 618 5715 Psal.
656 5664 897 5725 LXIIJO,
930 5666 1010 5716 ll.
1091 5664 1129 5694 ³¹
1167 5664 1319 5717 Cant.
1354 5680 1408 5715 ιι.

341 5749 492 5797 Mill,
529 5734 579 5785 8.
662 5731 703 5763 ³⁸
728 5733 919 5785 Matth.
952 5749 1037 5798 xv,
1083 5734 1162 5786 Π.
1244 5735 1283 5762 ³⁷
1319 5734 1335 5785 l
1368 5735 1493 5785 Cor.
1550 5750 1599 5787 Χ.

1520 5664 1557 5692 ἐ
1588 5662 1715 5716 Luc.
1751 5678 1868 5723 xm,
1896 5661 1985 5714 32.
2064 5660 2106 5691 ³³
2131 5658 2342 5713 Coloss.
2376 5673 2457 5720 Ill,
2497 5659 2542 5721 Ι,
2571 5654 2624 5709 9..

1678 5734 1719 5762 ³⁸
1756 5732 1911 5784 Num.
1949 5744 2103 5795 xvm,
2143 5732 2197 5786 8.

2035 4557 2145 4609 Deo
2198 4551 2567 4608 testimonium
2629 4549 2812 4612 datur,
2872 4546 3090 4603 di-lIicile
3137 4548 3297 4616 ﬁlias,
3330 4547 3425 4604 sed
3469 4547 3611 4603 ﬁlios

2032 4646 2304 4717 genuisse.
2334 4644 2607 4699 Abraham
2640 4656 2746 4696 non
2770 4640 2957 4710 genuit
2989 4639 3147 4705 ﬁlias,
3186 4639 3335 4695 Isaac
3370 4653 3468 4693 nec
3496 4640 3611 4709 ipse

2030 4737 2272 4808 quidem,
2303 4735 2452 4790 solus
2474 4733 2646 4789 Jacob
2673 4746 2835 4787 unam
2860 4731 3066 4800 genuit,
3092 4742 3145 4785 et
3161 4732 3331 4800 ipsam
3348 4729 3609 4786 fratribus

2032 4844 2095 4885 ac
2123 4828 2438 4899 parentibus
2469 4841 2715 4897 gravem.
2754 4823 3135 4879 Contaminata
3180 4824 3325 4878 enim
3348 4824 3416 4878 ab
3443 4821 3607 4877 Emor

2032 4922 2145 4978 ﬁlio
2169 4921 2413 4986 Sichem,
2429 4918 2781 4988 opprobrium
2814 4916 2998 4987 generi
3022 4924 3075 4971 et
3092 4915 3345 4971 vindicta:
3366 4913 3604 4969 furorem

2026 5014 2293 5070 fratribus
2309 5013 2589 5068 excitavit.
2620 5011 2726 5067 Sed
2744 5017 2801 5065 et
2832 5018 2913 5063 ter
2949 5011 3002 5063 in
3037 5023 3179 5063 anno
3204 5020 3467 5079 apparere
3497 5008 3607 5061 Do-

2028 5106 2175 5161 mino
2200 5105 2421 5175 jubetur
2447 5118 2609 5159 omne
2644 5100 3022 5158 masculinum.
3068 5100 3292 5155 Femina
3330 5100 3397 5154 ad
3432 5113 3605 5168 appa-

2024 5202 2254 5256 rendum
2279 5199 2506 5254 Domino
2541 5212 2647 5253 non
2677 5204 2925 5251 vocatur.
2955 5193 3048 5249 Sic
3075 5208 3205 5264 ergo
3231 5194 3277 5249 si
3301 5194 3425 5264 quis
3453 5190 3604 5247 Scri~

2022 5293 2199 5363 pturis
2227 5291 2425 5345 divinis
2454 5290 2742 5361 diligenter
2776 5286 3040 5350 intendat,
3070 5287 3311 5341 inveniet
3335 5300 3443 5341 non
3474 5285 3609 5339 otio-

2023 5398 2138 5439 smn
2168 5382 2315 5452 quod
2353 5381 2481 5435 alibi
2520 5380 2741 5450 quidem
2796 5378 3043 5433 nominat
3089 5392 3213 5433 cum
3264 5376 3389 5431 ﬁliis
3438 5376 3604 5431 etiam

2024 5476 2184 5542 ﬁlias,
2215 5474 2345 5530 alibi
2390 5483 2571 5528 autem
2620 5471 2852 5527 ﬁliarum
2908 5487 3015 5527 non
3067 5470 3197 5526 facit
3247 5471 3600 5525 intentionem.

2706 5655 2749 5686 "
2772 5654 2978 5710 Coloss.
3006 5669 3063 5723 It,
3088 5654 3176 5721 2|,
3205 5652 3294 5707 22.
3371 5650 3416 5682 ³³
3438 5649 3596 5707 Num.

2282 5731 2323 5759 ³⁸
2368 5730 2521 5782 Dent.
2561 5742 2716 5794 xxttl,
2750 5726 2800 5791 '1,
2826 5727 2880 5781 8.
