4086 6218
524 397 627 452 655

1745 380 1808 433 IN
1849 377 2180 433 NUMERUS
2221 375 2502 429 llUMlLIA
2541 373 2633 433 XI.

3687 370 3787 424 (iiii

527 516 591 571 Et
621 516 707 570 hic
734 526 863 582 ergo
904 507 1156 581 primitiae
1191 518 1309 570 qua:
1347 499 1669 562 oﬁ‘eruntur,
1695 514 1722 551 a
1753 496 2106 553 sanctiﬁcatis
2136 496 2181 552 Λ
2210 501 2328 546 ctus
2383 493 2485 546 dici
2539 499 2714 559 potest
2741 504 2909 544 :‘vere
2956 497 3134 582 autem
3185 498 3239 541 ct
3285 501 3497 582 semper
3565 497 3787 541 sanctus

528 606 653 662 ﬁliis
686 602 872 667 Israel,
903 616 1009 653 non
1044 597 1208 651 etiam
1253 609 1283 647 a
1334 592 1548 646 ﬁliabus
1583 589 1842 657 jubentur
1874 587 2053 641 ollerri
2088 605 2099 639 :

525 713 645 767 qua:
675 706 855 750 tamen
905 690 1202 747 secundum
1252 683 1553 755 spiritalem
1598 680 1953 745 intellectum,
1995 695 2099 734 non

526 786 591 841 ad
640 798 847 845 sexus,
898 779 990 835 sed
1039 779 1343 833 animarum
1389 771 1775 828 discretionem
1821 770 2102 825 referenda

524 883 671 931 sunt.
708 892 727 926 ι
763 871 883 927 Tibi
912 871 1082 935 enim,
1126 868 1300 939 inquit
1328 864 1402 930 ⁸⁸,
1430 862 1551 919 dedi
1608 877 1671 919 ea
1724 862 1774 916 in
1819 862 2101 921 honorem,

523 976 579 1022 et
606 966 729 1020 ﬁliis
759 965 863 1020 tuis
894 972 1014 1033 post
1047 972 1097 1017 te
1130 960 1432 1031 legitimum
1466 965 1751 1013 aeternum.
1796 973 1814 1004 ι
1846 952 1989 1018 Tibi,
2016 954 2103 1007 in-

523 1058 660 1129 quit.
684 1055 820 1112 Cui?
842 1055 1165 1123 Aaron,sine
1188 1054 1351 1108 dubio
1378 1048 1751 1121 respondebis.
1785 1046 1890 1102 Sed
1923 1061 2103 1102 sermo

522 1151 613 1220 qui
664 1150 927 1217 sequitur,
958 1147 1129 1217 magis
1176 1146 1244 1200 de
1300 1158 1428 1199 vero
1472 1141 1728 1212 pontiﬁce
1777 1140 2015 1203 Christo,
2050 1147 2105 1194 et

524 1244 650 1299 ﬁliis
672 1242 837 1313 310
863 1241 980 1311 ejus
1006 1238 1288 1310 apostolis,
1314 1247 1368 1293 et
1394 1235 1707 1290 doctoribus
1732 1232 2101 1289 Ecclesiarum

522 1336 719 1389 suadet
746 1331 995 1401 intelligi.
1026 1330 1118 1385 Ait
1140 1328 1285 1385 enim
1320 1346 1334 1382 :
1362 1346 1379 1378 ι
1412 1327 1737 1397 Legitimum
1759 1334 2046 1380 aeternum.
2078 1342 2096 1375 ι

523 1425 805 1492 Quomodo
848 1437 977 1493 ergo
1009 1428 1275 1475 aeternum
1311 1428 1487 1487 potest
1531 1432 1656 1471 esse
1701 1415 1842 1485 quod
1890 1412 2103 1468 visibile

522 1515 640 1572 est?
670 1530 792 1569 cum
823 1511 1114 1583 Apostolus
1155 1509 1301 1564 dicat
1330 1508 1369 1539 “
1405 1525 1418 1561 :
1454 1525 1471 1557 ι
1506 1506 1637 1572 Qua:
1662 1505 1805 1561 enim
1825 1499 2097 1562 videntur,

522 1606 839 1678 temporalia
873 1612 1039 1669 sunt;
1076 1615 1194 1670 qua
1227 1608 1407 1654 autem
1435 1612 1540 1652 non
1594 1596 1863 1658 videntur,
1896 1602 2099 1648 teterna

521 1711 666 1757 sunt.
709 1719 727 1750 ι
765 1697 821 1753 Si
871 1710 1000 1766 ergo
1034 1692 1278 1748 visibiles
1327 1700 1455 1746 sunt
1501 1689 1753 1760 primitiae
1798 1704 1917 1758 qua:
1967 1687 2102 1743 οπε-

524 1801 717 1847 runtur
745 1793 946 1853 Aaron,
980 1801 1100 1856 qua:
1149 1783 1379 1838 visibilia
1419 1794 1567 1849 sunt,
1607 1783 1710 1838 dici
1758 1790 1957 1835 teterna
1995 1795 2098 1834 non

522 1893 767 1965 possunt.
799 1881 1065 1937 Similiter
1094 1887 1151 1934 et
1182 1877 1527 1932 circumcisio
1556 1874 1805 1937 visibilis,
1832 1884 1885 1929 et
1908 1889 2095 1945 azyma

522 1976 762 2039 visibile,
802 1984 857 2029 et
906 1973 1108 2043 pascha
1157 1968 1369 2024 visibile
1428 1983 1648 2024 necesse
1695 1976 1779 2022 est
1832 1976 2096 2022 :cternum

525 2084 631 2123 non
659 2081 799 2135 esse,
821 2067 913 2123 sed
951 2063 1262 2133 temporale,
1290 2062 1416 2132 quia
1441 2076 1564 2131 qua:
1591 2060 1862 2123 videntur,
1895 2070 2099 2128 tempo-

524 2162 655 2216 ralia
704 2170 851 2215 sunt.
912 2158 977 2212 Et
1028 2171 1219 2210 rursus
1265 2156 1310 2185 "
1342 2172 1355 2207 :
1388 2154 1434 2208 si
1492 2168 1613 2222 qua:
1662 2167 1769 2207 non
1821 2152 2098 2215 videntur,

520 2265 721 2309 aeterna
775 2262 922 2317 sunt,
958 2265 1087 2321 ergo
1135 2259 1188 2305 ct
1238 2250 1524 2304 invisibilis
1569 2249 1936 2312 circumcisio,
1980 2263 2101 2317 qua!

520 2354 603 2399 est
636 2346 689 2398 in
717 2344 949 2407 occulto,
982 2353 1184 2398 aeterna
1221 2350 1323 2408 est,
1362 2349 1415 2395 ct
1446 2355 1641 2410 azyma
1676 2340 2007 2395 sinceritatis
2046 2349 2102 2393 et

526 2433 792 2499 veritatis,
812 2442 864 2487 et
895 2433 1071 2500 ipsum
1106 2432 1230 2502 quia
1257 2446 1321 2486 ex
1342 2430 1409 2485 iis
1437 2438 1659 2498 estquze
1690 2443 1796 2483 non
1826 2428 2097 2492 videntur,

520 2535 783 2580 aeternum
823 2534 928 2583 est.
971 2524 1145 2579 Simili
1192 2539 1322 2594 ergo
1366 2522 1525 2578 modo
1555 2530 1607 2576 ει
1651 2521 1767 2577 lucc
1798 2536 1902 2575 non
1932 2520 1981 2577 ei
2009 2521 2099 2589 qui

524 2619 576 2672 in
607 2617 921 2682 manifesto,
955 2617 1051 2671 sed
1084 2617 1159 2671 illi
1203 2618 1295 2685 qui
1328 2617 1378 2671 in
1410 2615 1623 2671 occulto
1653 2614 1869 2670 Judaeus
1910 2622 2015 2680 est,
2045 2623 2101 2668 ει

521 2708 611 2778 qui
661 2708 883 2778 spiritu,
936 2723 1043 2762 non
1080 2708 1259 2763 littera
1306 2707 1477 2779 legem
1527 2707 1765 2762 custodit
1803 2706 2099 2761 secundum

522 2801 835 2856 interiorem
868 2801 1165 2865 hominem,
1195 2800 1435 2869 legitima
1490 2808 1544 2853 et
1580 2803 1781 2855 aeterna
1820 2797 2097 2854 dicuntur.

527 2911 547 2945 ‹
584 2892 649 2947 Ει
685 2893 789 2948 hoc
829 2894 899 2949 sit
942 2892 1096 2948 vobis
1142 2907 1207 2947 ex
1259 2891 1324 2946 iis
1369 2906 1490 2961 quae
1533 2890 1939 2946 sanctiﬁcantur
1976 2906 2099 2947 sau-

522 2986 627 3041 ctis
658 2985 723 3037 “.
762 3002 782 3036 ι

591 3077 644 3133 8.
677 3076 752 3132 De
781 3074 1061 3132 sacriﬁciis
1087 3075 1377 3145 aliquoties
1421 3074 1559 3145 apud
1589 3075 1967 3143 memetipsum
2000 3075 2099 3129 ista

523 3184 847 3241 percurrens
894 3166 1152 3238 requisivi
1192 3184 1205 3220 :
1240 3181 1483 3236 quamam
1528 3175 1715 3221 essent
1760 3166 2098 3221 sanctiﬁcata
2130 3201 2173 3259 ο

522 3271 732 3324 sancta,
759 3270 813 3314 et
840 3260 1052 3313 videtur
1093 3257 1225 3312 mihi
1263 3259 1417 3328 quasi
1468 3259 1534 3314 ad
1581 3258 1983 3314 distinctionem
2013 3273 2105 3312 eo—

528 3367 644 3404 rum
672 3366 792 3420 qnte
831 3364 933 3406 non
966 3350 1306 3405 sanctiﬁcata
1340 3362 1530 3406 sancta
1571 3361 1718 3414 sunt,
1748 3350 1833 3405 hic
1865 3349 2105 3405 sanctiﬁ-

524 3449 645 3495 cata
682 3451 868 3497 sancta
906 3441 1130 3495 dixisse.
1166 3441 1304 3497 Puto
1334 3457 1462 3512 ergo
1492 3442 1633 3513 quod
1671 3451 1891 3497 sanctus
1926 3441 2102 3509 Spiri-

530 3543 614 3588 tus
647 3533 718 3588 ita
769 3542 989 3588 sanctus
1036 3533 1126 3596 sit,
1172 3543 1231 3586 ut
1272 3548 1376 3588 non
1424 3534 1497 3589 sit
1543 3533 1934 3589 sanctiﬁcatus.
1988 3532 2102 3589 Non

525 3624 671 3679 enim
698 3623 747 3677 ei
775 3622 1118 3678 extrinsecus
1138 3632 1194 3675 et
1222 3622 1438 3678 aliunde
1463 3626 1695 3678 accessit
1722 3623 2101 3690 sanctiﬁcatio,

526 3728 645 3781 qua!
680 3723 807 3769 ante
852 3728 958 3769 non
988 3709 1183 3774 fuerat,
1220 3714 1313 3767 sed
1353 3728 1567 3783 semper
1609 3713 1709 3766 fuit
1743 3722 1981 3779 sanctus,
2008 3728 2105 3770 nec

527 3802 739 3858 initium
781 3808 1040 3862 sanctitas
1084 3808 1201 3877 ejus
1229 3806 1470 3876 ,accepit.
1518 3802 1798 3873 Similique
1835 3805 1996 3859 modo
2038 3808 2104 3861 de

526 3893 687 3951 Patre
716 3908 768 3951 et
794 3897 932 3954 Filio
961 3899 1364 3972 intelligendum
1399 3908 1500 3953 est.
1537 3896 1663 3952 Sola
1691 3897 1836 3952 enim
1868 3897 2103 3954 Trinita-

528 3987 597 4042 tis
626 3990 931 4044 substantia
981 4001 1086 4057 est,
1130 4007 1250 4062 quae
1307 4006 1411 4045 non
1496 3992 1834 4046 extrinsecus
1883 4004 2101 4061 accepta

526 4079 978 4147 sanctiﬁcatione,
1020 4085 1113 4138 sed
1163 4084 1244 4139 sui
1292 4094 1483 4139 natura
1534 4086 1605 4138 sit
1659 4095 1871 4138 sancta.
1914 4084 2104 4141 Omnis

526 4185 655 4224 \ero
680 4182 928 4228 creatura
956 4173 1037 4228 vel
1060 4174 1375 4243 dignatione
1396 4175 1566 4230 sancti
1600 4176 1858 4245 Spiritus,
1885 4178 1965 4232 vel
1993 4194 2105 4234 me-

529 4260 756 4315 ritorum
822 4264 1036 4319 ratione
1105 4266 1441 4319 sanctiﬁcata
1492 4278 1676 4320 sancta
1729 4269 1959 4324 dicetur.
2011 4271 2104 4325 Sic

527 4366 655 4423 ergo
685 4362 741 4407 et
770 4355 1031 4424 scriptum
1077 4356 1305 4426 legimus
1334 4358 1378 4389 “
1405 4376 1416 4409 :
1448 4376 1465 4408 ι
1501 4359 1686 4414 Sancti
1730 4370 1925 4426 estote,
1969 4376 2104 4431 quo-

530 4444 673 4497 niam
694 4460 793 4515 ego
821 4457 1041 4502 sanctus
1082 4463 1223 4515 sum,
1261 4467 1280 4501 ι
1316 4450 1446 4505 dicit
1477 4449 1738 4507 Dominus
1784 4451 1944 4509 Deus.
1984 4454 2099 4509 Non

2208 584 2353 638 solus
2383 593 2464 638 est
2489 582 2650 637 Dens.
2684 582 2775 636 Vis
2824 592 3005 635 autem
3044 580 3137 634 tibi
3182 590 3235 635 et
3270 582 3335 636 de
3376 581 3681 651 Scripturis
3706 582 3789 636 di-

2208 676 2349 730 vinis
2383 675 2544 745 hujus
2586 674 2758 745 apicis
2800 672 2914 745 (Ἡ)
2948 672 3194 741 aperiam
3222 672 3620 729 differentiam?
3654 674 3788 727 Audi

2206 767 2481 835 quomodo
2526 767 2725 822 Paulus
2780 770 2847 822 ad
2911 766 3168 823 llebraaos
3223 766 3471 820 scribens
3522 765 3653 820 dicit
3690 766 3786 820 ⁸⁸ε

2212 876 2230 908 ι
2267 857 2368 924 Qui
2403 857 2545 912 enim
2572 859 2900 925 sanctiﬁcat,
2922 868 2977 913 et
3001 859 3092 926 qui
3127 858 3555 921 sanctiﬁcantur,
3583 873 3649 911 ex
3682 873 3789 912 uno

2205 963 2417 1003 omnes.
2451 968 2469 1001 ι
2505 948 2637 1017 Quis
2662 964 2790 1019 ergo
2816 949 3153 1005 sanctiﬁcat?
3176 948 3425 1003 Christus
3450 948 3567 1003 sine
3587 948 3786 1004 dubio:

2208 1049 2262 1094 ct
2302 1041 2391 1109 qni
2440 1040 2888 1096 sanctiﬁcantur?
2929 1040 3213 1094 credentes
3244 1039 3296 1093 in
3327 1038 3567 1095 Christo.
3615 1037 3791 1093 Mani-

2208 1129 2405 1186 festum
2437 1146 2568 1202 ergo
2609 1143 2693 1187 est
2726 1132 2871 1202 quod
2909 1130 2998 1200 qui
3031 1129 3359 1193 sanctiﬁcat,
3414 1142 3638 1185 sanctus
3685 1138 3790 1193 est,

2206 1224 2330 1292 quia
2363 1238 2575 1293 semper
2603 1216 2829 1279 sanctus
2853 1233 2955 1279 est.
2988 1222 3088 1288 Qui
3140 1232 3320 1278 autem
3355 1224 3788 1289 sanctiﬁcautur,

2208 1330 2312 1369 non
2350 1315 2673 1384 simpliciter
2717 1316 2919 1379 sancti,
2966 1316 3058 1369 sed
3103 1315 3424 1369 sanctiﬁcati
3476 1316 3649 1370 sancti
3700 1315 3788 1369 di-

2206 1408 2361 1462 cendi
2396 1416 2538 1462 sunt.
2571 1408 2677 1463 Nec
2704 1419 2861 1477 putes
2906 1409 3031 1464 huic
3063 1409 3246 1464 sensui
3291 1422 3413 1465 esse
3452 1409 3787 1463 contrarium

2208 1499 2336 1553 illud
2360 1499 2501 1567 quod
2537 1499 2603 1555 de
2625 1499 2841 1555 Christo
2886 1500 3150 1570 scriptum
3180 1501 3408 1570 legimus
3436 1501 3481 1532 ⁴⁶
3511 1516 3526 1553 :
3565 1519 3584 1552 ι
3620 1507 3790 1567 Quem

2210 1594 2366 1649 Pater
2395 1596 2757 1652 sanctiﬁcavit
2783 1607 2836 1652 ει
2870 1598 3015 1653 misit
3044 1599 3098 1653 in
3132 1600 3275 1654 hunc
3311 1602 3592 1655 mundum.
3635 1620 3653 1653 ι
3690 1602 3792 1655 Hic

2205 1692 2350 1745 enim
2379 1692 2469 1761 qui
2499 1690 2895 1757 sanctiﬁcatur,
2947 1694 3243 1747 secundum
3276 1708 3497 1749 carnem
3538 1694 3793 1749 Christus

2206 1790 2310 1846 est,
2346 1796 2453 1836 non
2486 1782 2784 1837 secundum
2812 1780 3084 1849 spiritum.
3117 1782 3248 1836 Nam
3299 1784 3599 1838 secundum
3630 1784 3794 1853 spiri-

2208 1882 2321 1926 tum
2354 1873 2559 1943 paritcr
2586 1882 2637 1929 et
2679 1875 2977 1928 secundum
3015 1888 3236 1929 carnem
3265 1872 3516 1929 Christus
3542 1874 3680 1928 dixit
3704 1873 3789 1930 "’:

2211 1985 2228 2019 ι
2268 1966 2381 2036 Ego
2415 1967 2703 2023 sanctiﬁco
2738 1969 3004 2038 meipsum
3045 1983 3142 2037 pro
3168 1969 3248 2024 eis
3282 1985 3295 2021 :
3332 1987 3351 2019 ι
3378 1978 3436 2022 ιιι
3469 1969 3558 2036 qui
3588 1970 3791 2024 sancti-

2209 2058 2363 2126 ﬁcat,
2415 2060 2707 2114 secundum
2748 2061 2999 2130 spiritum
3052 2060 3432 2132 intelligatur:
3473 2061 3564 2130 qui
3612 2071 3790 2116 autem

2206 2150 2574 2206 sanctiﬁcatnr
2602 2166 2700 2221 pro
2728 2151 3027 2221 discipulis,
3053 2153 3353 2207 secundum
3383 2168 3626 2218 carnem,
3651 2167 3792 2206 unus

2210 2251 2387 2297 tamen
2416 2251 2576 2311 atque
2600 2243 2740 2296 idem
2782 2242 3033 2299 Christus
3056 2245 3148 2309 sit,
3173 2245 3264 2313 qui
3315 2260 3457 2298 nunc
3502 2243 3555 2297 in
3593 2245 3788 2313 spiritu

2208 2334 2531 2401 sanctiﬁcat,
2564 2350 2708 2389 nunc
2750 2335 3129 2391 sauctiﬁcatur
3165 2338 3217 2391 in
3255 2352 3443 2392 carne.
3490 2336 3571 2389 Ab
3610 2337 3793 2392 omni-

2210 2425 2307 2480 bus
2324 2442 2454 2497 ergo
2473 2426 2736 2483 fruetibus
2756 2428 3109 2484 sanctiﬁcata;
3125 2440 3325 2483 sanctae
3349 2436 3475 2483 sunt
3500 2426 3791 2483 oﬁerenda:

2208 2520 2481 2587 primitiae,
2510 2522 2604 2575 sed
2627 2521 2865 2590 spiritali
2888 2522 3159 2591 pontiﬁci.
3190 2521 3269 2575 Ex
3300 2520 3496 2590 quibus
3515 2535 3648 2587 ergo
3674 2521 3789 2574 fru-

2208 2611 2385 2666 ctibus
2440 2614 2709 2683 spiritales
2757 2615 3027 2683 primitias
3088 2613 3420 2670 oﬁeremus?
3467 2614 3608 2667 Audi
3657 2624 3791 2682 quot

2208 2701 2418 2757 fructus
2470 2713 2758 2760 enumeret
2814 2705 3105 2773 Apostolus
3130 2705 3175 2737 ⁸⁸
3225 2722 3286 2758 :t
3322 2704 3560 2760 Fructus
3607 2715 3788 2759 autem

2208 2795 2430 2865 spiritus
2457 2806 2560 2859 est.
2597 2797 2854 2859 charitas,
2879 2799 3155 2868 gaudium,
3198 2814 3324 2868 pax,
3368 2798 3651 2868 patientia,
3686 2816 3703 2849 ι
3736 2807 3793 2851 ει

2209 2895 2429 2943 caetera.
2472 2890 2617 2954 Quas
2667 2889 2829 2957 igitur
2858 2888 3124 2954 primitias
3168 2902 3231 2942 ex
3271 2888 3561 2943 charitatis
3590 2887 3787 2949 fructu,

2208 2982 2298 3050 qui
2327 2981 2532 3050 primus
2556 2990 2640 3035 est
2678 2981 2887 3037 fructus
2914 2982 3155 3051 spiritus,
3181 2981 3470 3036 oﬁ‘cramus
3497 2995 3625 3036 vero
3654 2996 3758 3050 pon
3776 3009 3792 3021 ο

2212 3073 2379 3128 tiﬁci?
2432 3073 2551 3128 Illas
2594 3088 2697 3144 ego
2746 3084 2874 3143 puto
2919 3089 3041 3129 esse
3085 3074 3354 3143 primitias
3398 3074 3703 3154 charitatis,
3732 3084 3791 3127 ιιι

2208 3167 2430 3237 diligam
2464 3166 2750 3221 Dominum
2781 3169 2965 3223 Deum
2988 3184 3167 3224 meum
3197 3185 3259 3225 ex
3297 3177 3413 3224 toto
3449 3168 3614 3223 corde
3645 3182 3786 3231 meo,

2207 3270 2260 3315 et
2285 3274 2350 3314 ex
2373 3267 2481 3314 tota
2500 3261 2681 3314 anima
2701 3276 2841 3327 mea,
2863 3271 2917 3316 et
2940 3276 3002 3317 ex
3030 3270 3135 3315 tota
3160 3270 3339 3315 mente
3362 3274 3499 3315 mea.
3516 3259 3637 3314 Istas
3663 3269 3792 3313 sunt

2208 3354 2479 3423 primitiae.
2507 3358 2643 3423 Quid
2673 3367 2851 3412 autem
2878 3364 2962 3409 est
2984 3354 3125 3422 quod
3151 3368 3213 3407 ex
3243 3353 3343 3406 isto
3370 3352 3660 3407 charitatis
3682 3351 3809 3406 fru-

2207 3458 2295 3502 ctu
2319 3448 2557 3502 secundo
2586 3449 2707 3503 loco
2731 3449 2932 3502 habere
2965 3445 3230 3500 debeam?
3256 3444 3321 3499 Ut
3348 3444 3569 3512 diligam
3600 3444 3786 3513 proxi-

2208 3554 2354 3593 mum
2383 3552 2560 3592 meum
2597 3542 2736 3593 sicut
2770 3539 3056 3605 meipsum.
3086 3535 3192 3590 Illa:
3214 3550 3341 3605 ergo
3380 3535 3630 3605 primitia:
3657 3534 3790 3588 cha-

2210 3630 2384 3685 ritatis
2408 3629 2515 3685 Deo
2537 3630 2840 3685 oﬁ‘eruntur
2879 3644 2974 3698 per
3003 3628 3334 3699 pontiﬁcem,
3372 3629 3485 3683 hmc
3516 3643 3646 3682 vero
3669 3644 3789 3697 qua:

2208 3722 2259 3775 in
2304 3722 2543 3776 secando
2582 3730 2709 3777 sunt
2755 3721 2897 3786 loco,
2960 3722 3093 3776 meis
3152 3720 3338 3775 usibus
3384 3720 3786 3789 relinquuntur.

2206 3811 2343 3865 Puto
2394 3827 2515 3867 esse
2558 3810 2761 3881 aliquid
2795 3826 2861 3867 ex
2911 3810 3021 3866 hoc
3057 3811 3232 3864 fructu
3288 3812 3428 3880 quod
3476 3811 3633 3865 tertio
3671 3811 3791 3868 loco

2208 3905 2515 3961 habendum
2555 3907 2660 3969 sit,
2716 3914 2775 3958 ut
2828 3903 3049 3972 diligam
3090 3904 3255 3958 etiam
3310 3904 3565 3959 inimicos
3613 3920 3787 3960 meos.

2210 3997 2343 4052 Vide
2372 4006 2575 4062 autem,
2616 3997 2660 4050 si
2708 4006 2884 4065 potes,
2911 3994 3165 4049 similiter
3197 3994 3335 4049 etde
3357 3996 3570 4049 caeteris
3601 3995 3791 4049 fructi-

2207 4091 2306 4144 bus
2368 4090 2594 4159 spiritus
2641 4088 2845 4143 similes
2897 4086 3145 4141 iuvenire
3186 4086 3469 4156 primitias.
3517 4085 3787 4140 Caudium

2206 4181 2442 4235 secundo
2498 4181 2617 4235 loco
2676 4181 2884 4235 fructus
2932 4179 3155 4249 spiritus
3209 4178 3487 4233 scribitur.
3546 4178 3603 4232 Si
3659 4194 3789 4248 ergo

2208 4274 2258 4327 in
2309 4274 2536 4328 Domino
2586 4275 2886 4344 gaudeam,
2934 4282 2990 4328 et
3039 4287 3134 4342 spe
3175 4274 3458 4343 gaudeam,
3486 4282 3540 4327 et
3582 4273 3625 4326 si
3655 4289 3789 4341 gau-

2206 4366 2360 4419 deam
2412 4380 2510 4435 pro
2552 4365 2769 4420 nomine
2810 4364 3019 4419 Domini
3064 4378 3253 4434 passus
3292 4363 3566 4433 injuriam,
3613 4367 3663 4420 in
3705 4366 3789 4422 his

2205 4459 2457 4513 omnibus
2486 4459 2715 4529 aliisque
2755 4459 2947 4514 horum
2982 4459 3273 4526 similibus,
3307 4460 3576 4528 primitias
3606 4461 3789 4530 gaudii

530 4536 787 4592 continuo
807 4538 1102 4594 similitudo
1123 4541 1429 4595 sanctitatis
1458 4541 1510 4595 in
1542 4542 1650 4596 Deo
1676 4552 1839 4610 atque
1865 4544 2100 4599 homini-
2136 4550 2181 4608 D
2210 4565 2306 4621 per
2328 4552 2636 4621 pontiﬁcem
2666 4569 2851 4607 verum
2884 4552 2997 4608 Deo
3021 4554 3211 4610 obtuli.
3250 4554 3353 4609 Sed
3386 4564 3440 4611 et
3476 4556 3518 4609 si
3547 4558 3789 4625 rapinam

529 4629 629 4683 bus
658 4632 925 4698 ponenda.
961 4632 1033 4686 De
1064 4630 1172 4685 Dco
1197 4633 1339 4685 enim
1363 4632 1564 4689 dicitur
1591 4636 1715 4704 quia
1752 4646 1971 4691 sanctus
1998 4649 2101 4704 est,

532 4722 776 4778 homines
803 4733 981 4779 autem
1017 4727 1172 4794 quasi
1215 4728 1309 4795 qui
1353 4741 1459 4781 non
1508 4742 1722 4797 semper
1767 4728 1985 4796 fuerint,
2018 4730 2099 4798 ju-

532 4812 728 4867 bentur
750 4823 807 4867 ut
843 4815 972 4870 ﬁant
1002 4818 1195 4872 sancti.
1226 4819 1464 4887 Denique
1496 4834 1676 4873 sermo
1702 4821 1789 4874 hic
1810 4821 1861 4874 in
1886 4820 2101 4888 Gmco,

533 4903 620 4956 ubi
662 4919 761 4959 nos
792 4907 1072 4974 habemus,
1110 4928 1128 4958 ι
1166 4911 1335 4964 sancti
1367 4918 1562 4975 estote,
1603 4928 1620 4960 ι
1660 4912 1760 4964 hoc
1800 4914 1970 4981 magis
2016 4928 2104 4967 so—

535 5001 649 5056 nat,
691 5012 707 5045 ι
745 4998 917 5051 sancti
955 4999 1250 5054 eﬁicimini.
1293 5019 1311 5051 ι
1344 4999 1449 5055 Sed
1480 5002 1646 5056 nostri
1680 5004 2001 5072 interpretes
2027 5007 2108 5059 in-

530 5082 867 5153 differenter,
911 5109 930 5143 t
967 5104 1137 5149 estote
1173 5114 1189 5145 ι
1226 5110 1323 5163 pro
1367 5113 1385 5145 ι
1426 5094 1703 5149 cilicimini
1742 5114 1760 5147 ι
1790 5109 2104 5165 posuerunt.

539 5175 922 5248 Unusquisque
944 5199 1073 5253 ergo
1100 5198 1343 5241 nostrum
1372 5202 1436 5239 ex
1473 5201 1579 5253 quo
1611 5187 1825 5241 accedit
1857 5189 1922 5242 ad
1954 5190 2110 5246 timo-

537 5281 649 5320 rem
689 5269 802 5333 Dei,
828 5281 883 5324 et
908 5272 1145 5327 divinam
1176 5277 1363 5345 recipit
1389 5277 1441 5329 in
1467 5268 1526 5328 se
1552 5276 1880 5341 doctrinam,
1912 5295 1977 5332 ex
2002 5295 2108 5348 quo

536 5373 595 5412 se
623 5362 951 5432 maneipavit
986 5364 1116 5426 Deo.
1152 5368 1196 5420 si
1224 5377 1400 5422 tamen
1434 5382 1496 5421 ex
1521 5372 1717 5441 animo
1758 5374 2105 5443 mancipavit,

534 5467 602 5507 ex
634 5466 701 5507 eo
725 5463 945 5510 sanctus
977 5456 1227 5517 eﬁicitur.
1265 5462 1370 5516 Sed
1421 5463 1506 5517 hic
1558 5465 1930 5520 sanctiﬁcatus
1978 5481 2106 5521 san-

606 5610 653 5643 “
680 5608 837 5665 Num.
863 5628 1016 5679 xvnt,
1041 5613 1095 5667 8.

556 5679 599 5709 "
620 5679 782 5739 l'lebr.
801 5699 864 5750 ιι,
883 5688 905 5741 1
922 5688 971 5744 1.
1031 5686 1247 5757 “,Joan.
1269 5690 1427 5754 x,’56.

607 5792 717 5864 ('25)
748 5795 909 5863 Loco,
944 5819 959 5850 ι
1003 5800 1190 5869 apicis,
1232 5823 1250 5855 ο
1293 5800 1345 5857 in
1396 5818 1522 5859 mss.
1571 5804 1786 5871 legitur,
1823 5824 1839 5856 ι
1879 5809 2042 5863 modi.
2084 5829 2101 5860 ι

1568 5690 1611 5721 ’⁵⁷
1634 5690 1793 5746 Joan.
1838 5710 1972 5753 xvn.
2018 5698 2099 5752 19.

1173 5616 1217 5648 ⁸⁸
1247 5615 1285 5671 ΙΙ
1321 5617 1447 5672 Cor.
1480 5634 1554 5683 tv,
1585 5620 1670 5675 18.
1746 5621 1829 5676 "l
1862 5623 1985 5678 Cor.
2016 5640 2047 5677 v
2081 5637 2132 5683 et
2173 5628 2329 5683 Rom.
2364 5646 2423 5683 ιι.
2500 5630 2546 5663 ⁸³
2573 5631 2641 5684 Nu

1173 5690 1427 5754 In.x,5ﬁ.
1568 5690 1793 5746 "Joan.
1838 5710 1972 5753 xvn.
2018 5698 2099 5752 19.
2182 5699 2426 5755 "‘Galat.
2483 5716 2533 5756 ν.
2574 5702 2641 5756 22

2208 5710 2225 5731 ⁵
2250 5710 2426 5755 halat.
2483 5716 2533 5769 ν,
2574 5710 2662 5756 22.

2213 4645 2474 4699 bonorum
2510 4657 2755 4699 meorum
2783 4659 2905 4698 cum
2936 4645 3131 4714 gaudio
3175 4647 3472 4701 sustineam
3503 4647 3569 4712 ⁸⁸,
3599 4655 3654 4700 ει
3691 4646 3789 4700 tri-

2211 4736 2538 4803 bulationes,
2566 4737 2607 4791 si
2639 4748 3037 4807 paupertatem,
3069 4740 3113 4795 si
3145 4740 3574 4809 qualemcunque
3596 4748 3790 4793 contu-

2212 4828 2427 4883 meliam
2461 4832 2700 4901 gaudens
2746 4831 2991 4896 tolerem,
3025 4840 3113 4885 est
3156 4830 3285 4884 mihi
3321 4837 3375 4883 et
3406 4828 3507 4883 istc
3550 4830 3788 4882 secundo

2213 4922 2263 4975 in
2304 4922 2421 4975 loco
2455 4938 2521 4976 ex
2558 4922 2821 4977 fructibus
2873 4923 3118 4992 spiritus,
3157 4920 3362 4975 fructus
3411 4920 3617 4988 gaudii.
3650 4919 3783 4973 Nam

2206 5016 2249 5068 si
2281 5013 2544 5083 gaudeam
2575 5013 2642 5068 de
2676 5014 2835 5069 rebus
2866 5012 3067 5074 saeculi,
3099 5014 3166 5068 de
3198 5011 3519 5077 honoribus,
3552 5013 3617 5066 de
3651 5012 3787 5066 divi-

2209 5107 2319 5170 tiis,
2352 5105 2485 5160 falsa
2536 5114 2661 5161 sunt
2706 5106 2918 5175 gaudia,
2968 5118 3037 5159 ex
3081 5107 3409 5161 vanitatibus
3466 5106 3787 5163 vanitatum.

2215 5198 2271 5251 Si
2308 5213 2434 5253 vero
2471 5200 2521 5252 in
2558 5198 2711 5252 malis
2741 5200 3025 5267 gaudeam,
3054 5209 3110 5255 et
3148 5200 3411 5255 exsultem
3455 5200 3522 5255 de
3558 5200 3787 5254 aliorum

2217 5291 2408 5351 ruinis,
2445 5292 2543 5345 ista
2575 5291 2684 5360 jam
2726 5306 2830 5346 non
2876 5292 3049 5346 solum
3103 5309 3262 5360 vana,
3311 5296 3402 5349 sed
3435 5306 3491 5350 et
3522 5294 3786 5350 diabolica

2214 5382 2429 5450 gaudia,
2460 5382 2567 5436 imo
2596 5397 2692 5438 nec
2722 5386 2915 5454 gaudia
2958 5389 3285 5447 nominanda
3322 5400 3464 5444 sunt.
3499 5407 3519 5440 ι
3562 5388 3674 5444 Νοιι
3707 5397 3789 5441 est

2214 5472 2449 5542 gaudere
2483 5474 2680 5544 impiis,
2713 5476 2847 5540 dicit
2892 5476 3153 5536 Dominus
3184 5482 3249 5535 '°.
3289 5501 3307 5534 ι
3348 5481 3478 5537 Volo
3527 5484 3701 5538 adhuc
3735 5495 3791 5539 ct

2500 5630 2546 5663 "
2573 5631 2726 5686 Num.
2759 5634 2990 5696 xvm,9.
3121 5636 3164 5667 “
3197 5633 3363 5689 Levit.
3406 5651 3498 5700 xx,
3536 5636 3564 5688 7
3604 5643 3657 5688 et
3694 5635 3783 5687 26.

2741 5705 2783 5735 ⁸⁸
2823 5704 2981 5759 llebr.
3032 5723 3084 5769 x,
3120 5706 3209 5759 54.
3286 5710 3331 5737 ⁸⁸
3369 5708 3469 5761 Isa.
3528 5726 3656 5774 Lm,
3696 5709 3785 5764 21.
