4086 6218
266 335 372 389 bbb’

265 542 446 595 mitias
478 540 816 611 gaudiorum.
846 540 903 595 Si
943 541 1205 609 gaudeam
1249 541 1302 594 ir.
1336 541 1499 596 verbo
1528 540 1763 604 Domini,
1796 540 1842 595 si

266 632 527 702 gaudeam
563 632 628 686 de
666 632 890 687 scientia
935 632 1318 703 mysteriorum
1353 631 1468 697 Dei,
1504 631 1547 686 si
1576 630 1842 701 gaudeam

265 725 408 795 quod
436 725 629 793 dignus
669 723 888 778 habitus
925 737 1041 777 sum
1096 722 1376 793 sapientiae
1418 722 1512 777 Dei
1553 730 1763 777 secreta
1790 730 1846 775 et

265 830 461 869 arcana
497 829 839 885 cognoscere,
880 815 924 868 si
956 816 1218 884 gaudeam
1248 815 1393 883 quod
1433 812 1639 868 relictis
1664 811 1842 867 enmi-

266 907 366 959 bus
397 920 513 974 quan
550 914 675 959 sunt
708 906 760 959 in
792 906 890 959 hoc
922 906 1143 971 mundo,
1181 919 1287 959 non
1320 904 1495 960 solum
1533 903 1841 967 inutilibus,

268 1001 362 1049 sed
390 1004 446 1048 et
473 993 712 1058 utilibus,
746 1009 851 1047 non
885 993 1058 1048 solum
1088 993 1261 1058 vanis,
1287 994 1382 1048 sed
1410 1003 1465 1048 et
1494 994 1840 1059 necessariis,

266 1086 364 1140 soli
393 1100 476 1141 me
498 1086 663 1140 verbo
691 1086 778 1139 Dei
812 1094 972 1153 atque
998 1085 1119 1153 ejus
1149 1085 1426 1153 sapientiae
1451 1085 1804 1155 manciparim
1822 1102 1837 1151 ;

267 1176 319 1229 in
360 1176 425 1229 iis
452 1175 703 1229 omnibus
748 1175 898 1238 satis,
943 1171 1100 1241 311
1154 1182 1212 1224 ut
1260 1179 1407 1239 puto,
1453 1180 1687 1241 acceptae
1732 1170 1842 1224 Deo

267 1267 518 1334 primitiae
551 1263 730 1332 gaudii
756 1262 1071 1317 oii'crentur.
1106 1262 1214 1316 Sed
1242 1272 1295 1316 et
1321 1263 1388 1317 de
1417 1262 1630 1317 caeteris
1658 1259 1843 1315 fructi-

268 1361 366 1413 hus
396 1357 618 1427 spiritus
648 1371 716 1411 ex
747 1355 859 1410 otio
892 1355 1183 1424 unicuique
1207 1370 1328 1423 quae
1372 1361 1682 1423 competunt
1713 1352 1840 1406 liee-

269 1451 346 1504 hit
372 1458 582 1518 aptare,
623 1464 689 1503 ne
722 1462 819 1503 nos
854 1463 1155 1505 sermonem
1193 1448 1342 1517 justo
1378 1448 1589 1517 longius
1628 1454 1841 1515 protra-

269 1542 480 1595 hamus.

337 1657 390 1713 9.
424 1674 442 1706 σ
471 1655 534 1710 Et
563 1656 631 1710 ab
659 1656 928 1722 omnibus,
966 1656 1221 1725 inquit“,
1246 1654 1561 1709 muneribus
1592 1666 1834 1709 eorum.»

268 1748 459 1801 Munus
486 1747 609 1817 quis
636 1746 834 1801 obtulit
860 1747 992 1811 Deo,
1021 1755 1076 1799 et
1102 1760 1291 1800 rursus
1336 1759 1403 1799 ex
1432 1757 1659 1798 munere
1709 1741 1839 1798 olfe-

268 1843 445 1896 rendae
476 1839 882 1907 suntprimitiac
915 1838 1176 1906 pontiﬁci.
1238 1835 1352 1891 Hoc
1402 1836 1456 1891 in
1497 1836 1838 1905 expositione

267 1930 562 1999 allegorica
602 1930 675 1983 ita
720 1930 959 1984 arbitror
988 1941 1147 1998 posse
1169 1936 1445 1983 constare.
1481 1927 1537 1983 Si
1574 1929 1694 1996 quis
1750 1928 1835 1984 vel

267 2024 546 2095 egentibus
578 2022 885 2087 distribuat,
910 2022 992 2078 vel
1032 2020 1194 2076 faciat
1226 2020 1427 2091 aliquid
1462 2021 1585 2075 boni
1631 2020 1835 2091 operis,

266 2132 362 2186 pro
403 2116 659 2170 mandato
688 2129 884 2169 munus
916 2113 1110 2169 obtulit
1160 2112 1291 2168 Deo.
1342 2111 1446 2167 Sed
1488 2127 1677 2167 rursus
1723 2110 1835 2184 (25)

270 2208 514 2263 muneris
546 2207 706 2264 oiTert
740 2206 1040 2277 primitias,
1067 2208 1112 2261 si
1148 2221 1255 2261 non
1289 2204 1463 2259 solum
1489 2204 1661 2272 cibos,
1688 2205 1836 2260 verbi

265 2300 461 2371 gratia,
494 2303 579 2353 vel
607 2298 891 2370 pecuniam
918 2297 1201 2367 largiatur,
1234 2297 1328 2352 sed
1361 2306 1416 2352 et
1458 2296 1709 2352 aﬂ‘ectum
1736 2296 1837 2350 mi-

267 2391 480 2448 sercndi
517 2392 736 2455 habeat,
768 2397 823 2445 et
845 2388 1232 2458 compatiendi.
1267 2388 1379 2443 [loc
1410 2388 1553 2442 enim
1585 2397 1667 2443 est
1695 2388 1837 2457 quod

269 2484 496 2554 requirit
521 2483 589 2538 ab
631 2482 849 2538 homine
876 2480 1041 2547 Deus,
1065 2490 1124 2534 ut
1152 2495 1306 2535 mens
1348 2480 1462 2550 ipsa
1498 2480 1604 2550 piis
1647 2489 1703 2534 et
1738 2481 1840 2534 mi-

266 2572 634 2631 sericordibus
668 2570 941 2641 repleatur
968 2580 1024 2625 et
1054 2570 1319 2625 formetur
1369 2569 1672 2627 allectibus.
1714 2587 1734 2621 ‹
1772 2571 1838 2625 Ει

267 2671 334 2720 ab
374 2664 625 2720 omnibus
667 2662 1133 2719 immolatiouibus
1194 2677 1403 2716 eorum.
1450 2680 1468 2713 ι
1535 2661 1840 2718 lmmolatio

268 2756 526 2827 spiritalis
548 2770 632 2811 csa
674 2754 765 2809 illa
807 2768 971 2824 quam
1002 2752 1230 2820 legimus
1250 2753 1295 2784 δ’
1336 2769 1348 2806 :
1388 2771 1405 2803 ι
1447 2752 1667 2807 lmmola
1730 2752 1838 2808 Deo

274 2851 609 2907 sacriﬁcium
639 2849 836 2917 laudis,
862 2858 920 2903 et
969 2848 1134 2903 redde
1166 2846 1449 2903 Altissimo
1477 2854 1602 2901 vota
1661 2853 1770 2900 tua.
1814 2863 1833 2897 ι

272 2946 514 3001 Laudare
541 2958 673 3013 ergo
707 2941 899 3004 Deum,
936 2949 992 2995 et
1016 2949 1137 2995 vota
1165 2939 1429 2995 orationis
1454 2937 1670 3003 oll'crre,
1732 2938 1838 2993 im-

272 3037 475 3092 uiolare
494 3045 578 3091 cst
594 3034 736 3103 Deo.
761 3032 865 3088 Sed
893 3032 1053 3099 hujus
1084 3030 1474 3087 immolationis
1494 3030 1745 3102 primitiae
1764 3030 1837 3084 ita

1716 332 2036 390 GRK-Ele

266 451 430 504 alium
464 447 698 502 fructum
732 448 913 519 gaudii
966 448 1264 518 requirere,
1300 448 1406 503 imo
1450 456 1504 502 et
1555 436 1689 503 alias
1732 451 1844 517 pri-
1875 454 1918 509 Α

2512 450 2789 507 ilOMlLiA
2836 452 2943 508 XII.

2327 543 2402 598 De
2450 552 2605 613 puteo
2650 554 2698 598 et
2752 547 2957 600 cantico
3004 546 3137 615 ejus.

2018 657 2067 709 l.
2108 654 2293 711 Lectio
2324 655 2481 710 nobis
2508 656 2674 723 putei,
2707 668 2761 711 et
2791 659 2989 714 cantici
3022 661 3166 730 quod
3226 661 3366 730 apud
3422 678 3520 732 pu-

1950 743 2529 809 teumcecinitlsrael,
2561 760 2626 799 ex
2680 746 3038 802 Numerorum
3086 748 3223 803 libro
3284 750 3516 807 recitata

1945 843 2047 899 est,
2075 848 2235 902 quam
2262 833 2455 896 solitis,
2489 834 2595 886 imo
2625 832 2763 889 forte
2795 844 2849 888 et
2880 837 3109 906 amplius
3160 838 3320 894 solito
3370 841 3519 894 vide-

1945 947 2063 986 mus
2095 932 2396 988 redundare
2430 930 2730 1005 mysieriis.
2774 935 2867 988 Ait
2896 934 3038 988 enim
3064 934 3111 965 ³⁸
3146 951 3159 986 :
3208 953 3227 986 ι
3262 934 3327 989 Et
3380 936 3519 991 bibit

1943 1022 2009 1077 de
2042 1030 2201 1092 puteo
2229 1023 2477 1093 populus.
2516 1024 2615 1081 llic
2646 1034 2729 1081 est
2752 1035 2968 1094 puteus,
3012 1040 3174 1093 quem
3223 1026 3363 1081 dixit
3411 1025 3517 1081 Do-

1944 1112 2123 1169 minus
2152 1116 2219 1169 ad
2247 1115 2464 1185 Moysen
2497 1132 2511 1169 :
2539 1116 2819 1187 Congrega
2856 1116 3137 1185 populum,
3165 1127 3215 1172 et
3265 1119 3405 1173 dabo
3434 1118 3518 1174 eis

1944 1219 2139 1273 aquam
2164 1206 2375 1262 bibere.
2419 1226 2439 1260 ι
2506 1208 2616 1263 Sed
2670 1208 2722 1262 in
2772 1205 2857 1261 bis
2905 1207 3064 1263 dictis
3122 1224 3228 1264 non
3287 1208 3514 1263 multum

1942 1296 2076 1351 mihi
2104 1296 2242 1367 juris
2267 1298 2481 1353 videtur
2508 1299 2770 1354 historica
2822 1300 3002 1355 littera
3041 1301 3341 1370 possidere.
3375 1300 3517 1367 Quid

1942 1396 2024 1444 est
2047 1389 2195 1443 enim
2232 1389 2375 1459 quod
2403 1404 2734 1460 magnopere
2773 1392 3032 1462 pnccepit
3063 1392 3321 1447 Dominus
3345 1390 3513 1462 Moysi

1942 1478 2197 1549 populum
2227 1494 2579 1551 congregare,
2617 1490 2676 1537 ut
2708 1482 2799 1535 det
2856 1482 2936 1536 eis
2982 1495 3178 1550 aquam
3228 1481 3295 1536 de
3350 1490 3512 1549 puteo

1941 1569 2170 1626 bibere?
2195 1570 2351 1640 quasi
2375 1585 2504 1625 vero
2524 1585 2632 1625 non
2659 1570 2821 1625 etiam
2847 1581 3039 1640 sponte
3063 1570 3291 1639 populus
3319 1569 3514 1624 biben-

1942 1659 1993 1713 di
2021 1660 2193 1730 gratia
2224 1660 2539 1716 convenerit
2569 1660 2634 1715 ad
2679 1669 2923 1729 puteum.
2971 1659 3111 1726 Quid
3146 1673 3281 1728 ergo
3334 1667 3509 1712 tanto-

1945 1765 2071 1820 pere
2100 1751 2374 1821 prophetae
2400 1752 2734 1821 praecipitur,
2762 1762 2820 1807 ut
2849 1750 3068 1821 proprio
3125 1750 3307 1804 studio
3337 1757 3391 1803 et
3435 1747 3511 1800 la-

1943 1842 2075 1897 bore
2124 1850 2419 1914 congreget
2480 1843 2741 1913 populum
2816 1845 2883 1898 ad
2946 1840 3302 1898 hauriendam
3365 1841 3552 1913 putei.

1945 1933 2186 2002 aquam?
2214 1931 2369 1989 Unde
2404 1933 2586 1989 vilitas
2620 1933 2733 2004 (26)
2780 1933 2979 1987 litterae
3007 1933 3072 1987 ad
3119 1931 3512 1999 pretiositatem

1944 2041 2044 2081 nos
2075 2025 2339 2095 spiritalis
2361 2026 2587 2081 remittit
2622 2024 3021 2096 intelligentiae.
3070 2023 3138 2079 Et
3168 2022 3286 2078 ideo
3311 2036 3514 2077 convc-

1944 2117 2099 2171 niens
2114 2125 2246 2187 puto
2275 2116 2440 2171 etiam
2470 2116 2539 2171 de
2573 2114 2698 2171 aliis
2732 2114 3034 2183 Scriptura:
3058 2113 3196 2169 locis
3223 2120 3509 2184 puteorum

1942 2221 2276 2278 congregare
2313 2207 2593 2277 mysteria,
2625 2216 2680 2262 ut
2706 2220 2772 2261 ex
2812 2205 3219 2275 comparatione
3242 2204 3509 2274 plurimo-

1946 2314 2086 2366 rum,
2112 2300 2155 2353 si
2186 2300 2313 2369 quid
2353 2312 2593 2370 praesens
2622 2312 2803 2355 sermo
2838 2297 3191 2354 obscuritatis
3241 2297 3506 2362 continet,

1945 2391 2233 2447 elucescat.
2271 2391 2363 2445 Ait
2396 2404 2524 2461 ergo
2549 2390 2774 2461 spiritus
2805 2389 2897 2445 Dei
2944 2403 3040 2460 per
3084 2386 3428 2443 Salomonem
3458 2385 3511 2438 in

1946 2483 2256 2539 Proverbiis
2295 2483 2340 2515 ⁸⁸
2367 2498 2379 2533 :
2416 2501 2435 2534 ι
2465 2481 2599 2538 Bibe
2625 2497 2798 2552 aquas
2824 2482 2890 2537 de
2921 2482 3027 2536 luis
3057 2481 3202 2535 vasis
3230 2489 3285 2533 et
3314 2480 3379 2533 de
3420 2493 3512 2547 puo

1948 2586 2154 2632 teorum
2181 2583 2398 2630 tuorum
2429 2574 2598 2640 fonte,
2626 2583 2680 2630 et
2720 2590 2824 2630 non
2856 2571 3369 2642 supereffundantur
3398 2569 3511 2638 (9.7)

1948 2668 2040 2722 tibi
2083 2681 2237 2737 aquae
2264 2673 2419 2722 extra
2447 2674 2601 2720 tuum
2633 2664 2863 2721 fontem.
2896 2682 2917 2716 ι
2971 2662 3231 2729 Quamvis
3279 2662 3332 2715 in
3392 2661 3514 2715 aliis

1944 2759 2347 2830 exemplaribus
2369 2759 2661 2829 legerimus
2687 2774 2702 2812 :
2737 2758 2833 2813 «Et
2855 2754 3203 2813 eilundantur
3234 2752 3329 2808 tibi
3358 2766 3514 2822 aqua:

1946 2862 2099 2912 extra
2124 2861 2273 2907 tuum
2301 2850 2526 2906 fontem.
2565 2868 2585 2903 ι
2628 2850 2794 2919 Aqua:
2844 2858 2949 2903 tute
2999 2846 3107 2902 sint
3147 2846 3241 2900 tibi
3295 2844 3416 2907 soli,
3460 2858 3515 2898 et

1948 2958 2108 3000 nemo
2128 2942 2338 2999 alienus
2362 2940 2650 3013 participet
2678 2956 2746 2996 ex
2782 2941 2882 2995 eis.
2910 2938 3083 2993 Habet
3109 2951 3236 3005 ergo
3261 2935 3342 3005 (ut
3370 2934 3421 2987 in
3450 2934 3517 2989 iis

1947 3034 2288 3106 designatur)
2319 3032 2694 3102 unusquisque
2715 3014 2960 3087 nostrum
2992 3029 3046 3084 in
3073 3026 3363 3096 semetipso
3416 3041 3516 3094 pu-

271 3142 363 3199 pcr
379 3125 689 3197 pontiﬁcem
710 3122 1028 3188 oil'ereutur,
1046 3123 1088 3177 si
1110 3136 1213 3177 non
1226 3120 1397 3177 solum
1414 3119 1593 3176 verbis
1608 3129 1665 3175 et
1687 3133 1839 3186 voce,
1866 3140 1914 3203 α
1950 3138 2118 3185 leum.
2148 3127 2260 3182 [mo
2285 3133 2339 3181 et
2361 3123 2563 3194 aliquid
2586 3122 2815 3192 amplius
2840 3122 3100 3185 dicemus,
3146 3118 3517 3188 unusquisqm:

270 3219 362 3275 scd
386 3228 440 3273 ct
472 3224 657 3272 mente
678 3227 898 3269 oremus
926 3220 981 3266 et
1006 3213 1191 3276 corde,
1218 3210 1517 3267 secundum
1534 3210 1676 3279 quod
1695 3219 1750 3264 et
1767 3208 1840 3262 A-

273 3311 513 3381 postolus
539 3305 772 3364 monet"
804 3324 818 3360 :
846 3301 1055 3360 tOrabo
1082 3302 1301 3372 spiritu,
1328 3301 1496 3357 orabo
1523 3308 1579 3355 et
1615 3307 1797 3354 mente
1823 3316 1837 3351 :

275 3405 539 3473 psalmum
576 3401 752 3457 dicam
775 3398 992 3469 spiritu,
1037 3395 1303 3466 psalmum
1328 3393 1508 3447 dicam
1536 3396 1831 3446 etmente.»

272 3494 548 3549 Assistuut
570 3491 713 3546 enim
749 3499 803 3544 ct
836 3502 979 3542 nunc
1012 3484 1189 3555 angeli
1224 3483 1317 3538 Dei
1348 3482 1584 3538 cultores
1613 3490 1668 3537 et
1701 3482 1845 3550 agri-

273 3591 402 3642 colae
458 3585 638 3641 contis
673 3584 865 3648 nostri,
895 3592 949 3637 et
972 3579 1257 3648 requirunt
1279 3576 1323 3631 si
1348 3584 1433 3631 est
1463 3575 1516 3629 in
1542 3573 1722 3643 aliquo
1746 3587 1844 3627 no-

275 3690 448 3732 strutn
483 3673 855 3745 hujuscemodi
878 3686 1031 3727 mens
1052 3681 1157 3724 tam
1173 3666 1428 3729 sollicita,
1468 3674 1576 3719 tam
1612 3664 1842 3728 intenta,

275 3783 392 3838 quae
412 3768 634 3822 verbum
656 3764 746 3820 Dei
770 3774 1022 3833 tanquam
1055 3773 1237 3815 semen
1266 3758 1507 3812 divinum
1540 3764 1649 3809 tota
1677 3754 1848 3809 avidi-

278 3873 386 3914 tate
434 3858 733 3928 susceperit
762 3896 775 3917 .
810 3856 854 3910 si
890 3854 1122 3908 fructum
1148 3853 1331 3906 statim
1362 3858 1420 3903 ut
1450 3850 1516 3903 ad
1542 3847 1847 3903 orationem

277 3952 548 4023 surgimus
576 3947 904 4011 ostenderit,
928 3946 979 4000 id
1008 3954 1110 4007 est,
1130 3943 1173 3998 si
1194 3942 1434 3999 collectis
1454 3948 1510 3995 et
1542 3952 1844 4009 congrega-

280 4046 513 4099 tisiutra
556 4055 613 4096 se
635 4038 885 4095 sensibus
916 4044 1037 4091 oret
1087 4032 1275 4097 Deum;
1336 4032 1381 4086 si
1429 4046 1535 4086 non
1591 4038 1849 4098 evagetur

279 4146 480 4196 mente.
508 4142 562 4188 ct
597 4126 1017 4200 cogitationibus
1045 4122 1240 4189 cvolet,
1286 4123 1358 4177 ita
1388 4130 1447 4175 ut
1480 4132 1709 4191 corpore
1733 4120 1848 4188 qui-

280 4230 400 4282 dem
434 4226 485 4278 in
517 4222 765 4279 oratione
787 4226 1065 4279 curvetur,
1098 4214 1350 4270 sensibus
1381 4220 1565 4267 autem
1622 4224 1719 4280 per
1767 4210 1849 4265 di-

283 4329 435 4371 versa
478 4316 766 4369 discurrat.
795 4309 850 4364 Si
882 4308 1021 4379 quis,
1072 4307 1330 4375 inquam,
1360 4303 1627 4358 intentam
1676 4308 1731 4355 et
1771 4296 1849 4353 di-

283 4417 489 4463 rectam
528 4403 762 4460 senserit
787 4399 1221 4456 obsecrationem
1248 4408 1425 4461 suam,
1454 4402 1510 4449 et
1564 4391 1695 4461 ipsis
1751 4388 1846 4443 Dei

1945 3216 2186 3276 nostrum
2224 3218 2390 3273 habet
2418 3232 2523 3272 non
2552 3225 2776 3287 puteum
2807 3228 2999 3278 unum,
3026 3213 3120 3267 sed
3145 3220 3335 3282 puteos
3377 3209 3517 3263 mul-

1944 3322 2049 3378 tos,
2077 3320 2131 3366 et
2159 3324 2266 3365 non
2292 3322 2456 3363 unum
2479 3320 2576 3361 vas
2601 3319 2777 3375 aquae,
2826 3304 2919 3359 sed
2975 3317 3103 3356 vasa
3154 3299 3343 3356 multa.
3396 3298 3515 3354 Non

1946 3402 2088 3459 enim
2114 3399 2274 3464 dixit,
2308 3417 2327 3451 ι
2361 3396 2483 3452 bibe
2509 3409 2681 3466 aquas
2709 3412 2727 3446 ι
2756 3394 2823 3448 de
2855 3403 2945 3447 tuo
2969 3405 3116 3457 vase,
3145 3390 3238 3446 sed
3267 3408 3285 3441 ι
3318 3390 3382 3444 de
3412 3390 3516 3443 tuis

1946 3491 2121 3546 vasis:
2156 3509 2174 3542 ι
2202 3498 2259 3544 et
2291 3502 2397 3542 non
2422 3486 2579 3553 dixit,
2611 3493 2664 3539 et
2687 3482 2754 3536 de
2777 3482 2921 3551 putei
2944 3482 3019 3535 tui
3051 3480 3223 3543 fonte,
3254 3479 3346 3534 sed
3384 3497 3402 3530 ι
3452 3479 3519 3532 de

1946 3591 2232 3655 puteorum
2259 3588 2471 3635 tuorum
2514 3577 2683 3632 fonte.
2724 3594 2742 3627 ι
2788 3574 3040 3644 Legimus
3066 3574 3113 3604 ⁸⁸
3165 3571 3421 3627 habuisse
3462 3579 3516 3625 et

1947 3677 2284 3748 patriarchas
2335 3682 2572 3744 puteos;
2626 3669 2815 3725 habuit
2874 3669 3177 3728 Abraham,
3224 3666 3409 3721 habuit
3464 3672 3519 3717 et

1947 3770 2116 3826 Isaac.
2145 3768 2284 3823 Puto
2315 3775 2496 3821 autem
2524 3762 2776 3818 habuisse
2798 3758 3062 3826 ngarob.
3088 3759 3153 3813 Et
3174 3758 3243 3812 ab
3282 3758 3402 3813 istis
3430 3773 3521 3827 pu-

1950 3862 2053 3916 teis
2068 3867 2283 3927 sumpto
2305 3854 2483 3919 initio,
2503 3866 2763 3920 pereurre
2788 3864 3002 3905 omnem
3029 3849 3388 3923 Seripturam,
3424 3862 3520 3917 pu—

1950 3962 2067 4008 teos
2092 3950 2403 4020 requirens,
2433 3952 2487 3999 et
2525 3942 2748 4012 perveni
2784 3955 2954 4009 usque
2988 3941 3054 3996 ad
3103 3938 3409 4009 Evangelia,
3467 3947 3521 3992 et

1952 4044 2022 4100 ibi
2051 4040 2295 4097 invenies
2337 4047 2559 4108 puteum
2606 4046 2771 4101 Supra
2820 4046 2982 4101 quem
3036 4032 3286 4087 Salvator
3336 4037 3519 4085 noster

1951 4135 2171 4191 sedebat
2195 4130 2541 4201 requiescens
2570 4134 2689 4195 post
2712 4126 2919 4181 itineris
2942 4124 3204 4187 laborem,
3238 4133 3362 4177 tunc
3398 4137 3518 4176 cum

1950 4227 2201 4281 veniente
2243 4220 2473 4276 muliere
2514 4217 2881 4280 Samaritana,
2914 4226 2969 4269 et
3019 4215 3235 4270 volente
3286 4213 3503 4268 haurire

1954 4333 2151 4389 aquam
2180 4318 2248 4373 de
2278 4324 2460 4386 puteo,
2487 4328 2606 4383 qua:
2631 4318 2774 4367 esset
2817 4311 2869 4364 in
2910 4307 3205 4378 Scripturis
3244 4306 3389 4375 putei
3438 4302 3521 4357 vel

1953 4423 2240 4483 puteorum
2263 4408 2438 4462 virtus
2463 4407 2770 4477 exponitur,
2802 4410 2855 4458 et
2895 4401 3232 4469 comparatio
3264 4400 3323 4453 tit
3356 4413 3523 4466 aqua-

284 4496 680 4567 aouspectibus,
712 4502 872 4561 atque
898 4489 1154 4545 inclfabili
1191 4487 1380 4541 lumini
1412 4500 1472 4541 se
1513 4481 1849 4538 intellexerit
1879 4503 1924 4559 ι)
1955 4481 2099 4567 gum,
2128 4500 2220 4555 ubi
2248 4507 2303 4553 ει
2326 4498 2492 4553 divini
2518 4495 2763 4567 mystcrii
2792 4492 3101 4561 pandum“,
3127 4503 3347 4544 arcana.
3376 4488 3525 4542 Dici-

281 4589 649 4653 assistcutcm,
699 4583 880 4651 ibique
940 4579 1252 4644 orationes,
1310 4584 1365 4632 et
1418 4574 1845 4637 obsecrationes,

283 4678 778 4753 postulationesque
804 4682 858 4728 et
885 4671 1181 4742 gratiarum
1246 4667 1492 4721 actiones
1532 4678 1663 4718 suas
1718 4678 1851 4733 pro-

283 4772 505 4836 fuderit,
538 4768 733 4824 nullius
767 4764 1109 4823 extrinsecus
1178 4758 1470 4829 phantasia).
1524 4754 1849 4811 sollicitatus

284 4866 518 4933 imagine
550 4861 677 4916 :hie
711 4874 770 4916 se
816 4856 1030 4912 noverit
1065 4866 1161 4922 per
1204 4849 1455 4918 angelum
1502 4847 1594 4917 qui
1645 4844 1853 4901 assistit

284 4955 472 5021 altari,
515 4952 781 5008 obtulisse
827 4943 1217 5003 immolationis
1260 4957 1369 4996 suae
1411 4938 1681 5010 primitias
1724 4950 1860 5006 pon-

282 5048 416 5103 tilici
459 5060 651 5115 magno
687 5053 741 5098 ct
774 5056 924 5105 vero,
960 5037 1180 5092 Christo
1207 5034 1333 5089 Jcsu
1379 5030 1605 5086 Domino
1643 5038 1852 5093 nostro,

283 5140 466 5193 cuicst
499 5136 666 5206 gloria
708 5143 763 5188 et
812 5132 1097 5201 imperium
1149 5128 1201 5181 in
1253 5123 1460 5197 saecula
1508 5120 1851 5178 saeculorum.

284 5233 476 5284 Amen.

356 5435 398 5467 “
423 5433 579 5487 Num.
608 5447 760 5497 xvttt,
793 5428 846 5483 9.
924 5428 969 5459 ⁸³
998 5426 1145 5497 Psal.
1176 5421 1437 5497 Xennii.

286 5520 385 5562 xm
420 5512 473 5558 et
519 5517 667 5557 xxvr.
748 5489 811 5531 ’⁸⁷
836 5497 989 5552 Joan.
1028 5511 1103 5561 tv,
1129 5496 1217 5549 M.
1321 5492 1367 5524 ⁵⁸
1395 5491 1552 5547 Joan.
1583 5505 1677 5553 vn,
1716 5489 1806 5545 58.

359 5596 472 5666 (‘25)
503 5593 683 5650 Codex
717 5591 1083 5654 Belvacensis,
1116 5607 1133 5641 ι
1164 5602 1371 5642 rursus.
1405 5604 1423 5638 ι
1468 5584 1621 5639 Libb.
1674 5583 1807 5637 editi
1836 5624 1849 5647 ,

291 5671 685 5810 i'i‘é’éis’césw.
1181 5724 1530 5810 αηνξιοιεεεξίε
1580 5731 1631 5777 οι
1683 5720 1855 5776 sm“

292 5794 635 5868 Theoderici,
669 5821 686 5853 ι
720 5800 918 5854 vilitas.
968 5814 987 5848 ι
1028 5797 1195 5863 Alias,
1234 5815 1250 5847 ι
1286 5794 1582 5848 humilitas.
1631 5810 1649 5842 ο

1518 5421 1563 5453 ⁵³
1591 5420 1607 5474 Ι
1636 5418 1762 5475 Cor.
1814 5439 1929 5488 xiv,
1960 5421 2049 5478 15.

1959 4604 2047 4648 tur
2084 4592 2228 4648 enim
2258 4590 2382 4660 quia
2414 4589 2460 4643 si
2509 4588 2631 4658 quis
2659 4586 2807 4641 bibat
2836 4599 2901 4639 ex
2927 4584 2995 4638 iis
3022 4582 3200 4651 aquis,
3235 4595 3370 4650 quas
3391 4595 3525 4635 con-

1960 4684 2169 4740 tinebat
2196 4691 2389 4752 puteus
2417 4679 2507 4734 ille
2541 4688 2814 4740 terrenus,
2852 4675 3000 4730 sitiet
3030 4689 3278 4738 rursum;
3317 4672 3407 4743 qui
3433 4686 3529 4723 au-

1959 4787 2066 4833 tem
2088 4792 2157 4832 ex
2184 4774 2290 4831 illis
2318 4772 2537 4839 biberit,
2561 4785 2699 4840 quas
2734 4767 3023 4832 datJesus,
3058 4786 3075 4818 ‹
3111 4766 3272 4821 lietin
3312 4780 3377 4820 eo
3407 4766 3527 4820 fons

1963 4882 2116 4938 aqua:
2138 4865 2379 4921 salientis
2407 4864 2459 4917 in
2490 4864 2654 4917 vitam
2686 4859 3027 4915 aeternam".
3078 4879 3097 4912 ›
3131 4858 3188 4911 ln
3215 4858 3321 4912 alio
3347 4866 3526 4911 autem

1959 4957 2238 5028 Evangelii
2266 4955 2383 5010 loco
2404 4953 2514 5023 jam
2545 4968 2651 5007 non
2686 4951 2827 5015 fons,
2854 4965 3029 5019 neque
3054 4959 3269 5019 puteus,
3299 4948 3392 5003 sed
3419 4961 3531 4999 am-

1959 5052 2098 5122 plius
2120 5049 2321 5119 aliquid
2346 5047 2563 5103 dicitur.
2603 5063 2621 5096 ι
2650 5042 2749 5109 Qui
2782 5042 2975 5107 credit,
3002 5041 3258 5111 inquit”,
3294 5040 3344 5093 in
3378 5053 3528 5101 eum,

1960 5144 2105 5199 sicut
2136 5140 2417 5210 Scriptura
2445 5138 2601 5199 dicit,
2634 5136 2861 5191 ﬂumina
2900 5136 2966 5189 de
2990 5146 3181 5189 ventre
3207 5133 3324 5202 ejus
3364 5130 3531 5185 liuent

1961 5248 2114 5303 aquae
2142 5233 2297 5286 vivae.
2346 5250 2364 5284 ι
2401 5229 2559 5285 Vides
2586 5243 2716 5298 ergo
2746 5228 2870 5297 quia
2917 5226 3012 5296 qui
3075 5225 3249 5280 credit
3290 5224 3342 5277 in
3381 5237 3530 5286 eum,

1963 5342 2069 5381 non
2094 5324 2268 5380 solum
2300 5331 2546 5391 puteum,
2574 5321 2665 5375 sed
2683 5330 2736 5375 et
2764 5328 2975 5389 puteos,
3006 5326 3188 5371 etnon
3216 5314 3389 5370 solum
3414 5312 3532 5367 fon-

2150 5417 2198 5450 ”
2239 5416 2396 5470 Num.
2425 5430 2540 5483 xxr,
2582 5415 2671 5469 16.
2775 5414 2822 5445 ⁸⁵
2852 5411 3010 5467 Prov.
3050 5426 3103 5477 v,
3130 5410 3219 5466 ‘15.
3321 5408 3368 5441 ⁸⁸
3392 5406 3529 5463 Gen.

2033 5576 2145 5647 (ΞΠ)
2185 5575 2368 5647 Codex
2390 5572 2764 5647 Carnoterlsis.
2793 5590 2821 5647 c_
2851 5568 3254 5647 superciliuant.
3291 5588 3309 5621 ι
3364 5568 3532 5647 Paulo

1962 5641 2085 5718 post.
2114 5641 2167 5699 in
2196 5645 2381 5700 codice
2406 5644 2587 5718 sancti
2635 5642 2974 5718 Theudorici
3005 5641 3389 5718 desiderantur
3418 5641 3530 5691 haec

1966 5709 2128 5772 verba
2166 5732 2178 5767 :
2210 5733 2228 5767 t
2259 5714 2508 5784 quamvis
2533 5714 2584 5765 in
2616 5712 2736 5766 aliis
2766 5711 3169 5784 exemplaribus
3201 5709 3490 5776 legerimus
3515 5727 3528 5740 ·

1962 5799 2014 5846 et
2036 5781 2380 5844 elqudantur
2400 5784 2490 5840 tibi
2510 5799 2663 5850 aquae
2694 5792 2844 5839 extra
2868 5790 3016 5836 tuum
3051 5781 3271 5836 fontem.
3288 5798 3306 5830 ι
