4086 6218
624 334 727 389 δὺἹ

1788 333 1855 387 ΙΝ
1893 334 2227 391 NUMEROS
2264 335 2549 394 HOMIIJA
2593 329 2701 387 Xll.

3760 332 3860 384 (558

625 459 731 515 tes,
763 449 859 504 sed
880 458 935 504 et
974 450 1194 504 ﬂumina
1222 452 1381 507 habet
1408 451 1550 507 intra
1581 468 1665 511 se.
1692 454 1894 511 Fontes
1936 466 2114 512 autem
2145 467 2198 512 et
2226 460 2273 517 Α
2304 456 2698 518 nerationihus,
2737 464 2880 510 recte
2907 456 3099 511 horum
3130 454 3357 511 scientia
3400 454 3541 522 putei
3607 453 3859 522 appellati

624 539 867 605 ﬂumina,
900 556 1003 595 non
1033 556 1152 610 qua:
1178 542 1287 611 (28)
1316 543 1473 600 istam
1499 545 1779 601 mortalem
1814 548 1977 617 312
2025 549 2187 603 vitam

621 630 884 696 solentur,
913 630 1007 686 sed
1030 646 1150 699 quae
1176 642 1437 689 :eternam
1465 635 1762 691 conferant.
1799 637 1967 707 Igitur
1996 655 2191 695 secun-

622 722 747 774 dum
770 734 832 773 ea
867 736 987 789 qua:
1014 722 1066 775 in
1094 721 1403 781 Proverbiis
1436 727 1637 795 scripta
1665 730 2069 797 proposuimus,
2098 730 2187 784 ubi

622 808 771 877 putei
808 810 968 865 simul
1021 826 1143 865 cum
1198 814 1348 869 fonte
1406 818 1771 883 nominantur,
1816 819 2187 889 accipiendum

620 911 704 955 est
728 902 952 957 verbum
985 903 1100 958 Dei.
1129 904 1328 960 Puteus
1372 907 1593 975 quidem
1620 909 1663 962 si
1706 909 1958 978 profundi
1989 909 2186 979 aliquid

622 993 866 1063 mysterii
890 994 1045 1063 tegit,
1071 993 1191 1049 fons
1224 1005 1404 1051 autem
1427 998 1471 1052 si
1501 999 1569 1053 ad
1600 1000 1833 1068 populos
1862 1002 2099 1055 abundat
2134 1012 2188 1057 et

618 1085 809 1139 eﬂluit.
838 1086 942 1141 Sed
975 1102 1079 1140 non
1123 1087 1303 1142 otiose
1343 1090 1729 1158 requirendum
1781 1099 1865 1147 est
1918 1093 2187 1161 quomodo

618 1178 892 1247 possimus
914 1177 1177 1248 pluralem
1206 1194 1490 1235 numerum
1526 1181 1591 1235 de
1618 1183 1797 1251 puteis
1817 1198 2109 1253 exponere,
2132 1194 2188 1239 et

617 1268 949 1338 singularem
990 1269 1058 1326 de
1085 1269 1255 1335 fonte,
1281 1271 1405 1340 quia
1456 1271 1508 1324 in
1550 1269 1864 1327 Proverbiis
1913 1273 2042 1329 dicit
2088 1273 2187 1327 Sa-

618 1361 821 1429 pientia
873 1361 916 1393 ⁸⁹
972 1383 983 1416 :
1050 1380 1069 1413 ι
1119 1362 1248 1417 Bibe
1308 1377 1479 1432 aquas
1535 1362 1601 1417 de
1642 1371 1926 1432 puteorum
1971 1374 2182 1420 tuorum

616 1452 788 1507 fonte.
829 1471 848 1503 ι
892 1451 1180 1510 Videamus
1220 1470 1351 1524 ergo
1395 1469 1625 1523 quorum
1678 1465 1960 1523 puteorum
2017 1473 2183 1512 unum

612 1542 811 1597 dixerit
837 1541 1062 1598 fontem.
1098 1543 1208 1613 Ego
1236 1553 1365 1613 puto
1396 1543 1538 1613 quod
1560 1541 1784 1597 scientia
1822 1543 2039 1613 ingeniti
2084 1544 2184 1598 Pa-

614 1634 735 1697 tris,
765 1650 906 1691 uuus
929 1635 1101 1704 possit
1131 1635 1352 1705 intelligi
1401 1646 1591 1705 puteus
1616 1676 1633 1703 ,
1673 1636 1769 1691 sed
1812 1644 1866 1689 et
1920 1635 2180 1705 unigeniti

612 1719 735 1775 Filii
757 1720 874 1790 ejus
894 1721 1120 1791 agnitio,
1146 1722 1286 1779 alius
1308 1733 1501 1792 puteus
1526 1724 1748 1794 intelligi
1780 1723 1991 1778 debeat.
2028 1727 2180 1783 Alius

610 1811 755 1864 enim
782 1825 811 1863 a
836 1810 997 1866 Patre
1020 1811 1208 1878 Filius,
1230 1822 1285 1868 et
1307 1829 1411 1869 non
1436 1815 1577 1870 idem
1607 1813 1778 1868 Filius
1800 1813 1889 1881 qui
1915 1823 1969 1870 et
1996 1815 2177 1883 Pater,

611 1894 751 1947 sicut
775 1895 887 1966 ipse
925 1897 979 1951 in
1004 1897 1310 1968 Evangeliis
1342 1901 1574 1956 dicit“:
1624 1922 1642 1954 ι
1697 1902 1851 1958 Alius
1886 1913 1966 1959 est
1991 1906 2079 1974 qui
2124 1916 2179 1961 et

614 1985 979 2042 testimonium
1019 1989 1086 2043 de
1117 2004 1202 2044 me
1231 1990 1362 2046 dicit
1385 1990 1566 2048 Pater.
1609 2011 1628 2046 ›
1654 1994 1719 2048 Ει
1744 2011 1937 2051 rursus
1959 1997 2174 2051 tertium

609 2085 738 2144 puto
786 2077 957 2132 videri
1016 2088 1233 2148 puteum
1287 2096 1479 2150 posse,
1527 2084 1891 2154 cognitionem
1941 2084 2175 2154 Spiritus

608 2166 801 2219 sancti.
830 2167 982 2222 Alius
1004 2169 1147 2223 enim
1178 2178 1232 2225 et
1260 2171 1374 2239 ipse
1397 2182 1481 2228 est
1512 2188 1541 2226 a
1566 2173 1746 2235 Patre.
1781 2184 1835 2230 et
1859 2174 2015 2240 Filio,
2036 2176 2176 2231 sicut

605 2266 659 2309 et
687 2257 750 2310 de
779 2257 895 2324 ipso
923 2258 1275 2316 nihilominus
1298 2262 1352 2316 in
1376 2261 1668 2334 Evangelio
1689 2265 1945 2321 dicitur“
1974 2283 1988 2319 :
2020 2266 2172 2321 «Mit-

606 2355 681 2401 tet
704 2348 859 2403 vobis
879 2348 1047 2405 Pater
1077 2351 1241 2406 alium
1278 2353 1620 2411 Paracletum
1668 2358 1919 2427 spiritum
1972 2359 2173 2415 verita-

604 2438 697 2493 tis.
742 2457 761 2490 ι
796 2440 887 2495 Est
914 2456 1042 2510 ergo
1072 2443 1187 2499 haec
1219 2445 1382 2500 trium
1414 2448 1693 2505 distinctio
1717 2452 2080 2521 personarum
2115 2453 2171 2509 in

602 2529 764 2586 Patre
799 2542 853 2586 et
877 2532 1013 2589 Filio
1037 2544 1090 2590 et
1117 2534 1320 2605 Spiritu
1376 2548 1588 2604 sancto,
1616 2554 1736 2607 quae
1794 2542 1860 2595 ad
1905 2541 2170 2612 pluralem

600 2632 884 2690 puteorum
926 2641 1208 2682 numerum
1241 2640 1548 2686 revocatur.
1603 2632 1711 2689 Sed
1748 2633 1942 2689 horum
1975 2645 2167 2706 puteo-

602 2729 720 2768 rum
752 2732 889 2772 unus
914 2718 1159 2775 estfons.
1190 2720 1304 2775 Una
1334 2723 1478 2778 enim
1513 2723 1815 2780 substantia
1847 2734 1947 2795 est,
1981 2735 2034 2782 et
2072 2741 2169 2781 na-

602 2814 724 2859 tura
751 2805 1055 2865 Trinitatis.
1086 2810 1155 2865 Et
1186 2812 1288 2866 hoc
1322 2814 1478 2869 modo
1513 2831 1618 2871 non
1654 2818 1832 2872 otiosa
1864 2816 2169 2875 invenietur

602 2896 901 2967 Scriptum
930 2909 1135 2955 sanctae
1163 2901 1457 2968 distinctio,
1488 2921 1605 2974 quae
1631 2904 1782 2977 dicit,
1817 2928 1835 2960 ι
1875 2908 1942 2964 de
1974 2920 2163 2980 puteo-

598 3002 715 3040 rum
756 2997 972 3044 tuorum
1004 2991 1176 3047 fonte.
1211 3012 1230 3047 ι
1278 2994 1383 3050 Sed
1430 2997 1789 3055 observanter
1816 3001 2043 3072 mystica
2085 3003 2163 3057 si-

595 3079 779 3179 gnavit
807 3078 1120 3183 e.loqu'ia,.ut
1145 3085 1285 3183 quod
1304 3084 1582 3153 pluraliter
1598 3087 1799 3143 dictum
1836 3099 1921 3145 est
1947 3090 2012 3145 de
2036 3107 2163 3162 per-
2191 3123 2235 3183 ο

596 3168 769 3233 sonis,
801 3169 1144 3239 singulariter
1173 3172 1488 3229 substantia:
1541 3178 1878 3233 conveniret.
1934 3179 2165 3238 Possunt

597 3262 775 3308 autem
799 3266 853 3310 et
881 3257 955 3310 illi
992 3259 1136 3326 putei
1166 3260 1457 3335 videri,.de
1490 3278 1720 3333 quorum
1757 3266 1986 3323 scientia
2018 3271 2166 3325 dice-

604 3342 698 3396 bat
723 3342 832 3409 ille,
861 3345 951 3413 qui
987 3347 1225 3416 repletus
1254 3362 1337 3405 eSt
1366 3353 1629 3418 sapientia
1664 3354 1757 3411 Dei
1819 3358 1864 3389 θ’
1907 3377 1921 3412 :
1970 3377 1989 3410 ι
2047 3359 2165 3429 lpse

595 3431 739 3485 enim
766 3433 893 3488 mihi
919 3436 1066 3491 dedit
1088 3453 1273 3494 eorum
1312 3456 1431 3511 quae
1464 3453 1590 3499 sunt
1637 3447 1923 3503 scientiam
1954 3464 2161 3519 veram,

596 3532 655 3577 ut
677 3524 875 3579 scirem
905 3527 1267 3585 substantiam
1294 3535 1501 3602 mundi,
1528 3545 1582 3589 et
1619 3538 2009 3595 elementorum
2051 3542 2163 3596 vir-

596 3619 784 3680 tutem,
815 3615 1024 3672 initium
1051 3628 1105 3676 et
1133 3619 1291 3674 finem
1334 3632 1388 3677 et
1436 3625 1809 3694 medietatem,
1853 3638 2156 3699 temporum

591 3701 1021 3762 vicissitudinem
1050 3749 1065 3775 ,
1126 3712 1552 3777 permutationes
1602 3725 1656 3770 et
1705 3722 2160 3780 commutationes

592 3801 919 3863 temporum,
950 3800 1077 3853 anni
1110 3800 1343 3857 circulos
1393 3812 1449 3857 et
1506 3814 1775 3861 astrorum
1822 3812 2159 3880 positiones,

590 3891 810 3941 naturas
862 3889 1199 3957 animalium,
1258 3902 1312 3948 et
1350 3894 1457 3950 iras
1513 3896 1831 3968 bestiarum,
1865 3903 2155 3972 spirituum

587 3972 893 4042 violentias,
918 3986 971 4032 et
1017 3980 1381 4048 cogitationes
1441 3983 1718 4045 hominum
1750 4030 1764 4052 ,
1824 3990 2156 4052 differentias

586 4063 962 4133 virgultorum,
991 4077 1045 4123 et
1073 4071 1301 4126 virtutes
1338 4073 1602 4131 radicum.
1656 4096 1675 4128 ι
1744 4078 1902 4137 Vides
1962 4088 2152 4155 quanti

585 4165 711 4210 sunt
736 4159 881 4226 putei
934 4161 985 4214 in
1046 4176 1226 4217 rerum
1267 4165 1537 4221 scientia?
1577 4165 1780 4225 Puteus
1822 4184 1939 4239 est,
1999 4181 2151 4235 verbi

585 4248 775 4316 gratia,
806 4250 1031 4306 scientia
1058 4254 1440 4325 virgultorum,
1476 4271 1529 4316 et
1565 4263 1703 4320 forte
1730 4267 2153 4341 uniuscujusque

583 4338 801 4407 virgulti
828 4352 1025 4397 natura
1050 4346 1214 4402 habet
1248 4352 1528 4420 preprium
1562 4365 1804 4424 puteum.
1858 4358 1924 4412 Et
1953 4338 2148 4417 iterum

2295 556 2422 601 sunt
2454 561 2470 599 :
2504 561 2623 600 eum
2651 555 2830 599 autem
2854 546 2991 600 sicut
3025 544 3227 599 Paulus
3250 544 3379 599 dicit
3404 545 3469 611 °',
3514 545 3859 600 credentibus

2299 657 2317 690 ι
2357 636 2721 692 manifestavit
2750 636 2893 691 Dens
2939 651 3036 705 per
3056 634 3317 703 Spiritum
3349 652 3527 702 suum,
3566 654 3584 688 ι
3629 635 3861 691 efficien-

2295 740 2380 783 tur
2404 730 2516 783 hazc
2541 728 2720 782 omnia
2749 728 2945 791 fontes,
2972 736 3026 781 et
3058 727 3277 783 ﬂumina
3306 744 3319 781 :
3354 736 3410 781 ut
3453 727 3564 797 jam
3620 744 3724 781 non
3781 728 3853 780 ita

2292 818 2560 872 habeatur
2590 820 2640 872 in
2672 818 2885 873 occulto
2916 819 3111 874 horum
3147 819 3397 884 scicntia,
3426 819 3520 873 sed
3550 818 3858 888 proferatur

2291 908 2357 963 ad
2382 908 2598 973 multos,
2640 919 2694 964 et
2734 910 2872 981 riget
2933 909 3216 964 credentes
3270 924 3331 964 ac
3389 910 3572 964 satiet.
3622 908 3688 963 Et
3736 910 3859 963 ideo

2292 1001 2484 1067 credo,
2510 999 2760 1056 Salvator
2793 1001 3004 1055 diccbat
3034 1000 3099 1053 ad
3126 1000 3413 1069 discipulos
3431 1015 3579 1064 suos,
3611 1001 3733 1069 quia
3765 1002 3855 1069 qui

2288 1091 2459 1145 credit
2503 1092 2554 1144 in
2585 1105 2731 1157 eum,
2755 1099 2809 1144 et
2832 1104 3029 1159 aquam
3056 1090 3317 1144 doctrinm
3353 1090 3470 1158 ejus
3495 1090 3713 1154 biberit,
3744 1106 3853 1147 non

2284 1180 2394 1249 jam
2427 1190 2641 1250 puteus,
2672 1196 2769 1235 nec
2794 1179 2934 1245 fons,
2965 1180 3058 1235 sed
3090 1180 3218 1234 fient
3252 1180 3304 1233 in
3342 1195 3405 1235 eo
3433 1181 3650 1234 ﬂumina
3705 1197 3857 1249 aqua:

2287 1272 2423 1325 vivae
2450 1270 2515 1329 “.
2550 1271 2701 1326 Sicut
2730 1272 2876 1326 enim
2906 1287 3045 1326 unus
3073 1271 3175 1325 iste
3202 1279 3413 1339 puteus.
3441 1272 3531 1339 qui
3560 1279 3643 1325 est
3672 1285 3850 1325 sermo

2288 1363 2402 1426 Dei,
2427 1361 2658 1417 eﬂicitur
2683 1362 2859 1431 putei,
2881 1370 2935 1415 et
2963 1360 3157 1427 fentes,
3200 1366 3252 1415 et
3284 1360 3501 1415 ﬂumina
3536 1361 3849 1415 innumera-

2286 1458 2416 1515 bilia
2450 1475 2464 1512 :
2497 1458 2569 1511 ita
2591 1466 2643 1513 et
2665 1458 2845 1511 anima
2876 1457 3133 1520 hominis,
3158 1472 3275 1526 qua:
3299 1456 3697 1525 adimaginem
3756 1456 3852 1510 Dei

2288 1549 2398 1622 (29)
2424 1550 2565 1606 facta
2603 1559 2708 1617 est,
2738 1558 2915 1620 potest
2943 1548 2995 1603 in
3020 1564 3077 1604 se
3112 1550 3331 1616 habere,
3356 1557 3410 1604 et
3442 1548 3747 1618 producere
3778 1563 3849 1603 ex

2285 1654 2364 1705 se,
2395 1649 2447 1694 et
2477 1650 2688 1709 puteos,
2722 1649 2777 1694 et
2803 1638 3002 1706 fontes,
3040 1636 3378 1707 etﬂumina.
3416 1637 3523 1691 Sed
3574 1646 3628 1692 et
3660 1650 3846 1690 revera

2285 1734 2429 1799 putei
2458 1733 2545 1800 qui
2576 1740 2702 1787 sunt
2728 1731 2781 1785 in
2832 1730 3009 1785 anima
3039 1739 3223 1786 nostra
3267 1730 3512 1798 indigent
3563 1727 3801 1783 fodiente
3831 1744 3846 1780 :

2281 1822 2477 1876 debent
2504 1822 2648 1876 enim
2679 1821 2949 1885 mundari,
2975 1830 3029 1875 et
3058 1834 3220 1876 omne
3250 1819 3393 1890 quod
3437 1828 3711 1874 terrenum
3767 1825 3853 1871 est

2279 1913 2346 1967 ab
2369 1914 2448 1968 eis
2497 1914 2657 1969 debet
2687 1915 2921 1978 auferri,
2980 1922 3039 1966 ut
3087 1927 3240 1967 vena:
3281 1912 3384 1967 illa:
3440 1908 3845 1967 rationabilium

2279 2019 2557 2071 sensuum,
2582 2020 2717 2073 quas
2760 2005 2809 2059 ei
2852 2003 3082 2059 inseruit
3135 2002 3297 2068 Deus,
3341 2015 3473 2071 pura
3522 2015 3584 2055 ac
3633 1999 3844 2054 sincera

2276 2093 2475 2150 ﬂuenta
2500 2093 2819 2162 producant.
2853 2093 3031 2147 Donec
3055 2092 3198 2145 enim
3232 2100 3377 2145 terra
3411 2089 3648 2158 contegit
3676 2102 3839 2156 aqua-

2276 2204 2395 2242 rum
2428 2202 2614 2254 venas,
2643 2197 2698 2242 et
2730 2187 2949 2242 obturat
2978 2184 3246 2240 occultum
3278 2182 3460 2237 ﬂuenti
3486 2221 3500 2247 ,
3536 2196 3640 2235 non
3668 2184 3845 2248 potest

2276 2281 2396 2349 puri
2455 2279 2633 2337 laticis
2693 2277 2833 2333 unda
2875 2276 3169 2347 proﬂuere.
3208 2285 3210 2289 '
3244 2275 3490 2344 Denique
3552 2281 3839 2344 propterea

2273 2368 2537 2438 scriptum
2562 2377 2647 2424 est
2670 2367 2737 2435 θ’,
2772 2368 2897 2437 quia
2935 2366 3086 2437 pueri
3111 2364 3386 2420 Abraham
3424 2362 3695 2417 fodiebant
3725 2367 3842 2430 ‘pn-

2274 2467 2412 2521 teos,
2442 2458 2535 2514 sed
2562 2458 2843 2528 replebant
2875 2467 3035 2528 atque
3061 2457 3385 2526 operiebant
3406 2470 3501 2513 eos
3543 2463 3688 2508 terra
3719 2453 3839 2507 Phi-

2272 2546 2478 2603 listiim.
2514 2548 2618 2604 Sed
2651 2558 2705 2603 et
2746 2546 2916 2615 Isaac,
2954 2549 3045 2620 qui
3098 2548 3468 2604 hmreditatem
3524 2553 3841 2613 susceperat

2269 2642 2465 2710 patris,
2488 2656 2704 2697 rursum
2733 2642 2869 2696 fodit
2904 2651 3118 2711 puteos,
3142 2650 3196 2697 et
3224 2648 3428 2695 terram
3460 2636 3693 2693 removit
3715 2634 3839 2689 Phi-

2268 2731 2596 2800 listinorum,
2653 2748 2816 2804 quam
2864 2749 2961 2805 per
3012 2732 3271 2789 invidiam
3327 2730 3630 2800 injecerant
3659 2728 3833 2796 aquis.

2269 2821 2375 2879 Sed
2402 2832 2457 2880 et
2486 2824 2615 2880 illud
2641 2826 3055 2881 observavimus
3079 2825 3131 2879 in
3159 2823 3379 2888 Genesi,
3409 2821 3551 2875 ttnde
3581 2829 3634 2875 et
3662 2819 3834 2873 histo-

2268 2915 2348 2972 ria
2375 2916 2492 2972 haae
2514 2916 2731 2971 videtur
2753 2927 3052 2986 assumpta,
3077 2915 3219 2986 quod
3245 2915 3417 2971 donec
3441 2914 3644 2968 viveret
3664 2910 3838 2964 Abra-

2268 3006 2416 3073 ham,
2468 3021 2573 3062 non
2609 3004 2827 3061 fuerunt
2877 3007 2993 3061 ausi
3032 3004 3321 3059 Philistiim
3366 3002 3574 3072 replere
3621 3006 3837 3069 puteos.

2267 3108 2365 3154 aut
2396 3099 2624 3168 injicere
2648 3098 2728 3154 eis
2757 3106 2976 3153 terram.
3025 3098 3131 3153 Sed
3175 3114 3297 3154 cum
3349 3097 3587 3153 excessit
3628 3110 3692 3150 ex
3737 3093 3836 3146 hac

2266 3192 2398 3257 vita,
2428 3199 2555 3246 tunc
2588 3189 2930 3245 invaluerunt
2974 3189 3262 3245 Philistiim
3310 3199 3365 3245 et
3409 3186 3652 3242 insidiati
3706 3192 3834 3238 sunt

2266 3281 2445 3351 puteis
2470 3280 2608 3348 ejus.
2635 3280 2741 3337 Sed
2767 3289 3093 3350 reparantur
3113 3280 3455 3351 postmodum
3508 3292 3607 3346 per
3658 3276 3831 3339 lsaac,

2265 3380 2320 3425 et
2347 3371 2645 3426 redeuntia
2671 3381 2870 3428 statum
2900 3387 3077 3428 suum.
3107 3372 3374 3428 Praeterea
3416 3378 3468 3424 et
3492 3382 3624 3437 puer
3662 3366 3835 3421 Abra-

2265 3458 2389 3513 ham
2420 3473 2540 3514 cum
2573 3461 2749 3531 pergit
2806 3476 3031 3517 uxorem
3086 3463 3371 3532 spondere,
3426 3459 3518 3515 vel“
3570 3459 3834 3514 deducere

2263 3551 2438 3619 lsaac,
2467 3554 2606 3623 apud
2664 3563 2885 3625 puteum
2921 3554 3123 3610 invenit
3178 3555 3479 3610 Rcheccam
3518 3593 3534 3619 ,
3580 3568 3700 3623 quae
3748 3553 3830 3607 in-

2265 3651 2594 3712 terpretatur
2664 3647 2915 3712 patientia
2988 3646 3098 3718 (30)
3157 3663 3170 3701 :
3227 3646 3341 3701 htec
3403 3645 3633 3701 efﬁcitur
3691 3661 3829 3701 uxor

2260 3733 2428 3800 Isaac,
2457 3751 2561 3791 non
2585 3736 2717 3792 alibi
2750 3738 2851 3793 nisi
2882 3739 3023 3808 apud
3074 3748 3282 3806 puteos.
3320 3736 3586 3793 Similiter
3638 3747 3692 3792 et
3739 3738 3828 3790 Ja-

2260 3828 2381 3891 cob,
2422 3842 2545 3882 cum
2595 3827 2647 3881 in
2712 3827 3156 3898 Mesopotamiam
3209 3830 3379 3894 venit,
3437 3831 3644 3885 habens
3694 3844 3831 3898 pra:-

2261 3926 2470 3988 ceptum
2506 3919 2694 3986 patris,
2729 3932 2797 3973 ne
2823 3918 2986 3974 alieni
3042 3920 3259 3989 generis
3289 3922 3371 3975 vel
3406 3922 3649 3977 extranei
3698 3935 3825 3975 san—

2258 4007 2436 4077 guinis
2465 4006 2744 4077 conjugem
2792 4016 3049 4071 sumeret,
3093 4008 3234 4077 apud
3269 4017 3460 4078 puteos
3492 4008 3655 4063 etiam
3703 4007 3820 4075 ipse

2258 4098 2463 4153 invenit
2493 4097 2717 4153 Rachel.
2760 4099 2827 4154 Et
2856 4099 3064 4171 Moyses
3096 4100 3397 4171 Sephoram
3447 4102 3584 4170 apud
3630 4110 3821 4171 puteos

2257 4191 2542 4259 reperit“.
2575 4191 2631 4247 Si
2660 4206 2789 4263 ergo
2833 4192 3145 4249 intellexisti
3204 4208 3323 4263 qua:
3359 4195 3654 4264 qualesque
3709 4195 3820 4248 sint

2257 4298 2455 4338 uxores
2477 4293 2811 4351 sanctorum,
2838 4285 3001 4339 etiam
3051 4296 3104 4340 tu
3169 4286 3215 4340 si
3267 4287 3345 4341 vis
3401 4285 3717 4356 patientiam
3768 4286 3820 4340 in

2255 4369 2567 4442 conjugium
2600 4373 2695 4428 tibi
2724 4374 3030 4431 adsciscere
3051 4417 3065 4442 ,
3089 4377 3131 4431 si
3161 4376 3504 4445 sapientiam,
3537 4385 3593 4430 et
3624 4376 3669 4431 si
3706 4392 3825 4445 qua:

582 4438 776 4497 puteus
808 4443 889 4488 est
916 4435 982 4490 de
1011 4437 1328 4494 animalium
1356 4443 1604 4510 scicntia,
1631 4454 1686 4500 et
1726 4446 1862 4503 forte
1892 4465 2150 4521 unaquze-
2182 4453 2225 4508 D
2255 4435 2373 4514 aliae
2406 4435 2534 4516 sunt
2561 4462 2758 4517 anima:
2782 4463 3031 4529 virtutes,
3059 4475 3112 4520 et
3147 4435 3327 4523 dicere
3357 4467 3499 4537 quod
3534 4469 3597 4521 de
3619 4466 3827 4535 sapien-

580 4535 687 4590 que
718 4525 930 4591 species
952 4528 1262 4584 animalium
1302 4534 1576 4602 proprium
1612 4535 1775 4593 habet
1800 4548 2040 4608 puteum.
2083 4544 2151 4601 Et

580 4614 772 4669 iterum
800 4628 1000 4686 puteus
1023 4629 1105 4677 est
1136 4624 1201 4677 de
1236 4624 1443 4679 ratione
1474 4637 1798 4699 temporum,
1833 4640 1885 4688 et
1931 4633 2149 4691 vicissi-

579 4706 783 4773 tudine,
815 4724 879 4765 ae
907 4715 1324 4781 permutatione.
1360 4717 1425 4772 Et
1466 4719 1579 4775 haec
1618 4720 1829 4792 singula
1887 4727 2145 4794 quoniam

576 4797 741 4852 altam
793 4804 1220 4877 profundamque
1278 4809 1475 4864 habent
1509 4812 1819 4879 scientiam,
1856 4817 2049 4874 merito
2084 4820 2145 4873 fi-

575 4894 833 4960 gulariter
857 4903 1006 4969 putei
1044 4905 1399 4975 appellantur.
1434 4909 1498 4963 Et
1550 4910 1721 4967 donec
1768 4912 1987 4981 quidem
2015 4915 2140 4969 abs-

572 4988 851 5044 conditura
887 4991 986 5049 fuit
1024 4999 1339 5069 mysterium
1367 5000 1566 5059 Christi
1602 5019 1632 5059 a
1668 5006 1880 5062 saeculis
1938 5017 1993 5062 et
2054 5022 2141 5078 ge-

656 5122 702 5204 ςο
727 5122 1073 5204 Ρτονοτὺζᾷν,
1112 5132 1233 5204 15._
1312 5136 1356 5167 ⁸ο
1381 5134 1536 5193 Joan.
1564 5141 1679 5204 vui,
1712 5142 1796 5196 l8.

1918 5144 1957 5175 ⁸⁸
1986 5143 2142 5201 Joan.
2182 5162 2293 5211 xlv,
2334 5147 2424 5203 16.

2256 4552 2324 4605 tia
2353 4552 2555 4607 dictum
2574 4562 2659 4609 est
2681 4554 2724 4585 ⁸⁷
2750 4571 2763 4606 :
2795 4555 2973 4611 illanc
2998 4557 3198 4622 amavi,
3234 4557 3374 4612 hanc
3403 4557 3623 4626 quaesivi
3651 4557 3823 4613 addu-

2252 4657 2376 4697 cere
2404 4643 2534 4698 mihi
2562 4659 2783 4701 uxorem
2823 4665 2836 4700 :
2874 4666 2893 4700 ι
2924 4656 3040 4702 esto
3069 4647 3346 4717 frequens,
3404 4660 3523 4707 esto
3570 4650 3820 4705 assiduus

2249 4732 2396 4788 circa
2430 4745 2623 4804 puteos
2654 4738 2808 4803 istos,
2837 4746 2893 4793 et
2920 4737 2997 4792 ibi
3033 4740 3273 4808 reperies
3301 4740 3608 4810 hujusmodi
3639 4738 3824 4807 conju.

2250 4839 2392 4892 gem.
2420 4827 2574 4896 Apud
2600 4843 2768 4898 aquas
2789 4830 2935 4885 enim
2968 4831 3136 4897 vivas,
3169 4832 3219 4884 id
3254 4840 3356 4896 est,
3391 4833 3533 4901 apud
3588 4831 3819 4885 viventis

2248 4917 2397 4971 verbi
2428 4915 2661 4985 ﬂuenta,
2703 4930 2912 4975 certum
2946 4931 3029 4975 est
3090 4937 3282 4977 omnes
3340 4923 3515 4978 animi
3572 4922 3820 4978 habitare

2248 5008 2501 5065 virtutes.
2553 5009 2694 5064 Sunt
2748 5025 2879 5080 ergo
2943 5013 3100 5067 multi
3148 5014 3521 5084 putei,’,quos
3577 5013 3817 5070 diximus

2524 5149 2568 5180 θ’
2608 5147 2734 5219 Sap.
2768 5164 2861 5218 vu,
2899 5152 2963 5205 l7
2988 5162 3045 5207 et
3089 5168 3239 5224 seqq.
3345 5155 3388 5187 ⁸³
3414 5155 3432 5210 l
3457 5155 3580 5213 Cor.
3625 5172 3687 5225 ll,
3728 5157 3813 5214 10.

574 5189 620 5222 ⁸⁸
645 5189 800 5247 Joan.
832 5211 927 5263 vn,
958 5189 1071 5253 58f
1123 5202 1167 5233 ⁸⁵
1195 5201 1334 5259 Gen.
1364 5189 1535 5263 xxvi—.7
1575 5189 1842 5266 'éé‘iaib'u.
1874 5229 1932 5267 ιι.
1987 5189 2168 5286 st]

2269 5189 2463 5286 me).

1006 5358 1554 5442 Sancﬂﬂhepdorici
1582 5386 1597 5424 :
1628 5390 1646 5421 ι
1690 5387 1792 5425 non
1830 5388 1948 5442 quae
1977 5374 2132 5430 istam

566 5422 1045 5508 motla‘le‘u'tsoient
1078 5433 1503 5508 nutrirevitam,
1545 5422 1638 5493 sed
1663 5422 1801 5508 quat,
1872 5422 1991 5498 etc.

639 5490 749 5580 (Eli)
982 5500 1179 5580 _«uquia
1237 5504 1305 5580 ad
1355 5490 1993 5580 imaginem
2040 5515 2134 5569 sed

566 5562 947 5643 col/lcls‘Sancti
982 5562 1329 5643 Theoderici,
1360 5583 1417 5627 ut
1457 5562 1505 5629 i7)
1538 5562 1918 5634 nostrdtexvtu'.

638 5626 749 5711 _(59)
801 5629 928 5695 Qua:
978 5626 1350 5711 interpretatur
1399 5626 1969 5710 ράὶέεὶὲῑῖίὶξ
2020 5665 2136 5711 ΠΤἹ

566 5699 649 5754 vel
686 5710 806 5759 ari
846 5719 861 5753 ι
903 5699 1129 5763 multum
1166 5726 1308 5781 esse,
1349 5699 1763 5786 multiplicari;
1781 5699 2134 5785 climate}:

2244 5382 2507 5459 spectavit
2542 5402 2561 5434 ι
2597 5385 2832 5459 deducta
2882 5387 3097 5459 videtur
3164 5387 3278 5443 haec
3322 5390 3666 5459 etymologia.
3708 5389 3813 5444 Alii

2243 5449 2545 5525 llebeccam
2578 5455 2775 5525 dictam
2805 5456 3013 5525 _volunt
3060 5472 3091 5511 a
3139 5460 3309 5513 verho
3364 5449 3652 5516 Chaldaico
3695 5468 3817 5522 331

2245 5519 2739 5600 Lsaginavitqquia
2772 5522 2964 5580 Similis
2998 5526 3097 5585 fuit
3145 5529 3326 5583 vitula)
3381 5531 3665 5600 saginataa;
3702 5519 3811 5600 alii

2247 5588 2545 5662 Rebeccam
2575 5588 2999 5662 inicrpretantnr
3030 5616 3049 5649 ι
3085 5588 3488 5658 contentionem
3527 5620 3546 5654 ι
3574 5616 3604 5655 a
3646 5592 3813 5655 verbo.

2242 5667 2341 5718 ’.πη
2397 5676 2416 5711 ι
2452 5660 3033 5731 Ιὶιίεηγίι,⁷οοιιιοιιιιίι.
3074 5686 3092 5719 ι
