4086 6218
286 307 386 361 659

1760 287 2080 347 ORIGENIS

3424 297 3527 354 660

286 432 406 479 cisse
428 421 569 476 intra
604 420 861 474 animam.
923 416 1060 472 Sunt
1113 424 1167 470 ct
1223 414 1311 469 alii
1361 413 1601 483 plurimi,
1658 411 1751 482 qui
1803 410 1853 463 in
1886 416 1931 469 Α
1960 418 2137 478 potest
2175 408 2379 464 habere
2427 409 2757 478 peccatum?
2802 406 2907 465 Sed
2944 417 3001 464 ct
3051 409 3284 479 amplius
3321 412 3524 482 aliquid

284 513 512 584 singulis
581 512 886 583 quibusque
928 509 1328 579 Scripturarmu
1383 505 1724 562 sermonibus
1772 503 1854 556 in-

292 606 615 674 telliguntur
670 613 724 659 et
776 602 1044 658 sensibus.
1105 601 1200 655 Est
1270 610 1448 653 tamen
1530 596 1856 652 eminentior

281 694 443 763 313
485 694 694 749 caeteris
747 693 846 745 iste
895 701 1108 761 puteus,
1150 698 1204 744 et
1256 688 1507 753 eximius,
1545 687 1611 741 de
1642 699 1747 754 quo
1797 685 1851 738 in

282 786 533 854 presenti
586 785 707 839 loco
742 783 1021 854 Scriptura
1076 782 1228 850 dicit,
1285 781 1408 849 quia
1452 778 1684 834 foderint
1725 790 1848 831 cum

282 894 387 932 non
422 879 733 946 quicunque
780 889 1099 931 communes
1141 873 1409 936 homines,
1450 872 1541 926 sed
1580 869 1850 939 principes

278 978 327 1022 et
351 969 528 1023 adhuc
557 970 749 1022 horum
784 966 1150 1027 sublimiores,
1184 978 1318 1033 quos
1345 978 1499 1032 reges
1536 960 1845 1031 appellavit.

279 1058 509 1129 Propter
537 1060 676 1127 quod
709 1067 763 1112 et
825 1058 1055 1127 hymnus
1088 1056 1305 1111 canitur
1356 1054 1465 1108 Deo
1514 1054 1656 1123 apud
1705 1052 1848 1106 hunc

278 1152 524 1205 eumdem
581 1161 821 1218 puteum.
854 1148 915 1202 lit
961 1148 1078 1202 ideo
1109 1148 1366 1217 scriptum
1405 1155 1515 1201 est:
1556 1165 1573 1196 ‹
1616 1144 1782 1207 Vade,
1822 1162 1840 1195 ι

280 1245 473 1313 inquit,
505 1264 522 1297 ι
562 1244 627 1298 ad
656 1252 897 1312 puteum.
924 1262 941 1294 ι
980 1241 1079 1296 llic
1114 1250 1199 1297 est
1250 1250 1439 1310 puteus
1494 1253 1652 1307 Quem
1706 1238 1843 1293 dixit

282 1338 540 1391 Dominus
586 1336 651 1388 ad
704 1333 923 1404 Moysen
951 1335 994 1366 ⁸⁸
1028 1352 1039 1387 :
1073 1353 1090 1386 r
1130 1334 1405 1404 Congrega
1456 1332 1733 1401 pepulum,
1791 1340 1843 1387 et

278 1428 417 1480 dabo
442 1427 521 1481 eis
560 1440 756 1495 aquam
790 1427 855 1481 de
880 1434 1063 1495 puteo,
1110 1444 1128 1477 ι
1168 1426 1302 1480 dixit
1331 1424 1609 1479 Dominus.
1635 1423 1846 1492 Moyses

278 1532 610 1588 congregare
648 1518 874 1584 jubetur
928 1519 1207 1588 populum,
1248 1527 1303 1570 ut
1337 1517 1623 1570 conveniat
1653 1517 1716 1570 ad
1748 1533 1845 1585 pu-

279 1620 447 1675 teum,
477 1621 531 1663 et
579 1612 728 1665 bibat
761 1625 978 1680 aquam.
1010 1610 1227 1680 Moysen
1256 1619 1432 1662 autem
1463 1607 1636 1675 legem
1672 1607 1841 1674 accipi

277 1700 476 1753 debere
524 1714 663 1768 saepe
690 1701 1047 1755 ostendimus.
1096 1700 1205 1754 Lex
1234 1714 1361 1766 ergo
1398 1699 1489 1753 Dei
1524 1708 1607 1753 est
1639 1714 1758 1766 qua:
1793 1709 1844 1754 te

272 1802 558 1856 convocat,
590 1803 648 1846 ut
688 1794 754 1846 ad
789 1802 1009 1861 puteum
1037 1790 1350 1845 convenias.
1396 1790 1567 1855 Quem
1595 1802 1841 1860 puteum,

273 1884 374 1937 nisi
408 1884 556 1937 illum
599 1885 663 1938 de
691 1898 797 1954 quo
839 1898 1004 1952 supra
1053 1884 1290 1937 diximus
1338 1881 1519 1937 Jesum
1563 1880 1839 1937 Christum

272 1973 465 2029 Filium
498 1974 840 2045 Dei,propria
863 1974 1079 2045 quidem
1108 1974 1411 2027 substantia
1432 1973 1840 2039 subsistentem,

270 2081 380 2121 uno
416 2077 594 2121 tamen
634 2083 755 2121 cum
806 2066 968 2121 Patre
1023 2076 1076 2121 et
1133 2065 1336 2135 Spiritu
1385 2074 1574 2118 sancto
1612 2064 1840 2119 Deitatis

268 2155 418 2211 fonte
477 2159 857 2212 nominatum?
903 2158 991 2212 Ad'
1033 2159 1175 2211 hunc
1232 2172 1362 2226 ergo
1397 2165 1642 2224 puteum,
1677 2156 1729 2210 id
1758 2163 1839 2210 est

270 2247 333 2301 ad
369 2246 526 2303 Iidem
559 2249 761 2304 Christi
796 2264 894 2304 nos
932 2259 1198 2304 convocat
1234 2249 1340 2302 lex.
1376 2249 1491 2316 Ipse
1509 2247 1653 2303 enim
1677 2245 1835 2310 dixit,

272 2355 290 2385 ε
317 2338 441 2405 quia
471 2338 680 2408 Moyses
696 2340 760 2394 de
776 2355 859 2395 me
876 2340 1148 2409 scripsit.»
1175 2340 1382 2409 thuid
1413 2356 1511 2395 nos
1534 2341 1839 2395 convocat?

268 2426 337 2482 Ut
371 2428 621 2484 bibamus
653 2445 873 2499 aquam,
915 2441 969 2486 et
1003 2442 1289 2486 cantemus
1316 2431 1366 2486 ei
1391 2432 1665 2487 canticum
1694 2450 1707 2485 :
1735 2432 1836 2487 hoc

261 2528 344 2573 est
372 2520 537 2575 corde
558 2520 849 2578 credamus
878 2523 945 2577 ad
969 2524 1255 2593 justitiam,
1281 2532 1447 2578 etore
1477 2522 1837 2578 conﬁteamur

264 2610 329 2661 ad
352 2609 603 2664 salutem.

329 2699 385 2754 2.
414 2719 431 2752 ι
464 2700 704 2767 lnitiate,
742 2719 759 2753 ι
794 2702 969 2771 inquit
993 2703 1059 2769 θ’,
1098 2722 1115 2754 ι
1152 2703 1227 2758 illi
1263 2715 1506 2774 puteum.
1550 2725 1568 2759 ι
1602 2705 1699 2762 Hic
1750 2714 1833 2763 est

260 2806 471 2850 sensus.
507 2793 748 2862 Initium,
774 2795 869 2861 ait,
910 2796 1148 2850 omnium
1178 2807 1399 2866 puteum
1435 2798 1641 2866 ponite,
1687 2799 1829 2854 sicut

259 2895 314 2941 et
351 2886 643 2954 Apostolus
700 2886 926 2954 dicit",
970 2888 1095 2956 quia
1152 2888 1265 2957 ipse
1308 2899 1393 2945 est
1437 2910 1454 2941 ‹
1496 2889 1825 2961 principium

256 2986 311 3031 et
354 2977 745 3046 primogenitus
786 2980 963 3034 omnis
994 2990 1282 3046 creatum,
1312 2993 1367 3037 et
1392 2983 1444 3037 in
1496 2985 1613 3051 ipso
1644 2993 1824 3040 creata

1959 500 2148 553 habet.
2186 497 2242 553 Si
2271 500 2417 554 enim
2454 500 2670 554 veneris
2694 500 2760 553 ad
2808 500 3120 555 bzcreticam
3174 504 3519 569 sententiam,

1956 591 1999 645 si
2044 592 2261 645 veneris
2322 592 2389 645 ad
2437 590 2853 645 amaritudinem
2922 594 3149 661 peccati,
3215 594 3410 649 venisti
3457 596 3524 650 ad

1958 694 2151 753 puteos
2210 684 2522 740 bituminis.
2567 683 2846 750 Bitumen,
2893 701 3016 741 esca
3045 696 3097 741 et
3130 688 3521 743 nutrimentum

1955 776 2095 843 ignis
2128 785 2233 834 est.
2271 778 2325 832 Si
2361 793 2492 847 ergo
2543 788 2597 834 et
2631 790 2684 833 tu
2718 780 3025 848 gustaveris
3050 794 3250 849 aquam
3300 779 3370 834 de
3402 780 3521 836 istis

1956 875 2158 941 puteis,
2198 873 2240 927 si
2278 874 2581 941 sumpseris
2605 870 2923 926 bacreticum
2972 887 3215 937 sensum,
3245 872 3286 926 si
3306 873 3518 943 peccati

1951 966 2369 1021 amaritudinem
2414 967 2643 1035 ceperis,
2683 964 2920 1019 fomenta
2951 964 3005 1020 in
3047 975 3099 1019 te
3148 966 3288 1035 ignis
3343 973 3396 1020 et
3427 981 3519 1037 ge-

1952 1059 2145 1113 henna:
2185 1055 2431 1112 incendia
2485 1056 2833 1125 przeparabis.
2885 1055 2953 1110 Et
2984 1065 3274 1126 propterea
3320 1056 3387 1111 ad
3428 1073 3519 1114 eos

1952 1151 2043 1219 qui
2084 1150 2275 1205 nolunt
2305 1150 2371 1204 de
2393 1150 2483 1204 illo
2506 1160 2671 1218 puteo
2700 1163 2899 1218 aquam
2934 1148 3145 1215 bibere,
3177 1163 3337 1218 quem
3363 1152 3515 1217 prin-

1951 1243 2099 1312 cipes
2133 1242 2390 1297 foderunt
2441 1253 2495 1296 et
2546 1256 2722 1312 reges,
2759 1240 2852 1296 sed
2889 1254 2955 1295 ex
3002 1240 3123 1296 istis
3164 1242 3256 1311 qui
3296 1242 3347 1296 in
3380 1244 3516 1301 valle

1951 1333 2157 1401 peccati
2220 1340 2369 1399 sunt,
2418 1342 2471 1385 et
2524 1332 2665 1399 ignis
2712 1332 2971 1386 materias
3025 1331 3211 1397 alunt,
3267 1334 3513 1390 dicitur:

1955 1442 1973 1475 ‹
2023 1424 2265 1479 Incedite
2296 1424 2348 1477 in
2379 1424 2583 1477 lumine
2611 1420 2753 1491 ignis
2795 1423 2962 1477 vestri
3002 1432 3058 1477 et
3097 1422 3327 1477 flammae
3354 1439 3513 1493 quam

1948 1520 2101 1572 vobis
2147 1519 2497 1573 accendistis.
2553 1536 2572 1569 ι
2602 1517 2741 1583 Quid
2795 1531 2928 1585 ergo
2953 1518 3171 1571 canitur
3199 1519 3337 1587 apud
3374 1519 3514 1576 hunc

1947 1610 2215 1677 puteum?
2249 1627 2268 1661 ι
2298 1610 2511 1664 lnitiate
2542 1610 2613 1677 ei,
2655 1628 2673 1661 ι
2706 1609 2965 1679 inquit",
3006 1628 3025 1662 ι
3066 1621 3307 1679 puteum.
3343 1610 3518 1668 Fode-

1874 1740 1916 1793 B
1951 1711 2075 1755 runt
2118 1700 2269 1755 illum
2308 1699 2594 1770 principes,
2633 1700 2968 1755 excuderunt
3024 1714 3198 1768 reges.
3235 1721 3254 1754 ι
3279 1700 3514 1757 Possunt

1945 1794 2157 1862 quidem
2220 1791 2491 1861 principes
2518 1799 2572 1845 et
2616 1804 2769 1859 reges
2806 1790 2966 1845 iidem
3009 1791 3228 1847 videri:
3286 1793 3331 1847 si
3385 1807 3514 1847 vero

1945 1883 2198 1953 distingui
2229 1896 2449 1938 necesse
2488 1890 2593 1947 est,
2616 1881 2889 1951 principes
2910 1880 3209 1952 Prophetas
3238 1883 3511 1953 intelliga-

1944 1990 2083 2028 mus.
2133 1974 2239 2044 Ipsi
2270 1975 2410 2027 enim
2446 1987 2667 2027 sensum
2716 1983 2769 2027 et
2809 1974 3149 2043 prephetiam
3192 1975 3259 2031 de
3289 1974 3511 2033 Christo

1942 2066 2209 2120 defossam
2248 2076 2299 2122 et
2331 2065 2630 2120 demersam
2668 2063 2720 2119 in
2748 2065 3015 2134 profundo
3053 2065 3247 2121 littera:
3277 2068 3509 2123 colloca-

1942 2166 2087 2221 runt,
2124 2168 2179 2211 et
2226 2158 2344 2211 ideo
2396 2157 2613 2226 quidam
2669 2170 2732 2209 ex
2794 2156 2923 2226 ipsis
2954 2157 3168 2212 dicebat
3199 2159 3243 2189 ⁷³
3277 2176 3291 2213 :
3323 2179 3342 2212 ‹
3396 2158 3507 2216 Nisi

1940 2248 2157 2303 occulte
2193 2249 2495 2310 audieritis,
2526 2246 2760 2316 plorabit
2792 2247 2971 2301 anima
2999 2258 3198 2306 vestra.
3238 2269 3257 2303 ι
3287 2249 3355 2304 Ει
3378 2251 3507 2305 item

1941 2340 2080 2393 alius
2109 2338 2375 2408 Propheta
2432 2338 2561 2391 dicit
2587 2338 2653 2393 ad
2682 2337 2967 2391 Dominum
2999 2339 3046 2370 ⁷³
3081 2357 3094 2393 :
3133 2358 3153 2392 c
3192 2339 3362 2405 Quam
3394 2357 3509 2395 ma-

1937 2448 2041 2503 gna
2086 2431 2373 2485 multitudo
2410 2428 2706 2487 dulcedinis
2746 2438 2872 2495 tum,
2897 2431 3143 2497 Domine,
3178 2447 3339 2501 quam
3377 2434 3506 2489 abs-

1933 2525 2165 2581 condisti
2238 2522 2555 2578 timentibus
2591 2524 2672 2579 te!
2710 2541 2728 2574 ι
2767 2523 2854 2578 Isti
2891 2538 3021 2591 ergo
3060 2533 3186 2577 sunt
3212 2525 3505 2592 principes,

1936 2617 2027 2685 qui
2062 2616 2317 2671 foderunt
2355 2615 2499 2670 hunc
2527 2623 2770 2684 puteum,
2813 2630 2964 2685 reges
2997 2624 3178 2670 autem
3210 2617 3299 2684 qui
3341 2631 3507 2670 excu-

1934 2709 2129 2763 derunt
2161 2721 2307 2760 eum.
2340 2705 2492 2771 Quod
2537 2704 2691 2769 dixit,
2731 2722 2749 2757 ι
2798 2705 3153 2769 excuderunt,
3202 2722 3221 2755 ι
3255 2705 3323 2759 ab
3349 2720 3508 2759 excu-

1934 2799 2130 2865 dendo,
2162 2813 2267 2852 non
2301 2797 2368 2851 ab
2399 2796 2696 2851 excidendo
2730 2796 2934 2851 dictum
2978 2805 3085 2850 est.
3116 2796 3319 2850 Excudi
3358 2796 3502 2851 enim

1932 2892 2152 2955 dicitur,
2191 2891 2330 2959 quod
2381 2889 2435 2943 in
2478 2903 2614 2944 saxo
2670 2888 2756 2942 vel
2807 2889 3048 2953 caeditur,
3094 2888 3178 2943 vel
3215 2886 3499 2943 formatur.

1932 2983 2210 3052 Principes
2233 2996 2363 3052 ergo
2405 2991 2660 3051 tanquam
2686 2981 3027 3052 aliquantulo
3054 2970 3363 3048 inferiores,
3414 2981 3501 3035 fo-

256 3076 383 3123 sunt
434 3070 638 3122 omnia.
697 3088 716 3122 ι
770 3069 989 3126 lnitiate
1040 3086 1173 3142 ergo
1226 3075 1273 3128 ei
1312 3082 1549 3143 puteum,
1588 3075 1690 3129 hoc
1718 3085 1824 3140 est,
1852 3067 1896 3126 (Ξ
1934 3075 2061 3130 dere
2092 3074 2348 3129 dicuntur
2373 3083 2614 3144 puteum,
2643 3075 2747 3129 hoc
2798 3084 2881 3130 est
2914 3075 3070 3144 quasi
3102 3074 3154 3129 in
3185 3084 3341 3129 terra:
3368 3074 3501 3129 mole

256 3157 468 3213 initium
520 3161 761 3215 omnium
795 3163 1127 3219 confitemini
1185 3180 1306 3221 esse
1347 3176 1587 3236 puteum.
1638 3165 1826 3222 Potest

253 3260 433 3306 autem
461 3252 633 3307 ethoc
659 3254 817 3309 modo
846 3254 1095 3325 intelligi,
1133 3265 1190 3309 ut
1213 3258 1376 3311 verba
1407 3258 1565 3327 dirigi
1604 3258 1824 3314 videan-

255 3352 343 3395 tur
382 3358 449 3396 cx
496 3358 726 3413 persona
786 3345 956 3415 Moysi
1012 3348 1078 3400 ad
1119 3348 1424 3416 populum,
1479 3350 1820 3405 cohortantis

249 3445 305 3491 et
333 3438 564 3493 dicentis
594 3458 606 3493 :
640 3441 771 3494 Date
812 3440 1026 3496 initium
1072 3444 1221 3497 cordi
1256 3454 1461 3508 vestro,
1500 3454 1559 3499 ut
1595 3446 1821 3514 incipiat

251 3529 553 3601 intelligere
577 3534 699 3602 quis
752 3534 824 3589 sit
860 3545 1054 3601 puteus
1081 3537 1149 3591 de
1193 3553 1303 3607 quo
1343 3553 1497 3607 aqua:
1545 3538 1819 3607 spiritales

249 3624 564 3679 haurienda:
590 3634 739 3693 sunt,
765 3634 820 3680 et
853 3627 1177 3685 reficiendas
1210 3640 1293 3685 est
1338 3631 1677 3685 credentium
1718 3646 1814 3701 po-

248 3716 429 3785 pulus.
478 3716 694 3774 lnitiate
724 3734 854 3787 ergo
883 3721 955 3784 ei,
1008 3721 1113 3777 hoc
1168 3733 1256 3777 est
1292 3723 1670 3785 lsraeli,hunc
1711 3739 1813 3793 pu-

248 3817 388 3863 teum
421 3826 436 3864 :
469 3818 525 3864 ut
550 3824 766 3866 sensum
808 3812 1099 3881 mysticum
1130 3813 1173 3867 si
1204 3814 1325 3882 quis
1350 3817 1614 3869 estcorde
1646 3816 1811 3869 Deum

247 3903 460 3968 videns,
496 3903 563 3958 de
597 3903 881 3971 profundis
908 3907 1081 3972 possit
1111 3905 1352 3961 haurire.
1382 3908 1461 3962 Ad
1501 3908 1661 3963 istum
1682 3924 1811 3981 ergo

244 4002 464 4062 puteum
505 4003 563 4049 ut
588 3994 827 4065 Moyses,
859 3995 910 4048 id
957 4004 1041 4049 est
1089 3995 1197 4061 lex,
1221 4013 1323 4054 nos
1360 4010 1673 4070 congreget,
1704 4018 1808 4056 non

241 4086 446 4141 frustra
479 4087 684 4142 dictum
711 4086 948 4140 videtur.
973 4087 1160 4144 Potest
1191 4089 1335 4145 enim
1364 4092 1502 4161 fieri,
1529 4104 1588 4148 ut
1613 4095 1808 4164 aliquis

235 4175 427 4231 venire
472 4177 538 4230 ad
597 4176 758 4230 istum
798 4184 1021 4245 puteum
1068 4178 1339 4249 videatur,
1399 4183 1495 4237 sed
1554 4183 1655 4238 nisi
1714 4200 1809 4253 per

235 4266 457 4338 Moysen
484 4279 861 4339 congregetur,
894 4285 999 4325 non
1026 4279 1380 4343 estacceptus
1408 4273 1539 4330 Deo.
1568 4275 1803 4332 Marcion

234 4358 449 4414 venisse
469 4360 573 4416 sibi
602 4362 817 4416 videtur
851 4364 917 4417 ad
951 4365 1113 4420 istum
1145 4374 1392 4436 puteum,
1424 4376 1480 4421 et
1510 4366 1804 4434 Basilides,

231 4448 653 4519 ctValentinus,
682 4458 778 4510 sed
812 4457 939 4525 quia
986 4472 1093 4513 non
1128 4468 1395 4514 venerunt
1425 4475 1526 4530 per
1565 4460 1803 4534 Moysen,

231 4555 334 4596 nec
378 4554 702 4613 receperunt
744 4547 917 4618 legem
963 4559 1017 4604 et
1065 4551 1386 4620 Prophetas,
1424 4568 1529 4608 non
1581 4566 1809 4622 possunt

231 4634 452 4690 laudare
501 4636 787 4694 Dominum
837 4641 1007 4696 Deum
1051 4643 1118 4697 de
1167 4642 1414 4700 fontibus
1450 4645 1635 4701 Israel.
1686 4647 1801 4703 Non

229 4741 361 4797 ergo
388 4730 607 4787 veniunt
639 4733 730 4802 qui
763 4732 1074 4802 huiusmodi
1100 4745 1250 4801 sunt,
1292 4737 1358 4790 ad
1394 4748 1615 4808 puteum
1642 4756 1800 4809 quem

230 4820 487 4878 foderunt
516 4824 809 4895 principes,
838 4838 891 4883 et
923 4830 1264 4883 excuderunt
1295 4845 1469 4899 reges.
1500 4831 1606 4885 Sed
1635 4834 1801 4889 vultis

226 4916 512 4970 ostendam
560 4917 716 4973 vobis
757 4918 824 4973 de
870 4918 1198 4990 Scripturis,
1228 4921 1452 4991 adquos
1477 4923 1564 4977 isti
1612 4934 1803 4993 puteos

226 5008 495 5062 veniunt?
524 5008 617 5064 Est
649 5009 803 5064 vallis
824 5013 1073 5080 quaedam
1095 5013 1260 5080 salsa,
1297 5015 1348 5068 in
1373 5031 1479 5084 qua
1504 5016 1643 5071 valle
1675 5028 1803 5072 sunt

226 5098 371 5163 putei
420 5098 719 5155 bituminis.
746 5100 937 5156 Omnis
961 5117 1090 5171 ergo
1124 5103 1371 5168 haeresis,
1402 5115 1455 5160 et
1485 5122 1646 5161 omne
1674 5124 1799 5177 pec-

222 5198 405 5243 eatum
433 5190 484 5243 in
510 5191 651 5245 valle
675 5201 780 5256 est,
806 5203 858 5248 et
889 5194 941 5247 in
971 5195 1113 5249 valle
1142 5195 1307 5251 salsa.
1329 5195 1619 5253 Peccatum
1650 5202 1793 5254 enim

219 5288 278 5332 et
314 5281 575 5349 iniquitas
620 5300 727 5338 non
765 5285 1015 5340 ascendit
1057 5302 1298 5351 sursum,
1347 5291 1442 5345 sed
1482 5307 1699 5361 semper
1726 5295 1793 5347 ad

1934 3167 2047 3222 litie
2102 3167 2443 3223 altitudinem
2498 3169 2789 3239 quamdam
2821 3168 3157 3238 demergere.
3216 3166 3304 3222 Isti
3370 3183 3501 3223 vero

1930 3275 2068 3329 quos
2103 3274 2256 3329 reges
2286 3259 2543 3329 appellat,
2597 3261 2746 3329 quasi
2776 3259 3168 3315 eminentiores
3218 3274 3283 3315 ac
3303 3260 3492 3315 fortio.

1930 3366 2036 3417 res,
2070 3366 2175 3404 non
2206 3350 2377 3404 solum
2413 3361 2572 3405 terra:
2601 3349 2949 3420 profundum,
2998 3354 3092 3407 sed
3126 3360 3179 3407 et
3206 3352 3320 3407 saxi
3351 3351 3500 3406 duri-

1930 3444 2056 3497 tiam
2090 3450 2398 3512 penetrant,
2433 3452 2492 3495 ut
2534 3442 2819 3508 pervenire
2845 3442 3055 3512 possint
3084 3442 3151 3497 ad
3180 3441 3499 3511 profundio-

1929 3551 2015 3589 res
2047 3548 2238 3602 aquas,
2264 3543 2317 3588 et
2349 3534 2499 3602 ipsas
2521 3532 2586 3602 (si
2612 3532 2718 3587 dici
2736 3531 2935 3604 potest)
2964 3534 3015 3586 in
3041 3547 3106 3587 eo
3137 3547 3299 3587 venas
3316 3532 3496 3604 abyssi

1924 3631 2373 3692 perscrutentur,
2406 3622 2642 3678 scientes
2683 3622 2891 3693 judicia
2925 3624 3017 3677 Dei
3066 3638 3190 3677 esse
3236 3623 3493 3692 abyssum

1925 3715 2174 3769 inultam.
2210 3714 2344 3769 Istos
2394 3728 2522 3784 ergo
2560 3728 2736 3783 reges,
2768 3714 2860 3783 qui
2900 3724 3010 3768 tam
3064 3714 3333 3783 profunda
3369 3731 3495 3785 pos-

1922 3820 2046 3863 sunt
2098 3818 2153 3863 et
2205 3818 2313 3861 tam
2369 3806 2685 3861 abscondita
2717 3807 2865 3876 putei
2899 3808 3257 3876 perscrutari,
3294 3808 3489 3861 merito

1922 3901 2199 3970 apostolos
2245 3900 2565 3963 dixerimus,
2598 3914 2665 3953 ex
2698 3900 2897 3969 quibus
2936 3900 3133 3969 aliquis
3157 3900 3370 3955 diccbat
3392 3899 3437 3931 τ’
3472 3917 3487 3955 :

1924 4009 1941 4041 ι
2006 3990 2171 4045 Nobis
2206 4000 2385 4043 autem
2434 3990 2693 4043 revelavit
2735 3991 2874 4045 Deus
2908 4006 3005 4061 per
3045 3991 3311 4062 Spiritum
3360 4008 3487 4046 san-

1917 4089 2084 4135 ctum.
2120 4082 2353 4150 Spiritus
2405 4081 2547 4134 enim
2581 4082 2761 4135 omnia
2815 4094 3113 4148 scrutatur,
3148 4083 3311 4138 etiam
3374 4084 3480 4138 alta

1918 4169 2035 4224 Dei.
2080 4189 2098 4221 ι
2138 4170 2274 4236 Quia
2310 4184 2439 4239 ergo
2474 4185 2569 4238 per
2603 4169 2864 4238 Spiritum
2909 4185 3139 4244 possunt
3187 4176 3349 4230 etlam
3382 4176 3482 4246 ipsi

1914 4262 2248 4332 perscrutari
2282 4262 2389 4317 alta
2416 4262 2531 4327 Dei,
2566 4262 2746 4317 etalta
2787 4280 2851 4321 ac
2880 4268 3143 4336 profunda
3202 4271 3349 4340 putei
3397 4285 3485 4341 pe-

1917 4363 2134 4409 netrare
2167 4356 2446 4425 mysteria,
2486 4355 2693 4411 idcirco
2724 4373 2884 4429 reges
2914 4376 3033 4416 esse
3062 4362 3338 4427 dicuntur,
3390 4364 3482 4433 qui

1917 4455 2139 4514 puteum
2168 4449 2332 4501 etiam
2364 4448 2528 4503 istum
2571 4446 2624 4501 in
2677 4461 2833 4517 petra
2868 4452 3210 4521 excuderint,
3246 4468 3310 4507 ac
3345 4452 3481 4506 dura

1910 4546 1963 4591 et
1996 4539 2236 4594 difﬁcilia
2292 4551 2500 4597 secreta
2550 4547 2791 4601 scientiae
2846 4549 3271 4616 penetraverint.
3325 4548 3479 4615 Quod

1907 4642 2087 4685 autem
2129 4649 2283 4704 reges
2306 4636 2409 4691 dici
2436 4640 2645 4707 possint
2677 4641 2840 4696 etiam
2873 4641 3117 4711 apostoli,
3155 4651 3285 4710 puto
3318 4652 3370 4696 et
3412 4658 3480 4697 ex

1906 4738 1971 4778 eo
1990 4724 2153 4779 facile
2190 4725 2407 4795 probari
2435 4743 2617 4799 posse,
2659 4734 2801 4801 quod
2833 4734 2898 4787 de
2930 4734 3182 4788 omnibus
3209 4734 3479 4789 credenti-

1903 4819 2003 4874 bus
2052 4821 2359 4877 dicitur":
2404 4840 2423 4873 ‹
2467 4822 2577 4880 Vos
2605 4836 2783 4880 autem
2828 4842 3001 4897 genus
3053 4826 3254 4897 regale,
3290 4843 3475 4881 sacer-

1907 4914 2109 4969 dotium
2147 4933 2424 4987 magnum,
2464 4938 2596 4993 gens
2649 4931 2853 4977 sancta.
2897 4940 2917 4974 ι
2958 4921 3015 4975 Si
3050 4936 3180 4991 ergo
3214 4920 3335 4974 illos
3386 4920 3470 4972 di-

1904 5021 2035 5065 cunt
2078 5027 2253 5083 reges,
2303 5016 2395 5085 qui
2431 5031 2525 5084 per
2556 5014 2781 5067 verbum
2816 5013 3056 5081 ipsorum
3101 5011 3471 5074 crediderunt,

1905 5114 2108 5174 quanto
2139 5108 2309 5174 magis
2343 5108 2444 5178 ipsi
2474 5120 2629 5175 reges
2658 5106 2887 5159 habendi
2948 5115 3097 5169 sunt,
3134 5104 3225 5173 qui
3261 5102 3473 5157 faciunt

1907 5198 2104 5266 reges?
2136 5198 2238 5251 Sed
2292 5208 2346 5252 et
2376 5201 2498 5255 inde
2522 5195 2679 5252 facile
2708 5199 3002 5268 colligitur.
3039 5199 3091 5251 Si
3123 5196 3267 5251 enim
3313 5208 3470 5263 reges

1903 5303 1932 5340 a
1992 5288 2223 5357 regendo
2274 5290 2549 5357 dicuntur,
2582 5307 2770 5348 omnes
2825 5292 3013 5360 utique
3068 5289 3163 5359 qui
3193 5286 3470 5343 Ecclesias

218 5371 329 5427 ima
359 5384 414 5426 et
460 5375 674 5430 inferna
708 5377 1014 5433 descendit.
1049 5380 1142 5435 Est
1174 5396 1303 5452 ergo
1333 5382 1385 5435 in
1418 5384 1555 5439 valle
1586 5388 1869 5477 positus“
1902 5386 1993 5440 Dei
2034 5396 2246 5454 regunt,
2278 5400 2432 5456 rcges
2460 5387 2655 5441 merito
2689 5384 3119 5455 appellabuntur,
3160 5384 3329 5437 multo
3371 5398 3469 5434 au-

216 5473 267 5516 et
300 5464 472 5518 salsus
504 5475 671 5535 atque
702 5484 921 5525 amarus
952 5474 1128 5527 omnis
1177 5473 1465 5531 barreticus
1500 5490 1791 5543 sensus,ct

213 5556 396 5609 omnis
436 5564 593 5611 actus
620 5562 851 5627 peccati.
887 5563 1027 5627 Quid
1070 5565 1217 5618 enim
1251 5566 1429 5630 dulce,
1464 5570 1592 5637 quid
1623 5586 1787 5625 suave

284 5651 330 5681 "
353 5650 512 5730 hrum;
536 5668 645 5730 xxi,
674 5656 753 5705 Ili.
832 5658 1038 5730 ‘°_ibitl.
1064 5661 1145 5712 I7.
1224 5663 1270 5692 ⁷ο
1293 5662 1501 5717 Coloss.
1536 5667 1791 5730 l,l5,16.

212 5720 298 5772 Π.
376 5720 423 5751 ’⁸
476 5721 616 5775 Psal.
673 5738 821 5784 xxxi,
863 5724 951 5777 ‘20.
1030 5729 1123 5782 ⁷⁸1
1165 5732 1290 5784 Cor.
1332 5748 1390 5796 tt,
1439 5735 1524 5786 10.

1870 5674 1914 5703 ⁷¹
1939 5672 2061 5725 lsai.
2099 5686 2149 5735 ιι,
2192 5671 2275 5724 ll.

1603 5736 1686 5790 τει
1717 5740 1832 5795 Pet.
1858 5757 1918 5803 II,
1945 5742 1997 5797 9.

1897 5492 2004 5536 tem
2046 5482 2248 5535 rectius
2283 5480 2380 5547 illi,
2407 5482 2496 5547 qtti
2529 5490 2582 5534 et
2607 5481 2728 5536 illos
2758 5483 2903 5550 ipsos
2942 5482 3100 5537 dictis
3130 5491 3290 5546 atque
3330 5480 3466 5534 scri-

1900 5578 2004 5646 ptis
2060 5574 2176 5629 suis
2212 5583 2424 5641 regunt,
2455 5591 2483 5628 a
2517 5577 2710 5643 quibus
2755 5585 3013 5646 reguntur
3066 5574 3347 5653 Ecclesize,
3397 5573 3463 5627 Et

2351 5669 2571 5725 "Num.
2612 5688 2724 5737 xxt',
2752 5673 2836 5738 I7,
2869 5672 2952 5727 I8.
3031 5672 3074 5703 ⁷³
3104 5670 3305 5725 Jerem.
3340 5685 3459 5735 xm,
