4086 6218
512 303 605 358 πω
1686 294 1752 349 ΙΝ
1788 294 2078 351 NUMERO

2172 294 2441 350 IIOMILIA
2482 294 2593 348 XII.

3650 290 3754 348 661

511 424 731 487 propter
753 415 858 471 hoc
881 413 1044 486 315.
1083 412 1278 468 merito
1306 409 1570 465 Dominus
1600 409 1710 464 Rex
1742 425 1927 480 regum
1954 412 2087 466 dici-
2114 414 2160 471 Α
2190 409 2349 479 Spicil
2395 410 2459 463 ad
2493 408 2684 464 faciem
2713 408 2933 463 deserti.
2968 425 2985 456 ι
3024 405 3246 461 Nomina
3276 406 3386 460 hcce
3412 418 3532 474 qua:
3562 406 3751 458 viden-

515 518 601 562 tur
622 506 692 560 ⁷⁷.
721 505 835 562 Nisi
865 507 1008 562 enim
1037 505 1151 570 isti,
1216 513 1270 560 et
1293 501 1479 559 emteri
1522 502 1614 572 qui
1643 516 1737 557 eos
1778 502 2083 565 imitantur,

509 613 671 668 reges
712 596 949 660 fuerint,
979 595 1072 651 ille
1116 611 1224 649 non
1281 594 1553 650 videbitur
1586 606 1679 647 rex
1720 607 1927 663 regum.
1980 593 2084 648 Sed

509 703 564 746 et
609 691 725 759 ipse
769 689 1043 757 apostolus
1087 688 1284 743 Paulus
1330 686 1629 743 Corinthiis
1688 685 1967 747 scribens,
2032 695 2086 740 et

510 783 657 837 velut
713 796 811 853 per
890 783 1182 851 quamdam
1263 780 1496 835 ironiam
1565 777 1865 848 corripiens
1946 792 2081 843 eos,

510 875 655 931 ait"
692 894 705 931 :
743 893 763 927 ι
808 874 938 929 Sine
964 873 1121 929 nobis
1150 874 1416 944 regnatis,
1464 881 1520 927 et
1572 871 1778 926 utinam
1824 870 2081 940 regnetis,

510 974 567 1019 ut
596 973 649 1019 et
678 978 780 1019 nos
807 963 1086 1017 vobiscum
1115 975 1425 1032 regnemus.
1460 978 1477 1012 ι
1504 960 1561 1015 In
1592 973 1699 1029 quo
1727 958 1912 1028 utique
1930 972 2083 1027 rcges

508 1056 725 1125 quidem
751 1069 873 1109 esse
896 1053 1098 1109 debere
1127 1052 1466 1117 Corinthios,
1496 1060 1552 1107 et
1579 1051 1925 1120 semetipsum
1956 1064 2079 1105 eum

506 1148 573 1201 iis
605 1160 831 1215 regnare
856 1144 990 1199 velle
1028 1143 1369 1215 pronuntiat,
1406 1142 1498 1198 sed
1525 1142 1815 1197 elationem
1842 1141 2078 1195 nondum

505 1254 605 1309 pro
630 1239 823 1293 merito
857 1237 1122 1306 assumpti
1156 1236 1380 1291 honoris
1413 1237 1648 1289 incusat.
1683 1232 1919 1287 Fodiunt
1948 1247 2081 1301 ergo

505 1330 540 1383 ii
569 1343 759 1384 omnes
790 1336 1010 1397 puteum
1045 1328 1208 1382 istum
1241 1327 1514 1397 principes
1543 1335 1635 1381 :et
1656 1325 1932 1381 excudunt
1956 1340 2078 1379 eum

505 1436 660 1491 rcges
694 1423 956 1492 gentium.
1002 1419 1248 1490 Apostoli
1279 1419 1421 1473 enim
1473 1418 1743 1488 praecipue
1775 1431 1930 1486 reges
1954 1424 2081 1470 sunt

504 1515 771 1583 gentium,
810 1514 902 1582 qui
937 1522 1128 1583 gentes
1161 1512 1228 1566 ad
1282 1510 1645 1566 obedientiam
1683 1508 1805 1563 fidei
1845 1522 2076 1576 congre-

503 1612 721 1675 garunt,
746 1603 1016 1658 etChristi
1048 1602 1333 1657 scientiam
1388 1600 1642 1655 omnibus
1668 1600 2074 1669 patefecerunt:

510 1714 529 1748 ι
590 1696 647 1751 ln
697 1711 805 1765 quo
838 1704 966 1749 sunt
999 1693 1240 1748 thesauri
1288 1691 1571 1761 sapientia:
1604 1692 1718 1757 Dei,
1758 1700 1811 1745 et
1837 1690 2076 1745 scientia:

505 1789 806 1843 absconditi
837 1790 928 1840 7’:
980 1806 998 1839 ι
1049 1785 1348 1841 secundum
1398 1794 1727 1855 prteceptum
1788 1782 2001 1837 Domini
2028 1781 2073 1813 ⁸ο

503 1878 905 1931 circumeuntes
965 1876 1150 1929 orhem
1212 1882 1416 1937 terrae,
1472 1881 1526 1926 et
1582 1871 1870 1942 implentes
1930 1872 2073 1941 quod

505 1967 815 2022 mandatum
850 1977 953 2030 est,
991 1975 1049 2020 ut
1085 1967 1315 2020 doceant
1337 1978 1524 2020 omnes
1551 1972 1761 2034 gentes,
1787 1964 2073 2034 baptizan-

505 2071 585 2114 tes
612 2073 706 2113 eas
725 2058 777 2112 in
805 2058 1019 2113 nomine
1048 2056 1247 2123 Patris,
1272 2065 1329 2111 et
1358 2055 1503 2123 Filii,
1526 2064 1581 2111 et
1602 2055 1840 2126 Spiritus
1860 2058 2033 2111 sancti
2058 2074 2070 2110 :

501 2154 555 2198 et
613 2159 709 2213 per
759 2145 873 2199 haec
927 2145 1290 2211 excuderunt,
1351 2146 1453 2199 hoc
1514 2153 1643 2205 est.
1701 2144 2076 2215 patefecerunt

500 2235 785 2291 scientiam
830 2237 998 2305 putei,
1032 2244 1086 2291 et
1137 2236 1190 2290 in
1239 2235 1489 2291 notitiam
1523 2236 1793 2292 universis
1821 2238 2076 2308 gentibus

500 2328 867 2384 adduxerunt.
898 2327 1005 2383 Sed
1028 2337 1081 2382 et
1111 2343 1229 2399 qum
1255 2342 1397 2383 nunc
1426 2328 1696 2385 habemus
1719 2329 1772 2383 in
1802 2331 2072 2395 manibus,

504 2434 625 2488 quae
657 2420 884 2475 recitata
917 2429 1046 2474 sunt
1070 2419 1248 2483 nobis,
1275 2428 1469 2486 puteus
1491 2428 1597 2479 est.
1627 2429 1682 2475 et
1708 2421 1885 2476 omnis
1911 2423 2072 2477 simul

500 2506 783 2575 Scriptura
828 2506 959 2577 legis
1001 2514 1057 2561 et
1106 2505 1488 2575 prophetarum
1524 2521 1537 2559 :
1570 2505 1893 2577 Evangeliea
1934 2520 2071 2575 quo-

496 2611 603 2666 que
632 2607 794 2665 atque
822 2597 1131 2667 Apostolica
1168 2596 1376 2666 scripta
1403 2596 1564 2653 simul
1596 2599 1780 2653 omnia
1814 2611 1955 2652 unus
1989 2605 2073 2651 est

498 2698 712 2757 puteus,
749 2703 913 2757 quem
970 2702 1076 2742 non
1136 2696 1363 2756 possunt
1410 2687 1619 2753 fodere,
1648 2688 1733 2742 vel
1777 2687 2068 2756 excudere,

498 2780 601 2834 nisi
651 2779 994 2833 inveniantur
1020 2794 1176 2850 reges
1234 2788 1282 2836 et
1321 2779 1621 2850 principes.
1654 2778 1793 2835 Vere
1816 2780 1959 2835 enim
1985 2795 2071 2836 re-

500 2888 615 2941 ges,
652 2881 706 2926 et
750 2886 880 2927 vere
911 2873 1189 2943 principes
1228 2874 1462 2929 habendi
1497 2881 1644 2938 sunt,
1694 2875 1787 2944 qui
1843 2886 2071 2945 possunt

497 2962 716 3018 auferre
747 2974 945 3019 terram
980 2965 1045 3019 de
1095 2973 1287 3035 puteo,
1322 2966 1425 3020 hoc
1458 2974 1566 3033 est,
1599 2979 1853 3021 amovere
1881 2982 2069 3037 super-

2193 512 2278 557 tur
2326 504 2566 558 locorum
2616 516 2737 556 esse
2786 498 3065 563 vocabula,
3115 514 3178 553 ex
3229 498 3605 567 significandis
3642 499 3753 553 suis

2189 610 2321 662 quas
2345 596 2397 649 in
2431 595 2611 663 lingua
2645 592 2859 662 propria
2885 591 3187 659 designant,
3213 606 3392 645 rerum
3435 592 3604 662 magis
3638 608 3751 662 my-

2187 686 2446 741 sticarum
2478 680 2936 749 consequentiam,
2962 695 3124 750 quam
3152 681 3535 735 vocabulorum
3566 683 3747 752 appel-

2188 779 2439 834 lationem
2472 777 2717 833 videntur
2756 774 3063 832 ostendere.
3101 794 3121 827 ι
3166 775 3401 833 Profecti
3424 777 3589 843 enim,
3622 798 3639 830 ι
3670 779 3751 833 in-

2185 870 2324 940 quit,
2358 887 2376 920 ι
2415 883 2443 922 a
2475 878 2661 939 puteo,
2738 866 2961 923 veniunt
3027 867 3078 922 in
3126 867 3474 923 Mathanaim.
3523 888 3542 922 ι
3578 869 3749 925 luter-

2184 969 2429 1033 pretatur
2472 961 2615 1016 enim
2669 958 2998 1013 Mathanaim
3053 975 3271 1013 munera
3317 961 3553 1029 ipsorum
3610 961 3744 1033 (51).

2186 1054 2350 1110 Vides
2381 1068 2510 1124 ergo
2532 1052 2655 1121 quia
2689 1052 2732 1107 si
2764 1051 2886 1120 quis
2911 1052 2976 1105 de
3011 1059 3176 1120 puteo
3202 1050 3304 1105 hoc
3332 1051 3552 1117 biberit,
3589 1065 3749 1121 quem

2184 1146 2440 1201 foderunt
2481 1158 2632 1213 reges
2660 1152 2713 1198 et
2756 1142 3050 1212 principes,
3085 1142 3267 1196 statim
3300 1142 3517 1212 proficit
3542 1145 3609 1197 ad
3651 1145 3751 1200 hoc

2185 1236 2461 1292 uthabeat
2489 1249 2710 1289 munera
2754 1248 2873 1303 qua:
2902 1233 3094 1288 offerat
3118 1232 3247 1288 Deo.
3280 1233 3419 1300 Quid
3450 1243 3632 1289 autem
3666 1244 3751 1289 est

2182 1328 2325 1398 quod
2376 1330 2535 1382 homo
2574 1324 2767 1381 offerat
2815 1325 2969 1381 Deo?
3014 1324 3126 1379 Iloe
3151 1325 3325 1395 ipsum
3352 1324 3497 1393 quod
3549 1324 3603 1379 in
3634 1325 3751 1395 lege

2182 1420 2443 1489 scriptum
2483 1426 2563 1473 est
2592 1417 2665 1469 lu*z
2687 1416 2940 1471 «Munera
2972 1431 3112 1483 mea,
3148 1436 3165 1468 ι
3205 1416 3307 1473 hoc
3326 1424 3425 1479 est,
3457 1416 3583 1472 data
3612 1432 3747 1472 mea.

2181 1513 2258 1567 Ex
2301 1512 2367 1567 iis
2407 1526 2537 1582 ergo
2567 1525 2685 1580 quae
2716 1509 2858 1566 Deus
2904 1510 3077 1571 dedit,
3124 1509 3356 1565 offerunt
3400 1510 3751 1565 nihilominus

2180 1601 2429 1656 homines
2461 1598 2589 1654 Deo.
2645 1597 2785 1666 Quid
2838 1598 2985 1653 dedit
3019 1596 3159 1652 Deus
3208 1596 3463 1653 homini?
3504 1597 3751 1665 Agnitio—

2178 1706 2302 1746 nem
2350 1690 2461 1746 sui.
2500 1690 2642 1757 Quid
2696 1703 2831 1760 ergo
2869 1686 3029 1744 offert
3065 1688 3218 1743 Deo?
3270 1687 3458 1742 Fidem
3511 1703 3662 1743 suam
3696 1698 3751 1746 et

2178 1783 2449 1839 affectum.
2484 1782 2596 1838 Hoc
2648 1792 2732 1838 est
2774 1782 2915 1852 quod
2962 1781 3168 1851 expetit
3221 1783 3291 1837 ab
3327 1781 3549 1837 homine
3586 1784 3747 1839 Deus.

2180 1878 2417 1949 Denique
2438 1878 2512 1933 ita
2539 1877 2793 1947 scriptum
2823 1884 2908 1931 est
2932 1876 2977 1909 ⁸⁸
3007 1894 3019 1929 :
3051 1895 3069 1927 ι
3107 1875 3173 1933 Et
3201 1889 3367 1941 nunc,
3406 1875 3593 1943 Israel,
3621 1878 3748 1946 quid

2176 1985 2259 2029 est
2302 1972 2446 2040 quod
2474 1970 2734 2025 Dominus
2772 1969 2911 2023 Deus
2947 1978 3068 2024 tuus
3094 1970 3267 2038 poscit
3295 1968 3395 2024 abs
3445 1980 3515 2035 te,
3542 1968 3644 2024 nisi
3694 1978 3749 2022 ut

2180 2067 2371 2120 timeas
2414 2064 2699 2118 Dominum
2745 2063 2911 2116 Deum
2965 2070 3141 2119 tuum.
3173 2071 3227 2116 et
3284 2061 3506 2116 incedas
3558 2062 3610 2115 in
3646 2060 3748 2115 viis

2177 2156 2316 2225 ejus,
2363 2164 2418 2210 et
2445 2153 2641 2223 diligas
2679 2166 2830 2219 eum,
2882 2162 2939 2207 et
2965 2152 3242 2208 custodias
3267 2152 3449 2207 omnia
3491 2152 3744 2207 mandata

2176 2248 2310 2315 ejus,
2329 2257 2383 2303 et
2408 2246 2613 2302 servias
2651 2244 2878 2300 Domino
2915 2244 3024 2298 Deo
3051 2252 3141 2299 tuo
3170 2257 3237 2300 ex
3284 2252 3398 2300 toto
3430 2246 3596 2302 corde
3630 2256 3741 2311 tuo,

2176 2350 2230 2394 et
2251 2355 2316 2393 ex
2350 2347 2458 2394 tota
2491 2338 2673 2391 anima
2701 2337 2837 2391 tua?
2877 2356 2896 2389 ι
2928 2335 3030 2391 Ista
3061 2344 3189 2391 sunt
3211 2351 3455 2402 munera,
3482 2337 3583 2393 ista
3605 2339 3744 2394 dona

2175 2447 2295 2503 qua:
2335 2438 2551 2501 oportet
2602 2430 2831 2485 Domino
2871 2429 3012 2484 dari.
3045 2430 3246 2487 Damus
3282 2439 3464 2485 autem
3496 2430 3613 2487 haec
3635 2430 3745 2486 Do-

2175 2526 2323 2580 mino
2357 2524 2541 2580 cordis
2590 2522 2761 2580 nostri
2798 2535 3025 2577 munera
3066 2528 3420 2591 posteaquam
3460 2522 3747 2592 agnoveri-

2174 2631 2295 2672 mus
2326 2629 2472 2680 eum,
2497 2624 2552 2669 et
2574 2612 2854 2684 agnitione
2881 2612 3143 2667 bonitatis
3167 2615 3286 2680 ejus
3311 2612 3379 2667 de
3431 2612 3578 2683 putei
3628 2610 3744 2681 ejus

2174 2707 2458 2764 altitudine
2494 2705 2815 2762 biberimus.
2856 2702 3098 2760 Observa
3133 2711 3313 2757 tamen
3350 2703 3625 2772 quomodo
3659 2702 3743 2758 di-

2176 2799 2319 2855 xerit
2347 2797 2662 2867 Propheta:
2702 2812 2721 2847 ι
2781 2792 2845 2848 Et
2890 2807 3037 2848 nune
3086 2790 3253 2846 Israel
3303 2792 3434 2863 quid
3480 2791 3744 2849 Dominus

2176 2893 2318 2948 Deus
2348 2902 2471 2947 tuus
2510 2889 2685 2959 poscit
2712 2888 2809 2942 abs
2843 2894 2891 2942 te
2915 2886 2939 2941 2
2966 2904 2983 2938 ι
3007 2885 3347 2941 Erubescant
3373 2883 3454 2940 illi
3484 2883 3600 2939 haec
3622 2898 3745 2939 ver-

2172 2985 2262 3051 ba,
2302 2984 2393 3055 qui
2443 2990 2642 3053 negant
2697 2979 2750 3034 in
2788 2979 3024 3035 hominis
3079 2978 3307 3035 arbitrio
3338 2990 3457 3033 esse
3497 2966 3635 3045 (52),
3682 2984 3739 3029 ut

497 3056 671 3111 "Clem
722 3057 937 3121 “Hem,
973 3065 1027 3111 el
1074 3057 1140 3112 de
1191 3057 1455 3113 ίηιθτῖοτθ
1492 3069 1647 3127 Pella
1691 3060 1780 3115 “bi
1812 3061 2065 3118 Christus
2095 3079 2138 3137 C
2174 3077 2430 3132 salvetur.
2459 3072 2741 3140 Quomodo
2770 3079 3026 3144 posceret
3062 3070 3130 3125 ab
3167 3070 3386 3125 homine
3419 3066 3585 3131 Deus,
3635 3065 3737 3120 nisi

494 3158 599 3214 est,
633 3148 906 3217 spiritales
941 3164 1136 3204 sensus
1167 3151 1315 3205 velut
1345 3165 1543 3219 aquam
1573 3151 1748 3209 vivam
1793 3156 2062 3223 proferre.

496 3239 619 3295 Ilaec
647 3255 775 3309 ergo
799 3241 975 3294 facere
1011 3241 1162 3295 decet
1191 3256 1289 3296 eos
1312 3243 1478 3306 solos.
1508 3244 1599 3312 qui
1620 3244 1703 3299 vel
1733 3261 1888 3317 reges
1910 3258 2061 3313 sunt,

495 3330 579 3384 vel
622 3331 913 3399 principes.
968 3330 1141 3401 Reges
1190 3346 1255 3387 ex
1292 3346 1357 3388 eo
1396 3332 1529 3389 dicti
1566 3338 1708 3404 quod
1731 3338 1942 3406 peccati
1976 3354 2060 3394 re-

496 3432 659 3485 gnum
682 3430 746 3470 ex
772 3432 999 3487 corpore
1028 3434 1128 3475 suo
1153 3420 1483 3489 depulerint,
1517 3433 1570 3480 et
1593 3422 1817 3492 iustitiae
1838 3443 2062 3499 regnum

496 3509 806 3575 paraverint
830 3510 882 3563 in
913 3512 1169 3566 membris
1190 3513 1323 3567 suis.
1352 3514 1514 3570 Decet
1546 3517 1691 3572 enim
1722 3532 1844 3574 eum
1868 3520 2066 3577 docere

495 3607 740 3663 caeteros,
775 3602 865 3669 qui
903 3601 1054 3670 prius
1080 3600 1273 3657 fecerit
1300 3604 1410 3673 ipsa
1436 3622 1555 3676 quae
1584 3608 1759 3663 docet.
1792 3610 1884 3666 Sic
1916 3613 2061 3668 enim

494 3691 751 3760 scriptum
776 3700 860 3748 est
879 3693 947 3755 δι,
980 3694 1111 3763 quia
1142 3712 1160 3745 ι
1187 3694 1277 3763 qui
1302 3694 1493 3752 fecerit
1523 3700 1837 3756 etdocuerit
1862 3706 1939 3759 sic
1965 3705 2064 3760 ho-

496 3780 689 3847 mines,
746 3783 832 3837 hic
862 3798 1091 3856 magnus
1117 3785 1401 3841 vocabitur
1430 3788 1483 3842 in
1520 3804 1687 3861 regno
1720 3794 2003 3850 oculorum.
2039 3816 2058 3849 ι

492 3870 744 3944 Magnum
770 3885 949 3929 autem
981 3888 1101 3930 esse
1128 3876 1180 3931 in
1206 3891 1390 3946 regno,
1421 3878 1531 3935 hoc
1574 3891 1658 3937 est
1707 3897 1885 3955 regem
1920 3902 2062 3944 esse.

497 3982 515 4015 σ
549 3964 898 4021 Excudcrunt
928 3981 1072 4033 eum,
1122 3985 1141 4019 ι
1179 3966 1441 4036 inquit”,
1488 3990 1506 4020 ι
1547 3986 1700 4044 reges
1722 3977 1960 4046 gentium
1998 3982 2051 4034 in

492 4074 658 4129 regno
690 4076 806 4125 suo,
840 4060 967 4116 dum
1002 4063 1419 4121 dominarentur
1440 4069 1541 4123 eis.
1576 4086 1594 4121 ι
1628 4067 1709 4124 Re
1757 4071 1901 4125 enim
1933 4086 2061 4127 vera

490 4165 595 4203 non
624 4161 849 4219 possunt
880 4154 1062 4209 fodere
1088 4166 1304 4225 puteum
1331 4157 1516 4222 istum,
1542 4172 1642 4214 nec
1663 4158 1890 4216 latentes
1911 4177 2063 4232 aqua)

492 4241 626 4297 viva:
654 4260 820 4299 venas
850 4247 1081 4315 aperire,
1110 4249 1211 4305 nisi
1242 4251 1393 4320 prius
1418 4250 1755 4308 dominatum
1788 4255 2062 4310 tenuerint

489 4334 725 4401 gentium
768 4335 1146 4398 barbararum.
1189 4339 1361 4397 Omne
1391 4343 1539 4397 enim
1583 4344 1846 4415 quidquid
1880 4345 1931 4400 in
1979 4347 2059 4403 eis

2169 3167 2391 3221 haberet
2442 3165 2605 3219 homo
2648 3165 2700 3218 in
2742 3178 2837 3219 sua
2870 3170 3160 3233 potestate,
3184 3163 3324 3231 quod
3350 3160 3592 3231 poscenti
3625 3159 3735 3215 Deo

2167 3257 2390 3311 deberet
2418 3252 2663 3309 offerre?
2715 3252 2853 3308 Sunt
2900 3267 3031 3321 ergo
3057 3266 3176 3321 quae
3209 3253 3407 3305 dantur
3440 3265 3467 3303 a
3505 3248 3634 3312 Deo,
3686 3257 3741 3304 et

2167 3349 2294 3394 sunt
2327 3354 2446 3409 quae
2476 3342 2794 3409 praebentur
2843 3340 2911 3395 ab
2961 3340 3199 3397 homine.
3251 3338 3415 3395 Verbi
3451 3338 3648 3410 gratia,
3684 3338 3737 3392 in

2167 3431 2388 3487 homine
2424 3429 2524 3485 fuit
2556 3441 2616 3484 ut
2665 3444 2770 3485 una
2809 3446 2932 3485 mna
2973 3431 3177 3486 faceret
3209 3431 3395 3486 decem
3429 3445 3610 3496 mnas,
3647 3440 3741 3485 aut

2167 3539 2270 3577 una
2317 3538 2441 3578 mna
2477 3522 2687 3577 faceret
2735 3523 2981 3592 quinque
3014 3537 3172 3578 muas
3203 3523 3269 3576 ³⁸.
3311 3521 3390 3577 Ex
3420 3522 3528 3578 Deo
3555 3531 3737 3578 autem

2167 3615 2618 3679 fuit.uthaberet
2646 3615 2809 3670 homo
2863 3628 3069 3681 mnam,
3100 3628 3164 3669 ex
3208 3628 3313 3684 qua
3359 3614 3534 3669 facere
3558 3623 3739 3684 posset

2169 3711 2353 3764 decem
2422 3721 2601 3762 mnas.
2653 3706 2788 3762 Cum
2843 3716 3024 3761 autem
3074 3706 3271 3762 obtulit
3322 3721 3389 3762 ex
3445 3721 3505 3763 se
3552 3706 3737 3763 decem

2165 3814 2348 3865 muas,
2381 3800 2592 3869 accepit
2619 3814 2807 3853 rursus
2844 3814 2873 3853 a
2907 3798 3015 3853 Deo
3039 3812 3147 3853 non
3170 3798 3280 3866 jam
3308 3799 3616 3868 pecuniam,
3644 3800 3735 3854 sed

2167 3899 2489 3961 petestatem
2543 3900 2599 3947 et
2636 3906 2859 3962 regnum
2910 3891 3095 3946 decem
3135 3890 3437 3946 civitatum.
3474 3888 3737 3945 Petitite-

2166 3999 2285 4038 rum
2314 3984 2454 4039 Deus
2500 3983 2567 4038 ab
2611 3983 2906 4048 Abraham,
2947 3991 3006 4037 ut
3036 3979 3254 4038 offerret
3286 3982 3335 4036 ei
3389 3981 3538 4038 Isaac
3568 3981 3733 4036 filium

2164 4087 2318 4128 suum
2380 4073 2435 4127 in
2510 4082 2750 4128 montem
2822 4085 3226 4142 quemcumque
3285 4070 3611 4127 ostendisset
3661 4072 3732 4125 ei.

2164 4161 2373 4218 Obtulit
2398 4162 2671 4217 Abraham
2712 4161 3013 4231 intrepidus
3071 4160 3407 4233 unigenitum
3440 4163 3511 4228 ⁸⁷,
3567 4164 3737 4231 impo-

2164 4253 2273 4308 suit
2294 4266 2459 4322 super
2482 4268 2657 4318 aram,
2693 4255 2930 4309 cultrum
2957 4251 3146 4308 eduxit
3178 4263 3237 4307 ut
3278 4253 3574 4325 jugularet,
3602 4256 3738 4310 inhi-

2163 4343 2321 4399 betur
2344 4345 2627 4409 continuo,
2653 4353 2709 4398 et
2739 4344 2884 4400 aries
2918 4346 2966 4399 ei
3002 4361 3099 4415 pro
3131 4345 3243 4400 tilio
3268 4346 3430 4401 datur
3480 4346 3545 4401 ad
3577 4346 3732 4402 victi-

489 4423 661 4478 ferum
690 4424 791 4481 fuit
818 4427 868 4480 in
910 4429 1147 4496 actibus,
1196 4431 1453 4501 quidquid
1489 4432 1541 4488 in
1588 4435 1828 4492 moribus
1856 4435 2056 4493 barba-
2090 4419 2133 4475 θ
2164 4452 2327 4491 mam.
2398 4436 2557 4491 Vides
2584 4450 2714 4507 ergo
2768 4438 2893 4506 quia
2964 4452 3083 4507 quae
3135 4439 3242 4494 Deo
3280 4436 3581 4505 offerimus,
3631 4452 3733 4493 no-

490 4529 629 4583 rum,
649 4517 693 4572 si
708 4519 1047 4575 edomuerint
1071 4530 1127 4576 et
1154 4522 1481 4592 subiecerint
1497 4525 1645 4594 regio
1670 4528 1875 4594 sensui,
1896 4539 1948 4584 et
1965 4529 2058 4585 do-

488 4606 678 4661 minati
701 4607 903 4665 fuerint
922 4612 1022 4676 eis,
1050 4612 1120 4667 ita
1144 4625 1203 4669 ut
1225 4616 1289 4671 de
1306 4625 1503 4673 czetero
1521 4634 1623 4673 non
1654 4620 1945 4689 gentiliter,
1962 4623 2053 4678 sed

488 4696 722 4762 legitime
752 4711 931 4771 agant,
948 4703 1036 4759 isti
1062 4714 1185 4760 sunt
1205 4721 1333 4761 vere
1350 4722 1505 4777 reges
1533 4709 1799 4777 profunda
1814 4713 1959 4780 putei
1982 4714 2054 4766 ri-

485 4804 608 4844 man
618 4799 716 4856 tes,
738 4803 793 4847 et
811 4794 957 4848 verbi
974 4793 1065 4850 Dei
1087 4810 1285 4851 arcana
1306 4812 1371 4853 ac
1388 4800 1613 4872 mystica
1629 4811 2058 4869 perscrutantes.

554 4884 605 4938 5.
639 4883 766 4939 Post
794 4886 927 4954 hace,
964 4904 983 4938 ι
1014 4898 1069 4944 et
1099 4904 1127 4942 a
1158 4900 1342 4959 puteo,
1380 4910 1400 4943 ι
1457 4892 1628 4961 inquit
1658 4893 1726 4959 ⁸³,
1764 4912 1783 4945 ι
1829 4896 2056 4964 profecti

484 4984 610 5029 sunt
648 4974 1003 5044 Mathanaim,
1038 4988 1093 5034 et
1120 4994 1150 5035 a
1182 4979 1510 5036 Mathanaim
1555 4983 1607 5037 in
1639 4982 1907 5053 Nahaliel,
1942 4997 1997 5042 et
2023 5004 2053 5043 a

483 5066 729 5123 Nabaliel
758 5070 809 5122 in
842 5068 1093 5137 Bamnth,
1123 5082 1221 5127 eta
1248 5072 1472 5129 Bamoth
1499 5074 1549 5128 in
1585 5090 1773 5132 nemus
1800 5080 1940 5146 quod
1965 5089 2048 5135 est

484 5158 536 5212 in
571 5174 763 5229 campo
792 5159 971 5227 Moab,
1007 5178 1036 5216 a
1072 5165 1274 5220 vertice
1325 5167 1523 5223 montis
1567 5169 1767 5224 excelsi
1823 5172 1913 5238 qui
1957 5186 2043 5226 re-

572 5274 615 5306 ’⁷
648 5274 813 5341 Apoc.
839 5293 954 5337 χιχ,
1004 5277 1092 5330 16.

481 5357 596 5409 xxt,
645 5342 731 5398 18.
838 5346 884 5377 ⁸³
941 5348 1203 5413 ibid.,18,
1238 5349 1321 5413 I9,
1353 5350 1445 5405 ‘20.

552 5460 664 5531 (3|)
696 5461 1080 5530 Interpretatur
1117 5467 1255 5519 enim
1300 5465 1633 5521 Mal/tanaim
1672 5479 2033 5525 MUNERAIPSO-

488 5545 616 5587 uuu.
648 5532 690 5584 A
727 5533 907 5587 radice
938 5542 1027 5619 πῃ
1062 5552 1079 5583 ι
1117 5535 1281 5599 dedit,
1322 5557 1338 5587 ι
1371 5540 1426 5593 fit
1455 5545 1570 5621 rm:
1599 5539 1883 5594 «donum.»

541 5624 665 5701 l3?)
695 5625 1005 5701 Sicomnes
1033 5626 1343 5701 mss.l.i_bb.
1378 5638 1555 5685 autem
1592 5632 1718 5686 editi
1762 5652 1774 5685 :
1815 5652 1832 5685 ι
1868 5633 1919 5687 in
1952 5635 2049 5689 ho-

483 5694 628 5746 mine
653 5708 770 5748 esse
802 5694 1030 5749 liberum
1061 5697 1365 5751 arbitrium.
1397 5718 1414 5749 ι

1543 5352 1587 5382 9"
1624 5353 1780 5407 Num.
1829 5371 1918 5410 xv.

2153 4988 2397 5042 venimus
2466 4989 2518 5042 in
2587 4988 2832 5043 Nahaliel
2886 4989 3038 5057 (35),

2149 5078 2311 5148 315
2352 5095 2417 5133 ea:
2452 5078 2580 5133 Deo.
2624 5077 2760 5145 Quid
2788 5094 2850 5132 ex
2899 5080 3046 5134 Deo?
3078 5080 3432 5149 Posteaquam
3464 5078 3724 5134 obtuleri-

2148 5185 2267 5224 mus
2301 5183 2400 5224 nos
2449 5182 2569 5239 quae
2630 5182 2696 5223 ex
2741 5167 2895 5223 nobis
2948 5178 3097 5235 sunt,
3130 5169 3377 5224 venimus
3422 5170 3488 5225 ad
3534 5169 3635 5224 hoc
3667 5177 3726 5224 ut

1168 5278 1211 5310 ⁷⁸
1245 5278 1262 5332 I
1304 5279 1430 5335 Cor.
1466 5296 1539 5346 Iv,
1577 5282 1628 5336 8.
1708 5283 1978 5343 "Coloss.
2022 5289 2155 5347 ",5.
2231 5287 2275 5319 ⁸ο
2308 5285 2496 5338 Matth.
2523 5299 2713 5349 xxvut,
2755 5286 2840 5340 19.

1168 5349 1203 5412 ζ,
1238 5349 1321 5412 I9,
1353 5350 1445 5405 ‘20.
1543 5352 1587 5382 θλ
1624 5353 1780 5407 Num.
1829 5371 1918 5410 xv.
2022 5359 2065 5390 ⁸⁵
2097 5358 2248 5412 Deut.
2297 5371 2353 5412 x.
2406 5354 2491 5407 I2.
2585 5354 2633 5385 ⁸⁸
2676 5354 2840 5410 Matth

2173 5372 2248 5411 ut.
2297 5372 2353 5421 x,
2406 5372 2491 5407 ιι.

2160 4530 2243 4585 bis
2292 4538 2515 4585 manent
2564 4546 2578 4583 :
2628 4532 2721 4585 sed
2776 4532 2842 4585 ad
2902 4531 3002 4586 hoc
3076 4532 3409 4603 expetimur,
3467 4541 3524 4586 ut
3570 4532 3622 4587 in
3669 4533 3736 4588 iis

2160 4619 2386 4677 allectus
2449 4629 2633 4677 noster
2688 4635 2816 4693 erga
2887 4622 3053 4678 Deum
3132 4624 3392 4693 probetur
3454 4633 3510 4680 et
3578 4625 3731 4679 fides.

2162 4710 2292 4768 Ilaec
2343 4727 2441 4782 pro
2503 4729 2569 4769 eo
2619 4714 2762 4784 quod
2814 4714 3050 4771 diximus
3105 4719 3378 4786 profectos
3422 4730 3543 4771 esse
3590 4716 3732 4771 filios

2157 4802 2319 4858 Israel
2363 4820 2392 4859 a
2432 4814 2612 4875 puteo,
2642 4816 2696 4861 et
2725 4807 2937 4864 venisse
2978 4808 3030 4863 in
3074 4808 3425 4871 Mathanaim,
3457 4806 3599 4877 quod
3646 4807 3731 4859 in-

2158 4904 2484 4965 terpretatur
2539 4914 2757 4952 munera
2792 4914 2990 4952 eorum.
3057 4901 3096 4952 Α
3159 4898 3489 4952 Mathauaim
3548 4905 3728 4951 autem

3116 4990 3261 5059 quod
3344 4990 3728 5059 interpretatur

2936 5286 2979 5318 ’"
3014 5285 3264 5347 Matth.v,
3295 5286 3381 5340 I9.
3479 5285 3523 5318 “
3566 5284 3721 5340 Num.

2585 5354 2633 5385 ⁸⁸
2676 5354 2863 5410 Matth.
2922 5371 3042 5413 xxv.
3181 5355 3225 5387 ⁸⁷
3252 5356 3451 5412 Genes.
3483 5372 3615 5412 χιιι.

2230 5471 2341 5539 (55)
2396 5469 2551 5535 Quod
2581 5471 2958 5543 interpretatur
2998 5489 3062 5527 ea:
3098 5472 3223 5527 Deo.
3266 5472 3481 5543 Aliquid
3510 5474 3725 5529 videtur

2158 5542 2389 5612 deiicere
2438 5553 2667 5612 zineque
2714 5540 2858 5612 enim
2900 5541 3143 5598 Nahaliel
3198 5544 3333 5598 verti
3370 5540 3559 5612 potest
3597 5564 3633 5612 ι,
3656 5560 3721 5597 ex

2160 5610 2291 5676 Deo,
2334 5628 2352 5661 ι
2398 5611 2489 5665 sed
2526 5627 2543 5660 ι
2578 5598 2856 5679 possessio
2891 5626 3008 5666 mea
3033 5626 3095 5667 ex
3131 5611 3239 5671 Deo
3276 5632 3292 5665 ι
3326 5630 3355 5668 a
3385 5598 3582 5671 'radice
3621 5598 3722 5673 5n:

2156 5700 2411 5772 possedit.
2452 5712 2504 5757 ct
2535 5701 2751 5758 nomine
2787 5684 2861 5761 ἰιι
2895 5694 3060 5759 Deus.
