4086 6218
364 257 470 313 665

1846 254 2169 311 ORIGENIS

3506 246 3610 303 664

363 380 758 437 consequamur
783 379 842 419 ea
871 379 989 434 qum
1019 379 1081 419 cx
1118 364 1228 419 Deo
1265 374 1408 419 sunt.
1446 364 1577 420 Cum
1604 366 1747 419 enim
1781 366 1937 422 ﬁdem
1965 374 2011 429 Α
2043 367 2418 422 Transibimus
2448 377 2543 435 per
2571 372 2771 419 terram
2813 371 2982 430 tuam,
3032 378 3131 434 per
3161 363 3302 419 viam
3347 363 3609 419 transibi-

365 467 607 515 nostram
636 466 690 512 et
742 456 991 512 allectum
1041 456 1399 511 oblulerimus
1432 458 1504 519 ei,
1546 466 1675 513 tunc
1717 468 1773 512 et
1824 458 1938 527 ipse

362 552 595 622 largitur
620 551 777 604 nobis
804 551 1017 603 diversa
1055 549 1195 603 dona
1225 548 1460 618 Spiritus
1485 551 1683 615 sancti,
1714 553 1779 605 de
1812 553 1934 619 qui-

362 642 464 697 bus
483 642 615 696 dicit
642 640 932 709 Apostolus
955 640 1000 671 ⁸⁸
1033 657 1078 693 ε(
1112 639 1301 695 Omnia
1317 648 1496 693 autem
1519 654 1583 694 ex
1618 640 1723 695 Deo
1748 650 1895 695 sunt.
1912 660 1930 693 ι

362 735 429 789 Et
460 750 489 789 a
528 733 772 787 Nahaliel
803 733 1051 787 venimus
1078 732 1132 785 in
1164 731 1579 800 Bamoth,quod
1611 730 1936 801 interpreta-

359 836 447 881 tur
484 826 743 879 adventus
775 824 955 877 mortis
991 822 1127 891 (54).
1168 818 1334 887 Cujus
1365 820 1559 874 mortis
1608 821 1696 875 hic
1740 820 1936 875 intelli-

358 917 540 983 gimus
576 916 896 971 adventum.
929 914 1030 968 nisi
1071 913 1239 977 illius,
1261 926 1369 980 qua
1392 911 1610 965 Christo
1637 912 1934 966 commori-

358 1022 483 1061 mur
508 1008 573 1072 ⁸³,
608 1017 665 1060 ιιι
690 1016 742 1061 et
768 1006 1115 1061 convivamus
1142 1003 1213 1068 ei,
1246 1013 1419 1073 etqua
1449 1002 1710 1058 debemus
1750 1002 1937 1057 morti-

359 1098 524 1152 ﬁcare
559 1098 801 1151 membra
849 1103 1056 1158 nostra,
1089 1108 1209 1162 qua:
1240 1102 1366 1149 sunt
1408 1107 1570 1163 super
1620 1103 1819 1148 terram
1849 1093 1936 1146 ὀἳ

358 1190 426 1243 Et
450 1192 645 1243 iterum
674 1188 719 1219 ἰ
760 1202 771 1235 :
818 1204 837 1235 ι
868 1185 1179 1253 Conscpulti
1209 1185 1355 1239 enim
1388 1185 1463 1239 illi
1499 1200 1684 1241 sumus
1720 1199 1816 1254 per
1842 1186 1935 1240 ba-

361 1280 619 1347 ptismum
654 1279 707 1331 in
750 1287 945 1331 morte.
980 1296 998 1328 ι
1036 1276 1094 1330 Si
1150 1276 1274 1345 quis
1310 1290 1438 1345 ergo
1476 1277 1731 1331 salutaris
1774 1276 1934 1343 hujus

356 1374 458 1427 viae
484 1372 727 1427 ordinem
772 1379 939 1437 tenet,
975 1385 1071 1439 per
1108 1370 1224 1425 haec
1254 1370 1461 1439 singula
1495 1385 1616 1439 qua:
1660 1383 1932 1424 memora-

359 1467 540 1519 vimus
580 1465 683 1518 iter
717 1477 876 1533 agere
914 1462 1092 1523 debet,
1142 1470 1197 1515 et
1246 1462 1432 1516 venire
1472 1470 1596 1530 post
1650 1462 1817 1515 multa
1867 1462 1932 1515 ad

362 1558 507 1610 hunc
542 1554 743 1617 locum,
776 1568 936 1621 quem
994 1553 1231 1607 diximus
1272 1551 1582 1618 signiﬁcare
1614 1553 1804 1607 mortis
1838 1554 1934 1606 ad-

357 1657 607 1703 ventum.
636 1646 704 1701 Ut
733 1655 909 1700 autem
940 1659 1006 1699 ex
1040 1643 1338 1712 Scripturis
1364 1643 1648 1707 docemur,
1684 1651 1765 1698 est
1788 1658 1928 1712 qua:-

2042 474 2184 525 mus,
2210 473 2314 513 non
2349 456 2745 512 declinabimus
2775 469 2947 523 neque
2978 456 3031 510 in
3075 470 3288 525 agrum,
3335 469 3509 523 neque
3554 454 3609 507 in

2038 552 2272 604 vineam.
2316 550 2430 603 Non
2462 549 2707 603 bibemus
2738 562 2931 617 aquam
2963 548 3028 601 de
3056 547 3173 604 lacu
3202 554 3316 611 tuo,
3344 546 3427 599 via
3465 547 3610 615 regia

2038 642 2375 704 incedemus,
2406 652 2684 707 usquequo
2716 647 3053 692 transeamus
3073 636 3206 691 ﬁnes
3237 645 3376 691 tuos.
3412 635 3477 690 Et
3503 651 3609 690 non

2036 730 2306 786 concessit
2339 730 2479 783 Seon
2508 737 2567 781 ut
2596 727 2758 783 Israel
2792 726 3047 780 transiret
3080 740 3178 796 per
3196 725 3329 780 ﬁnes
3358 739 3508 780 suos.
3546 724 3612 778 Et

2038 822 2259 892 collegit
2288 820 2432 875 Seon
2471 834 2687 875 omnem
2729 816 2991 888 populum
3026 832 3207 883 suum,
3245 826 3300 871 et
3329 816 3464 871 exiit
3490 816 3610 870 belo
3700 896 3708 902 -

2037 915 2270 984 ligerare
2322 912 2607 967 adversum
2663 910 2830 965 Israel
2873 910 2926 963 in
2968 910 3209 973 deserto,
3266 916 3322 961 et
3367 907 3517 961 venit
3556 907 3606 960 in

2036 1008 2262 1069 Assaar,
2296 1014 2352 1059 et
2380 1017 2708 1073 congressus
2740 1012 2823 1056 est
2864 1016 2985 1056 cum
3029 1000 3218 1066 lsrael,
3249 1009 3304 1053 et
3341 998 3608 1067 percussit

2036 1114 2158 1153 eum
2184 1098 2349 1154 Israel
2372 1110 2502 1151 nece
2527 1094 2711 1165 gladii,
2735 1103 2791 1149 et
2818 1094 3079 1149 dominati
3100 1102 3227 1149 sunt
3251 1102 3409 1147 teme
3433 1091 3603 1162 ejus.s

2037 1188 2270 1244 Historia
2300 1188 2519 1257 quidem
2555 1183 2837 1239 manifesta
2871 1184 3087 1248 est,sed
3113 1184 3468 1252 deprecemur
3502 1184 3607 1238 Do-

2036 1278 2270 1341 minum,
2306 1287 2364 1330 ut
2409 1275 2609 1345 aliquid
2662 1274 2886 1344 dignum
2942 1273 3216 1342 possimus
3256 1272 3606 1328 interioribus

2036 1368 2156 1437 ejus
2178 1367 2429 1423 sensibus
2454 1365 2759 1437 pervidere.
2788 1362 2930 1418 Seon
2954 1363 3221 1433 duplicem
3257 1363 3420 1418 habet
3442 1364 3607 1418 inter-

2033 1461 2414 1528 pretationem,
2470 1457 2585 1511 sive
2637 1458 2796 1509 arbor
2849 1453 3209 1521 infructuosa,
3255 1454 3369 1509 sive
3414 1455 3604 1510 elatus.

2033 1549 2197 1604 Mittit
2225 1550 2393 1619 igitur
2425 1547 2587 1602 Israel
2618 1548 2821 1617 legatos
2858 1546 2925 1601 ad
2952 1545 3119 1612 Seon,
3146 1545 3311 1600 mittit
3344 1547 3409 1601 ad
3446 1548 3607 1601 arboo

2036 1654 2149 1693 rem
2176 1639 2595 1703 infructuosam,
2626 1638 2793 1691 mittit
2822 1636 2889 1690 ad
2928 1636 3157 1703 elatum,
3197 1645 3254 1691 et
3290 1635 3601 1705 superbum.

360 1738 485 1791 dam
522 1750 668 1792 mors
703 1736 922 1791 inimica
960 1735 1181 1800 Christi,
1214 1744 1270 1789 et
1306 1737 1551 1804 quzedam
1591 1737 1764 1791 amica
1792 1736 1928 1806 ejus.
1962 1718 2004 1774 Β
2036 1730 2133 1785 Hic
2159 1738 2337 1784 autem
2365 1729 2529 1795 Seon,
2556 1742 2649 1783 rex
2682 1736 2765 1783 est
2788 1727 3256 1790 Amorrhazorum,
3278 1727 3370 1796 qui
3413 1735 3467 1781 et
3502 1727 3603 1797 ipsi

355 1827 472 1882 Non
505 1843 638 1895 ergo
671 1826 814 1881 illius
840 1826 1031 1881 mortis
1055 1825 1184 1881 dicit
1208 1825 1443 1881 inimica:
1480 1824 1703 1892 Christi,
1736 1827 1801 1881 de
1826 1840 1931 1897 qua

358 1919 560 1973 dicitur
589 1917 658 1982 ὀ,
698 1937 715 1969 s
750 1916 1088 1973 Novissimus
1116 1917 1365 1971 inimicus
1384 1918 1701 1972 destruetur
1726 1931 1925 1980 mors,»

356 2010 447 2078 qui
480 2018 565 2063 est
598 2008 850 2064 diabolus
880 2023 894 2061 :
931 2008 1025 2063 sed
1059 2006 1217 2076 hujus
1257 2006 1453 2062 mortis
1503 2022 1607 2077 qua
1642 2006 1931 2061 commori-

354 2114 476 2152 mur
497 2098 547 2153 ei
574 2107 631 2151 ut
660 2107 713 2151 et
735 2097 1088 2152 convivamus
1112 2096 1161 2151 ei
1200 2113 1213 2148 :
1255 2096 1555 2151 secundum
1589 2111 1751 2165 quam
1789 2110 1932 2151 mor-

358 2197 463 2242 tem
499 2188 630 2242 dicit
666 2188 807 2243 Deus
837 2188 883 2220 ⁹³
919 2204 932 2239 :
973 2205 992 2239 ι
1041 2185 1156 2256 Ego
1206 2186 1473 2251 occidam,
1523 2195 1579 2241 et
1616 2187 1801 2242 vivere
1845 2185 1931 2241 fa-

353 2275 519 2330 ciam.
564 2294 582 2327 s
614 2275 828 2332 Occidit
858 2276 1001 2331 enim
1048 2284 1109 2330 ut
1143 2276 1566 2331 commoriamur
1601 2274 1841 2342 Christo,
1877 2285 1932 2331 et

354 2365 540 2420 vivere
575 2364 707 2420 facit
734 2374 792 2419 ut
827 2367 1182 2420 convivamus
1210 2366 1283 2419 ei.
1330 2365 1637 2434 Optaudum
1668 2381 1799 2435 ergo
1828 2382 1928 2421 no-

354 2457 438 2511 bis
462 2464 565 2519 est,
611 2466 669 2511 ut
696 2457 979 2511 veniamus
1036 2456 1089 2511 in
1133 2455 1382 2519 Bamoth,
1425 2464 1479 2509 et
1528 2456 1930 2525 promptissime

354 2546 712 2615 suscipiamus
738 2546 907 2600 beata:
935 2545 1095 2613 hujus
1126 2545 1315 2600 mortis
1338 2545 1653 2609 adventum,
1682 2554 1739 2599 ut
1767 2554 1821 2600 et
1849 2545 1929 2599 vi-

352 2637 558 2691 viﬁcari
612 2650 735 2691 eum
779 2635 995 2691 Christo
1030 2650 1356 2690 mereamur.
1415 2653 1433 2685 ι
1475 2633 1542 2689 Ει
1574 2652 1638 2689 ex
1678 2636 1924 2702 Bamoth,

355 2727 548 2797 inquit,
588 2727 639 2782 in
674 2742 884 2790 nemus,
920 2727 1063 2796 quod
1094 2735 1178 2781 est
1215 2726 1266 2780 in
1298 2740 1490 2796 campo
1516 2725 1693 2792 Moab,
1735 2743 1763 2780 a
1806 2741 1927 2781 ver-

350 2821 461 2878 tice
484 2821 682 2876 montis
715 2821 940 2885 excelsi,
979 2819 1071 2887 qui
1114 2818 1339 2888 respicit
1367 2820 1432 2874 ad
1466 2819 1767 2875 desertum.
1801 2839 1819 2873 ι
1867 2819 1923 2876 Si

358 2913 462 2967 hoc
493 2912 687 2967 itinere
718 2912 1034 2967 inccdamus
1068 2911 1209 2980 quod
1236 2925 1341 2965 non
1384 2919 1489 2965 tam
1526 2909 1767 2966 locorum
1826 2927 1921 2966 vo-

352 3007 582 3074 cabulis,
629 3022 791 3075 quam
848 3009 1040 3063 anima:
1099 3005 1432 3075 profectibus
1479 3012 1731 3060 constare
1781 3005 1921 3061 ratio

350 3100 754 3167 explanationis
780 3100 1037 3166 asseruit,
1062 3108 1184 3169 post
1213 3097 1394 3152 omnia
1440 3098 1541 3153 ista
1588 3098 1835 3152 venimus
1866 3100 1918 3151 in

353 3204 567 3256 nemus,
592 3191 706 3247 sive
738 3190 820 3261 (ut
860 3191 916 3245 in
966 3190 1089 3245 aliis
1135 3189 1366 3244 habetur
1417 3189 1834 3260 exemplaribus)
1867 3188 1918 3242 in

348 3279 564 3346 lanam,
620 3282 762 3351 quod
819 3282 1205 3350 interpretatur
1254 3295 1524 3344 ascensus,
1579 3279 1694 3333 sive
1745 3289 1920 3334 vertex

350 3373 542 3426 montis
574 3372 705 3443 (35).
738 3372 840 3428 Pcr
870 3373 985 3428 tunc
1010 3386 1141 3442 ergo
1171 3371 1385 3426 venitur
1410 3371 1475 3425 ad
1498 3370 1630 3424 illud
1669 3371 1919 3425 famosis-

350 3463 547 3517 simum
579 3464 743 3517 divini
792 3463 1030 3533 paradisi
1082 3476 1296 3527 nemus,
1328 3471 1383 3517 et
1420 3476 1661 3517 amoenas
1695 3461 1917 3518 delicias

351 3554 705 3609 habitationis
730 3554 987 3622 antiquae,
1022 3552 1106 3608 vel
1146 3562 1293 3608 certe
1338 3554 1405 3607 ad
1443 3554 1704 3607 verticem
1737 3554 1917 3623 perfe-

349 3645 546 3699 ctionis
599 3653 655 3699 et
705 3645 1052 3699 beatitudinis
1106 3645 1470 3699 summitatem
1504 3644 1618 3699 :ita
1661 3656 1717 3699 ut
1749 3646 1919 3714 possit

345 3733 510 3788 etiam
540 3733 653 3802 ipse
683 3734 889 3798 dicere,
917 3733 1042 3802 quia
1081 3751 1100 3785 ι
1128 3733 1469 3788 resuscitavit
1506 3749 1603 3789 nos
1630 3749 1749 3789 cum
1780 3736 1914 3805 ipso,

346 3833 402 3879 et
434 3824 624 3879 sedere
664 3824 793 3879 fecit
830 3825 883 3880 in
927 3824 1237 3880 caelestibus
1262 3826 1318 3877 in
1347 3823 1563 3879 Christo
1597 3826 1662 3878 ’³.
1698 3844 1716 3878 ι
1755 3824 1917 3881 Vides

345 3928 627 3986 quousque
649 3914 965 3984 pervenitur
990 3928 1019 3968 a
1046 3915 1242 3983 puteo?
1277 3914 1439 3969 Vides
1460 3915 1656 3982 quibus
1680 3915 1916 3970 mansio-

348 4008 530 4069 nibus,
565 4008 673 4062 imo
710 4008 907 4077 quibus
929 4004 1287 4075 profectibus,
1319 4004 1422 4058 iter
1460 4006 1653 4059 anima:
1691 4015 1913 4074 paratur

347 4097 412 4151 ad
438 4096 674 4151 malum?
703 4095 833 4161 Quae
884 4097 929 4150 si
968 4094 1253 4164 diligenter
1297 4094 1575 4164 inspicias,
1620 4094 1730 4163 ipse
1773 4096 1914 4163 apud

346 4188 690 4257 temetipsum
732 4187 1089 4257 quotidianos
1132 4186 1411 4256 profectus
1442 4194 1563 4240 tuos
1596 4186 1907 4252 discutiens,

343 4280 542 4348 quibus
569 4282 621 4335 in
645 4279 779 4336 locis
805 4282 902 4345 sis,
930 4288 985 4335 et
1006 4294 1167 4350 quam
1202 4280 1478 4348 proximus
1500 4278 1566 4332 ad
1600 4293 1763 4349 regna
1800 4294 1912 4335 caa-

2036 1822 2468 1889 iuterpretantur
2503 1822 2555 1873 in
2586 1820 2988 1874 amaritudinem
3032 1820 3369 1883 adducentes,
3408 1818 3492 1873 vel
3524 1818 3605 1872 lo-

2033 1923 2245 1983 quentes
2281 1911 2415 1981 (36).
2443 1909 2607 1965 Mittit
2634 1925 2764 1980 ergo
2789 1911 2855 1964 ad
2885 1908 3027 1965 Seon
3053 1923 3234 1979 regem
3263 1910 3606 1963 Amorrhznoo

2032 2020 2150 2058 rum
2176 2002 2387 2073 Moyses
2418 2002 2600 2058 verbis
2639 2000 2881 2071 paciﬁcis
2908 2002 3094 2057 dicens
3123 2018 3137 2055 :
3168 2018 3187 2051 ε
3230 2000 3605 2055 Transibimus

2031 2112 2127 2168 per
2157 2108 2353 2153 terram
2388 2106 2555 2152 tuam.
2588 2114 2607 2148 ι
2641 2095 2697 2151 Si
2740 2095 3038 2151 secundum
3073 2094 3372 2164 spiritalem
3407 2094 3605 2149 intelli-

2030 2188 2269 2259 gentiam
2300 2187 2600 2243 dixerimus
2629 2186 2770 2242 Seon
2797 2200 2978 2256 regem
3006 2185 3234 2254 ﬁguram
3272 2193 3455 2240 tenere
3488 2184 3605 2238 dia-

2030 2280 2159 2344 boli,
2188 2281 2314 2349 quia
2358 2280 2473 2349 ipse
2525 2289 2610 2334 est
2666 2277 2841 2333 elatus
2902 2286 2957 2332 et
3006 2277 3376 2332 infructuosus
3428 2284 3603 2345 :puto

2029 2369 2171 2436 quod
2200 2383 2305 2423 non
2331 2368 2528 2424 debeas
2568 2368 2780 2430 mirari,
2806 2369 2953 2437 quod
2978 2381 3099 2421 eum
3127 2365 3355 2422 dixerim
3396 2381 3601 2434 regem,

2031 2476 2155 2514 cum
2196 2460 2383 2515 audias
2422 2460 2589 2513 etiam
2638 2460 2813 2527 ipsum
2850 2458 3131 2512 Dominum
3167 2466 3223 2511 et
3258 2456 3599 2511 Salvatorem

2029 2561 2273 2607 nostrum
2309 2552 2361 2605 in
2392 2550 2700 2620 Evangeliis
2754 2550 2821 2605 de
2864 2564 2929 2605 eo
2972 2550 3239 2604 dicentem
3266 2549 3309 2579 "
3346 2566 3359 2602 :
3392 2567 3411 2598 σ
3463 2548 3601 2603 Ecce

2028 2659 2172 2699 nunc
2196 2643 2343 2698 venit
2376 2643 2626 2713 princeps
2653 2640 2815 2709 hujus
2844 2641 3053 2708 mundi,
3095 2650 3149 2695 et
3188 2640 3241 2694 in
3275 2654 3361 2694 me
3385 2654 3488 2693 non
3516 2640 3600 2692 iu-

2026 2738 2172 2791 venit
2204 2735 2521 2805 quidquam.
2562 2753 2580 2785 ι
2612 2734 2679 2787 Et
2707 2735 2905 2787 iterum
2936 2732 3020 2786 ⁹⁸ε
3058 2749 3077 2783 t
3110 2732 3249 2786 Ecce
3274 2746 3417 2786 nunc
3452 2732 3599 2801 prin-

2025 2842 2155 2897 ceps
2191 2828 2351 2897 hujus
2400 2825 2587 2881 mundi
2628 2824 2874 2879 mittetur
2912 2824 3079 2877 foras.
3115 2840 3134 2874 ι
3182 2820 3238 2876 Si
3268 2838 3400 2893 ergo
3434 2823 3599 2877 totius

2024 2919 2209 2972 mundi
2240 2919 2495 2988 princeps
2528 2932 2648 2973 esse
2685 2917 2739 2971 in
2782 2914 3089 2983 Evangeliis
3111 2914 3331 2980 dicitur,
3362 2928 3467 2967 non
3501 2913 3597 2967 de-

2024 3009 2115 3065 bet
2148 3010 2441 3065 absurdum
2492 3008 2660 3063 videri
2706 3006 2751 3061 si
2799 3006 2940 3061 Seon
2988 3006 3097 3075 regi
3131 3005 3596 3068 Amorrhatorum,

2025 3102 2113 3156 vel
2146 3103 2309 3157 etiam
2339 3102 2461 3157 aliis
2485 3099 2817 3171 quibuslibet
2856 3098 3096 3169 gentium
3134 3098 3351 3168 regibus
3381 3112 3595 3165 compa-

2022 3202 2199 3249 retur.
2250 3192 2511 3263 Princeps
2566 3202 2749 3247 autcm
2804 3192 3002 3248 dicitur
3057 3192 3265 3259 mundi,
3298 3206 3422 3260 .uon
3469 3190 3595 3258 quia

2021 3286 2292 3341 creaverit
2346 3285 2628 3348 mundum,
2675 3284 2769 3338 sed
2817 3285 2945 3354 quia
2997 3283 3145 3339 multi
3194 3292 3323 3338 sunt
3380 3281 3433 3336 in
3495 3282 3596 3335 hoc

2021 3377 2222 3432 mundo
2249 3388 2593 3447 peccatores.
2645 3378 2856 3435 Peecati
2891 3386 3068 3431 autem
3116 3375 3240 3444 quia
3290 3375 3406 3442 ipse
3445 3373 3596 3442 priu-

2020 3482 2150 3537 ceps
2169 3479 2273 3532 est,
2301 3468 2423 3522 ideo
2444 3468 2610 3523 etiam
2645 3470 2830 3523 mundi
2864 3467 3122 3539 princeps
3151 3464 3448 3534 appellatus
3469 3473 3550 3518 est
3573 3478 3589 3516 :

2022 3558 2076 3612 in
2120 3557 2186 3612 iis
2230 3559 2505 3626 videlicet,
2536 3562 2627 3629 qui
2664 3561 2900 3616 nondum
2941 3560 3305 3630 relinquentes
3336 3559 3590 3612 mundum

2019 3660 2409 3706 convertuntur
2431 3654 2498 3707 ad
2531 3664 2761 3724 patrem.
2798 3654 3107 3708 Secundum
3134 3653 3234 3707 hoc
3262 3652 3403 3706 enim
3435 3651 3596 3705 etiam

2021 3739 2150 3795 illud
2174 3740 2375 3796 dicitur
2408 3738 2489 3802 ”.
2546 3744 2673 3813 quia
2713 3762 2731 3797 ι
2776 3743 2955 3799 omnis
2981 3743 3213 3797 mundus
3249 3742 3301 3796 in
3357 3742 3590 3810 maligno

2018 3826 2229 3899 poSitus
2260 3832 2552 3900 est.sQuid
2584 3836 2731 3889 enim
2783 3835 2938 3890 nobis
2988 3834 3210 3903 prodest
3245 3833 3427 3888 dicere
3465 3832 3587 3900 quia

2018 3923 2276 3993 princeps
2326 3932 2512 3980 noster
2544 3924 2797 3981 Christus
2829 3934 2935 3991 est,
2968 3926 3011 3979 si
3062 3923 3224 3979 rebus
3252 3935 3304 3980 et
3336 3920 3588 3993 operibus

2017 4028 2330 4083 arguamur,
2363 4016 2488 4085 quia
2525 4016 2772 4071 diabolus
2812 4015 3179 4086 principatum
3210 4024 3356 4070 tenet
3390 4015 3441 4069 in
3493 4028 3589 4068 no-

2017 4102 2140 4156 bis?
2166 4104 2274 4157 Aut
2305 4119 2410 4158 non
2440 4104 2615 4171 palam
2645 4115 2728 4161 est
2767 4107 2865 4162 sub
2910 4121 3018 4176 quo
3066 4106 3305 4175 principe
3333 4114 3456 4174 agat
3486 4108 3587 4158 im-

2015 4192 2262 4261 pudicus,
2286 4193 2519 4249 incestus
2546 4204 2599 4251 et
2622 4196 2885 4265 injustus?
2919 4196 3169 4266 Nunquid
3199 4204 3374 4265 potest
3400 4193 3587 4263 hujus.

2016 4282 2161 4337 modi
2224 4284 2386 4340 homo
2419 4285 2616 4351 dicere,
2652 4287 2777 4357 quia
2810 4288 2911 4342 sub
2961 4286 3177 4341 Christo
3217 4286 3425 4357 posilus
3473 4288 3588 4340 haec

347 4372 521 4426 lorum
557 4373 810 4428 babearis
841 4372 1091 4427 advertes
1123 4388 1139 4426 :
1168 4372 1310 4427 sicut
1345 4379 1398 4426 et
1432 4370 1540 4436 ille,
1580 4370 1643 4423 de
1667 4386 1774 4439 quo
1806 4369 1910 4426 Do-
1942 4390 1984 4445 ι)
2015 4387 2139 4444 ago,
2176 4375 2387 4432 etiamsi
2430 4379 2532 4432 sub
2562 4377 2764 4433 Christi
2799 4377 3015 4433 nomine
3042 4380 3253 4433 censeri
3299 4377 3585 4433 videatur?

343 4462 523 4515 minus
548 4463 683 4516 dixit
709 4464 777 4528 ’³,
814 4463 938 4531 quia
983 4481 1001 4514 ε
1035 4476 1140 4516 non
1168 4463 1325 4531 longe
1362 4476 1422 4515 es
1451 4476 1479 4512 a
1515 4474 1690 4528 regno
1724 4460 1838 4514 Dei.
1878 4478 1898 4512 ι

410 4555 467 4607 Δ.
508 4554 873 4623 Subsequitur
920 4562 1042 4623 post
1089 4554 1204 4607 hmc
1256 4561 1311 4607 et
1360 4552 1463 4605 alia
1509 4550 1761 4606 historia.
1815 4552 1907 4606 Ait

341 4648 485 4700 cnim
508 4649 553 4678 οδ
586 4663 598 4697 :
630 4665 648 4699 ι
709 4647 775 4701 Et
826 4645 971 4700 misit
1005 4644 1236 4714 Moyses,
1271 4662 1289 4695 ι
1338 4651 1429 4696 aut
1462 4644 1543 4711 (ut
1588 4642 1817 4697 habetur
1852 4644 1903 4697 in

340 4736 611 4791 nonnullis
644 4734 1109 4806 exemplaribus),t
1142 4740 1197 4787 et
1228 4731 1373 4785 misit
1400 4731 1565 4785 Israel
1600 4730 1801 4800 legatos
1840 4734 1905 4787 ad

340 4828 483 4885 Seon
518 4843 695 4899 regem
724 4828 1162 4885 Amorrhzcorum
1184 4824 1364 4879 verbis
1383 4824 1643 4893 pacilicis,
1672 4825 1857 4881 dicens
1887 4845 1899 4880 :

409 4947 454 4977 ⁸³
481 4947 498 5000 1
530 4947 657 5003 Cor.
692 4961 808 5009 vm,
836 4944 888 4998 6.
967 4944 1011 4976 θ’
1052 4940 1334 4996 IThessal.
1371 4957 1424 5002 v,
1460 4942 1545 4994 lt).
1622 4940 1668 4972 ⁹⁰
1702 4941 1905 4998 (Moss.
1942 4961 2022 5006 ιιι.
2052 4948 2106 5004 5.

749 5016 795 5047 “
841 5015 1048 5082 Ephes,
1094 5028 1154 5078 ιι,
1206 5012 1258 5066 6.
1372 5012 1417 5043 ⁹⁵
1446 5010 1612 5066 Marc.
1655 5028 1749 5077 xu,
1788 5014 1875 5067 54.

340 5032 509 5077 xxx",
556 5017 645 5071 '59.
749 5017 795 5047 "‘
841 5017 1039 5082 Ephes.
1094 5028 1154 5078 ιι,
1206 5017 1258 5066 6.
1372 5017 1391 5043 ν

340 5086 381 5117 ’⁸
413 5086 570 5141 Joan.
599 5102 697 5147 xu,
734 5086 823 5139 5l.
900 5087 942 5117 ³³
976 5084 993 5137 l
1022 5080 1176 5138 Joan.
1221 5099 1271 5147 v,
1310 5083 1396 5137 19.

337 5086 381 5117 ⁸⁸
413 5086 570 5141 Joan.
599 5102 697 5151 xu,
734 5086 823 5139 5l.

407 5220 519 5289 (34)
556 5218 621 5273 In
648 5219 896 5284 Bamotlt,
926 5221 1063 5282 quod
1095 5220 1466 5289 interpretatur
1483 5228 1759 5289 anvesrus
1780 5232 1907 5272 uou-

337 5288 726 5369 TIS.i‘iintirtlm
777 5305 805 5342 a
864 5291 1046 5344 radice
1086 5288 1273 5355 313,1
1312 5289 1482 5354 venit,
1518 5288 1761 5369 advenit,
1802 5308 1821 5340 ι
1854 5299 1907 5345 ct

338 5359 555 5411 nomine
592 5368 708 5418 nm
747 5376 764 5408 ι
795 5373 991 5412 mors.»
1518 5358 1577 5372 “

409 5428 521 5491 (55)
559 5429 622 5481 ln
658 5428 877 5489 lanam,
903 5428 1042 5495 quod
1072 5430 1450 5494 interpretatur
1484 5435 1762 5489 ASCENSUS,
1802 5428 1908 5481 sive

339 5509 547 5550 vnnrex
573 5510 787 5550 MONTIS.
826 5498 880 5550 lu
928 5497 1202 5549 ltodiernis
1240 5496 1348 5547 τῶν
1398 5499 1451 5545 0'
1508 5497 1908 5563 exemplaribus

338 5565 493 5617 Nutu.
528 5582 638 5628 xxi,
658 5570 748 5628 20,
780 5567 971 5629 legitur
1002 5567 1095 5619 καὶ
1112 5565 1217 5618 ἀπὸ
1236 5565 1433 5634 Βαμὸιο
1460 5567 1537 5627 εἰς
1566 5565 1763 5633 νάπην,
1782 5566 1906 5617 olim

338 5636 453 5688 loco
496 5636 574 5689 εἰς
633 5636 808 5693 νάπην
856 5637 1011 5690 modo
1056 5637 1333 5692 lcacbatur
1378 5638 1455 5691 si;
1512 5636 1705 5691 ’la’wv-n.
1749 5637 1908 5689 modo

1954 5017 1999 5047 ⁹⁶
2034 5017 2197 5072 Num.
2250 5036 2367 5087 χιιι,
2422 5020 2513 5088 2|,
2573 5022 2665 5089 22,
2717 5022 2809 5088 25,
2845 5021 2935 5075 24.

2015 4464 2071 4519 lu
2100 4481 2206 4535 quo
2226 4466 2477 4524 Christus
2503 4471 2860 4540 principatum
2890 4472 3049 4540 gerit,
3074 4472 3221 4525 nulla
3252 4472 3323 4526 ibi
3349 4471 3584 4525 immun-

2016 4556 2169 4621 ditia,
2195 4559 2339 4613 nulla
2374 4560 2632 4629 iniquitas
2652 4561 2975 4627 admittitur,
2991 4576 3089 4617 nec
3116 4563 3318 4619 habere
3347 4561 3583 4631 aliquem

2017 4648 2192 4702 locum
2228 4658 2404 4718 potest
2431 4651 2625 4719 injusta
2660 4653 2946 4721 cupiditas.
2970 4653 3275 4708 Secundum
3302 4654 3445 4707 hunc
3478 4654 3583 4707 ita-

2015 4754 2121 4808 que
2166 4743 2382 4797 modum
2437 4752 2585 4799 recte
2620 4754 2673 4799 et
2708 4746 2958 4800 Christus
2995 4747 3256 4801 virtutum
3305 4746 3580 4815 princeps,

2013 4840 2067 4884 et
2119 4832 2367 4889 diabolus
2410 4835 2631 4890 malitia:
2687 4851 2752 4891 ac
2806 4837 2968 4891 totius
3016 4837 3319 4907 iniquitatis
3352 4838 3578 4892 dicetur.

2730 4954 2775 4984 ⁸³³
2804 4951 2822 5004 1
2858 4950 2985 5007 Cor.
3036 4968 3124 5016 xv,
3154 4952 3246 5008 26.
3350 4953 3395 4984 "
3426 4951 3580 5006 Deut.

2207 4951 2248 4983 “
2277 4951 2436 5005 Rom.
2463 4967 2535 5017 vt,
2567 4952 2623 5007 4.
2730 4954 2775 4984 ⁸³³
2804 4951 2822 5004 1
2858 4951 2985 5007 Cor.
3036 4968 3124 5016 xv,
3154 4952 3246 5008 26.
3350 4953 3395 4984 "
3426 4951 3579 5006 Deut.

2250 5036 2367 5087 χιιι,
2422 5020 2513 5088 2|,
2573 5022 2665 5088 22,
2717 5022 2809 5088 25,
2845 5021 2935 5075 24.
3045 5024 3089 5054 ’7
3122 5022 3279 5078 Joan.
3328 5038 3438 5088 xlv,
3486 5022 3579 5076 50.

2009 5227 2087 5289 εἰς
2110 5227 2296 5300 *Ἰάννη
2325 5229 2519 5300 νάπην.
2553 5230 2607 5283 lu
2643 5230 2869 5286 llcbrmo
2898 5241 3075 5287 autem
3113 5234 3260 5289 fonte
3304 5232 3436 5288 nihil
3492 5249 3576 5287 rc-

2009 5297 2218 5372 pcritur
2247 5300 2386 5350 unde
2416 5297 2609 5353 nomen
2654 5302 2825 5372 Ἰάννη
2861 5303 2976 5356 erui
3012 5305 3199 5371 possit,
3233 5304 3334 5358 nisi
3368 5305 3421 5357 in
3472 5302 3574 5357 ηε-

2008 5367 2163 5440 braca
2178 5382 2308 5440 voce
2336 5377 2465 5427 nun
2499 5384 2593 5436 pro
2624 5367 2824 5437 gitimef
2851 5367 3074 5440 legerint
3101 5390 3227 5427 nun.

2078 5435 2188 5501 (56)
2216 5435 2662 5495 Amori-luparuni,
2704 5441 2791 5505 qui
2824 5451 2869 5490 et
2904 5435 3013 5505 ipsi
3054 5442 3471 5504 interpretantur
3522 5459 3570 5498 IN

2012 5519 2412 5559 auamrunmuu
2454 5522 2796 5567 Altlthl-ZNTES
2870 5510 2942 5562 ιρι
3014 5512 3406 5576 ιορυεδιτεςΔ
3443 5521 3576 5570 Tn:

2014 5588 2032 5619 ί
2064 5586 2303 5625 amarum
2337 5587 2472 5628 CSSC.
2510 5593 2527 5624 ι
