4086 6218
247 231 411 288 665
1500 222 1567 278 IN
1604 221 1937 279 NUMEROS
1958 222 2242 280 IIOMILIA
2265 223 2399 281 XIII.
3452 229 3555 284 665

245 347 475 402 Mittit
505 346 667 423 igitur
690 344 856 401 Israel
888 344 1092 414 legatos
1115 344 1179 398 ad
1216 358 1394 414 regem
1416 344 1877 410 Amorrhteorum,
1908 349 1954 405 Α
1984 346 2071 401 da.
2106 366 2124 398 ι
2162 348 2255 401 Via
2272 362 2400 418 ergo
2427 347 2594 417 regali
2631 347 2986 403 incedendum
3013 355 3116 411 est,
3150 361 3252 402 nec
3277 346 3547 400 declinau-

250 450 492 505 rcgem
533 422 590 490 in
618 433 989 489 amaritudine
1024 435 1454 504 provocantinm,
1486 449 1667 503 regem
1711 434 1879 489 infruo
1982 438 2111 492 dum
2135 453 2362 507 nsquam
2394 452 2568 506 neque
2594 437 2646 492 in
2667 452 2852 506 agrum
2884 436 3022 505 ejus,
3054 453 3230 506 neque
3258 438 3309 490 in
3340 436 3553 489 vineam

245 536 576 591 ctuosum,
617 541 799 594 regem
827 525 1000 596 316
1030 525 1342 596 superbum.
1389 525 1668 591 Quomodo
1695 543 1880 597 super-
1979 529 2098 595 ejus
2125 546 2139 582 :
2168 529 2221 582 id
2254 537 2338 583 est
2376 543 2549 597 neque
2578 527 2645 581 ad
2676 543 2863 596 opera,
2902 542 3080 596 neque
3111 529 3177 581 ad
3214 542 3404 581 sensus
3440 528 3525 578 dia

246 616 421 683 bus,
463 617 738 689 quomodo
766 618 941 672 elatus
989 615 1272 671 docebitur
1314 617 1599 672 diabolus?
1640 620 1759 688 Ipse
1796 630 1879 674 est
1981 622 2190 678 bolicos
2212 622 2491 677 declinare
2539 622 2682 675 ultra
2723 637 2881 675 mens
2920 621 3154 675 ﬁdelium
3195 620 3371 675 debet.
3407 619 3554 685 Quo-

250 709 377 775 qtti
430 706 615 764 dixit‘
657 725 672 762 :
709 724 727 759 ι
762 705 975 762 Virtute
1004 721 1121 762 mea
1150 706 1368 772 faciam,
1398 717 1452 763 et
1494 709 1761 779 sapientia
1796 712 1878 764 in-
1980 713 2140 767 modo
2176 726 2306 781 ergo
2340 712 2587 766 volumus
2615 710 2749 764 ﬁnes
2778 711 3220 765 Amorrhzeornm
3251 723 3375 764 cum
3418 723 3552 777 pace

252 802 555 858 tcllectus
587 801 694 857 mei
740 800 988 856 auferam
1022 802 1158 857 ﬁnes
1201 802 1467 872 gentium,
1497 812 1552 857 et
1594 802 1875 858 l'ortitudi-
1980 805 2256 860 transire?
2314 803 2642 868 Amorrltzei,
2688 803 2986 857 inﬁdelium
3039 803 3129 870 qui
3174 809 3299 855 sunt
3346 802 3397 854 in
3451 802 3551 854 hoc

255 908 426 948 nem
462 909 651 950 eorum
692 895 1068 964 depmdabor,
1123 902 1179 949 et
1226 896 1581 951 commovebo
1624 896 1875 952 civitates
1978 897 2180 950 mundo
2225 910 2329 964 pax
2375 894 2543 964 accipi
2581 903 2796 962 potest:
2826 895 2921 948 sed
2961 894 3045 947 isti
3100 894 3548 962 interpretantur,

251 999 421 1053 qua:
460 985 858 1052 inhabitantur,
892 994 945 1041 et
986 986 1299 1042 universum
1353 988 1541 1041 orbem
1591 994 1749 1042 terra:
1780 1003 1872 1042 ca-
1976 996 2036 1041 ut
2063 1002 2224 1057 supra
2263 986 2517 1051 diximus,
2549 986 2629 1042 vel
2673 988 2728 1040 in
2757 986 3171 1039 amaritudinem
3206 986 3548 1047 adducentes,

250 1076 443 1142 piam
474 1092 635 1131 manu
668 1091 782 1131 mea
815 1077 955 1133 sicut
978 1077 1185 1132 nidttm.
1221 1096 1240 1130 ι
1276 1076 1340 1132 Et
1368 1077 1563 1132 iterum
1603 1078 1733 1132 dicit
1759 1078 1873 1133 ela-
1975 1074 2058 1130 vel
2095 1075 2385 1145 loquentes.
2411 1075 2476 1128 Et
2497 1074 2767 1143 quomodo
2795 1074 3009 1141 quidem
3039 1074 3091 1127 in
3129 1075 3546 1129 amaritudinem

254 1175 373 1221 tus
405 1167 499 1221 hic
526 1176 582 1221 et
616 1167 883 1235 superbus
914 1169 935 1200 ³
975 1185 989 1222 :
1022 1186 1041 1219 ι
1080 1166 1385 1223 Ascendam
1423 1167 1477 1222 in
1511 1167 1729 1235 ctelunt,
1779 1182 1873 1221 su-
1974 1166 2248 1220 adducant
2276 1166 2442 1219 Deum
2475 1165 2725 1221 inﬁdeles
2773 1176 2828 1220 et
2870 1165 3164 1229 increduli,
3205 1165 3548 1235 expositione

254 1272 385 1327 pra
425 1257 605 1313 sidera
630 1258 754 1312 caeli
790 1272 982 1325 ponam
1013 1258 1265 1312 thronum
1298 1273 1499 1313 meum.
1549 1258 1759 1313 Sedebo
1817 1258 1870 1312 in
1974 1276 2080 1315 non
2128 1260 2333 1329 indiget
2371 1276 2385 1311 :
2417 1261 2559 1328 quod
2616 1268 2794 1312 autem
2849 1260 2926 1313 ait
2969 1259 3261 1329 loquentes,
3298 1261 3364 1315 ad
3402 1261 3546 1315 illam

252 1357 482 1405 monte
506 1350 740 1415 excelso,
769 1364 932 1419 supra
956 1358 1165 1405 montes
1195 1348 1333 1404 altos
1356 1349 1449 1418 qui
1474 1356 1600 1403 sunt
1623 1347 1690 1402 ad
1720 1348 1871 1416 aqni-
1972 1362 2182 1423 partem
2213 1353 2354 1408 trahi
2384 1361 2562 1423 potest
2578 1367 2680 1419 qua
2698 1351 2943 1407 inﬁdeles
2968 1352 3166 1421 quique
3193 1361 3249 1407 et
3274 1352 3374 1407 sub
3400 1354 3548 1422 prin-

254 1438 500 1505 ιοηθηι,
526 1443 814 1496 ascendam
850 1454 1014 1509 supra
1046 1441 1245 1505 “Ubes.
1275 1450 1329 1494 el
1355 1455 1453 1496 ero
1488 1426 1681 1509 similis
1705 1440 1870 1494 Altis-
1971 1448 2090 1515 cipc
2120 1445 2340 1500 diabolo
2368 1454 2593 1515 agentes
2616 1443 2760 1512 loqui
2793 1454 2993 1498 norunt
3019 1444 3416 1509 tantummodo,
3450 1446 3544 1499 sed

252 1531 455 1586 simo.
500 1550 519 1585 ι
550 1531 741 1587 Adhuc
770 1531 1002 1601 requiris
1032 1530 1077 1586 si
1116 1531 1233 1600 ipse
1262 1530 1532 1586 sitelatus
1586 1541 1640 1587 et
1677 1547 1869 1602 super—
1971 1539 2267 1607 loquuntur
2292 1537 2496 1591 inania.
2524 1536 2686 1592 Verbi
2717 1552 2904 1599 causa,
2940 1544 2998 1588 ιιι
3030 1545 3201 1605 poetae
3241 1551 3453 1601 eorum,
3490 1545 3548 1589 ul.

252 1622 433 1679 bus?
460 1624 571 1679 Imo
600 1624 780 1695 potius
808 1631 865 1678 et
912 1624 1026 1693 ipse
1060 1624 1329 1693 superbus
1358 1634 1439 1679 est
1483 1633 1538 1679 et
1577 1625 1776 1688 elatus,
1814 1636 1867 1680 et

257 1718 379 1773 ille
420 1718 511 1786 qui
541 1718 693 1787 quasi
737 1718 1048 1787 unigenitus
1078 1717 1195 1787 ejus
1234 1727 1336 1784 est,
1363 1718 1431 1774 de
1473 1733 1579 1787 quo
1607 1720 1866 1787 scriptum

257 1818 369 1863 cst
418 1809 459 1875 ³,
490 1809 617 1878 quia
652 1826 671 1861 ι
720 1808 1000 1863 extollitur
1045 1823 1211 1878 super
1259 1823 1419 1863 omne
1469 1809 1614 1877 quod
1667 1809 1868 1865 dicitur

263 1898 457 1965 Deus,
491 1902 746 1969 autquod
776 1901 972 1955 colitur
997 1920 1010 1956 :
1035 1901 1107 1955 ita
1136 1910 1192 1955 ut
1224 1902 1276 1954 in
1305 1900 1505 1969 templo
1530 1901 1622 1955 Dei
1659 1902 1862 1968 sedeat,

262 1999 578 2045 ostentans
625 2006 683 2046 se
730 1998 985 2061 tanquam
1017 1993 1088 2046 sit
1125 1988 1285 2046 Deus.
1331 2011 1350 2042 ι
1386 1990 1579 2047 Omnis
1612 2007 1744 2064 ergo
1772 1995 1863 2063 qui

262 2082 468 2138 elatus
494 2092 658 2139 estet
691 2085 975 2153 superbus,
1004 2084 1089 2139 vel
1129 2084 1271 2140 ﬁlius
1305 2093 1387 2140 est
1412 2085 1535 2140 elati
1568 2084 1748 2153 hujus,
1780 2088 1862 2143 vel

263 2174 589 2244 discipulus
613 2183 668 2230 et
704 2175 967 2229 imitator.
994 2175 1059 2229 Et
1096 2184 1381 2245 propterea
1403 2178 1537 2233 dicit
1569 2177 1864 2245 Apostolus

263 2266 343 2320 de
379 2266 614 2335 quodam
655 2267 677 2298 ⁸
710 2283 723 2319 :
755 2284 774 2317 ι
808 2265 887 2321 Ne
917 2268 1055 2321 forte
1081 2266 1261 2321 elatus
1291 2268 1493 2325 incidat
1517 2271 1567 2325 in
1597 2269 1860 2339 judicium

262 2357 524 2425 diaboli;
564 2377 582 2410 ι
620 2362 916 2416 ostendens
936 2375 1033 2428 per
1060 2360 1185 2428 hoc,
1217 2364 1341 2432 quia
1372 2364 1552 2420 omnis
1578 2363 1755 2419 elatus
1788 2364 1862 2418 si-

269 2449 400 2503 mili
440 2459 498 2503 ut
529 2451 775 2507 diabolus
812 2452 1018 2520 judicio
1052 2455 1527 2510 condemnabitur.
1586 2455 1693 2511 Nos
1729 2471 1860 2527 ergo

266 2554 476 2597 sumus
502 2542 592 2611 qui
631 2544 863 2598 transire
893 2545 1144 2601 Volumus
1177 2562 1273 2617 per
1299 2547 1441 2603 hunc
1482 2553 1760 2622 mundum,
1804 2558 1859 2604 ut

268 2631 573 2701 pervenire
595 2633 867 2703 possimus
899 2636 964 2690 ad
997 2645 1199 2691 terram
1225 2648 1490 2702 sanetam,
1520 2653 1639 2709 quae
1674 2654 1858 2709 repro-

264 2723 449 2778 missa
479 2734 560 2779 est
589 2727 790 2782 sanctis
838 2747 851 2781 :
897 2736 951 2782 et
985 2730 1247 2785 mittimus
1283 2731 1465 2786 verbis
1503 2731 1743 2801 paciﬁcis
1790 2735 1856 2787 ad

268 2816 455 2884 Seon,
504 2820 881 2887 promittentes
929 2837 1035 2877 non
1087 2839 1183 2879 nos
1225 2824 1562 2880 habitaturos
1613 2827 1665 2880 in
1708 2834 1852 2881 terra

264 2909 421 2980 ejus,
463 2928 564 2968 ncc
598 2924 902 2969 moraturos
930 2929 1051 2969 cum
1085 2931 1173 2981 eo,
1222 2917 1313 2972 scd
1360 2917 1690 2972 transituros
1735 2927 1855 2972 tan-

1970 1629 2255 1699 astrologi,
2279 1637 2337 1682 ut
2359 1626 2600 1682 nonnulli
2630 1629 2793 1684 etiam
2827 1628 3286 1697 philosophorum.
3314 1627 3405 1697 qui
3434 1627 3541 1681 ina-

1972 1722 2061 1776 nia
2122 1722 2415 1790 loquuntur
2454 1730 2508 1777 et
2545 1734 2701 1776 vana.
2764 1718 3031 1775 Fidelium
3087 1728 3267 1771 autem
3319 1733 3545 1787 regnum

1969 1815 2113 1883 quod
2143 1830 2170 1866 a
2202 1814 2311 1869 Deo
2334 1824 2437 1873 est,
2466 1828 2570 1868 non
2605 1812 2656 1865 in
2690 1825 2943 1866 sermone
2971 1819 3074 1875 est,
3101 1809 3194 1863 sed
3230 1808 3283 1862 in
3319 1808 3544 1864 virtute.

1969 1906 2231 1960 Volumus
2259 1920 2390 1974 ergo
2430 1918 2530 1957 nos
2574 1900 2803 1971 paciﬁce
2843 1900 3077 1955 transire
3125 1915 3221 1968 per
3263 1900 3543 1962 mundum,

1968 1999 2061 2054 sed
2092 1999 2194 2053 hoc
2218 1997 2394 2066 ipsum
2423 1995 2596 2065 magis
2624 1992 3133 2062 incitatprincipem
3162 1993 3369 2057 mundi,
3397 1992 3544 2060 quod

1967 2091 2198 2146 dicimus
2220 2103 2318 2143 nos
2349 2086 2493 2141 nolle
2518 2098 2837 2154 permanere
2869 2098 2991 2137 eum
3025 2082 3161 2150 ipso,
3181 2097 3282 2137 nec
3316 2081 3541 2148 morari,

1967 2196 2065 2237 nec
2088 2179 2291 2250 aliquid
2326 2178 2442 2249 ejus
2466 2176 2602 2231 velle
2623 2176 2940 2246 contingere
2971 2191 2984 2227 :
3023 2174 3145 2227 inde
3188 2172 3361 2242 magis
3409 2188 3543 2227 exa-

1966 2275 2236 2340 cerbatur,
2270 2271 2393 2327 inde
2415 2269 2712 2335 extollitur,
2756 2276 2811 2322 et
2841 2268 3117 2331 irascitur,
3149 2275 3199 2320 et
3228 2278 3534 2320 commovet

1965 2364 2120 2422 nobis
2142 2365 2566 2435 persecutiones,
2605 2360 2844 2432 pericula
2874 2358 3121 2424 suscitat,
3151 2358 3426 2412 cruciatus
3454 2357 3539 2410 in-

1966 2468 2157 2513 tentat.
2191 2457 2255 2511 Et
2304 2457 2425 2511 ideo
2476 2455 2630 2511 dicit:
2655 2474 2671 2504 t
2694 2451 3080 2522 Congregavit,
3112 2449 3287 2521 inquit
3319 2449 3361 2516 ",
3393 2448 3537 2504 Seon

1961 2565 2178 2606 omnem
2203 2547 2458 2618 populum
2490 2561 2673 2611 suum,
2711 2554 2765 2599 et
2790 2544 2923 2598 exiit
2950 2539 3241 2609 conﬂigere
3274 2542 3538 2595 adversus

1961 2642 2145 2697 Israel.
2191 2663 2210 2693 ι
2249 2639 2380 2705 Quis
2412 2650 2493 2693 est
2531 2636 2710 2692 omnis
2747 2634 2977 2705 populus
3014 2633 3182 2699 Seon,
3219 2646 3376 2701 quem
3408 2646 3535 2685 con-

1958 2736 2095 2789 citat
2136 2741 2328 2787 contra
2378 2730 2581 2784 Israel?
2639 2727 2922 2796 Principes
2969 2741 3032 2781 ac
3075 2725 3287 2795 jndiccs
3327 2726 3536 2791 mundi,

1958 2824 2253 2893 cunctique
2280 2822 2535 2892 nequitia:
2561 2820 2817 2883 ministri,
2840 2819 2930 2887 qui
2959 2819 3271 2888 impngnant
3298 2834 3533 2889 semper,

1958 2926 2012 2971 et
2038 2924 2439 2985 persequuntur
2468 2913 2719 2981 populum
2742 2911 2855 2965 Dei.
2875 2910 2980 2964 Sed
3005 2910 3135 2978 quid
3168 2909 3303 2964 facit
3332 2910 3536 2965 Israel?

268 3005 580 3073 tummodo,
607 3016 663 3061 et
689 3007 1003 3066 incessuras
1026 3010 1109 3064 via
1135 3010 1324 3081 regali,
1359 3025 1460 3065 nec
1484 3010 1847 3066 declinaturos

1963 3026 1982 3058 ι
2026 3005 2202 3069 Venit,
2240 3006 2412 3074 inquit
2458 3005 2514 3067 ⁸,
2576 3004 2627 3056 in
2661 3001 2857 3057 lssaar.
2889 3020 2908 3055 ι
2946 3000 3123 3055 Issaar
3147 3001 3537 3069 interpretatur

264 3110 530 3164 ttsquam,
558 3099 804 3167 neqnein
835 3115 1045 3170 agrum,
1066 3114 1238 3169 neque
1272 3100 1324 3153 in
1359 3100 1590 3164 vineam,
1619 3100 1711 3154 sed
1752 3114 1851 3154 nec

267 3188 342 3242 de
372 3187 493 3240 lacu
522 3188 637 3256 ejus
660 3203 853 3258 aquam
880 3190 1466 3247 bibituros.Videamus
1484 3206 1612 3261 ergo
1636 3191 1853 3262 quando

270 3291 380 3330 nos
410 3276 508 3331 ista
539 3280 907 3347 promisimus,
934 3282 1148 3349 quando
1182 3283 1296 3337 lucc
1325 3282 1486 3338 verba
1523 3282 1741 3337 diabolo
1766 3282 1853 3336 de-

270 3367 665 3425 nuntiavimus.
695 3371 1029 3428 Recordetur
1052 3375 1421 3444 unusquisque
1441 3374 1698 3441 ﬁdelium,
1726 3389 1848 3429 cum

270 3457 512 3526 primum
540 3462 689 3516 venit
717 3461 784 3517 ad
810 3477 977 3531 aquas
1001 3463 1280 3533 baptismi,
1310 3480 1431 3519 cum
1476 3466 1752 3535 signacula
1790 3467 1850 3520 ﬁ-

268 3549 360 3603 dei
394 3551 568 3617 prima
605 3555 867 3625 suscepit,
899 3564 953 3611 et
981 3558 1045 3611 ad
1077 3557 1280 3612 fontem
1311 3557 1566 3612 salutaris
1593 3559 1847 3625 accessit,

268 3640 470 3710 quibus
504 3644 575 3698 ibi
611 3654 737 3701 tunc
768 3662 896 3702 usus
929 3648 1001 3701 sit
1032 3648 1231 3713 verbis,
1256 3657 1309 3703 ct
1336 3650 1461 3718 quid
1493 3652 1849 3705 renuntiave-

268 3734 343 3788 rit
396 3734 654 3791 diabolo:
700 3753 804 3792 non
849 3754 909 3793 se
959 3756 1184 3793 nsnrnm
1234 3742 1443 3810 pompis
1489 3741 1625 3810 ejus,
1672 3757 1848 3812 neque

267 3830 525 3899 operibus
556 3834 695 3903 ejus,
727 3848 901 3904 neque
948 3835 1071 3890 ullis
1108 3838 1334 3892 omnino
1356 3839 1599 3893 servitiis
1628 3838 1748 3910 ejus
1783 3854 1846 3894 ac

267 3922 641 3994 voluptatibus
671 3929 1000 3997 pariturnm.
1031 3929 1095 3985 Et
1129 3931 1230 3985 hoc
1259 3942 1343 3986 est
1383 3931 1523 3999 quod
1575 3932 1658 3986 his
1712 3932 1846 4001 legis

268 4017 610 4073 sermonibus
655 4019 1031 4086 adumbratur,
1061 4023 1186 4090 quia
1235 4036 1340 4075 non
1381 4022 1616 4078 declinet
1657 4023 1840 4089 Israel,

270 4123 445 4177 neque
482 4109 534 4162 in
567 4124 758 4177 agrum
796 4110 936 4178 ejus,
980 4127 1157 4182 neque
1208 4113 1260 4166 in
1296 4112 1506 4167 vineam
1550 4113 1682 4181 ejus.
1733 4115 1841 4171 Sed

269 4213 443 4270 neque
473 4216 671 4270 aquam
713 4202 779 4256 de
814 4202 933 4258 lacn
965 4204 1081 4272 ejus
1119 4204 1410 4274 pollicetur
1438 4221 1496 4261 se
1528 4222 1651 4262 esse
1692 4219 1842 4279 pota-

268 4298 469 4343 turum.
503 4288 616 4345 Non
652 4291 797 4345 enim
850 4292 990 4347 ultra
1038 4295 1336 4364 disciplina:
1385 4295 1686 4367 diabolicae,
1732 4314 1836 4353 non

1957 3100 2197 3154 mandati
2230 3096 2532 3166 adimpletio
2564 3096 2699 3166 (57).
2751 3095 2809 3149 Si
2855 3108 2986 3162 ergo
3028 3093 3312 3149 veniamus
3351 3102 3405 3147 et
3436 3108 3535 3148 nos

1956 3193 2020 3247 ad
2053 3192 2227 3245 locum
2276 3191 2461 3252 istum,
2529 3190 2578 3243 id
2632 3200 2716 3243 est
2761 3188 2827 3241 ad
2861 3188 3222 3258 expletionem
3256 3187 3534 3241 mandato-

1956 3300 2097 3346 rum,
2130 3282 2345 3336 etiamsi
2385 3296 2506 3335 cum
2539 3280 2687 3335 omni
2723 3281 2968 3334 exercitu
3014 3279 3201 3332 veniat
3246 3278 3530 3332 adversum

1954 3390 2052 3429 nos
2092 3373 2233 3428 Seon
2270 3373 2371 3427 iste
2400 3374 2596 3437 elatus,
2628 3380 2684 3424 et
2723 3372 2992 3439 superbus
3015 3369 3278 3434 diabolus,
3318 3379 3530 3425 etcen-

1953 3468 2100 3538 lligat
2121 3467 2409 3520 adversum
2438 3479 2556 3529 nos,
2603 3464 2647 3518 si
2684 3477 2875 3517 omnes
2907 3477 3036 3517 suos
3061 3469 3253 3516 contra
3284 3476 3382 3517 nos
3415 3462 3527 3516 dae-

1953 3573 2139 3613 mones
2186 3556 2446 3622 concitet,
2497 3569 2815 3626 superamus
2861 3568 2983 3608 eum
3038 3553 3081 3608 si
3135 3553 3228 3608 Dei
3278 3554 3523 3609 mandata

1950 3648 2305 3719 complemus.
2331 3646 2611 3717 Complerc
2635 3643 2777 3699 enim
2805 3644 3077 3706 mandata,
3102 3643 3204 3697 hoc
3233 3652 3315 3697 est
3340 3643 3527 3697 diabo-

1950 3740 2059 3793 lum
2091 3750 2144 3793 et
2172 3753 2387 3793 onmem
2436 3737 2553 3805 eius
2595 3734 2896 3791 exercitum
2953 3749 3234 3804 superare.
3289 3735 3353 3788 Et
3402 3744 3527 3789 tunc

1950 3830 2314 3898 complebitur
2365 3830 2417 3884 in
2459 3828 2616 3885 nobis
2652 3827 2952 3898 apostolica
2991 3827 3167 3881 oratio
3198 3841 3301 3894 qna
3346 3825 3470 3879 ait’
3506 3842 3521 3879 :

1953 3941 1972 3974 ι
2012 3922 2152 3978 Deus
2173 3930 2352 3977 autem
2379 3930 2622 3978 conteret
2672 3922 2929 3977 Satanam
2970 3918 3073 3975 sub
3108 3919 3271 3989 pedes
3308 3926 3525 3972 nostros

1947 4012 2222 4067 velociter.
2260 4032 2279 4066 ι
2318 4012 2383 4067 Ει
2428 4013 2557 4068 illud
2613 4014 2758 4083 quod
2791 4012 3048 4068 Dominus
3092 4012 3169 4065 ait
3197 4011 3281 4064 ’σε
3319 4028 3339 4061 ι
3385 4009 3524 4065 Ecce

1946 4104 2065 4159 dedi
2103 4105 2261 4160 vobis
2307 4114 2632 4175 potestatem
2684 4106 2928 4161 calcandi
2961 4119 3128 4175 super
3162 4112 3444 4174 serpentes
3469 4113 3524 4157 et

1945 4199 2279 4268 scorpiones,
2322 4208 2377 4253 et
2424 4214 2589 4269 super
2619 4214 2837 4254 omnem
2872 4200 3126 4255 virtutem
3183 4197 3412 4264 inimici,
3467 4207 3523 4252 et

1947 4290 2085 4345 nihil
2108 4292 2260 4347 vobis
2287 4293 2522 4347 nocebit.
2554 4310 2573 4344 ›
2610 4292 2754 4347 Nihil
2789 4294 2932 4347 enim
2960 4308 3158 4348 nocere
3190 4293 3343 4347 vobis
3367 4301 3521 4361 pote-

265 4380 588 4449 aSII‘OItlgia},
631 4396 734 4435 non
767 4383 1007 4452 magicae,
1039 4400 1141 4439 non
1173 4385 1334 4440 ullius
1364 4388 1586 4442 omnino
1632 4390 1833 4445 doctri-
1870 4358 1918 4417 D
1950 4392 2073 4436 runt
2108 4384 2207 4438 ista
2240 4385 2421 4438 omnia
2472 4386 2516 4439 si
2562 4386 2844 4441 veniamus
2894 4386 2946 4440 in
3001 4386 3198 4450 Issaar,
3230 4387 3282 4440 id
3317 4394 3420 4450 est,
3470 4384 3515 4439 si

265 4484 363 4538 nm,
392 4486 513 4540 quae
552 4484 739 4527 contra
773 4472 864 4528 Dei
904 4475 1159 4543 pietatem
1200 4476 1405 4548 aliquid
1432 4480 1643 4545 doceat,
1673 4497 1836 4550 pocu-

269 4564 366 4616 lum
408 4574 585 4618 sumet
613 4565 806 4621 ﬁdelis.
836 4566 1009 4622 Ilabct
1034 4570 1175 4622 enim
1212 4585 1341 4626 suos
1375 4572 1576 4637 fontes,
1601 4585 1655 4628 et
1700 4576 1836 4631 bibit

264 4653 323 4706 de
345 4652 589 4710 fontibus
623 4655 807 4722 Israel,
850 4658 983 4712 bibit
1020 4659 1086 4713 de
1116 4662 1353 4717 fontibus
1394 4664 1690 4720 salutaris:
1725 4684 1830 4722 non

264 4742 391 4797 bibit
419 4759 612 4815 aquam
668 4750 735 4803 de
784 4750 904 4805 lacu
950 4752 1121 4819 Seon,
1155 4767 1251 4807 nec
1287 4754 1595 4823 relinquens
1626 4755 1826 4813 fontem

263 4849 407 4903 aqua:
439 4839 573 4890 vivae
606 4852 899 4909 congregat
927 4845 1028 4899 sibi
1065 4845 1215 4900 lacus
1239 4844 1565 4901 conlraclos.
1621 4848 1726 4903 Sed
1772 4860 1825 4906 et

263 4922 336 4975 via
382 4925 544 4993 regali
574 4926 910 4985 inccssurunt
933 4946 990 4986 se
1022 4934 1326 5001 proﬁtetur.
1361 4936 1490 5003 Quae
1513 4947 1595 4991 est
1631 4940 1712 4991 via
1744 4955 1830 4993 re-

264 5017 426 5083 galis?
476 5016 567 5073 Illa
600 5022 719 5076 sine
771 5025 934 5078 dubio
971 5041 1086 5093 quae
1127 5027 1257 5081 dicit
1295 5030 1337 5091 ⁸,
1372 5051 1388 5080 ‹
1419 5028 1531 5101 Ego
1565 5047 1680 5085 sum
1715 5034 1824 5099 via,

264 5107 476 5175 veritas,
507 5118 560 5163 et
583 5111 712 5167 vita.
762 5131 781 5164 ι
818 5114 882 5167 Ει
919 5116 1109 5169 merito
1141 5118 1336 5184 regalis
1370 5134 1385 5172 :
1414 5121 1527 5188 ipse
1556 5132 1639 5177 est
1661 5125 1827 5188 enim,

265 5193 319 5248 de
350 5211 457 5266 quo
499 5197 769 5270 Propheta
807 5204 881 5258 ait
903 5205 923 5235 θ
954 5218 971 5258 :
1003 5223 1021 5255 ι
1055 5204 1495 5277 Deus,judicium
1531 5220 1678 5266 tuum
1718 5215 1825 5283 regi

322 5390 470 5467 {Isa.
508 5408 564 5456 ι,
597 5395 684 5467 15,
714 5397 798 5450 14.
861 5398 880 5428 ⁸
905 5398 1006 5452 Isa.
1040 5402 1273 5467 xrv,15,
1308 5402 1392 5456 Μ,

263 5456 280 5486 '
308 5458 459 5517 Num.
499 5479 615 5530 XXI,
642 5456 735 5521 ‘23.
812 5467 832 5498 ⁸
864 5468 991 5522 ibid.
1071 5474 1090 5499 "
1122 5456 1278 5525 Rom:
1310 5489 1424 5538 xvt,
1455 5456 1541 5529 ΞΟ.

1470 5403 1552 5457 ³11
1589 5404 1781 5461 Thess.
1803 5424 1862 5473 tt,
1893 5409 1947 5463 4.

1946 4475 2198 4527 mandata
2235 4485 2289 4529 et
2332 4485 2596 4546 prmcepta
2650 4476 2861 4532 Domini
2916 4480 3084 4534 nostri
3134 4478 3259 4535 Jcsu
3307 4478 3511 4535 Christi

1941 4578 2244 4631 Servemns,
2271 4567 2355 4621 cui
2397 4578 2479 4623 est
2515 4569 2683 4639 gloria
2712 4580 2764 4625 et
2790 4571 3074 4643 imperium
3107 4573 3158 4628 in
3192 4571 3387 4628 sarcula
3414 4588 3516 4628 sa:-

1940 4657 2208 4714 culorum.
2250 4661 2445 4717 Amen.

2504 4752 2787 4811 IIOMILIA
2828 4757 2965 4811 XIII.

1939 4837 2015 4893 De
2054 4840 2120 4894 iis
2160 4857 2277 4910 quw
2305 4845 2677 4911 superfuerunt
2717 4850 2885 4915 priori
2916 4849 3188 4913 tractatui,
3226 4858 3273 4901 et
3313 4847 3376 4901 de
3404 4846 3509 4901 Bu-

2394 4916 2533 4967 taam
2591 4929 2744 4984 atque
2766 4920 2916 4970 asina
2954 4920 3091 4986 ejus.

2014 5028 2066 5082 I.
2101 5028 2360 5085 Ilestcrna
2419 5033 2506 5086 die
2560 5033 2871 5087 dixeramus
2920 5036 3188 5103 quomodo
3230 5034 3373 5089 Seon
3418 5049 3509 5089 rex

1937 5122 2405 5189 Amorrlueorum,
2439 5126 2529 5195 qui
2570 5137 2654 5181 cst
2700 5127 2898 5191 elatus,
2937 5137 2990 5181 et
3032 5128 3195 5199 317
3230 5129 3393 5183 arbor
3430 5129 3511 5184 ἰιι·

1941 5214 2240 5279 fructuosa,
2271 5233 2598 5287 congressus
2633 5235 2753 5273 cum
2810 5220 2971 5274 Israel
3017 5223 3192 5277 victus
3228 5222 3410 5290 fuerit,
3442 5222 3509 5279 de

2025 5411 2045 5441 ’δ
2090 5410 2104 5464 l
2135 5411 2275 5465 Tim.
2309 5427 2386 5476 Ill,
2418 5414 2469 5466 ϐ.
2548 5413 2742 5469 ‘Joan.
2774 5430 2885 5481 xiv,
2918 5414 2970 5471 6.
3047 5418 3067 5449 ⁸
3097 5417 3413 5487 Psal.t.xn,
3458 5431 3500 5476 t.

1625 5479 1663 5507 ¹⁰
1689 5478 1820 5534 an.
1858 5496 1909 5543 x,
1952 5481 2035 5536 I9.

322 5624 429 5693 (37)
460 5623 642 5680 lssaar
688 5628 1059 5700 interpretatur
1112 5634 1346 5689 mandati
1398 5637 1715 5703 adimplctio.
1753 5641 1788 5693 Α
1829 5649 1928 5699 ﬁt):
1977 5660 1995 5694 t
2024 5643 2320 5709 mandavit,
2362 5664 2377 5693 ι
2406 5654 2456 5700 ct
2482 5663 2506 5698 ει
2548 5658 2665 5704 HW:
2712 5666 2727 5700 t
2762 5648 2981 5719 carpsit,
3016 5652 3175 5722 cepit,
3210 5653 3435 5725 accepit.
3466 5675 3483 5700 δ
