4086 6218
600 235 703 291 ϐιῑτ

2046 196 2370 287 ontcExts

3772 231 3896 285 668

602 370 713 426 quo
739 363 794 407 et
842 358 1194 411 obtervanter
1218 350 1498 421 Scriptura
1555 352 1712 419 dicit,
1734 353 1862 422 quia
1908 353 2107 407 cecidit
2130 353 2183 406 in
2217 358 2259 412 A
2294 353 2443 421 quia,
2481 370 2497 401 ι
2540 350 2606 405 de
2637 349 2800 404 corde
2830 352 3130 418 procedunt
3172 349 3529 421 cogitationes
3565 349 3747 412 malae,
3778 352 3896 407 ho-

602 461 737 500 ncce
770 443 953 514 gladii,
985 442 1088 508 vel,
1118 453 1174 495 ttt
1200 442 1328 496 alibi
1376 442 1628 513 legimus,
1658 445 1710 498 in
1747 459 1841 499 ore
1868 444 2049 512 gladii.
2077 443 2181 498 Sed

603 537 647 590 si
694 536 774 588 vis
816 534 1130 599 diligentius
1180 533 1363 597 scire,
1415 550 1523 602 qtto
1570 534 1746 604 gladio
1805 534 2181 590 infructuosus

604 627 730 692 iste,
761 634 813 678 et
837 624 1012 678 elatus
1033 624 1172 677 sicut
1213 626 1413 679 cedrus
1457 625 1648 680 Libatii
1684 626 1965 693 ceciderit,
2000 627 2181 679 disca-

605 731 725 769 mus
744 716 812 769 ab
848 714 1097 783 apostolo
1127 714 1292 769 Paulo
1312 716 1534 771 dicente
1559 717 1638 769 “:
1677 735 1695 768 ι
1736 716 1899 771 Vivus
1928 717 2073 769 enim
2099 726 2184 771 est

603 823 786 861 sermo
823 807 936 873 Dei,
964 818 1017 861 et
1042 806 1257 869 eIIieax,
1278 816 1333 862 et
1367 807 1757 876 penetrabilior
1774 808 1923 861 onmi
1944 806 2177 876 gladio.)

602 898 670 953 Et
704 900 832 953 item
865 900 916 953 in
956 899 1120 953 aliis:
1164 916 1181 948 ι
1220 898 1283 951 Ει
1330 899 1592 968 gladium,
1630 898 1897 969 inquit",
1940 900 2181 968 spiritus,

602 992 747 1060 quod
770 1000 853 1045 est
882 993 1104 1043 verbum
1128 990 1241 1043 Dei.
1274 1008 1292 1041 ι
1322 989 1377 1042 ln
1405 990 1563 1057 hujus
1593 1005 1723 1057 ergo
1748 990 1908 1060 gladii
1938 1006 2069 1045 nece
2091 1006 2182 1044 ce-

604 1083 737 1135 cidit
762 1080 1029 1150 spiritalis
1054 1080 1221 1145 Seou,
1253 1082 1347 1149 qui
1382 1088 1466 1135 est
1491 1080 1764 1134 diabolus.
1807 1080 2038 1134 Additur
2064 1091 2184 1150 post

606 1173 721 1225 htec
748 1172 791 1201 ¹³
825 1189 837 1223 :
868 1188 885 1220 ‹
926 1170 988 1223 Ει
1026 1171 1287 1224 dominati
1322 1180 1467 1235 sunt,
1494 1172 1688 1240 inquit,
1724 1171 1815 1224 ﬁlii
1846 1170 2010 1224 Israel
2035 1170 2179 1225 omni

604 1271 764 1315 terra:
814 1259 950 1326 ejus.
1007 1280 1026 1313 ι
1069 1262 1257 1316 Omnis
1296 1262 1514 1329 quidem
1577 1263 1725 1331 regio
1785 1262 1899 1316 hazc
1945 1270 2180 1324 terrena,

606 1362 751 1407 terra
789 1352 990 1405 dicitur
1046 1352 1186 1407 Seon
1220 1370 1233 1405 :
1264 1353 1358 1407 sed
1388 1352 1641 1407 Christus
1689 1363 1743 1408 et
1793 1352 2033 1407 Ecclesia
2065 1351 2183 1419 ejus

603 1445 911 1498 dominatur
942 1445 993 1497 in
1018 1447 1166 1499 omni
1227 1454 1371 1497 terra
1411 1444 1574 1499 Scon.
1616 1463 1633 1495 ι
1666 1444 1731 1498 Ει
1760 1444 2018 1499 dominati
2057 1452 2185 1498 sunt

602 1535 670 1587 ah
692 1535 872 1589 Arnen
911 1551 1079 1605 usque
1111 1534 1358 1589 .laboc”.
1391 1555 1409 1587 ι
1440 1536 1625 1589 Διίιοιι
1656 1544 1710 1589 et
1734 1533 1905 1590 Jaboc
1934 1534 2183 1589 civitates

603 1638 761 1683 erant
807 1629 949 1698 regis
1002 1629 1142 1682 Seon
1168 1628 1303 1697 (38),
1336 1630 1428 1683 sed
1467 1628 1680 1681 initium
1722 1628 1871 1697 regni
1904 1628 2025 1697 ejus
2065 1637 2184 1681 erat

2292 443 2529 499 micidia.
2563 442 2849 504 adulteria,
2880 442 3045 504 furta,
3073 440 3207 495 falsa
3234 442 3569 502 testimonia.
3611 442 3887 512 blasphe-

2291 533 2434 597 mizc,
2459 541 2513 586 et
2541 532 2639 585 ista
2680 541 2805 584 sunt
2852 546 2971 599 qua:
3021 531 3376 600 coinquinant
3408 532 3709 588 hominem.
3746 551 3765 584 ι
3813 532 3889 586 Et

2293 626 2413 678 ideo
2478 624 2790 677 necessario
2854 623 3163 677 incenditur
3218 622 3316 677 ista
3377 622 3593 688 civitas,
3645 631 3703 677 et
3748 624 3887 693 igne

2291 714 2558 768 exuritur.
2590 714 2707 779 Quo
2748 713 2910 781 igne?
2945 713 3036 767 lllo
3066 713 3315 782 profecto
3344 713 3410 767 de
3449 728 3556 783 quo
3581 714 3716 767 dicit
3750 713 3881 766 Sal-

2289 811 2444 854 vator
2473 802 2518 831 ²⁰
2546 819 2559 854 :
2593 818 2611 851 ι
2652 799 2831 869 Ignem
2866 800 2986 854 veni
3020 801 3237 856 mittere
3283 800 3335 855 in
3368 810 3591 867 terram,
3620 814 3673 858 et
3708 818 3878 871 quam

2291 890 2411 944 volo
2435 900 2491 943 ut
2523 892 2871 945 accendatur.
2914 909 2933 942 ι

2357 980 2412 1034 2.
2446 981 2575 1035 Post
2626 996 2796 1049 pauca
2832 992 3012 1035 autem
3070 981 3308 1036 refertur
3338 983 3403 1037 dc
3458 984 3570 1053 ipsa
3608 985 3875 1043 civitate.

2291 1091 2309 1123 ι
2338 1072 2565 1142 Propter
2592 1075 2713 1138 hoc,
2746 1072 2923 1141 inquit
2952 1074 3022 1137 “,
3070 1073 3256 1128 dicent
3298 1076 3671 1145 tenigmatista‘.
3706 1095 3721 1131 :
3765 1076 3876 1131 Ve-

2289 1166 2401 1219 nite
2434 1166 2484 1219 in
2520 1165 2751 1230 Esebon,
2791 1174 2848 1219 ut
2870 1164 3168 1218 aediﬁcetur
3198 1173 3253 1218 ct
3297 1176 3644 1221 construatur
3670 1168 3875 1221 civitas

2289 1255 2771 1325 Seonzquoniam
2835 1257 2977 1329 ignis
3034 1256 3300 1325 processit
3373 1257 3439 1312 de
3509 1257 3748 1321 Esebon,
3816 1271 3873 1314 et

2290 1345 2506 1399 ﬂamma
2538 1346 2603 1399 de
2638 1346 2859 1401 civitate
2894 1345 3037 1401 Scon
3095 1348 3376 1402 devoravit
3408 1364 3576 1417 usque
3626 1348 3806 1403 Moab.
3845 1368 3867 1400 ι

2291 1436 2455 1499 Seou,
2481 1444 2537 1488 ttt
2560 1435 2817 1499 diximus,
2846 1444 2963 1488 erat
3004 1452 3123 1499 rex,
3156 1437 3309 1506 cujus
3347 1450 3463 1492 erat
3503 1439 3701 1493 civitas
3734 1440 3870 1495 Eseo

2292 1525 2417 1578 lion.
2469 1523 2558 1578 Sic
2614 1539 2745 1592 ergo
2792 1524 3173 1595 intelligendus
3220 1536 3302 1581 est
3359 1529 3495 1582 ordo
3550 1528 3869 1592 verborum.

2289 1617 2443 1685 quasi
2474 1616 2656 1671 dicant
2691 1614 2778 1669 isti
2822 1616 3201 1685 :enigmatista:
3231 1637 3243 1672 :
3284 1619 3469 1673 Venite
3496 1628 3551 1672 ut
3575 1630 3869 1674 construa-

602 1724 812 1785 Arnou,
841 1732 894 1775 et
931 1721 1052 1776 ﬁnis
1072 1720 1269 1785 Jaboc,
1298 1730 1353 1773 et
1390 1720 1509 1776 ideo
1542 1720 1741 1774 dicitur
1766 1720 1894 1789 quia
1924 1719 2185 1776 dominati

2294 1718 2379 1761 tur
2406 1718 2461 1762 et
2502 1707 2804 1762 :ediﬁcctur
2865 1707 3102 1771 Escbon,
3152 1726 3270 1778 qua:
3318 1710 3419 1763 fuit
3457 1711 3645 1765 civitas
3692 1711 3867 1766 Scon.

604 1826 727 1870 sunt
763 1817 831 1869 ab
885 1817 1069 1868 Arnon
1124 1830 1293 1883 usque
1323 1812 1512 1867 Jaboc.
1560 1813 1951 1881 Interpretatur
2001 1824 2182 1868 autem

601 1912 789 1963 Aruon
817 1908 1210 1961 maledictiones
1234 1922 1413 1959 eorum
1441 1906 1577 1976 (39).
1608 1906 1822 1959 Initiunt
1858 1906 2001 1961 enim
2036 1907 2183 1977 regni

606 2002 748 2053 Scon
781 2000 941 2067 hujus
975 1998 1102 2052 elati
1134 2008 1187 2052 et
1219 1998 1567 2063 infructuosi,
1610 1998 2015 2053 maledictiones
2032 2008 2181 2054 sunt.

602 2090 755 2145 Finis
795 2106 925 2145 vero
1002 2100 1084 2145 cst
1136 2088 1329 2155 Jaboc,
1379 2092 1522 2159 quod
1568 2092 1957 2159 interpretatur
2010 2090 2184 2143 lucta-

604 2198 721 2235 men
752 2181 884 2251 (40).
919 2180 1148 2235 Necesse
1183 2190 1265 2231 est
1303 2181 1447 2231 enim
1478 2191 1534 2233 ut
1558 2182 1735 2233 omnis
1755 2181 1846 2249 qui
1892 2182 2005 2234 vult
2035 2182 2186 2235 exire

603 2273 668 2325 de
727 2288 893 2342 regno
947 2272 1150 2326 diaboli
1206 2282 1261 2326 et
1298 2272 1433 2325 ﬁnes
1478 2270 1594 2338 ejus
1624 2271 1877 2335 evadere,
1912 2273 2184 2327 luctamen

604 2363 868 2427 inveniat,
899 2372 951 2415 et
984 2364 1286 2417 certamina
1311 2364 1359 2415 ei
1390 2379 1419 2415 a
1448 2362 1714 2416 ministris
1754 2363 1874 2431 ejus
1917 2372 1973 2417 ct
2018 2364 2183 2417 satel-

605 2456 792 2509 litibus
819 2454 1169 2508 suscitentur.
1212 2454 1316 2509 Sed
1351 2455 1395 2507 si
1424 2454 1659 2508 luctatus
1686 2455 1851 2508 fuerit
1876 2463 1932 2508 et
1968 2456 2183 2521 vicerit,

600 2544 713 2613 jam
760 2561 865 2600 non
906 2546 1006 2599 erit
1040 2547 1208 2600 Jaboc
1251 2547 1441 2600 civitas
1482 2546 1645 2609 Seou,
1698 2548 1794 2599 sed
1841 2547 1945 2599 erit
1996 2546 2187 2600 civitas

606 2635 795 2689 Israel.
830 2636 942 2689 lloc
982 2637 1230 2690 estenim
1278 2637 1556 2701 nimirum,
1600 2638 1741 2705 quod
1779 2638 2009 2707 legimus
2044 2642 2188 2693 etde

606 2728 915 2796 patriarcha
950 2727 1118 2782 Jacoh
1156 2730 1220 2793 ³⁸,
1248 2731 1504 2799 quoniam
1558 2746 1678 2783 cum
1729 2731 1969 2785 venisset
2012 2732 2075 2784 ad
2106 2732 2189 2786 Io-

607 2833 730 2871 cum
766 2820 1076 2886 quemdam,
1125 2820 1399 2875 luctamen
1454 2822 1503 2875 ei
1566 2830 1928 2890 praeparatum
1982 2833 2189 2877 estzet

609 2911 682 2964 ibi
719 2918 827 2964 tota
863 2920 1020 2965 nocte
1046 2912 1282 2967 luctatus
1317 2930 1439 2968 cum
1475 2914 1805 2969 obtinuisset
1834 2925 1891 2969 et
1932 2915 2189 2971 invaluis-

608 3010 693 3056 set
723 3004 789 3055 ad
839 3002 1028 3067 Deum,
1082 3004 1377 3057 vocitatum
1446 3012 1535 3058 est
1584 3019 1779 3058 nomen
1826 3003 1943 3071 ejus
2002 3004 2183 3059 Israel.

615 3113 633 3145 ι
668 3094 730 3147 Et
750 3096 981 3162 accepit,
1015 3096 1190 3163 inquit
1226 3098 1289 3161 ¹⁶,
1324 3096 1489 3151 Israel
1512 3111 1703 3151 omnes
1745 3098 1993 3153 civitates
2026 3100 2183 3162 istas,

608 3194 663 3240 et
695 3186 961 3240 habitavit
992 3186 1042 3238 iu
1066 3188 1317 3242 omnibus
1339 3188 1649 3244 civitatibus
1682 3190 2177 3245 Amorrhatorumn

612 3276 713 3334 IIic
766 3279 953 3343 Israel,
1004 3281 1097 3348 qui
1153 3280 1204 3333 iit
1253 3279 1473 3336 Christo
1508 3282 1674 3336 Israel
1723 3291 1826 3346 cst,
1856 3282 1947 3351 qui
1995 3297 2097 3334 non
2132 3282 2184 3334 iii

613 3386 776 3427 carne
800 3369 989 3435 Israel,
1024 3388 1122 3425 nec
1158 3371 1211 3425 in
1245 3372 1533 3428 manifesto
1575 3372 1790 3430 Judznus
1810 3382 1912 3440 cst,
1948 3374 2059 3443 ipse
2090 3374 2187 3427 ha-

613 3461 750 3515 bitat
778 3463 833 3516 in
858 3464 1109 3517 onmihus
1137 3463 1454 3519 civitatibus
1490 3465 1953 3530 Amorrlneorum,
1980 3480 2100 3519 cum
2133 3463 2185 3517 in

612 3555 758 3607 omni
788 3554 919 3608 orbe
955 3564 1216 3608 terrarum
1254 3555 1454 3609 Christi
1499 3555 1752 3609 Ecclesia:
1794 3567 2184 3624 propagantttr.

615 3640 720 3694 Sed
750 3648 802 3692 et
838 3642 1208 3709 unusquisque
1241 3651 1485 3695 nostrum
1534 3642 1681 3710 prius
1733 3640 1923 3695 civitas
1958 3642 2057 3694 fuit
2101 3657 2190 3696 re-

611 3733 693 3800 gis
721 3731 845 3785 elati
880 3749 894 3785 :
922 3734 1180 3801 regnabat
1213 3733 1356 3787 enim
1384 3734 1435 3785 in
1460 3732 1612 3785 nobis
1634 3732 1879 3797 stultitia,
1909 3734 2185 3801 superbia,

614 3823 882 3892 impietas,
907 3834 961 3877 et
992 3824 1170 3876 omnia
1200 3839 1317 3892 quae
1352 3834 1477 3877 sunt
1516 3840 1580 3878 ex
1623 3835 1776 3894 parte
1818 3824 2016 3878 diaboli
2050 3846 2061 3880 :
2093 3826 2187 3879 sed

613 3914 702 3967 ubi
731 3924 1072 3982 expugnatus
1111 3922 1163 3966 ct
1212 3915 1456 3969 devictus
1488 3925 1570 3969 est
1615 3915 1789 3980 fortis,
1822 3926 1873 3969 et
1913 3931 2040 3971 vasa
2072 3918 2189 3986 ejus

611 4004 819 4074 direpta
852 4016 995 4071 sunt,
1029 4006 1203 4060 t-ITecti
1268 4022 1453 4060 smnus
1508 4007 1698 4061 civitas
1725 4008 1887 4063 Israel
1929 4018 1981 4062 et
2020 4011 2188 4065 haere-

615 4096 756 4149 ditas
778 4106 1124 4163 sanctorum;
1159 4098 1204 4152 si
1233 4106 1412 4151 tamen
1447 4099 1660 4167 penitus
1693 4102 1874 4153 excisa
1901 4112 1983 4154 est
2012 4103 2063 4155 in
2095 4120 2191 4157 uo-

616 4186 698 4240 bis
722 4197 964 4253 potestas
1006 4189 1120 4255 illa,
1154 4206 1274 4259 qua:
1321 4190 1469 4259 prius
1497 4190 1878 4246 dominabatur
1930 4194 2107 4258 nobis,
2138 4205 2192 4249 et

611 4281 792 4335 excisa
834 4290 918 4335 est
948 4282 1112 4335 arbor
1171 4280 1528 4345 infructuosa,
1583 4290 1635 4336 et
1696 4283 1935 4351 dejectus
1968 4296 2050 4339 cst
2096 4302 2189 4341 rex

614 4371 808 4435 elatus,
836 4382 1093 4426 etsmnus
1116 4373 1214 4426 sub
1239 4388 1304 4427 eo
1329 4388 1471 4441 rege,
1504 4373 1594 4443 qui
1625 4374 1756 4427 dicit
1782 4375 1822 4405 "
1851 4398 1862 4431 ;
1896 4394 1912 4425 ι
1942 4377 2187 4431 Discitca

614 4479 700 4516 me
726 4466 849 4532 qu’a
912 4465 1058 4519 mitis
1109 4480 1248 4528 sum,
1301 4475 1353 4519 et
1396 4465 1615 4519 humilis
1655 4468 1838 4523 corde.
1877 4488 1895 4519 ›
1926 4468 2055 4523 Post
2080 4470 2191 4525 haec

612 4552 886 4621 sigillatim
913 4554 1023 4622 jant
1055 4554 1310 4609 civitates
1349 4554 1567 4622 superbi
1596 4568 1650 4609 et
1693 4557 2015 4612 infructuosi
2050 4560 2193 4629 regis

612 4653 918 4710 enumerat,
962 4656 1018 4699 et
1066 4646 1196 4699 dicit
1226 4645 1269 4675 ¹⁸
1307 4662 1320 4698 :
1356 4664 1372 4695 ‹
1411 4646 1465 4698 In
1513 4647 1724 4701 Escbmt
1760 4660 1813 4703 ct
1854 4650 1906 4703 in
1940 4653 2190 4707 omnibus

612 4739 811 4793 ﬁnibus
841 4738 977 4806 ejus.
1019 4757 1036 4790 ι
1081 4740 1219 4805 Quid
1262 4752 1345 4794 est
1385 4741 1508 4809 hoc,
1548 4743 1693 4811 quod
1736 4745 2062 4812 prcecipuam
2098 4762 2191 4799 ur-

616 4832 735 4883 hem
771 4831 837 4884 de
874 4846 1037 4901 regno
1061 4830 1201 4885 Scott
1231 4832 1529 4886 nominavit
1569 4834 1820 4890 Escbou?
1848 4835 2059 4890 Esebon
2102 4837 2187 4890 iu-

618 4934 948 4994 terpretatur
970 4925 1310 4995 cogitationes
1352 4924 1485 4995 (tl).
1527 4926 1718 4982 Merito
1753 4944 1884 4996 ergo
1912 4944 2039 4998 pars
2072 4945 2187 4983 ma-

614 5015 760 5068 xiaia
799 5016 949 5084 regni
1008 5017 1285 5083 diabolici,
1343 5029 1397 5074 ct
1439 5029 1675 5088 po'estas
1718 5020 1836 5091 ejus
1863 5021 2093 5091 plurima
2134 5025 2187 5075 in

613 5108 1035 5177 cogitationibus
1066 5120 1271 5179 regnat.
1310 5112 1399 5167 Sic
1429 5115 1572 5168 enim
1595 5113 1799 5167 dixitct
1825 5113 2087 5167 Dominus
2124 5116 2189 5179 ‘9,

688 5204 727 5234 “
766 5204 927 5278 Ilelir.
958 5220 1029 5267 tv,
1062 5205 1145 5258 l2.
1225 5208 1266 5278 ‘7’
1289 5208 1483 5278 Ephes.
1506 5225 1578 5271 vi.
1609 5209 1693 5263 I7.

613 5274 707 5332 29.
785 5276 827 5305 ³⁸
852 5274 1024 5346 ANuut.
1049 5292 1177 5346 _xxt,
1226 5274 1345 5330 25f
1413 5280 1453 5310 ¹⁹
1495 5280 1661 5335 Marc.
1700 5296 1795 5345 vn,
1823 5281 1916 5346 21,
1954 5281 2025 5335 9.9.
2058 5282 2224 5335 ct25.

616 5359 808 5407 Lxxttt,
839 5344 892 5397 2.
968 5345 1013 5373 ’³
1048 5343 1167 5401 lsai.
1212 5364 1360 5411 χχιχ,
1415 5350 1501 5413 ll,
1535 5351 1621 5404 12.

689 5434 801 5502 ('58)
834 5434 1013 5488 Codex
1052 5432 1107 5485 S.
1136 5434 1370 5498 Theod.,
1404 5456 1421 5488 ι
1470 5438 1707 5502 regionis
1738 5438 1898 5491 Scon.
1939 5458 1953 5486 ι

690 5484 799 5571 i395
840 5504 1222 5566 Interpretatur
1266 5484 1437 5560 autem
1471 5484 2187 5562 Arnenuxtnntm‘toxnscu-

631 5573 828 5655 ηιμ-Α
854 5575 1033 5655 radice
1059 5582 1179 5655 31x
1211 5595 1226 5624 ι
1268 5578 1563 5630 maledixit.
1601 5597 1615 5626 ι

692 5645 806 5710 (30)
837 5641 1026 5708 Juboc,
1067 5641 1211 5712 ’ijuod
1265 5648 1635 5711 interpretatur
1671 5661 1965 5701 l.lit2'l'.\‘»l2.‘.
1998 5649 2035 5700 Λ

2077 5657 2151 5675 -ηη

2079 5678 2151 5731 l'l'

1774 5208 1815 5239 ¹³
1838 5207 1997 5263 Num.
2021 5226 2130 5271 ut,
2160 5210 2249 5264 94.

2287 1801 2390 1854 Sed
2441 1802 2781 1868 requiramus
2841 1816 2981 1853 nunc
3030 1801 3120 1869 qui
3179 1802 3287 1855 sint
3332 1803 3418 1855 isti
3465 1798 3867 1871 aenigmatista;

2286 1893 2536 1961 IEuigma
2573 1894 2769 1945 dicitur
2790 1907 2968 1946 sermo
2996 1890 3280 1961 ﬁguratus.
3309 1892 3712 1963 Aﬁnigntatista:
3734 1911 3869 1965 ergo

2285 1984 2576 2047 dicuntur,
2622 1984 2710 2052 qui
2778 1985 3083 2054 ﬁguraliter
3146 1985 3465 2054 loquuntur.
3531 1985 3593 2039 Et
3624 1988 3746 2056 quis
3784 1998 3869 2040 est

2286 2076 2443 2139 alius,
2496 2075 2585 2143 qui
2646 2076 2696 2128 in
2737 2074 2923 2145 ﬁguris
2975 2077 3188 2131 locutus
3228 2077 3316 2140 sit,
3350 2077 3448 2131 nisi
3502 2076 3585 2131 lex
3638 2088 3691 2133 et
3741 2094 3868 2148 pro-

2288 2165 2499 2236 phetae?
2524 2167 2659 2218 Audi
2689 2167 2831 2220 enim
2856 2166 3127 2235 quomodo
3173 2168 3339 2222 David
3391 2169 3521 2223 dicit
3546 2170 3589 2199 "
3619 2188 3632 2224 :
3666 2188 3683 2219 ι
3728 2171 3869 2238 Ape-

2289 2260 2423 2313 riam
2452 2260 2503 2312 in
2554 2260 2832 2329 parabolis
2880 2275 2940 2314 os
2993 2277 3193 2327 meum,
3240 2264 3429 2332 loquar
3468 2264 3865 2334 propositiones

2289 2354 2357 2407 ab
2417 2356 2571 2409 initio
2617 2353 2820 2408 swculi.
2856 2372 2874 2403 ι
2910 2352 3015 2408 Sed
3070 2366 3125 2410 et
3172 2355 3363 2420 Isaias,
3406 2356 3532 2425 quia
3574 2356 3863 2424 aenigmata

2288 2450 2399 2503 sint
2432 2464 2550 2517 quae
2606 2450 2844 2517 scripsit,
2876 2452 2977 2503 hoc
3020 2450 3178 2503 modo
3204 2448 3447 2503 declarat
3486 2466 3499 2502 :
3533 2466 3551 2499 (
3591 2449 3652 2502 Et
3679 2459 3861 2506 erunt.

2291 2542 2466 2610 inquit
2497 2542 2564 2607 ’³,
2588 2541 2754 2595 verba
2785 2541 2907 2595 libri
2944 2540 3103 2608 hujus
3134 2542 3271 2594 sicut
3293 2538 3593 2595 verbalihri
3629 2540 3861 2610 signati;

2290 2650 2451 2703 quem
2485 2636 2527 2690 si
2562 2632 2819 2690 dederint
2856 2634 2906 2685 in
2962 2648 3153 2688 manus
3191 2633 3428 2687 hominis
3450 2633 3744 2688 nescientis
3777 2632 3868 2686 lit-

2292 2740 2455 2796 teras,
2484 2741 2537 2785 et
2574 2732 2811 2785 dixerint
2844 2733 2892 2785 ei
2932 2749 2944 2784 :
2984 2730 3146 2797 Lege,
3193 2728 3335 2782 dicet
3389 2744 3402 2780 :
3459 2725 3575 2782 Non
3616 2728 3739 2781 novi
3775 2727 3864 2781 lit-

2294 2834 2459 2878 teras.
2506 2825 2561 2879 Si
2607 2836 2788 2881 autem
2848 2826 3098 2880 dederint
3134 2824 3329 2879 scienti
3384 2824 3617 2886 litteras,
3674 2824 3859 2879 dicet:

2291 2916 2407 2970 Non
2443 2932 2660 2984 possunt
2715 2917 2917 2987 legere,
2950 2917 3200 2987 signatus
3233 2925 3315 2969 est
3346 2916 3513 2968 enim.
3549 2934 3565 2965 ι
3602 2914 3865 2985 Signatus

2292 3016 2477 3060 autem
2503 3007 2704 3061 dicitur
2740 3009 2875 3063 liber
2907 3024 3003 3078 pro
3036 3022 3123 3070 co,
3163 3006 3303 3075 quod
3348 3006 3533 3076 ﬁguris
3570 3006 3859 3077 perplexus

2291 3106 2396 3162 cst,
2422 3106 2477 3150 ct
2500 3098 2880 3169 aenigmatihus
2913 3098 3206 3153 involutus.
3236 3097 3431 3152 Dicunt
3456 3112 3589 3167 ergo
3616 3099 3701 3153 isti
3731 3100 3864 3152 teni-

2291 3189 2561 3259 gniatista:
2599 3206 2612 3243 :
2653 3215 2670 3241 ι
2698 3188 2893 3245 Venite
2922 3191 2973 3244 in
3006 3190 3240 3247 Escbon.
3270 3198 3327 3242 ut
3351 3188 3669 3245 :ediﬁcetur.
3710 3209 3729 3241 ι
3758 3190 3859 3244 Ce-

2290 3281 2420 3335 cidit
2456 3280 2545 3335 illa
2574 3283 2746 3351 prima
2787 3282 3038 3347 Escbon,
3088 3281 3197 3334 imo
3247 3283 3506 3337 subversa
3559 3292 3643 3337 est
3695 3293 3750 3336 et
3784 3283 3864 3335 itt-

2290 3388 2479 3437 censa,
2534 3374 2913 3428 rcazdiﬁcauda
2980 3383 3061 3429 cst
3105 3375 3228 3431 alia.
3286 3375 3391 3430 Sed
3446 3374 3716 3444 quomodo
3761 3373 3863 3428 hoc

2292 3467 2408 3531 ﬁat,
2447 3475 2727 3535 assumpto
2766 3467 3117 3521 ostendamus
3141 3467 3409 3536 exemplo.
3452 3466 3509 3522 Si
3536 3467 3722 3521 videas
3743 3483 3864 3538 gen-

2292 3557 2438 3611 tilem
2493 3558 2546 3611 itt
2603 3559 2869 3613 dedecore
2930 3559 3051 3612 vitae
3093 3560 3325 3627 positum
3356 3574 3419 3613 ac
3451 3559 3725 3627 religionis
3772 3575 3863 3613 er—

2292 3664 2434 3713 rore,
2470 3664 2575 3702 non
2600 3650 2818 3703 dubites
2852 3653 2917 3704 de
2949 3665 3012 3704 co
3040 3650 3248 3711 dicere,
3272 3651 3415 3719 quod
3436 3651 3507 3703 sit
3543 3651 3630 3705 hic
3654 3650 3861 3705 Esehon

2290 3739 2486 3793 civitas
2514 3740 2563 3792 in
2594 3754 2759 3808 regno
2798 3740 2938 3810 regis
2997 3740 3162 3794 Scon.
3206 3740 3414 3809 llcguat
3451 3742 3599 3793 enim
3638 3740 3689 3793 iti
3717 3741 3865 3807 cogi-

2293 3831 2587 3886 tationibus
2620 3832 2735 3901 cjtts
2768 3849 2862 3885 rex
2898 3832 3263 3886 infructuosus
3285 3842 3336 3885 et
3360 3833 3556 3887 elatus.
3598 3832 3675 3887 Ad
3722 3832 3864 3885 hunc

2291 3924 2335 3976 si
2368 3924 2585 3977 accedat
2633 3925 2817 3989 Israel,
2862 3926 2965 3979 hoc
3004 3938 3087 3981 est
3122 3928 3381 3983 Ecclesia:
3421 3926 3583 3990 ﬁlius,
3621 3935 3675 3979 et
3719 3923 3866 3977 aditi-

2292 4014 2615 4083 beatjacula
2646 4017 2795 4069 verbi
2832 4017 2947 4082 Dei,
2976 4028 3031 4072 et
3057 4019 3350 4089 distringat
3380 4030 3572 4074 contra
3606 4034 3727 4072 cunt
3754 4017 3865 4086 gla-

2292 4108 2437 4162 dium
2488 4108 2733 4177 spiritus,
2789 4110 3034 4165 destruat
3087 4112 3138 4165 itt
3196 4130 3261 4169 eo
3305 4127 3492 4167 omnes
3541 4110 3865 4165 munitiones

2293 4200 2571 4269 gentilium
2617 4202 2950 4270 dogmatum,
3014 4214 3061 4257 et
3104 4205 3369 4259 elationes
3423 4211 3861 4272 argumentorum

2293 4291 2408 4359 ejus
2436 4292 2555 4362 igne
2590 4292 2835 4347 veritatis
2877 4304 3089 4359 exurat,
3123 4296 3290 4350 dicito
3326 4297 3391 4349 de
3422 4299 3547 4355 hoc,
3584 4294 3705 4361 quia
3740 4292 3864 4343 sub-

2296 4400 2453 4439 versa
2499 4392 2583 4437 est
2634 4382 2849 4438 Escbon
2881 4384 3073 4439 civitas
3118 4384 3281 4439 Scon.
3317 4385 3422 4439 Sed
3468 4401 3573 4439 non
3610 4380 3864 4436 continuo

2298 4475 2544 4529 desertus
2570 4482 2624 4527 et
2664 4473 2957 4529 destitutus
2989 4475 3313 4543 relinquitur
3349 4475 3472 4538 iste,
3511 4475 3563 4527 in
3603 4487 3709 4541 quo
3740 4470 3862 4524 sub-

2298 4581 2452 4621 versa
2495 4576 2620 4621 sunt
2654 4567 2937 4637 gentilium
2965 4568 3238 4637 dogmata.
3270 4566 3385 4621 Non
3416 4565 3559 4621 enim
3586 4562 3860 4630 disciplina

2298 4666 2378 4711 est
2404 4658 2528 4712 ﬁliis
2550 4657 2717 4713 Israel
2742 4657 3045 4714 destructas
3078 4661 3388 4729 relinquere
3419 4673 3554 4726 quas
3588 4656 3865 4710 destruxe-

2297 4751 2405 4804 rint
2436 4752 2686 4805 civitates
2715 4765 2727 4803 :
2756 4752 2847 4805 sed
2875 4766 2997 4805 cum
3037 4752 3348 4805 subruerint
3402 4759 3456 4805 et
3484 4746 3776 4803 everterint
3809 4745 3860 4797 in

2293 4840 2509 4894 homine
2545 4839 2714 4895 malas
2749 4841 3103 4911 cogitationes
3161 4849 3216 4897 et
3274 4840 3470 4910 impios
3507 4852 3718 4902 sensus,
3747 4850 3866 4889 rete-

2297 4932 2597 4986 diﬁcabunt
2630 4946 2816 4985 rursus
2849 4932 2898 4985 in
2926 4936 3089 4991 corde
3146 4934 3265 5003 ejus
3290 4948 3451 5002 quem
3500 4928 3867 4985 dcstruxeriut

2296 5025 2465 5081 bonas
2483 5028 2858 5095 cogitationes,
2895 5028 3010 5096 pios
3041 5042 3251 5089 sensus,
3284 5024 3592 5079 doetrinam
3628 5021 3865 5076 veritatis

2298 5116 2563 5182 inscrent,
2599 5116 2875 5186 religionis
2907 5119 3067 5171 ritum
3106 5117 3335 5177 tradent,
3381 5116 3627 5169 ordinem
3657 5112 3863 5166 vivendi

2329 5214 2371 5241 ἰ
2398 5213 2527 5267 ibid.
2610 5213 2649 5243 ³⁵
2672 5211 2994 5267 Geu.xxx1t.
3075 5212 3116 5241 ¹⁶
3164 5210 3293 5263 ibid.
3329 5208 3418 5262 25.
3497 5209 3536 5239 ¹⁷
3574 5207 3762 5260 Matth.
3792 5220 3863 5267 XI,

2304 5283 2347 5312 ²⁰
2384 5281 2516 5336 Luc.
2579 5299 2674 5349 xtt,
2741 5283 2827 5337 49.
2906 5283 2947 5313 ¹¹
2980 5282 3136 5335 Νιιιιι,
3174 5296 3289 5345 χχι,
3334 5279 3424 5345 27,
3472 5278 3561 5332 28.
3641 5278 3686 5307 "
3726 5274 3860 5330 Psal.

2314 5457 2329 5486 ι
2364 5438 2635 5498 exhausit,
2667 5435 2976 5498 cvacuavit,
3019 5453 3035 5486 ι
3076 5431 3217 5503 quod
3252 5431 3305 5485 in
3332 5430 3475 5487 lucta
3503 5430 3647 5485 vires
3667 5430 3864 5484 exhau-

2332 5510 2528 5559 iantur.

2350 5530 2360 5559 ἰ
2448 5526 2458 5555 1
2500 5526 2528 5559 “.

2301 5526 2340 5562 Π
2365 5526 2497 5655 ἃἳῖ
2519 5576 2737 5656 Iiscbon,
2807 5578 3599 5655 interpretaturcontu'ttoxizs-
3630 5572 3711 5626 Ab
3744 5576 3865 5629 :ib’i'l

2302 5670 2317 5700 t
2361 5659 2629 5713 t‘ogtltn‘tl
2667 5664 2684 5694 ›
