4086 6218
3302 287 3407 339 670

1507 427 1728 486 rvantiae
1758 427 1803 484 Α
1833 433 2050 490 genius:
2083 415 2324 484 alioquin
2340 411 2716 468 debuissemus
2739 410 2807 465 de
2829 411 2936 464 hoc
2963 407 3165 462 mundo
3185 406 3402 462 exiisse.

1836 514 1907 566 Dc
1965 510 2142 563 Basan
2193 520 2395 569 tamen,
2466 503 2572 556 hoc
2610 510 2712 563 est,
2749 502 2815 554 de
2867 499 3220 568 turpitudine,
3264 497 3407 550 nullo

1832 604 2048 672 penitus
2086 600 2416 669 iudigenms,
2459 592 2696 647 nihilex
2741 606 2803 645 ea
2846 591 3264 658 relinquamus;
3313 604 3407 641 ex-

1829 695 2054 749 cidenda
2101 691 2324 754 omnia,
2381 697 2574 742 cuncta
2629 683 2990 738 subvertenda
3046 693 3175 736 sunt
3241 696 3405 750 opera

1832 784 2206 855 turpitudinis.
2236 783 2290 834 In
2347 779 2494 832 nullo
2536 777 2682 830 enim
2737 783 2917 842 potest
2967 774 3254 828 honestum
3287 785 3408 826 esse

1829 877 1974 948 quod
2002 886 2158 942 turpe
2190 881 2293 927 est.

1898 968 1953 1021 4.
1988 986 2007 1019 ι
2043 967 2110 1020 Et
2158 963 2384 1034 profecti
2449 959 2577 1014 inde
2633 957 2726 1011 filii
2790 952 2956 1010 Israel
3007 953 3408 1008 collocaverunt

1828 1069 2007 1116 castra
2060 1058 2129 1112 ab
2189 1055 2478 1110 occidente
2522 1050 2678 1105 Moab
2713 1047 2868 1118 juxta
2897 1045 3188 1100 Jordauem
3217 1052 3405 1098 contra

1827 1152 2067 1208 Jericho.
2127 1149 2194 1203 Et
2244 1157 2302 1202 ut
2341 1147 2481 1199 vidit
2538 1142 2734 1196 Balach
2796 1139 2941 1193 (ilius
2968 1136 3176 1207 Sephor
3199 1136 3265 1200 ’°,
3305 1155 3322 1187 ι
3353 1147 3410 1189 et

1828 1229 2057 1312 reliqua.
2111 1239 2306 1294 Omnia
2359 1235 2474 1305 jam
2502 1248 2622 1304 quae
2651 1233 2719 1287 de
2766 1230 2989 1284 Balaam
3020 1238 3076 1283 et
3109 1228 3262 1282 asina
3291 1226 3408 1293 ejus

1828 1337 2150 1391 scribuntur
2203 1329 2436 1384 historia
2483 1326 2640 1396 plena
2676 1323 2907 1393 negotiis
2944 1337 2958 1373 :
3007 1320 3237 1374 interior
3276 1331 3408 1370 vero

1831 1424 2140 1480 intellectus
2186 1417 2355 1472 multo
2413 1413 2768 1484 negotiosior,
2801 1420 2855 1465 et
2904 1409 3091 1464 nescio
3140 1423 3206 1461 an
3249 1405 3408 1460 facile

1829 1518 1920 1581 sit,
1953 1513 2034 1568 vel
2097 1512 2248 1582 ipsas
2275 1515 2484 1563 tantum
2527 1506 2819 1561 historicas
2848 1502 3145 1573 explanare
3189 1509 3408 1554 senten-

1833 1607 1957 1662 tias.
1981 1607 2092 1660 Deo
2150 1613 2329 1656 tamen
2381 1598 2642 1661 donante,
2679 1593 2917 1650 breviter
2963 1606 3084 1662 qua:
3122 1603 3407 1660 possumus

1831 1695 2278 1769 perstringemus.
2341 1687 2544 1742 Bellum
2600 1686 2697 1742 tibi
2759 1685 3027 1750 imminet,
3069 1697 3102 1737 o
3140 1697 3233 1736 rex
3292 1681 3398 1734 Ba-

1755 1775 1796 1830 Β
1828 1787 1970 1852 lach,
2007 1785 2082 1838 fili
2115 1782 2328 1851 Sephor
2358 1797 2370 1832 :
2403 1785 2662 1834 sexcenta
2700 1774 2866 1828 millia
2909 1781 3241 1827 armatorum
3272 1769 3405 1823 fines

1828 1887 1949 1932 tuos
1991 1877 2226 1931 irruunt.
2259 1870 2565 1941 Oportebat
2623 1877 2677 1922 et
2729 1876 2780 1920 te
2826 1880 3021 1936 parare
3046 1877 3218 1928 arma,
3247 1876 3404 1916 exer-

1825 1971 1992 2026 citum
2020 1983 2317 2039 congerere
2349 1965 2485 2033 (44),
2521 1965 2588 2017 de
2623 1959 3035 2016 constructione
3063 1957 3228 2026 pradii
3257 1954 3406 2024 cogi-

1828 2074 1962 2128 tare,
1997 2060 2217 2116 uthosti
2249 2059 2427 2112 adhuc
2455 2053 2857 2124 proculposito,
2897 2051 3064 2103 armis
3101 2049 3404 2102 instructus

97 335 217 392 669
1354 313 1424 370 IN
1461 303 1798 367 NUMEBOS
1832 297 2114 356 IIOMILIA
2142 295 2278 352 XIII.

98 455 444 520 docebunt,
492 453 659 525 318
704 451 1046 506 honestatem
1096 455 1335 504 morum,
1371 434 1499 525 obse

99 552 341 599 statuta
385 518 789 598 m-ou'st—ra'btmt.
818 539 882 592 Et
905 549 1033 591 tunc
1066 547 1192 588 vere
1221 529 1402 583 dicent
1450 522 1538 576 isti
1592 518 1722 572 arui-

101 632 413 703 gmatistae
440 634 506 687 ad
533 631 852 698 semetipsos
875 625 1106 679 invicem
1136 638 1149 674 :
1181 617 1392 677 Venite,
1421 607 1728 665 etaadilice-

103 699 244 779 inus
277 725 535 790 Esebon,
583 737 707 793 qua:
753 720 857 774 fuit
882 716 1078 772 civitas
1128 710 1295 766 Seon.
1325 706 1391 761 Et
1419 703 1520 773 ipsi
1555 699 1722 761 enim,

105 823 221 875 hoc
253 828 354 874 est
393 817 786 880 ﬁliiEcclesize,
821 812 946 884 quia
983 809 1186 879 figuras
1209 804 1342 874 legis
1365 810 1418 856 et
1436 798 1724 867 mnigmata

103 910 472 979 spiritaliter
527 908 873 978 intelligunt,
930 897 1311 970 aenigmatista:
1364 889 1722 962 appellantur.

106 1000 233 1055 lloc
262 1009 365 1054 est
393 1000 535 1070 quod
569 1009 623 1054 et
666 995 930 1052 .Ieremias
983 988 1193 1061 ligurali
1238 982 1589 1040 nihilominus
1610 991 1730 1031 ser-

105 1109 289 1149 mone
344 1095 629 1164 designat,
679 1091 770 1147 ubi
805 1090 874 1144 ad
919 1101 1042 1142 eum
1082 1081 1287 1138 dicitur
1316 1093 1345 1132 a
1373 1075 1602 1131 Domino
1635 1070 1721 1124 ’δε

109 1205 130 1238 ‹
168 1186 333 1241 Ecce
403 1163 524 1240 dedi
557 1184 723 1240 verba
762 1196 880 1234 mea
917 1179 968 1233 in
1002 1191 1064 1231 os
1095 1183 1264 1234 tuum,
1297 1183 1426 1224 ecce
1471 1163 1723 1220 constitui

107 1291 165 1334 te
196 1279 390 1333 hodie
422 1292 586 1347 super
637 1283 824 1345 gentes
849 1280 904 1326 et
950 1282 1145 1339 regna,
1171 1262 1473 1324 eradicare,
1511 1268 1565 1312 et
1597 1257 1727 1311 sub-

107 1379 378 1435 vertere,
409 1377 465 1423 et
494 1365 835 1427 reaedilicare
885 1371 941 1417 et
983 1359 1314 1429 replantare.
1353 1372 1371 1406 ι
1409 1351 1549 1418 Quid
1598 1363 1722 1404 era-

108 1461 270 1516 dicat
332 1470 396 1516 et
442 1460 569 1530 quid
617 1455 922 1514 subvertit?
978 1454 1266 1510 Civitatem
1311 1448 1548 1510 Esebon,
1607 1457 1727 1513 quze

106 1559 242 1602 erat
273 1550 436 1620 regis
468 1549 631 1604 Seon.
684 1547 825 1614 Quid
869 1544 1112 1600 eradicat
1153 1543 1206 1595 in
1249 1555 1309 1594 ea
1337 1537 1550 1606 etquid
1599 1533 1725 1588 sub-

106 1639 338 1693 vertit?
375 1639 751 1709 Cogitationes
783 1635 977 1704 impias
1017 1640 1071 1687 et
1107 1632 1372 1699 impuras.
1409 1626 1548 1694 Quid
1587 1639 1724 1678 rea:-

108 1730 326 1785 diﬁcat
376 1731 430 1784 in
455 1745 515 1786 ea
545 1739 599 1784 et
649 1727 779 1797 quid
829 1723 1143 1794 replantat?
1189 1720 1563 1792 Cogitationes
1609 1717 1726 1786 pias

107 1829 168 1875 et
194 1830 429 1885 castas,
465 1828 525 1874 ut
575 1818 838 1873 elIieiatur
873 1814 1086 1869 Esebon
1140 1813 1333 1868 civitas
1384 1825 1488 1864 non
1529 1809 1730 1863 Amor—

111 1911 446 1972 rbaeorum,
488 1906 579 1961 sed
611 1904 841 1960 filiorum
866 1902 1053 1958 Israel.

185 1997 253 2051 ὅ.
289 1995 410 2050 Sed
445 1996 491 2052 si
543 1996 798 2052 volumus
822 1994 1032 2065 singula
1071 1991 1345 2064 persequi,
1372 1989 1728 2045 excludemur

111 2111 142 2149 a
203 2094 554 2149 dissertione
609 2107 796 2148 eorum
855 2106 974 2161 quae
1026 2089 1183 2145 nobis
1233 2088 1456 2142 recitata
1492 2093 1616 2140 sunt
1656 2084 1724 2139 de

118 2187 370 2239 Balaam
405 2203 418 2239 :
449 2184 603 2256 cujus
656 2183 906 2240 lectionis
954 2189 1099 2235 tanta
1163 2176 1453 2233 dillicultas
1503 2185 1610 2237 est,
1665 2183 1725 2227 ut

119 2281 218 2334 vix
253 2280 331 2333 ad
383 2278 626 2333 historia:
660 2277 832 2348 ipsius
879 2276 1147 2331 rationem
1196 2281 1250 2325 et
1282 2269 1722 2337 consequentiam

117 2368 538 2440 explanandam
571 2369 854 2438 pervenire
883 2366 1173 2437 possimus.
1207 2363 1419 2429 Quanta
1463 2373 1594 2429 ergo
1613 2358 1723 2427 jam

121 2455 438 2512 dilﬁeultas
466 2456 622 2512 nobis
638 2457 741 2511 erit
763 2455 816 2510 in
836 2453 1222 2526 explanatione
1252 2449 1572 2521 spiritalium
1596 2463 1723 2503 sen-

125 2562 323 2612 suum,
356 2546 402 2600 si
437 2547 607 2616 prima
640 2545 754 2612 ipsa
792 2545 990 2599 littera:
1047 2541 1219 2596 facies
1247 2537 1416 2594 tantis
1438 2534 1725 2592 difﬁculta-

126 2639 279 2693 tibus
307 2636 555 2692 involuta
587 2637 714 2691 est?
750 2635 854 2691 Sed
886 2633 1140 2705 quamvis
1173 2630 1352 2704 rapiat
1382 2643 1481 2684 nos
1513 2627 1726 2683 deside-

128 2729 275 2783 rium
304 2728 379 2784 ad
405 2742 468 2782 ea
493 2743 611 2796 qua:
648 2727 818 2796 magis
862 2727 1092 2782 obscura
1117 2733 1240 2779 sunt
1270 2723 1608 2784 disserenda,
1647 2729 1726 2772 ta-

128 2833 259 2872 men
295 2831 414 2871 non
461 2825 590 2869 sunt
645 2817 856 2885 penitus
887 2814 1182 2870 omittenda
1232 2813 1400 2867 etiam
1455 2811 1572 2865 hrec
1604 2823 1726 2879 quae

131 2909 318 2962 media
373 2907 703 2961 referuntur.
733 2907 924 2962 Postea
980 2907 1126 2961 enim
1157 2920 1321 2976 quam
1367 2903 1725 2958 obtinuerunt

130 2996 230 3050 lilii
296 2997 468 3052 Israel
511 2996 764 3052 civitates
811 2997 1296 3060 Amorrbazorum,
1360 2994 1726 3051 ascenderunt

130 3093 308 3143 etiam
351 3091 518 3157 viam,
551 3104 670 3159 quae
699 3089 849 3143 ducit
887 3089 940 3143 in
994 3088 1193 3157 Basan,
1229 3089 1319 3144 ubi
1355 3098 1474 3144 erat
1495 3085 1571 3158 Og
1626 3103 1719 3142 rex
1748 3118 1790 3176 ε

134 3181 318 3236 Basan
359 3197 373 3233 :
402 3182 496 3237 sed
520 3183 585 3236 ad
623 3183 766 3237 hunc
791 3195 967 3248 neque
1004 3180 1214 3252 legatos
1247 3181 1461 3235 mittere
1491 3180 1722 3250 dignan-

133 3283 244 3336 tur,
291 3287 476 3342 neque
515 3280 700 3341 petere
733 3273 800 3327 ab
827 3286 914 3336 eo,
943 3280 1004 3326 ut
1059 3287 1158 3343 per
1193 3279 1394 3326 terram
1419 3271 1724 3341 ejustrans—

133 3374 307 3428 cant,
353 3365 446 3418 sed
467 3366 722 3420 continuo
771 3366 1214 3435 coulliguntcum
1257 3379 1322 3418 eo
1379 3371 1436 3418 et
1464 3369 1725 3433 superant

134 3471 251 3514 tam
289 3457 469 3526 ipsmn
526 3471 686 3525 quam
740 3457 998 3527 populum
1052 3456 1240 3526 ipsius.
1273 3453 1564 3510 Videamus
1595 3469 1724 3523 ergo

133 3563 262 3619 qua:
280 3557 370 3602 est
401 3546 600 3602 Basan.
627 3546 803 3602 Basan
837 3548 1229 3616 interpretatur
1268 3546 1541 3615 turpitudo
1567 3545 1719 3615 (42):

139 3641 347 3696 merito
373 3655 504 3712 ergo
534 3655 632 3696 nec
666 3638 829 3708 legati
855 3638 1146 3694 mittuntur
1184 3642 1250 3694 ad
1279 3640 1442 3695 istam
1473 3649 1711 3710 gentem,

141 3748 239 3789 nec
275 3735 544 3789 transitus
587 3749 680 3804 per
704 3743 903 3789 terram
936 3737 1052 3802 ejus
1070 3734 1331 3804 poscitur.
1363 3734 1554 3790 Nullus
1579 3738 1722 3791 enim

145 3827 301 3881 nobis
339 3830 608 3882 transitus
643 3827 804 3882 debet
831 3841 973 3893 esse,
1023 3827 1200 3882 nullus
1229 3843 1484 3883 accessus
1512 3829 1578 3882 ad
1612 3839 1726 3883 tur-

143 3917 452 3983 pitudinem
485 3933 498 3970 :
533 3917 626 3972 sed
685 3919 754 3972 ab
815 3917 976 3972 initio
1027 3917 1209 3972 statim
1243 3919 1623 3989 expugnanda,
1671 3929 1725 3974 et

146 4008 458 4064 omnimodo
489 4010 727 4064 cavenda
767 4022 871 4066 est.
924 4009 1004 4080 Og
1038 4019 1218 4065 autem
1260 4012 1350 4077 qui
1399 4025 1491 4065 rex
1527 4012 1726 4066 dicitur

149 4111 265 4153 esse
292 4099 804 4165 Basan,interclusio
839 4101 1228 4170 interpretatur
1253 4100 1386 4171 (45).
1420 4101 1603 4155 Potest
1635 4105 1724 4158 hic

151 4189 378 4260 ﬁguram
445 4200 630 4246 tenere
653 4191 894 4245 omnium
931 4191 1230 4245 carnalium
1260 4200 1313 4244 et
1361 4193 1722 4246 malerialium

152 4295 346 4349 rerum,
396 4297 628 4352 quarum
685 4297 868 4338 amore
912 4293 968 4338 et
1003 4283 1278 4337 desiderio
1298 4282 1516 4336 detenta
1541 4284 1721 4338 anima

151 4373 459 4427 excluditur
482 4383 533 4426 ct
574 4382 862 4440 separatur
895 4389 923 4427 a
956 4375 1085 4429 Deo.
1138 4374 1414 4430 Adversus
1464 4374 1542 4445 0g
1595 4393 1724 4445 ergo

154 4464 217 4516 ita
242 4466 556 4534 praecipitur
591 4464 790 4518 bellum
819 4471 1137 4534 gerendum,
1173 4484 1190 4516 ι
1222 4475 1280 4519 ιιι
1310 4480 1414 4520 ιιοιι
1449 4468 1721 4536 relinqua-

157 4555 241 4618 tis,
283 4559 462 4626 inquit
503 4557 571 4620 ”,
620 4569 684 4608 ex
741 4570 804 4611 eo
849 4557 1146 4612 viventem.
1185 4574 1202 4607 ι
1241 4554 1458 4610 ΝιιΙΙιιιιι
1512 4559 1656 4612 enim
1689 4577 1716 4611 a

157 4644 271 4704 liliis
299 4649 470 4706 Israel
513 4660 727 4719 oportet
761 4651 992 4720 relinqui
1043 4651 1094 4704 in
1157 4664 1326 4718 regno
1369 4650 1720 4719 turpitudinis

156 4749 203 4793 et
247 4743 531 4799 dedecoris
581 4743 872 4796 viventem.
927 4741 1031 4796 Sed
1078 4750 1133 4796 et
1179 4744 1335 4796 decet
1365 4737 1718 4794 Israclitieam

160 4828 406 4888 virtutem
441 4833 694 4887 excidere
739 4844 793 4888 et
828 4847 1076 4888 resecare
1106 4834 1309 4902 turpia,
1362 4841 1416 4887 et
1464 4831 1546 4901 pia
1574 4847 1722 4901 qua:-

158 4932 250 4986 que
271 4922 320 4977 in
348 4924 530 4978 anima
558 4922 908 4991 rezediticare,
933 4935 1094 4994 atque
1123 4925 1349 4978 honesta
1376 4939 1438 4978 ac
1470 4924 1717 4993 religiosa

161 5009 412 5076 plantare.
467 5016 540 5070 De
591 5031 757 5086 regno
824 5016 966 5071 Seon
1019 5030 1122 5068 non
1177 5026 1260 5069 est
1318 5015 1604 5084 scriptum,
1661 5025 1719 5069 ut

163 5101 320 5159 nullus
343 5106 500 5159 vivus
531 5107 889 5175 relinquatur,
922 5121 1022 5160 nec
1051 5107 1117 5160 de
1146 5122 1313 5176 regno
1355 5105 1531 5160 Moab.
1558 5106 1720 5161 Forte

165 5194 289 5248 enim
318 5213 385 5252 ex
416 5198 523 5252 illis
560 5213 696 5268 Opus
733 5199 993 5252 habemus
1023 5197 1319 5268 aliquibus.
1354 5208 1407 5252 ct
1449 5197 1719 5252 nonnullis

164 5294 328 5340 eorum
364 5305 460 5359 pro
495 5291 615 5346 vita:
663 5291 827 5361 hujus
881 5290 1146 5361 agonibus
1174 5300 1227 5344 et
1272 5289 1550 5344 exercitiis
1579 5291 1719 5345 indi—

225 5400 468 5463 “Jerem.
493 5405 702 5475 t,9,l0.
787 5408 832 5438 ³³
866 5405 1024 5462 Num.
1062 5423 1175 5471 XXI,
1217 5407 1306 5460 55.

172 5522 539 5648 Γηέἑὲ)υέἷιιδάιι
563 5529 938 5596 interpretatur
968 5538 1290 5580 TL‘RPITUDO.
1321 5527 1362 5580 A
1390 5535 1503 5585 tm:
1539 5545 1555 5576 ι
1591 5542 1718 5582 con-

231 5660 328 5730 “5)
361 5667 438 5743 Qa
470 5677 642 5721 autem
673 5669 760 5735 qui
805 5685 894 5743 rm;
940 5670 1137 5743 dicitur
1176 5683 1284 5720 esse
1316 5665 1517 5743 Bas-an,
1544 5677 1723 5743 turan-

177 5742 336 5788 rursm
357 5738 749 5807 interpretatur.
790 5741 868 5794 Ab
913 5749 999 5800 λιν
1045 5738 1238 5794 Cbald.
1281 5737 1362 5792 vel
1409 5743 1497 5795 :m
1543 5735 1706 5790 Hebr.

1385 5407 1426 5435 ’δ
1456 5407 1612 5460 Non.
1654 5422 1786 5472 χχιι,
1818 5408 1867 5470 1,
1896 5405 1951 5460 2.

1825 2170 2168 2214 occurreres.
2203 2152 2283 2206 Tu
2311 2164 2438 2204 vero
2489 2149 2659 2202 mittis
2695 2146 2760 2200 ad
2798 2145 3014 2198 Balaam
3058 2142 3322 2200 divinum,
3351 2145 3407 2190 et

1829 2250 2000 2304 mittis
2041 2248 2208 2301 multa
2263 2259 2508 2305 munera,
2567 2256 2630 2295 ac
2672 2239 2877 2308 majora
2923 2233 3221 2307 promittis,
3247 2238 3300 2285 et
3323 2228 3407 2283 di-

1827 2343 1907 2397 cis
1942 2342 1984 2372 "
2011 2355 2026 2394 :
2061 2357 2078 2390 ι
2130 2337 2283 2402 Veni,
2306 2337 2532 2392 maledic
2564 2334 2696 2388 mihi
2722 2330 2999 2402 populum,
3027 2328 3118 2396 qui
3143 2325 3314 2380 exivit
3339 2323 3407 2378 dc

1826 2435 2083 2504 Egypto.
2124 2452 2143 2484 ι
2181 2431 2285 2486 Sed
2323 2430 2568 2491 Balaam,
2608 2437 2666 2480 ut
2696 2424 2979 2490 Scriptura
3008 2421 3186 2483 docet,
3221 2415 3408 2471 retulit

1828 2525 1943 2580 haec
1972 2524 2037 2578 ad
2094 2523 2283 2587 Deum,
2327 2537 2354 2574 a
2387 2535 2494 2590 quo
2522 2528 2575 2573 et
2617 2517 2804 2571 venire
2829 2512 3168 2584 prohibetur.
3213 2508 3320 2564 Sed
3351 2516 3408 2561 et

1827 2621 2022 2675 iterum
2063 2633 2155 2672 rex
2186 2617 2353 2669 mittit
2407 2613 2633 2682 legatos,
2661 2621 2714 2665 et
2763 2608 3026 2679 neglectis
3057 2603 3224 2659 armis
3253 2616 3403 2672 spem

1825 2727 2038 2767 omnem
2082 2710 2232 2779 ponit
2273 2709 2321 2762 in
2371 2707 2587 2760 Balaam
2631 2713 2688 2756 ut
2728 2702 2929 2766 veniat,
2971 2708 3028 2754 et
3070 2697 3234 2752 verba
3266 2693 3408 2749 defe-

1826 2813 1942 2868 rat,
1995 2813 2158 2870 atque
2204 2801 2257 2854 in
2303 2797 2556 2868 populum
2619 2793 2895 2863 jaculetur
2949 2790 3242 2845 maledicta
3305 2802 3407 2856 pro

1829 2895 1972 2963 telis,
2021 2895 2067 2948 si
2109 2893 2247 2948 forte
2295 2891 2480 2944 verbis
2542 2886 2762 2940 Balaam
2814 2884 3068 2938 vincatur
3131 2881 3404 2952 populus,

1826 3003 1985 3058 quem
2019 2987 2159 3057 regis
2215 2987 2491 3040 exercitus
2536 2993 2803 3048 superare
2851 2992 2959 3032 nou
2991 2985 3229 3046 poterat.
3283 2973 3406 3030 llaec

1827 3079 2053 3136 historia
2082 3078 2211 3148 quid
2247 3076 2652 3147 consequentiae
2683 3072 2888 3128 habet?
2919 3068 3051 3138 quid
3087 3066 3300 3122 consilii
3333 3078 3409 3123 te-

1825 3173 1902 3244 git
1933 3171 2086 3242 (45;?
2127 3169 2228 3225 Ubi
2287 3169 2367 3224 vel
2425 3167 2646 3238 quando
2707 3165 2948 3220 auditmn
2982 3171 3086 3227 est,
3117 3160 3260 3230 quod
3283 3159 3406 3228 quis

1826 3279 2042 3334 regum,
2074 3263 2390 3317 innuineute
2441 3262 2542 3315 sibi
2570 3259 2777 3330 prmlio,
2815 3255 3032 3312 omissis
3057 3252 3226 3306 armis
3245 3265 3406 3304 exer-

1827 3357 2045 3426 cituque
2082 3355 2346 3422 neglecto,
2405 3351 2468 3404 ad
2521 3351 2688 3405 divini
2729 3346 2958 3416 alicujus
2996 3346 3079 3400 vel
3133 3341 3406 3411 aruspicis

1827 3449 1989 3503 verba
2038 3445 2376 3516 confugerit?
2429 3444 2586 3500 Unde
2637 3444 2832 3496 iterum
2887 3451 3049 3508 atque
3079 3438 3272 3492 iterum
3309 3433 3404 3487 Dei

1828 3541 1983 3595 nobis
2003 3539 2278 3594 exoranda
2301 3545 2384 3593 est
2411 3536 2606 3607 gratia,
2634 3544 2690 3587 ut
2705 3535 2821 3588 haec
2844 3547 2948 3586 non
2965 3529 3221 3584 fabulosis
3239 3537 3293 3581 et
3317 3523 3413 3580 Ju-

1827 3631 1994 3686 daicis
2013 3630 2437 3693 narrationibus,
2457 3626 2549 3682 sed
2575 3623 2932 3680 rationalibus
2951 3631 3007 3677 et
3025 3621 3204 3691 dignis
3224 3620 3404 3675 divina

1826 3724 1946 3794 lege
1965 3725 2231 3795 possimus
2243 3723 2491 3777 sensibus
2511 3718 2719 3789 explica
2730 3717 2997 3772 re.Primo
3014 3730 3142 3785 ergo
3160 3712 3408 3768 muniunt

1829 3816 2108 3870 fatendum
2142 3823 2226 3869 est
2255 3815 2307 3868 in
2332 3812 2655 3882 quibusdam
2675 3810 2794 3878 plus
2814 3821 2974 3879 posse
2997 3815 3046 3860 et
3073 3807 3192 3875 plus
3225 3803 3410 3858 valere

1828 3910 1991 3964 verba
2026 3921 2189 3978 quam
2227 3920 2453 3974 corpora
2488 3921 2500 3956 :
2538 3901 2664 3970 quia
2707 3902 2854 3970 quod
2897 3899 3175 3955 exercitus
3210 3895 3407 3952 multa-

1829 4018 1948 4057 rum
1979 3999 2220 4070 gentium
2252 3996 2508 4066 nequiret
2539 3995 2772 4060 elliecre,
2808 3993 2950 4061 quod
2991 3989 3136 4045 ferro
3167 3999 3220 4044 et
3240 3989 3410 4043 armis

1827 4109 1932 4150 non
1972 4100 2153 4161 posset
2175 4087 2434 4152 obtineri,
2454 4089 2555 4143 hoc
2578 4087 2762 4142 verbis
2793 4085 3050 4149 ellicitur;
3084 4092 3138 4138 et
3163 4081 3411 4135 nondico

1828 4185 2032 4242 sanetis
2059 4179 2358 4244 verbis,vel
2379 4179 2470 4233 Dci
2502 4180 2702 4246 verbis,
2735 4177 2828 4232 sed
2858 4175 3036 4230 verbis
3059 4173 3405 4244 quihusdam,

1827 4294 1947 4350 quin
1974 4277 2117 4330 inter
2140 4272 2389 4328 homines
2441 4273 2738 4337 habentur,
2772 4285 2890 4340 quin
2922 4267 3194 4338 quomodo
3225 4263 3404 4318 nomi-

1827 4386 1951 4426 nem
2021 4367 2244 4430 nescio;
2305 4374 2436 4419 sunt
2476 4371 2654 4416 tamen
2699 4361 2752 4415 in
2785 4359 2902 4413 mili
2945 4367 3059 4411 arte
3085 4353 3406 4424 composita,

1754 4460 1798 4517 D
1831 4466 1984 4534 cujus
2007 4462 2142 4516 artis
2171 4456 2492 4510 vocabulum
2525 4455 2656 4509 illud
2693 4453 2788 4518 sit,
2813 4453 2957 4522 quod
2988 4449 3281 4517 unicuique
3313 4461 3409 4515 ap-

1827 4557 2015 4627 pellari
2054 4555 2202 4609 libet.
2263 4551 2356 4606 Est
2384 4563 2538 4618 ergo,
2571 4557 2627 4600 ut
2660 4545 2794 4609 dixi,
2827 4545 2967 4612 apud
3002 4541 3245 4596 homines
3272 4553 3407 4606 opus

1829 4642 2101 4713 aliquod,
2178 4639 2323 4709 quod
2415 4634 2599 4691 verbis
2676 4631 2929 4687 eﬂicitur.
3005 4629 3146 4696 Quid
3224 4637 3404 4681 tamen

1828 4752 1961 4805 opus
2011 4733 2116 4787 tale
2173 4739 2290 4795 est,
2348 4740 2408 4782 ut
2450 4725 2698 4796 quamvis
2764 4724 2976 4793 magnis
3028 4721 3275 4791 corporis
3329 4721 3408 4772 vi-

1830 4829 1981 4882 ribus
2021 4841 2126 4880 non
2186 4823 2357 4895 possit
2409 4819 2659 4890 impleri?
2703 4817 2863 4874 Verbi
2914 4817 3121 4884 gratia,
3161 4824 3315 4868 erant
3354 4813 3404 4864 in

1828 4919 2065 4988 {Egypto
2117 4917 2486 4971 incantatores
2525 4920 2581 4965 et
2627 4910 2790 4978 magi.
2838 4906 2972 4972 Quis
3007 4915 3182 4975 potest
3228 4903 3406 4956 homi-

1830 5029 1954 5065 num
2001 5010 2318 5064 fortitudine
2349 5003 2598 5074 corporis
2647 5003 2854 5069 virgam
2917 5009 3132 5051 mutare
3189 4997 3241 5049 in
3283 5009 3406 5048 ser-

1828 5115 2074 5171 pentem,
2135 5102 2279 5173 quod
2317 5099 2384 5152 ab
2420 5099 2528 5151 illis
2582 5096 2784 5150 factum
2810 5091 3084 5148 refertur?
3131 5091 3239 5144 Aut
3283 5088 3406 5158 quis

1828 5206 2001 5264 p0test
2078 5196 2282 5248 viribus
2355 5193 2601 5263 corporis
2673 5203 2871 5259 aquam
2945 5187 2998 5240 in
3080 5181 3403 5253 sanguinem

1827 5287 1989 5358 319
2034 5287 2285 5341 vertere?
2333 5285 2594 5340 Fecerunt
2647 5291 2828 5337 tamen
2883 5279 2985 5334 hoc
3023 5275 3403 5347 [Egyptiorum

2032 5407 2073 5436 ’⁷
2109 5403 2236 5458 ibid.
2263 5403 2314 5456 0.

1834 5545 1872 5648 ι¹
1899 5524 2100 5646 cilrculo
2131 5521 2462 5586 describere,
2511 5537 2528 5569 ι
2565 5528 2618 5572 et
2659 5517 2799 5572 forte
2842 5531 2860 5566 ι
2906 5511 3202 5581 includere,
3231 5508 3406 5567 inter-

1834 5615 1854 5648 [Ὗ
1881 5612 1929 5647 υ(
1953 5612 2061 5647 CI'C.
2102 5613 2117 5640 ³

1828 5612 2061 5649 cntuerc.
2102 5613 2117 5640 ι

1898 5664 2213 5735 (iijtlodcx
2259 5658 2633 5735 Carnotensis,
2681 5678 2698 5710 ι
2746 5670 2960 5726 cogere.
2997 5672 3016 5703 ›

1899 5729 2008 5795 (ιδ’)
2040 5733 2207 5790 Idem.
2253 5751 2268 5783 ι
2305 5729 2560 5787 ostendit.
2607 5746 2626 5782 ›
