4086 6218
705 252 801 305 Gil

2175 241 2503 300 ORIGENIS

3887 240 4013 293 67?.

706 366 1068 420 incantalores
1093 374 1146 419 et
1172 365 1333 434 magi.
1370 364 1599 419 Fecerat
1626 365 1771 417 enim
1802 364 1915 417 haec
1948 362 2100 430 prius
2133 359 2279 429 Moy-
2312 358 2355 414 Λ
2386 356 2466 411 vis
2514 370 2823 419 armorum,
2879 364 3146 423 quantum
3182 354 3383 426 Moysis
3422 354 3592 409 valuit
3636 354 3864 409 oratio.
3934 356 4011 410 Ut

704 470 791 509 ses
838 473 851 509 :
900 456 993 509 sed
1036 457 1158 524 quia
1204 456 1409 510 sciebat
1448 471 1541 509 rex
1608 454 1825 525 [Egypli
1871 454 2010 522 quod
2063 460 2282 520 possent

708 545 818 597 hmo
845 553 961 597 arte
989 544 1221 612 quadam
1261 544 1373 597 fieri
1404 544 1710 605 verborum,
1734 558 1853 611 qua:
1886 542 2113 593 habetur
2144 538 2282 589 inter

707 634 975 695 hemines,
1026 635 1229 702 putavit
1261 644 1315 688 et
1370 634 1585 703 Moysen
1626 649 1730 686 non
1783 634 1894 685 hzee
1933 630 2022 682 Dei
2056 629 2277 687 virtute,

703 725 797 778 sed
831 726 1035 792 magica
1072 734 1187 778 arte
1215 724 1431 787 fecisse,
1465 736 1514 778 et
1542 724 1682 793 quod
1710 726 1947 777 humana
1986 730 2099 773 arte
2138 718 2281 772 fece-

702 824 813 878 rat,
846 817 895 868 id
936 816 1023 869 Dei
1068 817 1265 870 factum
1304 818 1501 869 virtute
1528 816 1808 870 simulare.
1844 816 2115 869 Cotivoczit
2149 828 2280 866 con-

702 906 853 960 tinuo
875 906 1247 975 .Egyptiorum
1280 908 1649 962 incantatorcs
1675 918 1730 961 et
1758 923 1959 977 magos.
1988 907 2133 960 inter
2156 922 2277 960 eum

700 999 789 1065 qui
831 995 1032 1051 virtute
1076 998 1167 1051 Dei
1220 1001 1572 1067 operabatur,
1616 1009 1670 1053 et
1706 1015 1798 1052 eos
1852 999 1943 1067 qui
2009 998 2280 1052 daeinones

705 1092 1045 1153 invocabant,
1063 1089 1206 1146 facit
1238 1106 1359 1145 esse
1389 1101 1687 1147 certamen.
1726 1091 1896 1145 lilIieit
1927 1102 2102 1145 tamen
2130 1090 2280 1143 simi-

705 1178 828 1232 liter
858 1188 912 1232 et
944 1182 1219 1234 contraria
1255 1181 1427 1236 virtus
1464 1182 1663 1250 virgam
1697 1192 2002 1251 serpentem
2031 1184 2165 1234 sicut
2197 1180 2276 1233 fe-

702 1280 852 1322 cerat
882 1271 1049 1325 virtus
1080 1270 1171 1327 Dei
1213 1292 1225 1326 :
1262 1274 1353 1328 sed
1384 1290 1609 1344 serpens
1654 1274 1743 1342 qui
1776 1289 1871 1343 per
1901 1274 2149 1328 virtutem
2185 1273 2275 1326 Dei

706 1358 880 1412 factus
930 1358 1124 1425 fuerat,
1178 1362 1461 1416 absorbuit
1498 1373 1552 1417 et
1598 1363 1878 1416 devoravit
1924 1377 2113 1417 omnes
2159 1362 2278 1416 illos

698 1461 1001 1519 serpentes,
1047 1453 1138 1521 qui
1172 1463 1286 1508 arte
1327 1454 1531 1523 magica
1572 1470 1636 1508 ex
1669 1454 1834 1522 virgis
1873 1453 2012 1507 versi
2061 1453 2278 1506 fuerant

700 1541 751 1592 in
798 1553 1096 1610 serpentes.
1143 1543 1257 1597 Non
1306 1544 1449 1597 enim
1503 1545 1675 1612 potuit
1730 1544 1903 1595 virtus
1949 1542 2273 1596 daemoniaca

701 1632 899 1685 malum
940 1634 1175 1701 quodex
1216 1636 1357 1687 bono
1387 1635 1593 1688 fecerat
1635 1634 1921 1689 restituere
1959 1634 2009 1687 in
2051 1635 2272 1688 bonum.

700 1720 877 1775 l‘otutt
910 1739 972 1776 ev
1003 1724 1153 1792 virga
1180 1724 1357 1777 facere
1379 1734 1707 1793 serpentem,
1753 1725 1956 1793 virgam
1990 1741 2120 1780 vero
2153 1726 2276 1779 red-

700 1811 829 1864 dere
855 1828 916 1865 ex
952 1823 1204 1882 serpente
1234 1830 1340 1867 non
1388 1816 1561 1884 potuit
1590 1832 1602 1867 :
1634 1827 1687 1868 et
1726 1816 1844 1869 ideo
1887 1827 2279 1869 consumuntur

699 1916 893 1954 omnes
932 1917 998 1955 ex
1033 1919 1091 1954 ea
1136 1904 1280 1973 virga
1306 1915 1425 1973 qnse
1460 1906 1547 1957 Dei
1588 1906 1789 1958 virtute
1822 1920 1977 1958 versa
2019 1905 2199 1960 fuerat
2224 1907 2275 1960 iu

700 2001 1027 2059 serpentem.
1054 1994 1247 2049 Postea
1280 2012 1405 2051 vero
1438 2013 1533 2065 per
1561 1998 1800 2049 divinam
1841 1999 2094 2052 virtutem
2124 2009 2279 2052 natu-

700 2096 775 2134 rte
800 2097 909 2137 sua:
947 2086 1207 2150 redditur,
1239 2097 1294 2140 ut
1320 2100 1529 2141 naturre
1560 2087 1843 2142 Dominum
1869 2087 2153 2143 fateretur.
2179 2089 2278 2143 Fe-

700 2185 887 2226 cerunt
923 2176 1289 2234 iucautatores
1322 2180 1723 2248 Egyptiormn,
1773 2192 1830 2235 ut
1888 2192 1940 2237 et
1978 2197 2129 2251 aqua:
2159 2198 2278 2235 ver-

702 2273 945 2321 terentur
987 2269 1037 2322 in
1092 2273 1437 2341 sanguinem,
1477 2271 1569 2325 sed
1620 2287 1722 2325 non
1756 2282 2043 2342 potuerunt
2084 2275 2275 2329 iterum

696 2362 1012 2427 sanguinem
1042 2372 1253 2418 vertere
1289 2366 1341 2418 in
1368 2383 1558 2434 aquam
1586 2384 1600 2426 ;
1630 2367 1719 2420 Dei
1750 2376 1929 2420 autem
1960 2369 2132 2421 virtus
2168 2383 2275 2422 non

696 2465 915 2517 aquam,
941 2453 1031 2505 sed
1064 2462 1233 2507 totum
1282 2454 1500 2510 ﬂuvium
1551 2460 1713 2513 vertit
1743 2462 1793 2514 in
1828 2463 2144 2531 sanguinem
2178 2480 2191 2514 :
2221 2468 2276 2514 et

700 2554 911 2593 rursum
944 2555 1136 2598 orante
1167 2544 1369 2615 Moyse,
1410 2547 1644 2617 limpidis
1692 2565 1811 2603 eum
1848 2566 1911 2607 ac
1940 2552 2277 2607 naturalibus

703 2634 935 2687 reddidit
993 2638 1227 2691 ﬂuentis.
1310 2640 1375 2691 Et
1443 2640 1637 2694 iterum
1700 2644 2077 2711 produxerunt
2132 2644 2275 2716 magi

702 2721 1076 2794 Egyptiorum
1123 2730 1361 2798 senipes,
1400 2733 1493 2785 sed
1541 2749 1644 2787 non
1691 2744 1983 2801 potuerunt
2016 2734 2277 2803 repellere

696 2833 811 2875 eas.
848 2819 1056 2890 Moyses
1090 2838 1218 2877 vero
1252 2826 1507 2893 produxit
1538 2826 1773 2895 sonipes,
1802 2836 1857 2880 et
1884 2827 2101 2896 repulit.
2134 2828 2276 2883 Deus

697 2910 838 2962 enim
877 2922 1059 2966 noster
1086 2914 1263 2969 delere
1298 2916 1456 2981 facit,
1510 2925 1563 2970 et
1605 2917 1799 2970 iterum
1842 2917 2112 2985 restituit;
2144 2934 2275 2973 con-

2384 447 2528 500 enim
2558 447 2819 500 elevasset
2852 445 3062 517 Moyses
3087 462 3275 501 manus
3301 450 3367 501 ad
3406 448 3595 510 Deum,
3628 449 4005 503 vincebatur

2382 539 2634 599 Amalec;
2665 540 2901 594 remissa:
2932 554 3059 594 vero
3104 547 3157 591 et
3205 537 3440 605 dejectre,
3486 539 3631 591 vinci
3682 538 4002 592 faciebant

2383 630 2568 683 Israel.
2625 631 2747 684 llaec
2789 631 3029 698 profecto
3071 631 3315 685 audierat
3386 629 3583 683 Balach
3631 646 3733 684 rex
3784 630 3993 683 Monb.

2384 723 2661 790 Scriptum
2692 733 2775 776 est
2798 724 2939 777 enim
2972 724 3016 755 ⁸ο
3050 741 3063 778 :
3102 742 3120 773 ι
3158 721 3461 775 Audierunt
3508 731 3723 791 gentes,
3771 730 3835 775 et
3869 721 3985 773 ira-

2387 826 2451 869 ta:
2483 825 2609 868 sunt
2641 831 2653 865 :
2701 814 2915 867 dolores
2932 814 3461 884 comprehenderunt
3489 815 3815 868 habitantes
3850 813 3983 867 Phi-

2382 906 2586 961 listiim.
2630 907 2783 961 Tunc
2817 905 3212 961 festinaverunt
3253 908 3417 963 duces
3454 908 3647 970 Edom,
3670 914 3730 959 et
3756 906 3975 975 princi-

2381 1014 2474 1067 pes
2495 998 2868 1061 Moabitarum,
2905 999 3262 1066 apprehendit
3303 1014 3396 1053 eos
3454 1008 3678 1052 tremor.
3742 1017 3763 1049 ο
3795 996 3971 1051 Vides

2381 1090 2691 1159 pervenisse
2717 1090 2782 1142 ad
2811 1104 2906 1144 eos
2933 1090 3075 1157 quod
3110 1090 3163 1143 in
3190 1090 3403 1144 cantico
3448 1090 3781 1158 prtedixerat
3831 1087 3975 1157 Moy-

2381 1196 2468 1237 ses
2511 1180 2728 1249 quando
2782 1180 3111 1235 transierant
3157 1194 3307 1233 mare
3370 1179 3635 1235 Rubrum.
3696 1178 3969 1233 Audierat

2378 1288 2506 1342 ergo
2533 1288 2628 1325 rex
2654 1270 2828 1336 Moab,
2859 1272 2982 1340 quia
3018 1271 3245 1341 pepulus
3274 1272 3365 1325 hic
3398 1272 3742 1326 orationibus
3769 1268 3967 1329 vineit.

2379 1374 2433 1418 et
2469 1372 2671 1433 pugnat
2699 1364 2989 1418 adversum
3031 1364 3218 1418 hostes
3245 1377 3362 1427 ore,
3412 1378 3517 1416 non
3566 1363 3779 1433 gladio,
3817 1371 3876 1416 et
3901 1362 3969 1416 ob

2378 1453 2480 1507 hoc
2507 1451 2624 1507 sine
2660 1452 2821 1507 dubio
2849 1452 2986 1521 apud
3020 1454 3371 1521 semetipsum
3407 1453 3684 1521 cogitavit,
3720 1452 3918 1506 dicens
3947 1466 3962 1502 :

2375 1542 2647 1607 Quoniam
2672 1543 2891 1611 quidem
2958 1544 3295 1598 orationibus
3332 1543 3508 1614 pepuli
3555 1544 3719 1613 hujus
3752 1553 3810 1597 et
3846 1558 3966 1611 pre-

2377 1634 2529 1688 cibus
2558 1634 2701 1687 nulla
2732 1642 2959 1703 possunt
2987 1650 3135 1688 arma
3171 1635 3401 1690 conferri
3427 1677 3443 1701 ,
3480 1634 3598 1689 ideo
3626 1635 3793 1687 etiam
3833 1632 3963 1686 mihi

2381 1726 2511 1781 tales
2541 1725 2733 1794 aliqua:
2756 1740 2962 1794 preces,
2997 1734 3052 1779 et
3095 1726 3222 1779 talia
3266 1726 3587 1796 requirenda
3627 1734 3763 1779 sunt
3796 1740 3954 1779 arma

2382 1817 2690 1879 verborum,
2722 1825 2775 1870 et
2802 1814 3079 1872 orationes
3114 1815 3247 1872 tales
3286 1831 3406 1886 qua:
3450 1829 3710 1884 superare
3750 1813 3964 1883 possint

2378 1907 2656 1961 orationes
2691 1908 2941 1961 istorum.

2447 2021 2500 2075 5.
2544 2020 2613 2077 Ut
2662 2030 2839 2074 autem
2888 2021 3029 2075 scias
3070 2021 3175 2075 tale
3205 2020 3406 2091 aliquid
3455 2020 3723 2089 cogitasse
3752 2034 3957 2089 regem,

2378 2126 2442 2167 ex
2480 2111 2775 2182 Scriptura:
2809 2113 2988 2167 verbis
3040 2113 3273 2181 intellige
3295 2152 3308 2174 ,
3357 2128 3475 2181 quae
3501 2126 3601 2180 ego
3631 2126 3659 2163 a
3694 2111 3957 2180 magistro

2379 2206 2635 2273 quodam,
2676 2205 2767 2274 qui
2799 2221 2863 2258 ex
2894 2203 3136 2258 Hebrazis
3161 2204 3485 2267 crediderat,
3540 2203 3789 2271 exposita
3820 2202 3955 2254 didi-

2378 2300 2447 2354 ci.
2481 2298 2752 2368 Scriptum
2781 2308 2864 2352 est
2888 2313 3017 2369 ergo
3040 2298 3081 2329 ³¹
3120 2317 3132 2351 :
3169 2317 3186 2348 ι
3228 2298 3290 2352 Et
3328 2297 3462 2351 dixit
3500 2296 3653 2349 Moab
3676 2296 3745 2348 ad
3774 2295 3959 2348 senio-

2378 2404 2466 2445 res
2520 2388 2727 2443 Madian
2761 2406 2774 2442 :
2806 2389 2960 2444 Nunc
3015 2389 3255 2458 ablinget
3302 2403 3567 2458 synagoga
3612 2387 3728 2441 haec
3766 2401 3956 2440 omnes

2378 2481 2469 2550 qui
2515 2482 2563 2533 in
2610 2481 2838 2534 circuitu
2892 2492 3075 2536 nostro
3119 2488 3270 2545 sunt,
3317 2479 3456 2533 sicut
3498 2477 3729 2546 ablingit
3755 2476 3953 2530 vitulus

2379 2571 2604 2625 herbam
2638 2573 2837 2641 campi.
2882 2591 2901 2624 ι
2940 2573 3136 2627 Aiebat
3159 2586 3290 2641 ergo
3325 2570 3582 2641 magister
3613 2571 3724 2632 ille,
3750 2570 3841 2638 qui
3882 2586 3945 2622 ex

2379 2657 2618 2715 liebrazis
2666 2661 2971 2715 crediderat
3017 2675 3032 2714 :
3077 2660 3206 2724 Cur,
3272 2660 3480 2729 inquit,
3537 2659 3629 2714 tali
3681 2675 3812 2714 usus
3865 2672 3948 2715 est

2377 2750 2623 2820 exemplo
2672 2751 2890 2813 dicens,
2941 2770 2960 2803 ‹
3011 2752 3154 2805 sicut
3207 2751 3433 2821 ablingit
3484 2750 3682 2806 vitulus
3723 2752 3944 2806 herbam

2377 2842 2643 2910 campi?»
2685 2839 2766 2895 Ob
2823 2843 2924 2897 hoc
2987 2842 3105 2897 sine
3154 2843 3341 2907 dubio,
3399 2844 3525 2911 quia
3582 2842 3785 2896 vitulus
3849 2858 3944 2897 ore

2376 2934 2647 3002 obrumpit
2669 2935 2893 2989 herbam
2922 2936 2987 2988 de
3014 2949 3204 3003 campo
3235 2943 3288 2988 et
3317 2935 3495 3005 lingua
3528 2944 3779 3004 tanquam
3811 2935 3943 2989 falce

702 3003 869 3066 traria
905 3016 1080 3059 autem
1114 3008 1282 3063 virtus
1311 3009 1449 3064 male
1482 3010 1698 3079 quidem
1734 3011 1915 3067 facere
1949 3012 2148 3082 aliquid
2178 3027 2271 3078 po—

2376 3039 2712 3095 qumcunque
2748 3025 3015 3081 invenerit
3042 3035 3215 3081 secat.
3250 3025 3325 3080 Ita
3356 3003 3483 3095 ergo
3505 3036 3559 3082 et
3589 3003 3814 3096 populus
3836 3027 3942 3091 hic,

700 3104 827 3157 test,
858 3097 949 3150 sed
1001 3099 1288 3154 restituere
1330 3102 1381 3155 in
1432 3101 1701 3172 integrum
1749 3118 1853 3157 non
1910 3113 2109 3172 potest.
2147 3103 2272 3160 lla‘c

698 3196 877 3240 autem
915 3189 1095 3242 omnia
1141 3193 1521 3259 praemisimus,
1567 3203 1623 3247 ut
1671 3208 1833 3263 opera
1888 3193 2132 3260 Balaam,
2190 3194 2272 3249 vel

699 3282 860 3334 verba
907 3281 1022 3349 ejus
1055 3285 1322 3351 possimus
1367 3286 1673 3340 advertere.
1706 3286 1845 3339 Sunt
1876 3288 2018 3341 enim
2051 3297 2106 3341 et
2156 3303 2273 3341 ma-

696 3386 884 3439 gorum
934 3375 1207 3428 nonnullae
1260 3374 1577 3431 differentia:
1625 3390 1640 3429 :
1684 3375 1772 3431 alii
1826 3377 1968 3431 enim
2004 3376 2143 3446 plus,
2181 3378 2269 3432 alii

700 3463 875 3518 minus
900 3465 1099 3519 valent.
1134 3466 1231 3521 ilic
1264 3466 1477 3521 Balaam
1504 3466 1900 3523 famosissimus
1926 3480 2045 3525 erat
2073 3472 2125 3523 in
2156 3479 2272 3524 arte

696 3556 899 3623 magica
956 3567 1008 3611 et
1055 3559 1108 3611 in
1160 3561 1498 3613 carminibus
1550 3562 1727 3615 noxiis
1775 3570 2100 3629 praepotens.
2153 3561 2269 3616 Non

696 3646 838 3699 enim
882 3648 1114 3703 habebat
1152 3661 1507 3719 potestatem,
1559 3652 1641 3705 vel
1685 3663 1857 3706 artem
1892 3653 2178 3705 verborum
2205 3653 2269 3706 ad

696 3740 1148 3811 benedicendum,
1185 3747 1278 3800 sed
1305 3746 1537 3802 habebat
1564 3748 1629 3801 ad
1677 3747 2121 3803 maledicendum.
2156 3750 2271 3803 Da:-

697 3848 883 3887 moues
920 3836 1065 3889 enim
1111 3838 1177 3890 ad
1223 3838 1653 3893 maledicendum
1703 3840 2019 3904 invitantur,
2071 3854 2174 3895 non
2203 3842 2268 3895 ad

695 3924 1142 3984 benedicendum.
1200 3930 1266 3984 Et
1312 3930 1434 3985 ideo
1479 3930 1631 4000 quasi
1668 3943 1925 4002 expertus
1953 3934 2005 3986 in
2050 3933 2267 3999 talibus,

695 4014 748 4067 in
793 4017 1045 4084 opinione
1091 4027 1207 4072 erat
1254 4020 1527 4085 omnibus,
1578 4023 1669 4090 qui
1720 4030 1876 4076 erant
1924 4022 1975 4074 in
2024 4020 2265 4078 Oriente.

696 4109 810 4163 Nisi
841 4111 983 4163 enim
1014 4111 1383 4179 experimenta
1416 4114 1531 4180 ejus
1574 4113 1807 4182 plurima
1840 4112 2265 4180 prmeessissent,

693 4200 833 4268 quod
855 4200 1166 4271 frequenter
1215 4202 1519 4258 maledictis
1565 4205 1775 4259 hostem
1806 4203 2265 4258 vertissetarma-

694 4301 829 4356 tum,
856 4308 961 4348 non
994 4294 1180 4364 utique
1210 4296 1646 4366 praesumpsisset
1681 4312 1774 4350 rex
1804 4296 1906 4349 hoc
1947 4309 2108 4365 posse
2148 4295 2265 4349 lieri

2373 3116 2524 3185 quasi
2556 3116 2754 3170 vitulus
2784 3132 2877 3171 ore
2908 3124 2959 3171 et
2989 3116 3148 3172 labiis
3173 3126 3395 3187 pugnat,
3431 3127 3486 3172 et
3518 3132 3666 3171 arma
3700 3118 3862 3172 habet
3888 3119 3937 3172 iu

2375 3210 2554 3264 verbis
2585 3226 2649 3264 ac
2678 3211 2948 3278 precibus.
2985 3208 3115 3265 litec
3136 3211 3302 3280 igitur
3334 3211 3514 3265 sciens
3558 3226 3654 3266 rex
3687 3211 3848 3265 mittit
3873 3212 3933 3264 ad

2372 3302 2613 3367 Balaam,
2642 3312 2779 3357 utet
2814 3302 2926 3371 ipse
2970 3302 3179 3357 deferat
3217 3302 3396 3357 verbis
3432 3302 3597 3356 verba
3647 3302 3935 3364 contraria,

2372 3404 2427 3450 et
2450 3394 2700 3464 precibus
2742 3407 2953 3461 preces.
3002 3391 3114 3446 Nec
3168 3392 3384 3448 mireris
3419 3392 3461 3447 si
3506 3402 3591 3446 est
3635 3392 3686 3444 in
3738 3391 3935 3456 magica

2372 3493 2489 3539 arte
2527 3484 2632 3538 tale
2666 3484 2896 3552 aliquid;
2935 3498 3055 3538 esse
3100 3484 3246 3537 enim
3292 3483 3432 3537 hanc
3481 3491 3655 3535 artem
3701 3482 3939 3552 designat

2371 3575 2533 3629 etiam
2565 3575 2874 3643 Scriptura,
2921 3575 3014 3628 sed
3051 3573 3127 3627 uti
3156 3588 3218 3627 ea
3260 3573 3528 3643 prohibet.
3574 3571 3706 3625 Nam
3750 3582 3806 3630 et
3833 3574 3937 3625 dm-

2372 3680 2559 3719 mones
2600 3665 2877 3734 Scriptura
2912 3678 3029 3719 esse
3055 3665 3326 3733 designat.
3359 3665 3452 3718 sed
3482 3665 3584 3718 coli
3607 3680 3701 3717 eos
3730 3673 3781 3718 ct
3811 3678 3937 3717 exo-

2372 3753 2480 3807 rari
2516 3763 2685 3808 vetat.
2732 3753 2896 3808 Bccte
2925 3768 3057 3824 ergo
3082 3753 3248 3807 etiam
3297 3754 3503 3821 magica
3564 3754 3638 3808 uti
3673 3755 3935 3823 prohibet,

2371 3845 2495 3914 quia
2532 3861 2805 3915 magorum
2838 3848 3071 3900 ministri
3109 3844 3222 3918 (l6)
3254 3847 3429 3917 angeli
3464 3855 3593 3899 sunt
3630 3847 3846 3916 refugae,
3884 3857 3935 3901 et

2370 3937 2594 4005 spiritus
2627 3937 3222 4005 maligni,etd;emonia
3256 3938 3557 3992 immunda.
3594 3937 3776 3992 Nullus
3797 3938 3936 3992 enim

2371 4036 2686 4097 sanctorum
2717 4030 3002 4095 spirituum
3037 4029 3381 4099 obtemperat
3407 4045 3587 4099 mago.
3616 4027 3729 4081 Non
3762 4040 3930 4099 poteSt

2371 4116 2624 4171 invocare
2673 4132 2861 4188 magus
2927 4117 3264 4184 Michaelem,
3327 4134 3431 4173 non
3476 4127 3651 4186 potest
3693 4120 3936 4172 invocare

2372 4207 2726 4277 Baphaelem,
2760 4224 2933 4278 neque
2981 4208 3323 4275 Gabrielem;
3359 4210 3527 4263 ιιιιιιιο
3556 4210 3723 4277 magis
3755 4226 3935 4277 magus

2370 4300 2621 4355 invocare
2658 4315 2762 4353 non
2812 4308 2987 4367 potest
3029 4284 3449 4367 omnipotentem
3506 4300 3691 4362 Deum,
3732 4316 3827 4353 nec
3853 4298 3935 4352 Fi-

690 4387 1051 4450 sermonibus.
1093 4389 1233 4457 quod
1272 4387 1416 4443 ferro
1447 4399 1499 4443 et
1529 4389 1647 4444 acie
1690 4389 1776 4443 vix
1810 4396 1991 4457 posset
2031 4387 2262 4457 impleri.
2300 4384 2342 4440 1)
2368 4391 2499 4445 lium
2527 4391 2641 4457 ejus
2674 4390 2959 4445 Dominum
3002 4403 3247 4445 nostrum
3288 4389 3470 4444 Jesum
3519 4390 3814 4455 Christum,
3841 4408 3934 4447 nec

691 4479 883 4531 (Zertus
912 4494 1041 4547 ergo
1067 4479 1264 4534 Balacb
1304 4480 1371 4534 de
1397 4480 1519 4546 hoc,
1562 4491 1614 4534 et
1642 4480 1957 4550 frequenter
1984 4490 2260 4547 expertus,

690 4566 907 4621 omissis
949 4568 1198 4621 omnibus
1252 4569 1627 4625 instrumentis
1669 4578 1724 4624 et
1773 4570 1990 4624 auxiliis
2034 4570 2259 4636 bellicis,

692 4656 856 4710 mittit
885 4660 952 4711 ad
983 4674 1102 4712 eum
1138 4659 1339 4727 legatos
1374 4662 1561 4715 dicens
1652 4662 1698 4693 ³⁸
1734 4679 1747 4714 :
1787 4680 1806 4713 ι
1840 4663 1981 4717 Eeee
2032 4663 2262 4732 populus

688 4751 857 4807 exivit
887 4752 952 4806 de
982 4752 1213 4822 IEgypto
1246 4762 1299 4807 et
1324 4754 1605 4823 cooperuit
1637 4754 1828 4808 faciem
1875 4764 2051 4820 terra),
2088 4764 2142 4810 et
2176 4756 2263 4809 hic

688 4843 1004 4910 seditjuxta
1034 4860 1136 4898 me.
1174 4864 1193 4896 ι
1222 4845 1326 4900 Sed
1354 4855 1409 4899 et
1430 4845 1665 4915 amplius
1693 4845 1901 4913 aliquid
1939 4856 2069 4915 puto
2117 4846 2259 4916 quod

690 4936 919 4990 moverit
975 4952 1153 5006 regem
1197 4955 1211 4992 :
1261 4938 1476 4992 videtur
1515 4938 1663 4993 enim
1711 4936 1951 5002 audisse,
2002 4939 2126 5007 quia
2169 4939 2260 4993 filii

689 5028 852 5083 Israel
878 5029 1055 5083 solent
1116 5031 1298 5086 hostes
1341 5031 1561 5087 vincere
1607 5031 1874 5097 oratione,
1927 5048 2031 5084 non
2072 5033 2261 5097 armis,

689 5133 789 5172 nec
825 5126 934 5173 tam
986 5120 1131 5174 ferro
1161 5137 1317 5189 quam
1362 5121 1631 5192 precibus.
1687 5119 1843 5174 Nulla
1904 5123 2047 5176 enim
2098 5123 2260 5178 lsrael

688 5212 975 5266 adversum
1014 5213 1347 5269 Pharaonem
1376 5230 1525 5268 arma
1562 5217 1881 5281 commovit,
1926 5217 2021 5271 sed
2054 5216 2257 5270 dictum

686 5314 770 5358 est
795 5304 843 5358 ei
892 5305 913 5336 '
947 5321 960 5358 :
1000 5323 1019 5356 ε
1059 5304 1319 5360 Dominus
1348 5307 1606 5377 pugnabit
1634 5322 1729 5375 pro
1759 5309 1930 5371 vobis,
1963 5320 2013 5362 et
2048 5325 2142 5363 vos
2175 5319 2257 5363 ta—

687 5393 898 5447 cebitis.
937 5412 956 5447 ι
984 5394 1087 5448 Sed
1120 5412 1216 5450 nec
1238 5406 1429 5451 contra
1454 5396 1779 5451 Amaleeitas
1803 5399 2020 5467 quidem
2049 5410 2256 5454 tantum

738 5490 801 5531 »ιν
825 5488 982 5544 Num.
1017 5508 1148 5555 χιιι,
1180 5493 1233 5546 5.
1306 5492 1349 5523 ”
1379 5492 1543 5547 Exod.
1577 5509 1685 5559 XIV,
1718 5495 1802 5551 H.

762 5579 876 5646 (Viti)
911 5581 1073 5646 Idem,
1110 5601 1126 5631 ι
1161 5583 1425 5650 magistri.
1462 5603 1477 5633 ι

763 5651 875 5717 (i7)
909 5650 1137 5705 Sanetus
1169 5653 1229 5703 ab
1264 5670 1321 5706 co
1349 5654 1581 5719 Spiritus
1612 5657 1815 5727 refugit.
1843 5657 2017 5712 Codex
2054 5658 2253 5712 Camn)-

1877 5496 1921 5527 ³ο
1955 5498 2121 5550 Exod.
2159 5515 2245 5564 xv,
2288 5500 2372 5563 ιι,
2406 5497 2491 5551 15.

2369 4491 2620 4536 sanctum
2655 4481 2915 4551 Spiritum
2939 4483 3076 4550 ejus.
3105 4479 3213 4535 Nos
3242 4480 3339 4535 soli
3377 4483 3682 4551 accepimus
3706 4491 3930 4550 potesta-

2372 4583 2479 4630 tem
2532 4574 2819 4629 invocandi
2858 4573 3024 4629 Deum
3074 4572 3316 4627 Patrem.
3379 4570 3487 4626 Nos
3530 4572 3632 4627 soli
3683 4573 3927 4626 habemus

2370 4675 2690 4736 potestatem
2748 4664 3031 4720 invocandi
3100 4664 3434 4733 unigenitum
3480 4663 3595 4730 ejus
3645 4649 3925 4717 Christum.

2371 4760 2475 4815 Sed
2512 4759 2637 4813 illud
2672 4768 2754 4813 est
2783 4759 2925 4827 quod
2959 4756 3081 4811 dico
3115 4774 3128 4811 :
3157 4756 3247 4825 qui
3293 4754 3400 4824 jam
3431 4764 3753 4824 potestatem
3784 4770 3925 4809 acce-

2370 4850 2447 4918 pit
2482 4850 2760 4904 invocandi
2790 4847 3086 4913 Christum,
3118 4862 3220 4901 uon
3251 4854 3425 4915 potest
3450 4847 3645 4899 iterum
3671 4848 3925 4900 daunones

2371 4944 2623 4997 invocare
2657 4958 2670 4993 :
2701 4949 2755 4994 et
2802 4941 2893 5009 qui
2940 4940 3111 4993 sancti
3155 4939 3392 5008 Spiritus
3437 4939 3711 5007 particeps
3762 4937 3925 4991 factus

2368 5043 2471 5097 est,
2504 5036 2569 5087 ad
2600 5034 2905 5087 immundos
2932 5032 3069 5085 ttltra
3104 5031 3324 5100 spiritus
3349 5032 3605 5085 accedere
3629 5046 3730 5084 non
3760 5032 3925 5086 debet.

2370 5127 2427 5182 Si
2456 5128 2598 5181 enim
2634 5126 2968 5180 iuvoeaverit
3000 5126 3305 5179 immundos
3335 5126 3582 5195 spiritus,
3622 5124 3783 5197 320
3809 5141 3919 5178 sau-

2366 5226 2485 5272 ctus
2512 5217 2579 5270 ab
2612 5230 2677 5269 eo
2709 5214 2945 5283 Spiritus
2972 5214 3165 5284 refugit
3193 5215 3327 5285 (i7).
3390 5215 3526 5283 Magi
3566 5226 3694 5269 sunt
3728 5216 3812 5282 qui
3849 5216 3923 5267 in-

2366 5316 2560 5362 vocant
2587 5306 2906 5360 Beelzebub.
2937 5308 3173 5375 Denique
3198 5306 3402 5360 sciebat
3436 5307 3538 5361 hoc
3569 5306 3790 5375 populus
3822 5307 3921 5371 iile,

2368 5412 2419 5455 et
2456 5400 2573 5453 ideo
2599 5400 2921 5453 mentientes
2952 5410 3141 5451 contra
3186 5398 3470 5451 Dominum
3524 5413 3700 5451 meum
3726 5395 3918 5465 Jesum,

2568 5496 2609 5526 ³¹
2642 5495 2797 5548 Num.
2830 5511 2960 5561 χχιι,
2989 5495 3042 5548 4.

2374 5586 2562 5649 tensis,
2599 5605 2613 5635 ι
2648 5585 2879 5657 Spiritus
2913 5594 3131 5640 sanctus
3175 5587 3241 5641 ab
3268 5602 3331 5641 eo
3364 5587 3627 5643 violenter
3660 5583 3917 5640 abSitnhi-

2366 5666 2474 5710 tur.
2514 5676 2531 5707 ι
