4086 6218
86 312 211 369 6³75

1318 313 1382 367 IN
1422 312 1750 368 NUMEIIOS
1794 312 2080 367 IIOMILIA
2119 313 2254 368 XIII.

89 440 143 484 at
182 429 345 483 falsa
405 430 676 494 dicentes,
723 430 941 485 aiebant
977 432 1019 463 ³³
1055 450 1068 485 ;
1108 451 1125 483 ι
1174 431 1273 487 llic
1318 434 1368 486 ιιι
1424 432 1727 486 Beelzebub
1758 439 1801 492 Α
1835 432 2071 495 Balaam,
2112 448 2218 487 non
2275 431 2415 500 quod
2463 431 2659 501 dignus
2700 441 2844 487 esset
2893 434 2959 487 ad
3010 449 3168 503 quem
3199 435 3408 489 veniret

90 522 384 595 principe
440 522 830 578 drcmoniorutn
876 522 1023 591 cjieit
1067 522 1353 577 daemonia.
1421 541 1439 575 ι
1480 522 1727 575 Salvator

83 626 299 670 autem
334 614 536 669 sciens
558 614 684 682 quia
720 628 905 667 verum
943 623 1025 666 est
1056 613 1274 679 quidem
1308 614 1449 681 qttod
1477 612 1729 681 princeps

84 706 345 776 quidem
389 705 788 759 daemoniorum
825 703 1131 758 Beelzebub
1156 705 1251 769 sit,
1284 706 1334 758 itt
1363 706 1462 759 hoc
1490 720 1583 759 eos
1616 720 1724 758 non

86 797 295 866 arguit
341 794 657 857 mendacii,
708 793 803 847 sed
843 792 1125 858 respondit
1172 793 1251 846 eis
1277 792 1323 823 ³³
1365 808 1377 844 :
1412 812 1428 842 ι
1464 792 1518 846 Si
1546 807 1645 861 ego
1675 792 1725 845 itt

87 886 446 942 Beelzebub
487 882 646 952 ejicio
690 882 977 946 daemonia,
1024 882 1120 936 lilii
1164 884 1332 937 vestri
1378 882 1428 936 in
1473 898 1579 951 quo
1617 881 1717 949 eji-

84 977 312 1031 ciunt?
355 996 379 1028 ι
426 975 579 1030 Unde
602 984 813 1030 constat
853 989 974 1028 esse
1004 974 1263 1043 quosdam
1304 975 1577 1029 dmmones
1616 990 1727 1028 tna-

88 1068 205 1133 los,
254 1068 366 1136 qui
420 1065 656 1123 invocati
699 1080 727 1118 a
774 1064 968 1134 magis,
1022 1067 1219 1119 adsunt
1265 1066 1346 1120 eis
1383 1066 1449 1119 ad
1499 1066 1723 1132 ntalum,

91 1174 213 1215 non
248 1159 330 1213 ad
356 1158 596 1213 bonum.
627 1155 809 1211 Parati
839 1156 983 1209 euitn
1010 1166 1134 1211 sunt
1156 1158 1221 1210 ad
1248 1156 1723 1221 malefaciemltun,

92 1253 247 1305 bene
274 1260 491 1305 autem
526 1250 706 1305 facere
742 1249 1007 1303 nesciunt.
1040 1249 1128 1303 Isti
1155 1264 1285 1320 ergo
1310 1251 1582 1306 daemones
1610 1258 1727 1305 arte

92 1344 361 1411 quadam
396 1351 459 1396 et
496 1342 885 1411 compositione
919 1340 1209 1394 verborum
1240 1340 1292 1393 in
1342 1341 1635 1405 amicitias,
1669 1349 1726 1393 ιιι

93 1434 173 1486 ita
238 1435 477 1499 dicam,
531 1444 809 1491 cesserant
862 1431 1124 1487 Balaam:
1170 1446 1403 1498 quorum
1465 1434 1725 1487 amicitiis

96 1524 315 1591 fretus,
380 1542 615 1598 magnus
666 1528 807 1596 apud
857 1527 1106 1583 homines
1140 1525 1446 1577 videbatur.
1496 1524 1577 1579 Ob
1624 1525 1726 1578 hoc

92 1634 242 1689 ergo
280 1620 474 1674 mittit
502 1620 565 1673 ad
597 1636 718 1674 eum
753 1635 869 1683 rex,
916 1629 973 1673 et
1001 1617 1077 1670 ait
1122 1616 1167 1646 3‘
1202 1632 1215 1667 :
1246 1634 1263 1666 ι
1299 1615 1429 1669 Veni
1475 1632 1638 1680 nunc,
1670 1626 1724 1669 ct

97 1711 361 1767 maledic
399 1713 533 1766 mihi
571 1711 823 1780 populum
882 1711 1047 1773 hunc,
1102 1713 1227 1780 quia
1263 1711 1457 1765 fortior
1489 1720 1571 1765 cst
1636 1710 1723 1762 hic

1836 521 1998 586 Deus;
2032 525 2125 577 sed
2157 532 2213 576 ut
2248 522 2565 593 fugareutur
2614 523 2687 578 illi
2735 524 2827 594 qui
2870 526 2935 578 ad
2982 527 3405 581 tt.alcdicendum

1830 622 1883 667 et
1914 616 2364 671 malefaciendum
2399 620 2589 673 adesse
2629 629 3051 675 consueverant.
3111 621 3229 675 Jam
3263 623 3406 676 cnim

1832 706 1957 759 hinc
2014 708 2327 776 providebat
2373 710 2514 763 Deus
2571 712 2765 779 pepulo
2810 728 2928 768 suo.
2982 714 3145 768 Adest
3178 729 3330 783 ergo,
3356 722 3413 767 et

1830 798 1965 851 dicit
2004 800 2145 853 Deus
2176 801 2240 853 ad
2262 802 2446 854 cum”
2477 819 2490 855 :
2527 822 2543 851 ι
2582 802 2720 866 Quid
2753 804 2998 857 homines
3026 805 3113 858 isti
3150 812 3412 858 venerunt

1834 887 1901 942 ad
1934 889 2026 941 te?
2053 889 2117 941 Et
2141 889 2275 943 dixit
2313 890 2530 943 Balaam
2572 892 2638 943 ad
2669 892 2832 944 Deum
2865 909 2878 945 :
2911 892 3106 946 Balach
3138 895 3279 949 filius
3309 896 3411 950 Se-

1829 980 1965 1047 phor
1993 996 2084 1033 rex
2117 980 2270 1033 Moab
2295 980 2442 1034 misit
2468 997 2563 1036 eos
2591 982 2657 1035 ad
2686 998 2790 1046 me,
2825 983 3015 1037 dicens
3039 1002 3051 1037 :
3085 985 3219 1039 Ecce
3245 1001 3412 1056 popu-

1828 1067 1911 1122 lus
1940 1069 2075 1123 exiit
2104 1071 2169 1123 de
2196 1069 2456 1139 Egyplo,
2490 1082 2546 1124 et
2570 1073 2859 1139 cooperuit
2899 1073 3089 1127 facient
3133 1084 3315 1143 teme,
3351 1086 3408 1130 et

1831 1162 1920 1215 hic
1948 1162 2101 1216 sedet
2122 1162 2280 1232 juxta
2311 1178 2414 1217 me.
2451 1163 2581 1217 chi
2612 1179 2742 1232 ergo
2770 1178 2938 1226 nunc,
2965 1174 3018 1216 et
3044 1163 3271 1218 maledic
3306 1166 3407 1219 mi-

1830 1252 1883 1306 Ιιὶ
1916 1268 2059 1313 eum,
2101 1255 2145 1306 si
2186 1252 2326 1307 forte
2357 1255 2654 1324 poterimus
2703 1266 2988 1321 percutere
3037 1270 3182 1317 cum,
3226 1253 3405 1321 cteji-

1830 1358 1976 1397 cere.
2013 1344 2079 1397 Et
2120 1344 2263 1398 dixit
2296 1345 2443 1398 Deus
2484 1346 2548 1398 ad
2580 1344 2797 1398 Balaam
2833 1362 2846 1397 :
2883 1344 2996 1397 Non
3027 1360 3118 1398 cas
3147 1360 3271 1399 cum
3303 1346 3404 1410 eis,

1831 1449 2006 1503 neque
2039 1433 2330 1489 maledicas
2355 1436 2614 1504 populum
2656 1434 2681 1490 τ’
2704 1444 2788 1490 est
2816 1435 2961 1489 enim
3004 1436 3338 1490 benedictus.
3380 1454 3402 1488 ι

1899 1526 1952 1578 7.
1990 1526 2166 1579 Altior
2198 1526 2285 1579 hic
2315 1528 2556 1582 exoritur
2599 1527 2848 1596 quaestio,
2894 1536 2945 1579 et
3010 1528 3191 1581 nescio
3225 1537 3403 1581 utrum

1830 1618 2113 1670 00uveniat
2151 1634 2260 1671 rem
2291 1628 2399 1671 tant
2433 1619 2683 1687 profundi
2731 1619 2974 1689 mysterii
3021 1619 3316 1683 denudare,
3350 1629 3406 1673 et

1830 1710 2075 1777 proferre
2111 1710 2176 1763 ad
2219 1709 2423 1775 turbas,
2478 1721 2533 1764 et
2577 1726 2668 1765 eas
2717 1711 2905 1764 turbas
2944 1724 3063 1778 quae
3094 1710 3161 1763 ad
3192 1710 3405 1764 audito—

84 1818 280 1873 quam
324 1818 464 1870 nos,
499 1804 543 1856 si
589 1803 727 1857 forte
774 1801 1047 1871 possimus
1104 1813 1384 1872 percutere
1423 1801 1631 1870 aliquos
1655 1815 1717 1854 ex
1758 1782 1797 1839 Β
1830 1798 1964 1851 ι·ἱιιιιι
1990 1799 2142 1853 verbi
2190 1799 2279 1853 Dei
2319 1800 2557 1854 nonnisi
2598 1800 2782 1870 paucis
2832 1799 3023 1853 diebus
3084 1800 3404 1864 adveniunt,

92 1898 206 1960 eis,
243 1905 310 1951 et
356 1895 571 1965 ejicere
598 1909 690 1949 eos
719 1894 784 1948 de
809 1904 974 1949 terra.
1023 1913 1040 1945 ι
1078 1896 1303 1949 Videtur
1331 1894 1459 1947 tttilti
1499 1908 1588 1947 rev
1629 1892 1718 1945 hic

95 2004 211 2043 non
251 2002 333 2041 ex
388 1988 607 2055 integro
642 1986 921 2041 conlidere
950 1987 1002 2040 in
1038 1986 1252 2039 Balaam
1285 1986 1487 2050 divino,
1522 1986 1721 2054 ingenti

95 2079 282 2134 credo
321 2078 403 2132 de
431 2077 743 2142 virtutibus,
779 2094 898 2147 qua:
924 2079 974 2132 in
1007 2079 1203 2147 popqu
1236 2078 1328 2133 Dei
1377 2078 1534 2133 facta:
1569 2086 1715 2139 sunt,

98 2170 415 2225 auditione
466 2170 787 2237 perterritus
822 2183 837 2222 :
876 2178 930 2224 et
967 2169 1086 2224 ideo
1129 2170 1298 2234 dicit,
1356 2170 1398 2223 si
1456 2169 1597 2223 forte
1634 2168 1721 2222 vel

103 2274 376 2329 eousque
424 2260 755 2327 praevaleant
789 2260 1195 2314 maledictiones
1240 2260 1479 2323 Balaam,
1519 2270 1576 2313 ut
1616 2260 1721 2313 ali-

106 2366 253 2418 quos
287 2364 366 2404 ex
407 2348 543 2417 ipsis
583 2350 752 2418 possit
783 2358 1087 2417 percutere,
1119 2360 1345 2404 caeteros
1381 2366 1507 2404 vero
1536 2350 1722 2419 fugare

109 2438 492 2507 perterritos,
523 2449 576 2493 et
602 2440 820 2509 propria
858 2450 1002 2495 terra
1042 2440 1331 2510 depellere.

185 2532 242 2585 6.
282 2531 469 2585 Addit
500 2540 763 2599 praeterea
796 2548 809 2583 :
847 2551 865 2584 ι
905 2533 1041 2599 Quia
1094 2533 1229 2597 scio,
1276 2531 1450 2600 inquit
1486 2533 1551 2595 ³³,
1580 2530 1720 2597 quod

110 2634 255 2688 quos
289 2619 683 2685 benedixeris,
726 2621 995 2676 benedicti
1043 2632 1227 2685 erunt,
1256 2632 1311 2675 et
1334 2636 1470 2689 quos
1495 2620 1723 2674 maledi-

116 2710 291 2774 xeris,
328 2709 616 2763 maledicti
645 2720 826 2764 erunt.
860 2730 879 2764 ι
916 2711 1025 2782 Ego
1049 2725 1152 2765 non
1184 2710 1351 2765 credo
1392 2710 1516 2778 quia
1555 2710 1723 2764 sciret

116 2815 233 2865 rex,
270 2802 433 2870 quod
480 2801 895 2872 quibuscunque
924 2802 1293 2858 benedixisset
1339 2802 1580 2865 Balaam,
1624 2802 1721 2856 be-

117 2892 329 2948 nedicti
378 2903 572 2949 essent
619 2912 632 2948 :
679 2895 775 2949 sed
816 2894 1033 2949 videtur
1084 2894 1214 2949 mihi
1261 2893 1516 2948 adulandi
1547 2895 1720 2963 gratia

118 2982 238 3039 hate
278 2986 502 3050 dicere,
556 2996 613 3039 ιιι
666 2996 837 3042 artem
884 2987 1001 3055 ejus
1045 2988 1278 3042 ellereus
1318 2995 1375 3040 et
1425 2985 1720 3051 extollens,

121 3078 533 3146 promptiorem
558 3094 678 3134 eum
710 3079 811 3134 sibi
839 3080 1028 3134 reddat
1057 3080 1124 3133 ad
1173 3079 1403 3133 facinus.
1437 3080 1543 3133 Ars
1576 3080 1719 3133 enim

120 3168 337 3237 magica
371 3170 555 3224 nescit
582 3170 924 3237 benedicere,
950 3173 1074 3241 quia
1121 3188 1218 3226 nec
1241 3172 1512 3225 daemones
1543 3172 1724 3224 sciunt

122 3258 484 3316 benefacere.
542 3260 725 3315 Nescit
768 3264 1091 3317 benedicere
1128 3262 1279 3316 Isaac
1321 3273 1375 3315 et
1422 3262 1625 3325 Jacob,
1670 3271 1723 3315 et

116 3364 319 3403 omnes
363 3352 594 3405 sancti:
646 3353 930 3421 impiorum
990 3354 1165 3407 nullus
1214 3355 1319 3408 scit
1372 3353 1717 3407 benedicere.

117 3438 229 3492 Sed
268 3438 501 3493 tandem
551 3442 766 3497 veniunt
796 3444 863 3496 ad
913 3444 1126 3496 Balaam
1165 3443 1342 3512 legati.
1380 3460 1398 3493 ι
1448 3444 1724 3498 Venerunt

118 3548 276 3603 ergo,
313 3534 502 3603 inquit
528 3535 593 3600 ³⁸,
628 3536 871 3591 seniores
903 3535 1080 3601 Moab,
1122 3547 1177 3590 et
1203 3538 1444 3591 seniores
1483 3536 1719 3600 Madian,

127 3640 181 3681 et
211 3626 536 3680 divinacula
583 3629 635 3681 ιιι
668 3627 920 3681 manibus
958 3640 1167 3679 eorum.
1209 3646 1227 3678 ι
1259 3625 1315 3679 Ιιι
1374 3626 1478 3679 illis
1506 3627 1718 3679 divina-

131 3722 293 3774 tinnis
326 3719 568 3783 artibus,
600 3734 736 3788 quas
789 3720 1081 3774 curiositas
1121 3719 1355 3772 humana
1398 3719 1720 3786 composuit,

132 3820 259 3864 sunt
291 3811 549 3880 quazdam
583 3825 702 3880 qum
736 3810 1015 3881 Scriptura
1050 3811 1266 3880 quidem
1292 3809 1589 3863 tliviuacula
1621 3826 1720 3863 no-

137 3903 407 3956 minavit:
454 3904 670 3973 gentilis
708 3914 889 3957 autem
934 3902 1299 3965 consuetudo,
1334 3902 1415 3955 vel
1459 3903 1719 3970 tripodas,

140 3994 220 4045 vel
259 3995 528 4057 cortinas,
568 3993 652 4048 vel
697 3993 819 4048 aliis
873 3992 1176 4061 huiusmodi
1220 3991 1497 4045 vocabulis
1539 3992 1723 4060 appel-

142 4083 244 4149 lat;
288 4101 413 4155 quaa
446 4090 601 4156 quasi
643 4086 711 4139 ad
741 4086 844 4139 hoc
886 4086 1059 4154 ipsunt
1113 4092 1454 4147 consecrata,
1514 4084 1718 4138 moveri

144 4176 207 4229 alt
237 4178 318 4232 eis
348 4187 403 4232 et
444 4176 772 4232 contrectari
810 4176 1006 4230 solent.
1041 4175 1322 4243 Scriptura
1373 4190 1503 4229 sane
1538 4177 1716 4230 divina

142 4268 309 4335 cpltod
328 4268 598 4339 quoddam
623 4268 915 4323 vernaculo
939 4282 1187 4321 sermone
1221 4267 1463 4320 nominat
1494 4268 1543 4320 itt
1598 4284 1721 4337 pro-

145 4360 333 4428 phetis,
372 4362 523 4432 quod
556 4362 930 4414 indumentum
984 4359 1211 4412 tradunt
1241 4373 1361 4414 esse
1393 4360 1717 4428 prophetau-

1827 1899 1879 1944 et
1909 1890 2166 1944 continuo
2190 1891 2496 1956 discedunt,
2528 1907 2624 1947 nec
2654 1894 2706 1947 in
2747 1893 3101 1947 meditatione
3133 1892 3279 1945 verbi
3308 1892 3400 1945 Dei

1827 1979 2031 2034 diutius
2074 1980 2437 2034 iutmorautur
2473 1999 2487 2036 :
2525 1991 2707 2037 tanten
2762 1999 2859 2051 pro
2922 1984 2987 2036 iis
3028 1983 3119 2052 qui
3171 1982 3399 2037 studiosi

1826 2081 1973 2137 sunt,
2010 2080 2064 2127 et
2090 2073 2265 2126 sciunt
2291 2074 2498 2137 audire,
2526 2084 2860 2143 possuntque
2880 2090 3072 2144 capere
3102 2074 3399 2144 spiritalem

1825 2179 2065 2227 sensum,
2110 2179 2277 2231 pauca
2338 2164 2518 2233 aliqua
2568 2166 2810 2219 dicemus
2857 2180 2921 2219 ex
2973 2165 3175 2219 multis.
3224 2164 3405 2219 Potest

1825 2272 1955 2325 ergo
1984 2254 2148 2322 objici
2184 2254 2288 2309 tale
2314 2256 2519 2325 aliquid
2544 2256 2793 2310 :luvocet
2835 2256 2962 2310 licet
2989 2259 3265 2310 daemones
3298 2256 3400 2309 Ba-

1834 2347 1995 2411 laam,
2027 2347 2317 2400 maledicat
2350 2349 2567 2416 populo,
2611 2348 2845 2402 invocati
2894 2350 3165 2401 dmmoues
3207 2346 3405 2401 faciant

1824 2438 1965 2507 quod
2004 2449 2228 2505 possunt
2261 2454 2274 2489 :
2311 2440 2548 2508 nunquid
2584 2455 2687 2493 non
2718 2447 2894 2508 potest
2930 2440 3070 2494 Deus
3108 2440 3399 2493 defendere

1825 2542 1853 2579 a
1892 2529 2223 2583 dzemonihus
2272 2530 2549 2598 populum,
2587 2532 2804 2599 vimque
2843 2546 3031 2586 eorum
3080 2533 3131 2586 in
3180 2531 3405 2585 malefa-

1824 2620 2014 2675 ciendo
2042 2622 2359 2676 destruere?
2404 2622 2543 2688 Quid
2580 2638 2712 2690 ergo
2749 2638 2884 2690 opus
2910 2634 3048 2686 erat,
3083 2634 3140 2677 ttt
3164 2624 3277 2694 ipse
3307 2639 3403 2678 ve-

1825 2711 1964 2765 niret
1996 2712 2060 2765 ad
2094 2712 2311 2765 Balaam
2369 2725 2423 2767 et
2462 2724 2755 2768 consuetos
2787 2714 3056 2769 daemones
3090 2716 3404 2785 prohiberet

1824 2804 2101 2869 accedere,
2150 2819 2219 2858 ne
2262 2804 2345 2856 vel
2393 2814 2671 2860 tentarent
2713 2816 2806 2860 aut
2837 2817 3172 2862 conarentur
3210 2808 3404 2863 Imdere

1823 2893 2077 2961 populum
2102 2895 2298 2948 suum?
2334 2894 2413 2948 Ad
2447 2896 2561 2949 haec
2594 2910 2724 2965 ergo
2771 2897 2897 2950 licet
2934 2913 3039 2951 non
3066 2901 3249 2953 omnia
3283 2915 3404 2969 qua:

1824 2996 2053 3052 possunt
2086 3000 2397 3050 occurrere,
2429 2986 2751 3054 proferenda
2778 2998 2922 3054 sunt,
2946 2999 3120 3042 tamen
3157 2990 3404 3046 dicemus

1824 3086 1889 3127 ex
1921 3085 2092 3142 parte,
2128 3075 2253 3141 quia
2289 3090 2394 3127 non
2430 3074 2540 3127 vult
2566 3075 2708 3128 Deus
2740 3075 3045 3128 ιΙιιιιιιοιιιιιιι
3075 3091 3248 3145 genus
3280 3088 3405 3131 ante

1830 3175 2039 3235 tempus
2061 3168 2319 3220 damnare
2348 3166 2486 3235 (48).
2522 3165 2712 3221 Sciunt
2740 3167 2883 3219 enim
2914 3177 2969 3220 et
2991 3167 3091 3236 ipsi
3124 3167 3403 3223 daemones

1826 3259 1950 3326 quia
1990 3269 2199 3325 tempus
2228 3272 2415 3310 eorum
2446 3272 2686 3326 praesens
2711 3259 2812 3310 hoc
2845 3257 3103 3310 saeculum
3131 3258 3398 3312 continet.

1826 3349 2118 3419 Propterea
2167 3348 2400 3417 denique
2447 3357 2501 3401 et
2553 3348 2836 3400 Dominum
2893 3348 3177 3417 rogabant,
3208 3358 3398 3403 utnon

1826 3450 2102 3508 torqueret
2131 3453 2223 3493 eos
2254 3447 2381 3491 ante
2424 3445 2660 3505 tempus,
2697 3452 2870 3505 neque
2897 3438 2947 3490 ιιι
2981 3439 3236 3507 abyssum
3271 3432 3402 3491 mit;

1827 3540 1966 3584 teret
1999 3530 2063 3583 ”.
2109 3529 2173 3583 Et
2202 3530 2272 3582 ob
2298 3530 2400 3583 hoc
2435 3543 2611 3597 neque
2644 3528 2912 3581 diabolum
2941 3530 3172 3582 removit
3195 3545 3221 3581 a
3251 3530 3398 3597 prin--

1825 3625 2005 3692 cipatu
2047 3620 2228 3675 δίκαιιί
2290 3617 2475 3687 hujus,
2532 3619 2655 3686 quia
2707 3619 2882 3672 adhuc
2933 3634 3067 3688 Opus
3114 3628 3196 3672 est
3237 3636 3401 3689 opera

1824 3712 1945 3780 ejus
2005 3712 2068 3764 ad
2113 3710 2501 3781 perfectionem
2556 3723 2740 3761 eorum
2792 3709 2881 3776 qui
2924 3710 3216 3762 coronandi
3254 3724 3401 3779 sunt,

1823 3820 1958 3874 opus
1986 3813 2069 3857 est
2091 3803 2267 3855 adhuc
2299 3816 2461 3869 opera
2485 3799 2598 3867 ejus
2627 3801 2689 3853 ad
2720 3801 2979 3853 exercitia
3035 3803 3402 3857 certaminum

1823 3906 1876 3949 et
1911 3894 2169 3948 victorias
2203 3894 2509 3948 beatorum.
2544 3892 2637 3946 Sic
2676 3908 2805 3961 ergo
2836 3901 2889 3944 et
2914 3893 3156 3961 reliquus
3189 3897 3399 3949 diente-

1826 4003 1921 4042 nes
1954 4003 2057 4041 non
2084 3984 2195 4038 vult
2233 3996 2357 4038 ante
2395 3993 2602 4053 tempus
2630 4000 2656 4036 a
2691 3983 2952 4053 propositi
2991 4000 3071 4037 sui
3100 3984 3402 4040 intentione

1826 4080 2087 4133 violenter
2114 4076 2458 4139 abstrahere,
2525 4087 2577 4129 et
2622 4076 2740 4130 ideo
2772 4092 2837 4131 ex
2884 4076 3040 4130 initio
3073 4093 3175 4132 non
3205 4078 3287 4131 eis
3321 4079 3402 4132 itt-

1823 4173 1989 4227 dulsit
2052 4170 2289 4224 invocari
2353 4185 2449 4239 per
2521 4168 2783 4235 Balaam,
2854 4184 2921 4225 ne
2973 4171 3113 4223 forte
3168 4171 3398 4225 invocati

1824 4269 2232 4320 destruereutur
2268 4272 2393 4316 ante
2441 4274 2675 4330 tempus,
2748 4271 2800 4316 et
2859 4263 3256 4331 perimeretttttr
3306 4264 3401 4315 dc-

1822 4357 2074 4410 feudente
2124 4354 2376 4423 populum
2424 4368 2581 4408 suum
2634 4353 2762 4405 Deo.
2810 4352 2969 4406 Aliud
3012 4353 3157 4407 enim
3200 4362 3301 4414 est,
3354 4352 3399 4407 si

148 4450 292 4504 tium.
333 4453 496 4507 Aliud
532 4460 711 4506 tamen
736 4451 874 4521 apud
917 4450 1225 4519 Scripturas
1273 4450 1452 4503 divina
1494 4449 1720 4517 pmphe-
1756 4462 1797 4515 ι)
1826 4452 2107 4514 exspectat
2153 4444 2362 4496 daemon
2423 4457 2450 4495 a
2504 4442 2611 4495 Deo
2663 4440 2897 4509 aliquem
2952 4442 3015 4494 ad
3084 4443 3398 4496 tentandum

150 4538 235 4601 tia,
266 4542 409 4595 aliud
435 4541 701 4597 divinatio
725 4541 974 4595 habetur.
1002 4541 1091 4594 Ait
1118 4539 1262 4593 enim
1291 4539 1333 4569 ³⁷
1364 4556 1377 4591 :
1415 4558 1433 4589 ι
1467 4538 1580 4592 Νυιι
1616 4539 1722 4591 erit

151 4635 417 4697 auguratio
459 4636 517 4688 in
563 4633 749 4699 Jacob,
795 4648 971 4703 neque
1018 4633 1283 4687 divinatio
1324 4633 1375 4686 itt
1426 4631 1612 4686 Israel.
1661 4632 1717 4685 Itt

152 4728 382 4792 tempore
419 4728 638 4781 dicetur
680 4728 745 4781 ad
795 4724 962 4781 Jacob
1000 4734 1053 4781 et
1082 4723 1272 4791 Israel,
1320 4723 1448 4792 quid
1481 4722 1722 4777 facturus

152 4812 394 4875 SitDeus.
434 4838 454 4872 ι
501 4817 804 4872 Abdicatur
844 4834 974 4886 ergo
1008 4818 1225 4886 penitus
1250 4815 1511 4871 divinatio
1548 4828 1718 4881 τορο-

151 4918 202 4957 rc
243 4910 380 4964 enim
435 4920 499 4965 et
555 4909 856 4964 ministerio
900 4910 1237 4971 dmutonum,
1281 4916 1338 4960 ut
1393 4921 1554 4975 supra
1604 4905 1717 4974 jant

155 4998 397 5069 diximus,
423 5001 776 5071 adimpletur.
812 4999 977 5067 Igitur
1006 4998 1251 5061 Balaam,
1280 4997 1599 5051 divinaculis
1630 5012 1719 5050 ac-

157 5091 334 5157 ceptis.
365 5108 488 5147 cum
513 5093 757 5148 solerent
786 5090 1061 5144 dat-moues
1084 5090 1151 5142 ad
1193 5090 1363 5157 ipsunt
1392 5089 1600 5152 venire,
1630 5088 1713 5141 fu-

162 5189 301 5244 gatos
322 5183 539 5252 quidem
570 5184 841 5237 daemones
872 5179 1036 5242 videt,
1072 5180 1168 5233 sed
1196 5178 1384 5232 adesse
1420 5178 1607 5231 Deum.
1652 5178 1715 5232 Et

164 5268 272 5327 ideo
295 5276 418 5329 dicit
444 5278 783 5343 interrogare
816 5287 876 5327 se
914 5272 1107 5335 Deum,
1133 5271 1255 5338 quia
1296 5280 1589 5325 consuetos
1610 5270 1712 5324 sibi

166 5374 337 5427 parere
361 5384 628 5439 nusquatn
665 5363 1128 5421 daanones.videt.
1166 5362 1322 5415 Venit
1352 5376 1481 5431 ergo
1516 5361 1630 5429 ipse
1651 5361 1716 5414 ad

247 5501 438 5571 {'Luc.
481 5505 668 5571 $1,155.
772 5504 825 5571 ί³³
851 5503 1006 5563 ihid.,
1047 5502 1129 5557 l9.

181 5564 382 5629 “Nunt.
402 5564 606 5644 χχιιξξ),
629 5572 748 5638 10,1
765 5570 812 5635 Ι,
830 5572 918 5626 ης

1232 5500 1277 5531 ³⁵
1301 5499 1454 5551 Nunt.
1488 5512 1625 5557 χχιι,
1658 5496 1714 5549 6.

229 5690 330 5758 (IS)
364 5693 477 5746 Non
504 5694 607 5747 vult
642 5692 780 5745 Deus
810 5690 1103 5743 dwmonum
1135 5702 1295 5758 genus
1339 5694 1459 5758 ante
1507 5694 1709 5758 tempus

171 5754 417 5822 damnare.
446 5775 547 5819 etc.
587 5762 720 5818 Vide
744 5761 1103 5817 clarissimum
1134 5754 1386 5813 lluctium
1422 5754 1552 5822 Orig
1573 5754 1703 5805 ἠια-

1828 4540 1967 4594 sicut
2012 4535 2132 4599 Job,
2185 4543 2239 4586 et
2290 4548 2416 4588 cum
2467 4540 2615 4585 certa
2671 4531 3022 4587 distinctione
3074 4542 3397 4601 potestatem

1827 4632 1945 4701 ejus
1969 4628 2219 4697 accipiat.
2258 4624 2416 4681 Verbi
2469 4624 2667 4693 gratia,
2716 4633 2772 4679 ιιι
2812 4626 3024 4679 dicatur
3065 4628 3138 4691 ei,
3180 4623 3258 4681 Do
3304 4627 3399 4681 tibi

1826 4716 2007 4771 omnia
2035 4713 2154 4783 ejus
2182 4714 2232 4765 in
2261 4720 2549 4782 potestate,
2600 4712 2692 4766 scd
2742 4712 2913 4782 ipsum
2940 4728 3044 4768 non
3092 4716 3397 4785 contingas.

1826 4808 1983 4878 321
2020 4806 2128 4858 Aut
2175 4805 2393 4870 iterum,
2424 4802 2496 4857 Do
2531 4804 2624 4858 tibi
2661 4804 2711 4857 itt
2758 4820 2880 4856 eum
2918 4814 3263 4873 potestatem,
3294 4808 3391 4858 sed

1827 4902 2062 4954 animant
2114 4898 2231 4968 ejus
2278 4898 2511 4951 custodi.
2568 4895 2633 4949 Et
2674 4895 2819 4948 aliud
2867 4905 2948 4949 est
2983 4896 3025 4948 si
3068 4910 3224 4962 mago
3277 4896 3397 4948 exi-

1827 4999 2016 5061 gente,
2076 4998 2127 5043 et
2183 4986 2577 5055 adjurametttis
2629 4983 2954 5052 quibusdam
3015 4992 3396 5051 extorquente,

1823 5084 2097 5136 daemones
2123 5081 2239 5135 sine
2279 5079 2382 5132 ulla
2415 5076 2798 5131 observatione
2826 5075 3123 5128 desaeviant
3157 5076 3295 5144 (I9).
3341 5076 3394 5128 lu

1822 5191 1929 5243 quo
1962 5175 2149 5243 utique
2193 5172 2235 5227 si
2280 5172 2359 5227 eis
2392 5171 2614 5223 libertas
2648 5176 2896 5221 servetur
2947 5167 3179 5230 arbitrii,
3227 5183 3396 5236 popu-

1825 5267 1934 5321 lunt
1970 5266 2061 5320 Dei
2118 5264 2385 5333 perditum
2421 5262 2647 5316 dabunt.
2687 5258 2743 5313 Si
2793 5274 2919 5313 vero
2969 5257 3193 5311 libertas
3243 5259 3389 5310 aufe-

1828 5369 1979 5411 ratur
2027 5356 2274 5419 arbitrii,
2332 5352 2440 5407 hoc
2496 5360 2615 5407 erat
2674 5351 2963 5405 damnasse
3015 5350 3391 5404 rationabilem

2821 5477 2863 5508 ³τ
2895 5476 3062 5531 Νυιιι.
3102 5489 3259 5537 xxm,
3297 5472 3385 5527 25.

1813 5495 1856 5525 ³⁵
1889 5494 2019 5548 ibid.
2124 5490 2169 5523 “
2200 5489 2360 5545 Nunt.
2392 5503 2528 5554 χχιι,
2567 5486 2616 5539 7.

1018 5572 1062 5604 ³⁸
1085 5571 1277 5625 Matth.
1308 5584 1429 5632 Vill,
1463 5568 1567 5633 29;
1600 5567 1731 5621 Luc.
1766 5580 1885 5629 Vill,
1926 5565 2014 5618 51.

1825 5694 2007 5731 nurum
2036 5676 2129 5730 lib.
2168 5691 2228 5738 tt,
2259 5684 2450 5743 qttzest.
2481 5673 2532 5737 5,
2565 5672 2806 5726 numeris
2843 5670 2915 5724 2?.
2936 5679 2988 5723 et
3011 5669 3101 5725 23.

1890 5749 2003 5818 (ἆυ)
2043 5748 2219 5803 Codex
2256 5746 2626 5811 Cantutcnsis,
2649 5764 2666 5796 ι
2690 5744 3022 5799 deserviant.
3055 5758 3073 5791 ι

3311 318 3409 373 674
3468 350 3497 365 η.
