4086 6218
717 319 822 374 675

2191 314 2349 370 ORIG
2361 313 2516 368 ΕΝῐὸ

3897 317 4009 375 67G

715 445 1040 494 creaturam.
1081 443 1137 486 et
1167 439 1306 486 ante
1351 439 1564 500 tempus
1609 430 1857 487 intulisse
1889 432 2194 502 judicium,
2229 443 2284 488 et
2315 438 2358 494 Α
2390 431 2590 491 Israel,
2637 429 2703 482 de
2752 441 2857 496 quo
2903 428 3163 496 scriptum
3215 439 3329 494 est,
3363 431 3583 486 dicente
3633 430 3889 488 Domino
3936 439 4007 490 ad

717 527 1002 595 impedisse
1060 525 1312 578 omnibus
1372 523 1462 592 qui
1525 524 1812 577 adversum
1862 538 1956 578 eos
2011 525 2062 577 in
2117 540 2288 594 agone

715 622 987 668 certantes
1019 620 1266 680 poterant
1302 610 1572 666 coronari.
1609 609 1666 664 Si
1696 613 1844 666 enim
1874 613 2159 668 daemoniis
2193 630 2289 666 au-

717 701 926 756 feratur
967 701 1188 754 libertas
1233 701 1478 764 arbitrii,
1523 701 1697 756 nullus
1744 703 1886 756 ultra
1950 703 2289 774 impugnabit

716 793 946 846 athletas
993 791 1197 846 Christi
1244 810 1258 846 :
1300 793 1445 847 nullo
1504 805 1682 848 autem
1740 794 2130 864 impugnante,
2187 810 2289 850 nec

714 889 992 935 certamen
1029 881 1247 950 aliquod
1284 883 1429 936 erit:
1468 892 1519 938 et
1562 884 1778 937 sublato
1823 884 2137 948 certamine,
2173 883 2289 937 ttul-

716 975 822 1029 lum
867 977 972 1030 erit
1022 975 1337 1045 praemium,
1395 977 1537 1030 nulla
1575 978 1827 1033 victoria.
1879 977 2087 1034 Idcirco
2124 979 2290 1049 igitur

717 1068 808 1121 tali
841 1068 921 1122 via
961 1069 1129 1121 utitur
1164 1071 1325 1132 Deus,
1358 1078 1416 1123 ut
1446 1081 1501 1122 et
1531 1070 1760 1138 populus
1810 1053 1987 1125 adhuc
2031 1072 2205 1135 rudis,
2234 1078 2288 1124 et

715 1159 807 1226 qui
865 1173 1035 1226 nuper
1084 1161 1327 1214 abstrahi
1383 1171 1630 1231 cmperat
1672 1178 1699 1214 a
1739 1161 1884 1214 cultu
1943 1163 2284 1228 daemonum,

713 1253 1051 1308 diemonibus
1085 1269 1190 1307 nou
1241 1256 1515 1320 tradatur,
1577 1266 1630 1310 et
1683 1256 1965 1312 invocante
2013 1273 2168 1327 mago
2205 1271 2290 1312 rc-

715 1359 913 1408 sponsa
934 1344 1270 1413 deferantur,
1299 1357 1349 1399 et
1384 1348 1879 1417 gennsdtemonum
1912 1365 2017 1402 non
2060 1351 2290 1403 nudetur

713 1433 923 1487 arbitrii
974 1442 1262 1502 potcsmte.
1311 1434 1376 1489 Et
1427 1436 1546 1490 ideo
1583 1438 1843 1504 praevenit
1899 1437 2044 1492 Deus
2112 1445 2166 1492 et
2210 1438 2289 1490 ire

715 1525 958 1592 Balaam,
986 1539 1146 1597 atque
1177 1529 1429 1583 invocare
1463 1529 1732 1583 daemones
1765 1529 1827 1583 ad
1857 1529 2286 1595 maledicendum

714 1620 985 1687 prohibet,
1013 1621 1058 1674 si
1098 1630 1275 1674 tamen
1309 1635 1336 1673 a
1368 1622 1667 1690 cupiditate
1699 1631 1990 1676 cessasset.
2022 1620 2126 1676 Sed
2161 1620 2287 1689 quia

714 1712 953 1780 persistit
987 1713 1037 1766 in
1077 1712 1345 1766 desiderio
1384 1713 1645 1780 pecuniae,
1677 1713 1963 1781 indulgens
2012 1715 2151 1767 Deus
2195 1728 2288 1766 ar-

2392 519 2677 591 Moysen“
2711 536 2723 572 :
2766 535 2784 568 ι
2817 517 3053 586 Angelus
3104 535 3253 574 meus
3291 521 3388 575 ibit
3440 533 3641 577 tecum.
3679 543 3699 575 ι
3761 524 4000 580 Petenti

2391 630 2519 681 ergo
2550 614 2650 676 ire,
2694 611 3012 666 conceditur
3055 629 3067 664 :
3107 612 3159 665 in
3193 612 3280 665 via
3323 614 3624 667 conteritur
3653 617 3727 669 ab
3772 617 3995 672 asina:

2390 706 2483 761 sed
2520 719 2709 774 magus
2759 704 3029 758 daamones
3080 703 3263 769 videt,
3315 704 3564 774 angelum
3621 721 3733 760 non
3782 709 3989 776 videt,

2390 801 2543 856 asina
2598 808 2777 851 tamen
2830 796 2996 851 videt.
3046 793 3160 848 Non
3200 797 3343 863 quod
3390 797 3548 865 digna
3599 810 3749 853 esset
3789 800 3986 858 videre

2391 892 2661 962 angelum,
2692 892 2833 946 sicut
2870 903 2968 943 nec
3003 885 3149 955 loqui
3181 886 3341 954 digna
3377 899 3517 956 erat,
3554 893 3646 944 sed
3679 901 3742 943 ut
3783 893 3981 947 conlu-

2393 995 2602 1040 taretur
2652 983 2867 1040 Balaam
2910 999 2924 1036 :
2963 989 3016 1035 et
3057 988 3116 1033 ut
3158 979 3233 1034 ait
3277 981 3509 1047 quodam
3560 983 3612 1035 in
3654 983 3782 1037 loco
3829 985 3977 1038 Scri-

2392 1091 2547 1150 ptura
2573 1081 2618 1118 ⁶¹
2657 1097 2670 1132 :
2725 1097 2743 1130 ι
2776 1076 2978 1131 Mutum
3025 1073 3225 1127 animal
3279 1074 3511 1126 humana
3555 1089 3689 1129 voce
3742 1092 3976 1145 reSpon-

2391 1171 2543 1232 dens,
2594 1167 2772 1236 arguit
2816 1163 3095 1235 propheta:
3143 1161 3538 1216 dementiam.»
3578 1164 3783 1219 Verum
3842 1180 3977 1233 quo.

2393 1258 2535 1312 niatn
2583 1258 2649 1312 de
2704 1257 2931 1311 historia
2995 1253 3165 1307 multa
3212 1254 3326 1322 jam
3377 1254 3518 1307 dicta
3575 1265 3737 1319 sunt,
3790 1256 3973 1325 aliqua

2389 1348 2551 1403 etiam
2582 1347 2650 1401 de
2680 1346 2936 1416 allegoria
2971 1343 3406 1415 perstringamus
3437 1344 3487 1397 in
3535 1343 3657 1398 ﬁne.
3695 1345 3754 1398 Si
3785 1346 3975 1400 videas

2391 1439 2719 1494 contrariam
2757 1445 3080 1503 potestatem
3115 1437 3520 1506 impugnantem
3553 1435 3817 1504 populum
3852 1438 3970 1496 Dei.

2392 1531 2651 1600 intelligis
2697 1529 2818 1599 quis
2851 1529 2922 1583 sit
2963 1528 3052 1596 qui
3098 1527 3286 1581 sedeat
3331 1542 3497 1594 super
3540 1527 3775 1580 asinam.
3813 1528 3884 1582 Et
3926 1531 3967 1582 si

2390 1626 2703 1680 consideres
2737 1625 2978 1677 homines
3009 1623 3281 1691 quomodo
3322 1636 3351 1674 a
3383 1622 3724 1678 daemonibus
3771 1625 3968 1693 przeci-

2391 1719 2655 1787 pitanlur,
2705 1715 2960 1785 intelligis
3012 1729 3131 1782 quae
3167 1715 3238 1766 sit
3278 1714 3449 1768 asina.
3499 1713 3591 1768 Sic
3631 1716 3777 1768 enim
3826 1717 3964 1768 etin

714 1804 858 1858 bitrii
906 1803 1180 1868 libertati,
1215 1820 1404 1859 rursus
1453 1805 1532 1858 ire
1573 1804 1858 1874 permittit.
1914 1804 2154 1859 Verbum
2206 1814 2287 1858 ta-
2317 1795 2360 1850 Β
2392 1804 2680 1874 Evangelio
2737 1804 3006 1874 intelliges
3059 1801 3241 1856 Jesum
3302 1803 3607 1857 mittentem
3667 1805 3966 1875 discipulos

714 1909 834 1948 men
866 1910 1020 1947 suum
1055 1895 1224 1962 injicit
1255 1896 1307 1948 in
1344 1910 1405 1950 os
1442 1895 1578 1963 ejus,
1618 1895 1914 1964 prohibens
1956 1895 2286 1950 maledictio-

713 2000 834 2038 nem
873 1985 988 2039 lieri
1023 2000 1120 2053 per
1169 1986 1460 2051 daemones,
1504 1995 1561 2040 ut
1592 1987 2064 2041 benedictionibus
2108 1987 2283 2041 locum

715 2079 900 2137 daret.
935 2087 985 2130 et
1030 2093 1128 2145 pro
1163 2079 1466 2134 maledictis
1511 2079 1752 2149 proferat
1800 2080 2014 2134 Balaam
2066 2081 2286 2135 benedi-

710 2167 918 2220 cti0nes
955 2182 1017 2220 ac
1055 2170 1390 2237 prophetias,
1455 2187 1573 2238 qua:
1607 2181 1830 2241 possunt
1871 2171 2141 2226 mdilicare
2179 2187 2284 2224 non

710 2253 884 2307 solum
923 2254 1110 2318 Israel,
1138 2257 1231 2310 sed
1261 2269 1314 2311 et
1347 2261 1587 2330 reliquas
1613 2270 1822 2329 gentes.

781 2345 919 2402 Φασὶ
949 2348 1059 2418 (51)
1097 2350 1189 2403 τὸν
1231 2351 1462 2422 Βαλαὰμ
1604 2355 1644 2423 -ιπ
1667 2352 1883 2407 Sicnim
1921 2370 1949 2407 a
1975 2354 2155 2425 Moyse
2173 2354 2284 2422 (50)

710 2439 852 2508 ἔχειν
887 2438 1146 2508 φοιτητὰς
1180 2443 1244 2509 τῇ
1296 2441 1461 2514 τέχνῃ
1537 2446 1836 2513 ρτοριιθιὶω
1911 2446 2027 2514 ejus
2107 2446 2281 2500 sacris

714 2534 1156 2605 μαθητεύσαντας
1208 2537 1354 2606 αὑτῷ
1395 2542 1458 2609 τῇ
1537 2541 1754 2594 inscrttc
1817 2551 1941 2594 sunt
1997 2543 2285 2596 volumini-

713 2628 956 2696 μαγικῇ,
991 2627 1085 2679 καὶ
1130 2626 1286 2692 δόξαν
1335 2630 1462 2699 περὶ
1537 2631 1666 2696 bus,
1709 2641 1910 2700 quanto
1962 2634 2131 2700 magis
2191 2634 2284 2686 tle-

710 2717 879 2769 αὑτοῦ
932 2717 1155 2788 ἔχοντας
1214 2720 1458 2790 ἀναγρά-
1534 2722 1752 2790 scripta:
1795 2733 1918 2776 sunt
1962 2724 2029 2775 ab
2077 2724 2142 2776 iis
2192 2724 2282 2791 qui

707 2808 912 2878 ψασθαι
966 2812 1065 2872 τὰς
1123 2811 1460 2881 προφητείας
1537 2815 1851 2869 habitabant
1883 2826 2006 2869 tunc
2044 2815 2287 2884 Mesopo—

709 2900 911 2966 αὑτοῦ,
962 2902 1055 2954 καὶ
1120 2903 1456 2967 καταλιπεῖν,
1536 2908 1776 2973 tamiam,
1821 2909 1956 2976 apud
1989 2926 2124 2978 quos
2174 2927 2284 2962 ma-

708 2994 770 3047 ἐν
803 2989 890 3056 αἷς
937 2994 1031 3046 καὶ
1066 2994 1148 3046 τό·
1186 2985 1220 3045 ι’
1248 2995 1463 3048 ’Λνατε-
1535 3002 1764 3068 gniﬁcus
1815 3004 2116 3058 habebatur
2181 3004 2283 3058 Ba-

708 3085 792 3140 λεί
848 3088 1078 3156 ἄστρον*
1119 3106 1136 3138 ι
1188 3086 1215 3138 ὃ
1258 3088 1349 3141 καὶ
1398 3091 1462 3140 ἐκ
1539 3092 1698 3159 Iaatn,
1729 3109 1971 3162 quosque
1998 3097 2132 3147 artis
2169 3096 2284 3163 ejus

710 3179 982 3249 πατρικῆς
1113 3179 1463 3247 παραδόσεως
1536 3194 1746 3238 constat
1772 3187 1936 3242 fuisse
1957 3189 2286 3259 discipulos?

709 3268 803 3322 sui
841 3268 1060 3339 διδαχῆς
1120 3269 1460 3339 παραλαϐόν-
1535 3277 1613 3330 Ex
1668 3278 1757 3330 illo
1816 3280 2047 3348 denique
2114 3281 2286 3335 fertur

709 3381 799 3428 τες
827 3367 875 3416 ei
914 3365 1076 3434 μάγοι
1104 3365 1194 3417 ἐπὶ
1229 3364 1326 3436 τὴν
1357 3367 1463 3437 Βη-
1537 3385 1812 3440 magorum
1839 3385 2027 3437 genus,
2061 3381 2111 3424 ct
2141 3372 2286 3424 iusti-

709 3457 876 3529 θλεὲμ
902 3458 1281 3529 παρεγένοντο.
1537 3462 1671 3514 lutio
1699 3463 1750 3514 in
1782 3462 2022 3529 partibus
2048 3462 2285 3516 Orientis

709 3551 891 3618 vigere
919 3569 930 3602 :
967 3551 1055 3617 qui
1085 3552 1354 3617 descripta
1389 3552 1650 3605 habentes
1685 3554 1824 3621 apud
1866 3569 1924 3606 se
1957 3555 2139 3606 omnia
2168 3570 2286 3622 qua:

708 3641 1120 3710 pmphetaverat
1156 3643 1409 3706 Balaam,
1453 3645 1615 3698 etiam
1677 3645 1779 3698 hoc
1815 3647 2117 3699 habuerunt
2152 3647 2281 3700 scri—

707 3739 855 3802 ptum
879 3735 946 3800 ‘°,
977 3735 1119 3801 quod
1153 3753 1170 3785 ί
1202 3735 1412 3789 orietur
1435 3735 1590 3789 stella
1625 3750 1690 3788 ex
1720 3735 1909 3798 Jacob,
1939 3747 1987 3790 et
2026 3749 2285 3808 exsurget

710 3825 870 3880 homo
904 3841 966 3880 ex
1001 3825 1185 3879 Israel.
1213 3846 1230 3878 ι
1268 3827 1389 3880 llam:
1419 3827 1622 3894 scripta
1659 3826 1932 3880 habebant
1969 3829 2108 3898 magi
2143 3831 2281 3898 apud

710 3916 1054 3984 semetipsos,
1079 3926 1133 3968 et
1164 3916 1285 3970 ideo
1323 3917 1540 3984 quando
1581 3926 1743 3970 natus
1778 3926 1860 3970 est
1902 3915 2077 3984 .Iesus,
2115 3936 2283 3987 agno-

705 4017 901 4060 verunt
938 4005 1176 4069 stellam,
1206 4017 1259 4060 et
1297 4005 1686 4059 intellexerunt
1728 4006 2008 4074 adimplcri
2053 4009 2283 4077 pr0phe-

709 4095 860 4160 tiam,
893 4095 1063 4164 magis
1096 4095 1195 4163 ipsi
1232 4110 1393 4162 quam
1442 4094 1670 4164 populus
1703 4094 1890 4159 Israel,
1920 4097 2008 4164 qui
2062 4109 2281 4153 sancto-

707 4183 1223 4253 rumprophetarum
1244 4184 1439 4238 audire
1471 4186 1632 4238 verba
1663 4187 2014 4252 contempsit.
2049 4187 2122 4239 llli
2152 4204 2279 4258 ergo

705 4289 769 4328 ex
805 4275 867 4327 iis
909 4284 1116 4328 tantum
1140 4291 1260 4344 qua:
1293 4275 1510 4330 Balaam
1551 4275 1753 4344 scripta
1798 4275 2089 4344 reliquerat
2118 4294 2281 4347 agno-

704 4374 923 4418 sceutes
971 4366 1166 4419 adesse
1217 4374 1450 4435 tempus,
1501 4374 1800 4428 venerunt,
1839 4374 1892 4418 et
1940 4367 2278 4434 requirentes

2389 1912 2520 1951 suos
2551 1898 2616 1950 ad
2673 1896 2914 1959 asinam,
2964 1912 3084 1966 qua:
3131 1896 3348 1964 alligata
3379 1907 3532 1962 erat,
3577 1906 3630 1951 el
3659 1898 3730 1951 ad
3758 1899 3962 1966 pullum

2389 1983 2503 2051 ejus
2544 2002 2557 2038 :
2593 1994 2650 2037 ut
2689 1983 2940 2052 diseipuli
2999 1999 3119 2038 eam
3171 1987 3421 2051 solvant,
3465 1997 3520 2039 ct
3570 1987 3875 2050 adducant,
3908 1999 3962 2039 ut

2391 2074 2508 2139 ipse
2543 2075 2726 2128 redeat
2764 2089 2927 2142 super
2962 2088 3102 2127 eam.
3138 2076 3200 2129 Et
3233 2076 3371 2131 forte
3406 2076 3522 2130 hmc
3549 2077 3728 2140 asina,
3781 2078 3835 2130 id
3877 2089 3960 2131 est

2388 2167 2651 2229 Ecclesia,
2687 2165 2834 2233 prius
2864 2167 3113 2234 portabat
3142 2167 3384 2233 Balaam,
3417 2184 3563 2222 nunc
3596 2180 3778 2222 autem
3807 2170 3963 2223 Chri-

2387 2267 2557 2322 stum,
2587 2273 2652 2310 cx
2682 2272 2790 2325 quo
2819 2257 2993 2310 soluta
3017 2267 3101 2312 est
3126 2274 3154 2312 a
3182 2259 3465 2328 discipulis
3496 2271 3550 2315 et
3579 2276 3608 2314 a
3652 2262 3851 2329 quibus
3883 2264 3964 2315 in-

2388 2363 2529 2404 nexa
2570 2359 2684 2410 erat
2720 2349 2953 2404 vinculis
3002 2349 3267 2414 relaxata,
3303 2360 3362 2403 ut
3403 2351 3571 2406 Filius
3607 2353 3701 2406 Dei
3749 2355 3962 2408 sederet

2387 2457 2551 2507 super
2581 2458 2722 2506 cam,
2755 2453 2806 2495 et
2847 2457 2969 2495 cum
3011 2442 3125 2508 ipsa
3178 2443 3554 2512 ingrederetur
3594 2456 3841 2498 sanctam
3885 2447 3959 2498 ci-

2388 2534 2610 2588 vitatem
2649 2533 2944 2588 Jerusalem
2982 2537 3284 2597 caelestem,
3311 2546 3366 2589 et
3407 2536 3775 2604 compleretur
3809 2536 3961 2592 Scri-

2387 2633 2569 2694 ptura,
2597 2639 2715 2692 qua:
2745 2625 2873 2679 dicit
2898 2624 2983 2678 “z
3019 2643 3038 2676 ο
3068 2625 3299 2689 Laetare,
3339 2626 3444 2679 lilia
3486 2626 3652 2690 Sion,
3695 2629 3954 2696 przedica.

2390 2715 2495 2768 ﬁlia
2537 2713 2872 2781 Jerusalem,
2919 2733 3046 2772 ecce
3096 2735 3187 2773 rex
3225 2732 3346 2772 tuus
3391 2719 3538 2772 venit
3573 2720 3666 2773 tibi
3721 2721 3866 2774 mitis
3907 2730 3959 2774 et

2387 2807 2582 2860 sedens
2632 2823 2795 2874 super
2841 2808 3136 2879 subjugale.
3183 2829 3201 2861 ι
3245 2809 3559 2880 Subjugale,
3617 2811 3668 2864 id
3715 2821 3800 2865 est
3851 2815 3957 2864 asi—

2389 2913 2548 2963 nam,
2595 2898 2879 2953 credentes
2927 2900 3045 2954 sine
3100 2901 3262 2955 dubio
3310 2916 3376 2963 ex
3423 2900 3625 2956 Iudaeis
3669 2903 3802 2958 dicit
3844 2921 3857 2956 :
3901 2915 3956 2956 et

2387 2989 2588 3057 pullum
2635 2991 2934 3054 novellum,
2975 3005 3067 3046 cos
3113 2994 3359 3060 profecto
3399 2995 3487 3062 qui
3536 3004 3661 3049 sunt
3705 3009 3768 3047 ex
3821 3008 3955 3061 gen-

2390 3079 2531 3132 tibus
2583 3081 2868 3134 credentes
2918 3081 2969 3134 itt
3021 3082 3238 3137 Christo
3284 3081 3414 3138 Jesu
3466 3085 3686 3137 Domino
3737 3096 3954 3147 nostro,

2389 3170 2472 3222 cui
2503 3179 2588 3223 est
2618 3171 2788 3240 gloria
2826 3179 2877 3225 et
2927 3173 3213 3242 imperium
3261 3173 3315 3227 in
3364 3175 3559 3230 saecula
3601 3175 3952 3229 saeculorum.

2388 3265 2580 3314 Amen.

2943 3351 3219 3408 IIOMILIA
3263 3350 3402 3408 XIV.

2845 3445 2955 3516 (5|)
2983 3444 3006 3497 Ι
3016 3456 3113 3499 tem
3157 3447 3222 3500 de
3253 3447 3500 3503 Balaam.

2459 3541 2507 3595 Ι.
2538 3537 2696 3591 Plura
2721 3546 2868 3602 sunt,
2895 3553 3013 3606 quae
3037 3539 3191 3593 nobis
3225 3540 3545 3594 resederunt
3566 3540 3951 3608 exponentibus

2387 3631 2670 3687 lectionem
2723 3631 2787 3684 de
2831 3629 3047 3683 Balaam
3094 3641 3260 3700 atque
3307 3633 3460 3686 asina
3510 3630 3632 3698 ejus
3670 3649 3684 3684 :
3734 3641 3788 3686 et
3820 3647 3949 3700 quo-

2387 3726 2531 3778 niam
2567 3732 2648 3778 est
2685 3722 2998 3792 temporalis
3030 3732 3312 3788 tractatus,
3341 3724 3429 3792 qui
3463 3725 3514 3776 in
3549 3723 3790 3778 Ecclesia
3826 3725 3953 3777 edi-

2387 3819 2579 3873 licandi
2617 3817 2787 3887 gratia
2821 3815 3068 3882 habetur,
3107 3833 3209 3871 non
3258 3817 3544 3872 habuimus
3584 3827 3790 3869 tantum
3831 3829 3952 3884 spa-

2387 3910 2468 3973 tii,
2504 3919 2563 3962 ut
2596 3922 2878 3976 possemus
2916 3908 3126 3976 singula
3169 3922 3397 3976 qumque
3446 3905 3746 3976 Scriptura:
3790 3909 3948 3958 verba

2383 4014 2703 4070 proponere,
2730 4008 2784 4051 et
2815 4000 2886 4051 ita
2917 4009 2974 4052 ttt
3002 3999 3135 4052 nihil
3163 3998 3384 4052 omnino
3407 3997 3768 4050 indiscussum
3791 3994 3948 4065 322

2384 4099 2712 4152 remaneret,
2757 4088 3192 4158 explanationem
3230 4089 3460 4158 singulis
3503 4089 3782 4151 adhibere,
3824 4103 3953 4156 quo-

2383 4183 2526 4236 niam
2579 4180 2796 4251 quidem
2847 4180 3147 4249 hujusmodi
3197 4185 3371 4249 stylus
3439 4179 3948 4232 commentariorum

2383 4277 2555 4345 magis
2583 4283 2685 4328 est.
2711 4272 2919 4327 Idcirco
2956 4286 3076 4340 qua:
3112 4271 3462 4340 inquisitione
3489 4271 3645 4340 digna
3681 4270 3948 4331 videntur,

2385 4367 2716 4436 repetimus,
2768 4378 2998 4432 eantque
3063 4364 3458 4428 discutientes,
3511 4378 3616 4432 qua
3666 4375 3950 4430 possumus

704 4471 826 4508 eum
878 4458 1058 4510 statim
1113 4457 1508 4522 adoraverunt,
1555 4469 1607 4511 et
1646 4466 1704 4508 ut
1743 4455 1897 4508 ﬁdem
1949 4472 2100 4509 suam
2159 4471 2272 4509 ma-
2309 4470 2351 4523 ι)
2382 4459 2761 4528 explanatione
2795 4457 3058 4510 disserere
3111 4465 3165 4510 et
3209 4457 3260 4509 in
3297 4456 3532 4509 medium
3566 4451 3806 4522 proferre
3838 4463 3948 4506 len-

703 4562 864 4616 gnam
887 4562 1008 4602 esse
1037 4549 1638 4619 declararent,parvum
1668 4564 1892 4618 puerum
1913 4548 2065 4616 quasi
2099 4563 2274 4617 regem

703 4638 944 4690 venerati
973 4647 1121 4691 sunt.

772 4726 827 4780 8.
868 4727 976 4780 Sed
1022 4728 1306 4781 redeamus
1352 4730 1418 4782 ad
1472 4731 1830 4799 propositum.
1887 4728 2144 4782 Molestus
2193 4736 2274 4782 est

701 4817 920 4877 Balaam
982 4821 1089 4876 Deo
1156 4834 1211 4876 et
1253 4832 1538 4892 extorquet
1591 4823 1978 4892 pr0pemodum
2036 4820 2272 4888 permitti

701 4912 802 4965 sibi
841 4921 896 4965 ut
931 4923 1019 4966 eat
1069 4913 1394 4969 maledicere
1434 4915 1559 4969 [iliis
1609 4913 1811 4978 Israel,
1861 4924 1914 4968 et
1966 4923 2024 4965 ut
2059 4914 2274 4966 invocet

701 5003 997 5070 dmtnones,
1040 5007 1106 5060 ad
1163 5023 1321 5077 quem
1369 5007 1480 5076 jam
1523 5018 1749 5062 venerat
1800 5007 1961 5061 Deus.
2014 5006 2273 5060 Ascendit

703 5099 944 5165 asinam,
995 5101 1234 5154 occurrit
1277 5102 1324 5154 ei
1381 5100 1643 5170 angelus,
1686 5099 1775 5169 qui
1818 5097 2125 5153 excubabat
2174 5111 2271 5165 pro

1308 5219 1347 5287 ’ξ-
1365 5289 1369 5291 λ
1386 5233 1536 5291 VEBS.
1573 5232 1705 5291 nov.
1785 5285 1794 5291 .
1964 5286 1974 5291 _
2135 5283 2144 5291 .

774 5283 981 5339 Dicitur
1010 5286 1232 5341 Balaam
1281 5283 1527 5341 habuisse
1574 5285 1855 5353 discipulos
1885 5286 1974 5351 qui
2006 5283 2265 5351 magicam

699 5358 814 5424 ejus
835 5368 1016 5428 artem
1052 5358 1355 5422 didicerint,
1385 5374 1576 5428 quique
1613 5374 1804 5425 magna
1839 5358 1904 5410 de
1931 5371 1990 5407 eo
2018 5367 2265 5428 concepta

699 5420 945 5492 opinione
984 5428 1172 5480 litteris
1230 5420 1626 5492 mandaverint,
1673 5420 1826 5498 aique
1864 5426 2087 5494 posteris
2142 5420 2266 5474 reli-

769 5543 816 5573 “
856 5543 1012 5596 Num.
1058 5561 1207 5610 xxiv,
1245 5545 1328 5598 l7.
1405 5545 1446 5575 “
1490 5545 1658 5598 Exod.
1706 5560 1888 5611 sun,
1931 5542 2018 5596 54.

771 5657 882 5721 (50)
923 5658 980 5711 Si
1015 5660 1151 5712 enim
1186 5679 1215 5729 o
1252 5657 1451 5729 Moyse,
1484 5671 1590 5711 etc.
1621 5657 1750 5712 Vide
1781 5668 1936 5712 notas
1967 5656 2032 5709 ad
2069 5655 2261 5710 lihrutn

699 5731 931 5790 primum
961 5739 1141 5783 contra
1175 5728 1404 5792 Celsum,
1451 5747 1598 5782 num.
1628 5729 1717 5780 60.

2095 5540 2138 5572 “
2179 5538 2219 5593 II
2260 5538 2405 5594 Pelr.
2433 5555 2494 5603 ll,
2524 5537 2612 5590 16.

2387 4553 2636 4604 labimus.
2669 4547 2766 4600 Est
2807 4556 2989 4601 autem
3021 4547 3197 4600 adhuc
3229 4544 3443 4600 dillicile
3485 4547 3536 4597 in
3577 4542 3944 4612 explanatione

2384 4641 2626 4695 historiae
2657 4639 2849 4707 ipsius,
2877 4638 3147 4705 quomodo
3173 4652 3298 4691 cum
3335 4637 3546 4690 dicatur
3573 4635 3783 4688 venisse
3813 4633 3942 4686 Deus

2387 4743 2546 4786 noctu
2585 4733 2650 4784 ad
2689 4731 2904 4783 Balaam
2946 4733 3143 4800 primo,
3173 4737 3227 4782 et
3259 4727 3626 4795 interrogasse
3652 4725 3743 4792 qui
3773 4731 3944 4778 essent

2383 4819 2629 4873 homines
2675 4819 2766 4888 qui
2818 4819 3096 4872 venissent
3141 4819 3209 4872 ad
3254 4832 3419 4871 eum:
3452 4833 3517 4870 ac
3552 4814 3940 4884 respondisset,

2381 4915 2505 4981 quia
2545 4913 2691 4966 missi
2727 4920 2909 4965 essent
2941 4926 2970 4964 a
3004 4911 3202 4965 Balach
3238 4911 3348 4965 tilio
3380 4909 3591 4978 Sephor
3624 4905 3938 4962 dicente“:

2385 5023 2404 5056 ι
2439 5004 2603 5068 Veni,
2643 5010 2696 5055 et
2731 5003 2958 5058 maledic
3005 5003 3134 5056 mihi
3169 5000 3451 5072 populum;
3479 5019 3498 5052 ι
3535 4996 3870 5067 responderit
3895 4995 3940 5048 ei

2379 5093 2564 5149 Deus:
2602 5113 2620 5146 ι
2650 5092 2764 5148 Non
2799 5094 2901 5148 ibis
2931 5109 3054 5149 eum
3091 5093 3194 5157 eis,
3239 5106 3414 5159 neque
3449 5089 3742 5144 maledicos
3781 5099 3944 5155 popu-

2374 5210 2580 5280 querint
2628 5210 2744 5281 ejus
2804 5209 3087 5269 vaticinia.
3145 5210 3199 5262 in
3254 5211 3440 5278 quibus
3493 5207 3738 5260 exstabat
3788 5204 3942 5281 etiam

2374 5275 2506 5332 illud
2533 5295 2550 5332 :
2585 5299 2606 5330 ι
2638 5279 2852 5332 Orietnr
2881 5281 3069 5343 stella;
3092 5299 3110 5329 ι
3151 5275 3291 5346 quod
3325 5295 3442 5331 cum
3472 5293 3499 5330 e
3524 5289 3742 5346 paterna
3780 5275 3944 5346 tragi-

2374 5350 2514 5471 tjolne
2545 5366 2608 5403 ac
2647 5349 2929 5418 disciplina
2977 5341 3292 5420 accepissent
3327 5349 3500 5417 magi,
3525 5341 3797 5401 'venerunt
3843 5341 3944 5396 Be-

2375 5431 2390 5471 t
2414 5439 2426 5471 l
2453 5437 2584 5471 sem.

2375 5431 2584 5474 tltteem.

2689 5537 2732 5568 ³³
2773 5538 2938 5593 Zach.
2964 5553 3040 5604 Ix,
3063 5537 3118 5594 9.
3193 5535 3239 5568 “
3274 5533 3440 5588 Num.
3470 5548 3604 5595 χχιι,
3636 5531 3723 5596 Η,
3751 5529 3833 5587 ιε.

2444 5651 2556 5721 (5|)
2601 5651 2709 5704 lIoc
2745 5651 3102 5721 fragmentum
3155 5649 3496 5717 desumptutn
3533 5654 3615 5701 est
3659 5660 3690 5700 e
3731 5640 3940 5697 Catenis

2375 5724 2779 5791 manuscriptis.
