4086 6218
186 298 312 355 (ΓΠ

1390 296 1455 350 IN
1492 296 1825 353 NUIIEROS
1862 295 2145 354 HOMILIA
2178 301 2320 356 XIV.

3369 318 3470 375 678

190 418 352 479 tum,
382 417 467 468 est
496 408 644 464 enim
676 407 1013 463 benedictus.
1045 427 1060 457 ι
1101 406 1297 462 lterum
1331 409 1569 463 secundo
1600 409 1798 463 dicitur
1824 413 1872 470 Α
1906 411 2128 466 tatibus.
2165 412 2348 467 Virtus
2382 422 2559 468 autem
2608 430 2710 469 nou
2752 418 2962 475 habens
3003 423 3202 491 aliquid
3246 440 3468 486 contra-

182 506 268 560 ad
298 516 437 558 eum
468 509 629 554 noctu
664 497 878 551 venisse
924 499 1082 562 Deus,
1111 506 1163 552 et
1197 497 1420 565 dixisse,
1454 511 1510 553 ut
1544 502 1647 554 iret
1673 517 1793 555 cum

186 598 308 663 eis,
337 594 436 649 sed
476 593 581 647 hoc
608 594 925 647 observaret
956 600 1012 643 ut
1042 591 1265 644 verbum
1293 592 1435 660 quod
1470 593 1621 646 daret
1656 594 1797 649 Deus

191 690 254 742 in
293 701 405 741 ore
431 682 570 752 ejus,
603 683 705 737 hoe
734 683 1067 751 loqueretur.
1096 683 1158 736 Et
1195 698 1411 739 rursum
1449 687 1612 740 tertio
1641 687 1794 741 eunti

180 780 248 836 ei
285 776 608 834 occurrisse
640 775 889 846 angelum
935 775 1061 841 Dei,
1099 775 1186 829 cui
1219 776 1273 829 in
1310 784 1515 830 tantum
1549 778 1631 829 via
1681 777 1797 847 ejus

189 884 311 925 non
350 867 578 937 elegans
616 880 716 920 nec
747 876 1049 935 opportuna
1084 867 1382 931 videretur,
1420 876 1477 920 ut
1516 868 1678 921 etiam
1714 872 1798 923 in-

191 962 469 1017 terficere
514 970 638 1013 eum
677 957 868 1022 vellet,
916 957 1025 1013 nisi
1070 959 1222 1013 asina
1269 959 1461 1013 videns
1509 959 1793 1030 angelum,

186 1068 371 1123 quem
422 1053 642 1108 Balaam
682 1053 865 1108 videre
916 1067 1022 1107 non
1076 1052 1287 1122 potuit,
1333 1051 1797 1123 decliiiasset..Et

187 1157 396 1202 tamen
440 1157 796 1217 posteaquam
837 1145 1086 1216 culpatur
1114 1146 1183 1201 ab
1220 1146 1414 1216 angelo
1459 1161 1557 1200 cur
1585 1147 1665 1200 ire
1701 1162 1796 1202 vo-

185 1237 427 1305 luisset,
459 1253 653 1293 rursus
688 1239 850 1293 etiam
876 1240 946 1293 ab
980 1239 1097 1309 ipso
1133 1238 1212 1293 ire
1254 1239 1591 1309 permittitur
1627 1258 1641 1293 :
1683 1250 1796 1293 tau-

187 1342 317 1385 tum
372 1341 437 1385 ut
481 1331 754 1387 custodiat
786 1331 1046 1395 verbum,
1097 1332 1241 1400 quod
1293 1331 1436 1386 Deus
1477 1332 1687 1387 dederit
1738 1333 1790 1386 in

182 1438 295 1479 ore
327 1425 478 1494 ejus,
512 1434 570 1478 ut
604 1424 707 1479 hoc
744 1422 919 1478 solum
963 1422 1236 1493 proferat,
1280 1439 1381 1477 nec
1424 1424 1658 1493 amplius
1696 1423 1793 1478 ali-

180 1516 356 1586 quid.
402 1513 526 1571 Hzec
566 1528 696 1586 ergo
741 1515 927 1569 omnia
960 1514 1231 1568 dillicilem
1279 1515 1482 1569 habent
1530 1516 1789 1583 explana-

178 1610 453 1664 tionem:
491 1608 677 1676 paueis
716 1615 918 1672 tamen,
951 1616 1007 1659 ut
1052 1620 1214 1675 supra
1252 1606 1364 1675 jam
1406 1607 1665 1672 diximus,
1697 1623 1791 1661 oc-

183 1700 485 1756 casionem
536 1698 905 1766 intelligentia:
956 1697 1108 1751 vobis
1154 1698 1426 1762 dabimus,
1476 1714 1581 1767 quo
1607 1709 1658 1753 et
1691 1714 1788 1753 vos

1901 504 2064 568 rium,
2111 522 2217 559 non
2264 507 2620 573 claresceret,
2663 526 2762 565 nec
2797 514 3129 581 splendidior
3160 530 3212 573 et
3259 525 3470 578 exarui-

1904 597 2076 649 natior
2105 598 2279 652 fieret.
2313 598 2426 654 Non
2463 603 2690 670 probata
2720 619 2844 659 vero
2876 620 2976 660 nec
3017 612 3322 667 examinata
3360 617 3471 669 vir-

1903 696 2009 752 tus,
2042 703 2140 742 nec
2166 690 2337 744 virtus
2369 704 2450 747 est
2490 694 2623 763 (5:2).
2674 696 2780 750 Sed
2814 697 2930 752 haec
2972 700 3017 754 si
3067 702 3316 757 dicantur
3350 708 3468 761 sine

1900 778 2205 833 divinorum
2242 784 2534 837 verborum
2580 788 2933 854 testimoniis,
2975 792 3246 860 exquisita
3297 811 3470 866 magis

1898 880 1953 922 et
1992 870 2223 926 lunuana
2271 885 2387 929 arte
2427 879 2767 947 composita,
2803 896 2962 950 quam
3008 900 3133 940 vera
3183 897 3345 956 atque
3385 889 3470 943 in-

1900 962 2144 1017 dubitata
2198 966 2546 1022 videbuntur.
2592 969 2958 1041 Requiramus
3027 991 3156 1047 ergo
3193 980 3236 1032 si
3278 978 3470 1048 hujus-

1900 1055 2043 1108 modi
2094 1072 2313 1111 sensum
2356 1059 2521 1114 etiam
2569 1065 2842 1119 volumina
2896 1068 3077 1120 divina
3130 1073 3467 1125 contineant.

1903 1147 2196 1203 Veniamus
2247 1152 2313 1204 ad
2361 1151 2654 1223 Joseph".
2709 1156 2859 1213 Tolle
2923 1160 3180 1216 malitiam
3239 1162 3467 1219 fratrum

1898 1239 2035 1306 ejus,
2070 1240 2194 1294 tolle
2247 1244 2541 1308 invidiam,
2596 1247 2723 1302 tolle
2771 1249 2900 1303 illud
2944 1266 3102 1305 omne
3147 1256 3471 1320 parricidale

1897 1338 2261 1383 commentum
2298 1331 2410 1401 (55)
2444 1350 2551 1401 quo
2582 1339 2876 1393 saevierunt
2907 1340 2959 1393 in
3002 1342 3224 1397 fratrem
3268 1360 3470 1413 usque-

1897 1436 2007 1488 quo
2054 1424 2344 1478 venderent
2391 1442 2536 1482 eum.
2587 1429 2643 1483 Si
2693 1433 2806 1487 lucc
2850 1436 3091 1502 auferas,
3136 1440 3258 1493 vide
3296 1456 3468 1510 quau-

1899 1524 2005 1570 tam
2052 1519 2209 1571 simul
2269 1527 2563 1589 peremeris
2618 1527 3070 1595 dispensationem
3125 1532 3239 1587 Dei.
3297 1536 3468 1588 Simul

1895 1608 2040 1662 enim
2088 1612 2379 1668 abSciudes
2421 1626 2616 1670 cuncta
2668 1618 2787 1682 illa,
2828 1634 2950 1689 qua:
2991 1625 3132 1691 apud
3176 1624 3467 1694 Egyptum

1896 1712 1990 1765 per
2033 1699 2228 1771 Joseph
2265 1719 2360 1770 pro
2406 1706 2584 1760 salute
2627 1712 2867 1764 omnimn
2911 1723 3063 1781 gesta
3099 1716 3315 1772 sunt“.
3349 1716 3467 1771 Non

184 1790 427 1845 faciatis
466 1789 609 1859 quod
647 1788 908 1855 scriptum
958 1798 1041 1842 est
1061 1787 1146 1841 "z
1186 1806 1205 1838 «
1242 1787 1309 1843 Ut
1346 1788 1412 1843 iis
1446 1789 1645 1843 auditis
1691 1806 1783 1844 sa-
1821 1765 1862 1817 Β
1893 1789 2087 1846 fuisset
2120 1793 2499 1864 interpretatio
2532 1803 2727 1855 somnii
2762 1765 3086 1870 Pharaonis,
3122 1808 3165 1860 si
3206 1824 3301 1876 per
3327 1810 3469 1863 iuvi-

180 1881 363 1947 piens
390 1878 690 1947 sapientior
737 1878 830 1931 fiat
853 1901 862 1931 ;
885 1896 904 1930 ι
951 1887 1006 1932 et
1029 1878 1072 1908 “
1102 1896 1116 1931 :
1153 1896 1171 1929 ι
1208 1878 1278 1932 Da
1325 1880 1665 1933 occasionem
1702 1896 1792 1933 sa-

178 1973 401 2041 pienti,
441 1980 497 2027 et
535 1971 835 2041 sapientior
867 1972 991 2026 erit.
1018 1989 1035 2023 ι
1087 1970 1192 2025 Sed
1240 1970 1559 2040 priusquam
1595 1989 1790 2043 perve~

180 2064 420 2117 uiamus
447 2063 514 2117 ad
550 2077 685 2127 rem,
728 2079 794 2118 ne
831 2062 962 2118 illud
1008 2062 1224 2132 quidem
1270 2064 1613 2130 omittemus,
1645 2066 1787 2134 quod

171 2156 476 2213 curiosius
516 2156 860 2212 iutendentes
892 2159 947 2210 in
980 2156 1079 2211 hoc
1109 2157 1227 2211 loco
1262 2158 1695 2211 observavimus.
1732 2160 1784 2210 In

180 2246 557 2303 Ilebratorum
588 2247 785 2302 litteris
829 2260 1022 2302 nomen
1068 2247 1198 2315 Dei,
1244 2248 1347 2302 hoc
1386 2258 1469 2302 est
1506 2247 1667 2313 Deus,
1702 2250 1785 2302 vel

176 2339 485 2403 Dominus,
535 2339 750 2392 diverse
795 2338 963 2395 scribi
1008 2338 1228 2392 dicitur.
1271 2338 1445 2393 Aliter
1478 2340 1621 2391 enim
1651 2341 1787 2393 scri-

178 2430 343 2485 bitur
379 2428 545 2493 Deus,
595 2429 909 2498 quicunque
946 2429 1129 2484 Deus:
1164 2428 1322 2483 aliter
1367 2430 1510 2484 Deus
1548 2430 1681 2498 ipse,
1719 2432 1785 2484 de

175 2535 299 2591 quo
334 2519 541 2574 dicitur
563 2520 606 2551 ‘7
638 2537 651 2574 :
692 2538 711 2570 α
744 2520 903 2586 Audi,
937 2520 1123 2582 Israel,
1160 2522 1419 2575 Dominus
1447 2521 1589 2576 Deus
1635 2531 1779 2584 tuus,

179 2613 340 2670 Deus
371 2629 515 2668 unus
567 2622 669 2667 est.
700 2632 718 2664 ι
767 2613 870 2668 Iste
912 2629 1045 2684 ergo
1080 2616 1218 2669 Deus
1254 2615 1438 2679 Israel,
1469 2616 1611 2669 Deus
1642 2630 1781 2668 unus

174 2715 234 2760 et
268 2714 502 2761 creator
531 2704 797 2771 onmium,
825 2716 979 2761 certo
1007 2707 1243 2775 quodam
1277 2704 1580 2761 litterarmu
1624 2706 1781 2777 siguo

178 2798 486 2861 scribitur,
513 2798 658 2868 quod
695 2800 837 2868 apud
871 2798 991 2853 illos
1023 2807 1513 2868 tetragrammaton
1555 2799 1775 2853 dicitur.

178 2890 237 2945 Si
289 2893 518 2961 quando
553 2905 681 2961 ergo
710 2891 813 2945 sub
851 2892 951 2945 hoc
980 2891 1136 2959 signo
1174 2891 1229 2944 in
1279 2891 1585 2959 Scripturis
1632 2890 1777 2945 scri-

180 2983 337 3038 bitur
380 2983 553 3049 Deus,
600 2980 744 3035 nulla
776 2991 860 3036 est
906 2981 1174 3036 dubitatio
1224 2982 1354 3051 quin
1398 2985 1462 3037 de
1497 2981 1606 3036 Deo
1647 2997 1778 3037 vero

1892 1880 2035 1934 diam
2084 1883 2313 1940 fratrum
2372 1904 2477 1942 nou
2537 1889 2735 1947 fuisset
2794 1893 2991 1964 Ioseph
3043 1898 3370 1965 distractus,
3411 1912 3467 1955 et

1892 1974 2129 2027 venisset
2161 1976 2209 2027 iu
2236 1975 2571 2048 {Egyptunn
2603 1998 2762 2039 nemo
2795 1987 3157 2046 intellexisset
3181 2009 3298 2062 qua:
3324 1995 3469 2050 Deus

1892 2065 2222 2120 revelaveral
2256 2070 2398 2138 regi,
2449 2088 2609 2127 nemo
2657 2075 2927 2133 frumenta
2976 2096 3361 2153 congregasset
3411 2088 3465 2140 in

1889 2155 2145 2227 Egypto,
2188 2175 2346 2214 nemo
2378 2165 2759 2221 necessitatem
2805 2170 2964 2225 famis
2999 2176 3233 2243 sapienti
3286 2179 3468 2247 provi-

1888 2249 2044 2303 sione
2084 2262 2329 2306 curasset
2366 2270 2381 2307 :
2420 2257 2672 2323 periisset
2724 2260 3028 2333 Egyptus,
3073 2271 3368 2337 periisseut
3411 2283 3466 2328 et

1889 2340 2129 2395 ﬁnitima:
2176 2344 2425 2411 regiones
2470 2347 2634 2404 fame.
2666 2350 2974 2409 Interiisset
3020 2360 3184 2412 etiam
3225 2361 3341 2431 ipse
3390 2363 3468 2419 ls-

1888 2435 2021 2496 rael.
2052 2444 2105 2488 et
2160 2450 2346 2490 semen
2386 2436 2501 2505 ejus
2553 2456 2805 2511 quaerens
2842 2464 3060 2516 panem,
3091 2453 3136 2506 si
3169 2454 3461 2526 Egyptum

1886 2544 1990 2581 non
2019 2526 2204 2581 fuisset
2233 2530 2558 2600 ingressum,
2590 2551 2687 2589 uec
2707 2542 2912 2606 egressi
2938 2541 3168 2597 fuissent
3191 2560 3256 2599 ex
3280 2562 3341 2600 ea
3371 2549 3464 2602 ﬁlii

1884 2617 2049 2671 Israel
2088 2633 2212 2672 cum
2260 2620 2596 2679 mirabilibus
2635 2626 2867 2682 Domini.
2899 2630 3176 2700 Nusquam
3210 2635 3376 2703 plagae
3408 2638 3459 2689 in

1882 2708 2188 2779 Atgyptios,
2227 2725 2400 2779 neque
2429 2720 2657 2770 virtutes
2689 2719 2812 2785 illae,
2844 2737 2980 2789 quas
3014 2723 3139 2777 fecit
3185 2725 3324 2779 Deus
3358 2742 3456 2795 per

1883 2801 2102 2869 Moysen
2130 2812 2181 2855 et
2214 2802 2418 2857 Aaron.
2464 2804 2633 2861 Nemo
2668 2811 2911 2864 ltubrum
2971 2827 3119 2867 mare
3163 2816 3323 2870 siccis
3368 2832 3463 2871 ve-

1880 2894 2054 2962 stigiis
2121 2895 2460 2951 incessisset.
2506 2899 2700 2953 Cibum
2767 2918 2981 2958 manure
3040 2907 3283 2961 mortalis
3352 2909 3460 2963 vita

1881 2988 2165 3041 nescisset.
2190 2986 2345 3040 Nulla
2380 2990 2447 3041 de
2483 2991 2726 3057 sequenti
2763 3003 2912 3059 petra
2944 3008 3207 3061 aquarum
3258 2995 3459 3050 fluenta

180 3087 239 3133 et
281 3078 475 3132 mundi
526 3086 774 3132 creatore
819 3078 1059 3133 dicatur.
1097 3075 1155 3129 Si
1203 3078 1422 3143 quando
1460 3090 1590 3129 vero
1632 3074 1773 3138 aliis,
1804 3104 1845 3159 ο
1881 3082 2279 3149 prorupissvut.
2324 3079 2433 3133 Lex
2464 3096 2492 3133 a
2531 3080 2639 3133 Deo
2667 3083 2977 3138 hominibus
3019 3086 3143 3139 data
3179 3103 3285 3141 nou
3327 3089 3464 3144 fuis-

182 3171 237 3226 id
270 3180 362 3225 est
392 3169 772 3225 communibus
813 3168 1012 3222 litteris
1046 3166 1323 3230 scribitur,
1368 3167 1631 3221 incertum
1681 3166 1777 3219 ha-

179 3264 355 3318 betur
383 3272 564 3317 utrum
596 3261 660 3314 de
696 3262 806 3315 Deo
836 3274 986 3324 vero,
1026 3276 1093 3312 an
1130 3260 1195 3313 de
1229 3259 1412 3328 aliquo
1448 3271 1514 3310 ex
1547 3256 1657 3310 i‘ilis
1696 3255 1778 3309 di-

175 3362 372 3417 catur,
401 3352 466 3405 de
502 3352 705 3419 quibus
738 3350 1027 3420 Apostolus
1058 3350 1187 3403 dicit
1210 3348 1254 3379 ‘8
1281 3364 1295 3401 :
1333 3366 1349 3398 ι
1378 3345 1617 3400 Tametsi
1651 3352 1776 3399 sunt

177 3442 281 3513 qui
329 3443 585 3496 dicantur
620 3442 715 3506 dii,
746 3442 861 3497 sive
906 3442 959 3494 in
990 3441 1129 3495 caalo
1171 3441 1285 3495 sive
1325 3439 1377 3492 iu
1416 3448 1601 3492 terra:
1638 3438 1779 3491 sicut

179 3543 316 3591 sunt
355 3534 427 3587 dii
465 3533 641 3599 multi,
670 3543 724 3587 et
755 3532 961 3587 domini
994 3532 1146 3585 multi
1175 3544 1189 3584 :
1219 3532 1376 3586 nobis
1411 3541 1591 3585 tamen
1637 3545 1778 3583 unus

185 3627 339 3682 Deus
385 3625 570 3692 Pater,
610 3640 678 3680 ex
717 3639 826 3693 quo
864 3624 1080 3688 omnia,
1126 3632 1180 3676 et
1230 3636 1328 3675 nos
1381 3637 1476 3690 per
1522 3621 1720 3688 ipsum.
1750 3639 1770 3672 ι

180 3720 357 3773 Aiunt
392 3733 524 3779 ergo
570 3717 659 3786 qui
713 3714 1011 3771 Hebraicas
1060 3715 1272 3768 litteras
1314 3714 1529 3783 legunt,
1579 3714 1629 3766 iu
1672 3713 1777 3766 hoc

182 3816 305 3870 loco
341 3813 501 3878 Deus,
535 3827 638 3865 non
674 3812 774 3865 sub
803 3809 961 3877 signo
991 3807 1421 3877 tetragrammati
1452 3821 1575 3860 esse
1626 3807 1772 3875 posi-

184 3920 319 3970 tum,
350 3907 417 3960 de
445 3920 555 3976 quo
587 3904 676 3974 qui
712 3912 911 3973 potest,
949 3901 1217 3971 requirat.
1254 3900 1358 3955 Sed
1392 3908 1444 3953 et
1470 3899 1613 3968 quod
1641 3897 1776 3951 dixit

185 4002 330 4057 Deus
378 4001 447 4056 ad
500 4000 721 4053 Balaam
775 3999 932 4068 quasi
986 3997 1330 4065 interrogans
1364 3995 1454 4063 qui
1510 4002 1634 4047 sunt
1680 3994 1773 4048 isti

186 4094 460 4159 homines,
495 4091 796 4161 requiritur
831 4103 930 4143 cur
962 4088 1219 4157 ignorare
1252 4085 1544 4139 videatur:
1582 4093 1634 4139 et
1671 4085 1774 4139 ite-

185 4200 303 4241 rum
370 4185 516 4256 quod
565 4184 694 4237 ait:
753 4200 771 4233 ι
807 4179 923 4235 Non
1002 4179 1290 4232 maledices
1346 4176 1638 4247 p0pulum,
1692 4184 1774 4229 est

188 4278 334 4331 enim
372 4275 715 4332 benedictus.
741 4292 760 4324 ›
791 4272 883 4327 Sic
915 4273 1097 4338 itaque
1131 4276 1307 4337 potest
1340 4268 1590 4336 intelligi,
1616 4265 1768 4336 quasi

185 4368 425 4425 dixerit:
455 4367 572 4423 Non
592 4365 887 4421 maledices
920 4362 1177 4432 populum
1214 4375 1416 4414 meum.

1881 3185 1984 3227 set.
2015 3174 2144 3238 Qua:
2176 3173 2225 3225 iu
2260 3172 2468 3234 Exodo,
2515 3189 2637 3240 qua:
2688 3174 2740 3227 in
2787 3173 3054 3242 Levitico,
3103 3181 3154 3232 in
3201 3179 3457 3236 Numeris

1880 3265 2041 3318 etiam
2082 3276 2133 3319 et
2169 3265 2581 3319 Deuleronomio
2610 3267 2943 3331 referuntur,
2988 3273 3053 3324 ad
3088 3272 3310 3326 humani
3368 3291 3462 3343 ge-

1881 3359 2025 3412 neris
2064 3358 2349 3411 scientiam
2398 3375 2503 3412 non
2547 3362 2845 3417 venissent.
2894 3363 3276 3420 [hereditatem
3305 3378 3456 3421 certe

1881 3460 2185 3518 paternam,
2218 3461 2272 3503 et
2312 3459 2512 3505 terram
2545 3455 2988 3519 repromissionis
3029 3457 3209 3511 nullus
3253 3459 3455 3513 intras—

1880 3551 1981 3592 sct.
2015 3539 2080 3592 Et
2110 3550 2165 3593 ut
2208 3541 2275 3593 ad
2323 3544 2441 3596 hate
2482 3556 2603 3610 qua:
2648 3543 2921 3597 habentur
2963 3545 3015 3598 in
3052 3547 3328 3611 manibus,
3369 3564 3460 3601 ve-

1881 3631 2123 3695 niamus,
2182 3633 2309 3687 tolle
2377 3633 2571 3688 Balach
2626 3634 2785 3702 hujus
2832 3637 2975 3704 regis
3028 3639 3249 3706 pessimi
3301 3641 3457 3695 mali-

1880 3724 2032 3787 tiam,
2065 3740 2170 3794 qua
2205 3726 2452 3780 maledici
2490 3727 2767 3781 desiderat
2814 3727 3064 3783 lsraelem
3088 3770 3104 3795 ,
3145 3733 3302 3787 aufer
3338 3734 3458 3802 ejus

1878 3816 2169 3881 astutiam,
2222 3832 2326 3886 qua
2382 3817 2646 3871 invitabat
2684 3817 2904 3871 Balaam
2958 3820 3025 3872 ad
3079 3822 3450 3877 devorandum

1878 3905 2137 3976 pepulqu
2186 3925 2198 3961 :
2257 3909 2463 3976 pariter
2528 3910 2821 3964 abstuleris
2878 3925 3007 3982 erga
3076 3913 3218 3968 filios
3288 3916 3454 3971 Israel

1877 4000 2337 4070 dispeuSatioucm
2384 4001 2511 4068 Dei,
2548 4010 2601 4057 et
2647 4004 3000 4072 providentia:
3030 4006 3151 4076 ejus
3183 4006 3455 4073 favorem,

1876 4109 2141 4162 nusquam
2194 4094 2493 4163 prophetiae
2546 4095 2650 4150 illae
2704 4107 2896 4161 erunt,
2939 4116 3059 4168 quae
3112 4116 3209 4169 per
3246 4116 3307 4156 os
3348 4102 3455 4155 Ba-

1877 4185 2015 4237 laam
2068 4194 2123 4237 et
2188 4184 2313 4238 filiis
2386 4185 2555 4239 Israel
2614 4195 2669 4239 et
2726 4188 2979 4256 gentibus
3037 4189 3448 4259 prophetautur.

1872 4276 2035 4346 323
2073 4276 2225 4342 Quod
2276 4277 2318 4327 si
2371 4279 2535 4329 etiam
2571 4276 2702 4330 Novi
2761 4277 3091 4334 Testamenti
3140 4283 3294 4350 cupis
3333 4282 3451 4337 hinc

1874 4367 2200 4421 testimoniis
2240 4364 2551 4419 confirmari
2577 4406 2592 4430 ,
2626 4366 2669 4420 si
2715 4365 2936 4420 auferas
2979 4353 3239 4421 malitiam
3274 4367 3447 4431 Judte,

250 4469 308 4525 2.
348 4468 464 4524 Nos
518 4467 734 4522 interim
775 4465 1007 4519 dicimus
1056 4462 1467 4532 dispensatione
1529 4459 1764 4528 quadam
1800 4437 2349 4528 Dproditionemque
2415 4457 2537 4524 ejus
2592 4458 2850 4527 perimas,
2905 4459 3199 4513 abstuleris
3251 4461 3454 4529 pariter

186 4560 550 4633 el'sapientia
577 4557 693 4623 Dei,
724 4556 798 4610 ita
826 4556 1008 4610 omnia
1043 4555 1094 4609 iu
1128 4554 1229 4635 hoc
1260 4552 1461 4605 mundo
1491 4566 1613 4606 esse
1655 4551 1766 4605 dis-

190 4656 389 4722 posita,
430 4662 486 4707 ut
533 4653 669 4707 nihil
706 4664 929 4720 prorsus
973 4647 1205 4703 otiosum
1242 4647 1314 4700 sit
1361 4645 1503 4714 apud
1558 4645 1760 4707 Deum,

187 4747 397 4802 etiamsi
440 4745 640 4800 malum
687 4744 815 4799 illud
851 4742 944 4806 sit,
985 4737 1198 4793 etiamsi
1247 4738 1471 4791 bonum.
1504 4735 1608 4788 Sed
1648 4734 1764 4801 pla-

190 4840 306 4895 nius
339 4840 486 4909 quod
533 4838 730 4893 dicitur
763 4834 1117 4905 explicemus.
1156 4830 1416 4886 Malitiam
1466 4829 1604 4882 Deus
1657 4840 1762 4879 non

189 4932 311 4988 fecit
338 4951 357 4990 :
396 4941 579 4986 tamen
608 4944 732 4985 cum
770 4928 892 4982 aliis
930 4928 1212 4981 inventam
1248 4924 1420 4994 possit
1449 4921 1760 4991 prohibere,

193 5041 291 5092 non
343 5025 599 5094 prohibet
639 5040 651 5075 :
694 5022 787 5074 sed
833 5034 959 5073 cum
1008 5019 1140 5087 ipsis
1183 5030 1212 5069 a
1247 5016 1445 5085 quibus
1506 5014 1757 5076 habetur,

191 5118 352 5171 utitur
397 5133 459 5171 ea
512 5117 577 5169 ad
626 5112 965 5167 necessarias
1012 5124 1227 5164 causas.
1268 5107 1373 5162 Per
1413 5107 1561 5174 ipsos
1613 5105 1757 5159 enim

194 5209 241 5261 iu
272 5210 473 5279 quibus
504 5219 587 5262 est
618 5204 844 5268 malitia,
880 5202 1058 5257 claros
1087 5209 1142 5255 et
1175 5202 1429 5271 probatos
1453 5198 1617 5253 efﬁcit
1670 5212 1765 5252 eos

193 5299 275 5366 qui
310 5301 380 5353 ad
412 5300 677 5353 virtutum
714 5296 943 5367 gloriam
969 5294 1222 5347 tendunt.
1272 5292 1403 5346 Nam
1437 5293 1480 5345 si
1526 5292 1763 5360 perime-

196 5398 333 5445 retur
364 5390 594 5455 malitia,
627 5404 731 5443 non
769 5395 919 5442 esset
964 5386 1150 5455 utique
1183 5385 1272 5453 qui
1316 5384 1614 5437 contrairet
1657 5383 1764 5434 vir-

254 5528 295 5561 "
336 5534 495 5591 Prov.
537 5553 588 5602 ι,
631 5534 685 5589 5.
760 5531 805 5563 ’⁵⁸
845 5529 1002 5584 Prov.
1037 5542 1113 5590 ix,
1148 5525 1201 5579 9.
1282 5524 1322 5553 ’⁵⁷
1367 5524 1520 5576 Deut.
1564 5537 1649 5583 vr,
1684 5521 1738 5574 4.

257 5672 366 5745 (52)
408 5674 516 5731 Nec
561 5679 727 5731 virtus
779 5684 875 5728 est.
908 5670 1029 5745 Pro
1086 5668 1172 5723 his
1226 5666 1277 5745 in
1336 5663 1522 5745 codice
1570 5660 1755 5745 salicti

195 5729 503 5804 Theoderici
552 5729 746 5817 legitur
774 5764 785 5799 :
825 5766 841 5795 (
872 5744 1048 5799 claros
1074 5749 1127 5795 et
1159 5738 1419 5809 probatos
1451 5750 1557 5788 non
1591 5729 1751 5786 efﬁcit

760 5531 805 5563 “
845 5529 1002 5584 Prov.
1037 5542 1113 5590 Ix,
1148 5525 1201 5579 9.

1815 5519 1859 5552 δθ
1903 5518 2077 5573 ICor.
2123 5531 2248 5579 vm,
2287 5514 2340 5577 5,
2383 5512 2437 5567 6.

1875 4567 2087 4607 crucem
2109 4549 2312 4605 Christi
2338 4559 2391 4604 et
2413 4550 2719 4620 passionem
2748 4549 2863 4618 ejus
2889 4569 2900 4604 :
2922 4559 2970 4604 et
3002 4550 3168 4605 sinon
3198 4552 3269 4605 sit
3294 4567 3450 4616 crux,

1875 4658 1979 4699 non
2002 4648 2276 4694 exuuntur
2308 4640 2646 4710 principatus
2674 4648 2724 4693 et
2750 4649 3049 4710 potestates
3072 4682 3088 4706 ,
3117 4656 3217 4696 nec
3254 4643 3450 4695 trium-

1873 4735 2107 4802 phantur
2183 4734 2236 4787 in
2306 4734 2455 4803 Iiguo
2516 4732 2716 4788 crucis.
2799 4733 2996 4788 Sinon
3053 4733 3242 4789 fuisset
3303 4749 3451 4787 mors

1873 4825 2094 4888 Christi,
2155 4825 2342 4894 utique
2379 4840 2475 4880 nec
2504 4823 2834 4879 resurrectio
2874 4823 3098 4886 fuisset,
3146 4838 3245 4875 nec
3276 4823 3448 4874 exsti-

1875 4917 2028 4970 tisset
2090 4916 2289 4987 aliquis
2322 4916 2711 4985 primogenitus
2752 4930 2817 4968 ex
2888 4916 3137 4966 mortuis.
3203 4913 3355 4978 Quod
3399 4912 3446 4965 si

1872 5023 1976 5061 non
2040 5007 2232 5063 fuisset
2285 5008 2679 5077 primogenitus
2717 5022 2782 5060 ex
2838 5004 3111 5065 mortuis,
3181 5017 3277 5055 nec
3325 5017 3449 5070 spes

1870 5098 2027 5153 nobis
2082 5100 2497 5154 resurrectionis
2543 5098 2752 5150 fuisset.
2788 5095 2963 5148 Simili
3007 5108 3134 5163 ergo
3181 5093 3338 5145 modo
3390 5103 3444 5147 et

1867 5191 1933 5246 de
1966 5190 2082 5261 ipso
2112 5188 2329 5244 diabolo
2372 5202 2656 5257 ponamus,
2696 5186 2843 5240 verbi
2876 5185 3072 5255 gratia,
3121 5184 3444 5239 necessitate

1869 5286 2049 5353 aliqua
2072 5284 2433 5338 constrictum
2461 5280 2630 5332 fuisse
2664 5295 2730 5335 ne
2756 5284 3024 5345 peccaret,
3062 5274 3144 5328 vel
3172 5283 3291 5342 post
3321 5288 3445 5342 pec—

1868 5388 2051 5433 catmn
2089 5378 2325 5429 ablatam
2385 5372 2558 5427 fuisse
2590 5370 2658 5424 ab
2692 5385 2760 5424 eo
2812 5368 3031 5422 malitia:
3073 5355 3449 5422 voluntatemi

2534 5511 2578 5541 ω
2618 5508 2752 5562 Ceu.
2787 5520 2990 5560 xxxvii.
3069 5507 3113 5537 ⁵⁰
3151 5504 3290 5561 Ceu.
3334 5521 3442 5561 xu.

1866 5673 1960 5713 eos
1987 5655 2077 5724 qui
2109 5655 2175 5707 ad
2208 5652 2472 5725 virtutum
2499 5648 2724 5725 gloriam
2760 5644 3005 5699 trudunt.
3035 5664 3061 5725 i_

1930 5720 2044 5797 (53)
2087 5727 2266 5780 Codex
2304 5720 2680 5783 Carnoteusis,
2722 5736 2738 5770 ί
2770 5720 3176 5773 commercium.
3210 5733 3225 5767 ι
