4086 6218
628 294 731 348 679

2108 285 2429 343 ORIGENIS
2662 282 2687 291 “

3787 288 3921 344 68ὒ

626 404 786 462 simul
820 406 1002 476 utique
1029 405 1267 459 ablatum
1306 404 1495 459 fuisset
1517 405 1671 459 nobis
1700 413 1976 459 certamen
2011 404 2204 457 advcr-
2235 404 2277 459 Δ
2308 402 2537 467 suimus,
2570 402 2709 457 Deus
2738 402 2953 471 quidem
2980 402 3241 457 malitiam
3265 415 3369 457 non
3399 399 3563 465 fecit,
3599 402 3914 458 inventam

628 517 748 555 sum
800 500 1021 553 insidias
1076 498 1318 561 diaboli,
1382 513 1486 552 nec
1532 506 1947 567 exspectaretur
1996 511 2197 551 corona

630 591 865 645 victorite
890 592 937 644 ei
971 590 1061 659 qui
1101 590 1336 660 legitime
1364 590 1708 644 certasset".
1748 589 1802 642 Si
1837 605 1942 643 non
1977 590 2202 643 habere-

628 698 745 736 mus
783 684 874 751 qui
925 682 1207 735 adversum
1258 695 1357 735 nos
1414 681 1769 744 obsisterent,
1838 696 2040 750 agones
2093 695 2198 734 non

624 783 805 828 essent
836 814 851 838 ,
906 788 1007 827 nec
1057 772 1355 827 victoribus
1403 787 1630 827 munera
1684 783 2040 840 ponerentur,
2102 787 2202 827 nec

628 881 847 935 regnum
906 865 1168 921 caelorum
1210 864 1559 918 vincentibus
1612 872 1902 931 pararetur
1947 881 1959 916 :
2024 876 2199 931 neque

626 967 1065 1012 momentaneum
1116 957 1222 1011 hoc
1284 965 1338 1009 et
1399 954 1518 1008 leve
1572 953 1939 1009 tribulationis
1998 964 2199 1008 nostrae

624 1064 784 1117 supra
839 1049 1058 1103 modum
1104 1048 1313 1117 pondus
1366 1046 1550 1115 gloria:
1598 1057 1916 1115 operaretur
1957 1046 2197 1100 nobisin

628 1138 806 1191 futuro
826 1137 873 1169 ⁸²
907 1154 921 1189 :
958 1153 1059 1191 nec
1101 1136 1299 1206 aliquis
1351 1146 1599 1190 nostrum
1636 1151 1733 1206 pro
1782 1136 2196 1191 tribulationum

626 1229 884 1297 patientia
936 1238 1180 1299 speraret
1231 1229 1551 1282 immensam
1605 1228 1827 1296 gloriam
1868 1228 2193 1283 futurorum.

627 1322 701 1373 Ex
733 1321 929 1389 quibus
962 1321 1214 1375 omnibus
1245 1319 1538 1388 colligitur,
1568 1321 1689 1389 quia
1729 1321 1866 1375 Dens
1893 1336 1996 1374 non
2020 1321 2194 1376 solum

624 1414 780 1467 bonis
818 1422 998 1466 utatur
1028 1412 1095 1467 ad
1127 1428 1263 1481 opus
1292 1414 1492 1467 bonum
1521 1452 1535 1477 ,
1562 1411 1655 1465 sed
1688 1420 1741 1466 et
1766 1412 1939 1465 malis.
1979 1412 2040 1465 Et
2093 1413 2195 1466 hoc

624 1515 750 1555 vere
778 1500 1023 1555 mirabile
1066 1511 1168 1560 est,
1191 1502 1332 1567 quod
1361 1502 1504 1555 vasis
1547 1502 1702 1555 malis
1738 1501 1909 1555 utitur
1961 1501 2098 1556 Deus
2126 1503 2193 1556 ad

622 1608 756 1661 opus
785 1594 1009 1648 bonum.
1044 1591 1098 1645 lu
1132 1607 1323 1662 magna
1346 1595 1491 1648 enim
1519 1596 1620 1648 hac
1648 1592 1831 1647 mundi
1854 1592 2009 1662 hujus
2033 1596 2193 1649 domo

624 1700 728 1737 non
753 1694 877 1737 sunt
913 1685 1290 1738 tantummodo
1321 1700 1448 1737 vasa
1486 1700 1671 1747 aurea,
1698 1693 1750 1737 et
1780 1696 2031 1753 argentea
2053 1726 2069 1751 ,
2099 1687 2191 1740 sed

622 1784 675 1827 et
703 1776 898 1845 lignea,
954 1786 1010 1828 et
1041 1775 1248 1841 ﬁctilia,
1296 1785 1351 1829 et
1379 1775 1483 1829 alia
1535 1775 1755 1844 quidem
1802 1777 1865 1828 ad
1907 1778 2193 1844 honorem,
2226 1779 2269 1833 Β
2300 1774 2399 1827 bus
2454 1772 2585 1827 dicit
2649 1773 2925 1842 apostolus
2978 1770 3174 1827 Paulus
3232 1771 3279 1803 ”
3323 1787 3339 1824 :

622 1867 723 1919 alia
750 1878 926 1921 autem
952 1868 1017 1921 ad
1046 1867 1427 1922 contumeliam
1452 1867 1520 1931 ⁸³,
1552 1876 1779 1938 utraque
1797 1878 1975 1922 tamen
2009 1884 2197 1923 neces-

624 1957 790 2012 saria.
842 1956 1039 2011 Verum
1087 1958 1342 2027 quoniam
1408 1972 1534 2011 vasa
1599 1958 1714 2012 haec
1765 1973 1882 2026 quae
1942 1959 2193 2023 dicimus,

622 2047 965 2101 rationabilia
1019 2034 1363 2115 intelligenda
1416 2055 1564 2112 sunt,
1620 2060 1674 2102 ct
1726 2048 1879 2102 liberi
1933 2050 2196 2103 arbitrii:

624 2153 726 2191 non
779 2154 927 2203 casu,
991 2154 1164 2209 neque
1221 2139 1466 2205 fortuitu,
1526 2142 1903 2209 unusquisque
1955 2150 2044 2194 aut
2101 2157 2197 2196 vas

624 2231 845 2285 honoris
874 2230 1122 2297 etlicitur,
1177 2240 1269 2285 aut
1299 2246 1393 2286 vas
1425 2232 1796 2297 contumeliae,
1860 2233 1954 2287 sed
2000 2235 2089 2303 qui
2139 2248 2198 2289 se

624 2320 728 2374 tale
755 2321 1064 2389 pra:buerii,
1098 2332 1153 2375 ut
1188 2322 1395 2377 electus
1440 2336 1561 2377 esse
1616 2331 1913 2385 mereatur,
1952 2338 2047 2377 vas
2082 2323 2193 2379 ele—

625 2424 774 2466 cium
814 2423 869 2466 et
907 2427 997 2467 vas
1028 2413 1251 2467 honoris
1286 2412 1542 2468 efﬁcitur.
1574 2412 1676 2478 Qui
1723 2428 1853 2469 vero
1884 2414 2116 2485 indignis
2144 2429 2198 2471 et

622 2503 930 2556 deterrimis
960 2503 1211 2557 sensibus
1238 2503 1392 2569 vivit,
1436 2502 1540 2556 iste
1572 2501 1839 2556 formatur
1882 2520 1978 2560 vas
2004 2517 2199 2563 conlu-

626 2594 817 2657 inclite,
877 2609 981 2647 non
1048 2609 1077 2647 a
1118 2593 1433 2660 Conditore,
1476 2595 1569 2649 sed
1606 2608 1637 2647 a
1684 2596 1975 2666 semetipso
2015 2601 2199 2657 causis

622 2686 967 2739 contumeliae
1007 2701 1118 2739 suae
1172 2686 1334 2740 datis.
1389 2684 1507 2740 Non
1556 2702 1690 2756 ergo
1737 2703 1832 2744 eos
1891 2689 2025 2746 tales
2078 2708 2199 2749 esse

624 2777 885 2831 Conditor
942 2777 1096 2842 fecit,
1130 2778 1222 2831 sed
1281 2775 1588 2845 hujusmodi
1646 2790 1854 2835 mentes
1898 2783 2197 2837 secundum

625 2868 961 2936 propositum
990 2882 1178 2920 eorum
1201 2906 1216 2930 ,
1240 2867 1591 2937 providentia:
1620 2882 1729 2923 suae
1746 2872 1893 2939 jusia
1927 2881 1983 2926 et
2005 2871 2197 2927 inell‘a-

629 2958 718 3012 biii
752 2957 984 3026 quadam
1019 2959 1229 3010 ratione
1261 2956 1565 3027 dispensat.
1602 2956 1773 3024 Sicut,
1806 2962 1957 3016 verbi
1994 2964 2197 3031 gratia,

626 3050 678 3102 iii
730 3050 952 3103 urbibus
1014 3047 1244 3119 magnis,
1284 3048 1354 3102 -si
1409 3048 1499 3117 qui
1551 3048 1887 3119 iiidigiiiores
1944 3064 2090 3118 sunt,
2147 3066 2200 3111 et

2308 505 2483 547 tamen
2515 509 2577 547 ex
2609 494 2869 563 propositi
2922 495 3225 548 intentione
3276 507 3463 547 eorum
3496 495 3589 563 qui
3640 494 3915 550 declina-

2305 594 2429 637 runt
2453 599 2482 635 a
2505 584 2588 637 ria
2618 593 2788 647 recta,
2824 582 3037 637 auferre
3069 583 3285 652 penitus
3317 583 3487 638 noluit
3523 600 3537 636 :
3578 584 3907 652 providens

2304 678 2424 741 hoc,
2454 680 2595 744 quod
2624 676 2835 732 etiamsi
2880 676 2952 732 illi
2986 687 3131 731 esset
3164 676 3367 730 inutilis
3394 678 3486 745 qui
3510 692 3573 732 ea
3601 678 3901 740 utebatur,

2304 765 2507 820 faceret
2536 783 2655 823 eam
2692 777 2870 820 tamen
2905 767 3088 821 utilem
3135 767 3202 821 iis
3245 768 3530 822 adversum
3555 782 3697 837 quos
3728 782 3909 823 exer-

2302 862 2545 915 cebatur.
2595 859 2660 913 Et
2710 858 2832 913 ideo
2864 858 3108 928 refugere
3143 859 3364 928 quidem
3412 860 3669 914 omnibus
3703 861 3901 915 modis

2302 955 2579 1014 debemus,
2611 966 2677 1005 ne
2707 966 2942 1020 unquam
2980 950 3184 1005 malitia
3226 951 3533 1004 inveniatur
3573 952 3625 1004 in
3664 953 3839 1007 nobis
3878 972 3897 1009 :

2303 1044 2355 1098 in
2381 1042 2505 1096 aliis
2529 1056 2657 1095 vero
2679 1042 2901 1096 vincere
2929 1056 3085 1105 eam,
3115 1056 3219 1094 non
3250 1040 3519 1109 perimere
3546 1041 3896 1096 studendum

2301 1143 2404 1198 est;
2440 1132 2563 1202 quia
2624 1140 2677 1186 et
2733 1131 2832 1196 illi,
2881 1132 2933 1185 in
2988 1132 3188 1201 quibus
3242 1142 3326 1185 cst
3376 1130 3605 1194 malitia,
3670 1132 3897 1202 aliquid

2304 1224 2593 1280 necessarii
2619 1223 2803 1292 operis
2832 1222 3120 1277 conferunt
3157 1222 3520 1277 universitati.
3556 1223 3701 1277 Nihil
3730 1225 3892 1278 enim

2301 1314 2557 1378 Otiosum,
2588 1313 2720 1367 nihil
2753 1314 2910 1366 inane
2940 1319 3021 1366 est
3048 1312 3187 1381 apud
3214 1310 3400 1377 Deum,
3432 1314 3562 1382 quia
3594 1314 3712 1369 sive
3737 1316 3895 1370 bono

2299 1406 2577 1474 proposito
2612 1404 2848 1459 hominis
2871 1407 3042 1459 utitur
3070 1406 3137 1459 ad
3174 1406 3344 1470 bona,
3383 1405 3498 1459 sive
3532 1406 3677 1461 male
3708 1408 3892 1461 utitur

2300 1497 2367 1551 ad
2394 1494 2723 1551 necessaria.
2750 1494 2855 1549 Sed
2885 1496 3095 1550 beatior
3120 1495 3249 1557 eris,
3282 1494 3326 1547 si
3359 1496 3530 1564 magis
3556 1511 3621 1550 ex
3657 1498 3889 1551 virtuti-

2300 1588 2401 1641 bus
2428 1602 2547 1656 quae
2578 1587 2630 1641 in
2679 1596 2731 1640 te
2776 1594 2923 1651 sunt,
2978 1585 3285 1641 inveniatur
3313 1585 3437 1639 boni
3474 1587 3679 1655 aliquid
3708 1605 3774 1643 ex
3831 1600 3888 1646 te

2301 1680 2425 1733 vita
2456 1679 2616 1747 hujus
2640 1677 2968 1732 universitas
2997 1677 3255 1746 consequi
3288 1694 3302 1729 :
3336 1678 3478 1733 sicut
3503 1678 3580 1733 illi
3606 1719 3619 1744 ,
3650 1681 3721 1733 de
3756 1684 3883 1749 qui-

3394 1790 3414 1824 t
3448 1771 3521 1827 Ut
3573 1773 3696 1829 sitis
3738 1778 3885 1832 sicut

2299 1867 2586 1920 luminaria
2612 1866 2662 1919 in
2683 1866 2786 1919 hoc
2812 1867 3029 1929 mundo,
3056 1865 3282 1919 verbum
3319 1864 3445 1918 vita:
3476 1868 3875 1923 continentes:

2298 1960 2377 2011 Ad
2405 1957 2627 2028 gloriam
2662 1965 2786 2010 sunt
2826 1970 2957 2025 ergo
2988 1955 3297 2010 necessaria
3332 1953 3621 2009 luminaria
3670 1959 3876 2013 mundo

2299 2049 2446 2103 huic.
2502 2047 2566 2101 Et
2620 2048 2749 2116 quid
2783 2057 2890 2101 tam
2922 2047 3265 2111 delectabile,
3310 2046 3440 2116 quid
3473 2054 3581 2100 tam
3626 2049 3875 2116 magniﬁ-

2299 2156 2445 2205 i-um,
2500 2156 2661 2209 quam
2691 2155 2829 2208 opus
2854 2140 3008 2206 solis,
3040 2139 3123 2194 vel
3160 2141 3320 2206 luam,
3364 2154 3395 2192 a
3446 2140 3645 2209 quibus
3675 2142 3876 2195 illumi-

2299 2241 2459 2285 natur
2511 2231 2786 2285 mundus?
2812 2230 2960 2300 Opus
3004 2241 3088 2285 est
3122 2240 3298 2284 tamen
3332 2231 3431 2299 ipsi
3468 2234 3667 2287 mundo
3707 2236 3873 2289 etiam

2299 2324 2504 2394 angelis
2532 2325 2622 2391 qui
2661 2325 2769 2378 sint
2804 2338 2963 2393 super
3006 2323 3212 2378 bestias
3262 2321 3396 2394 (Si),
3443 2332 3499 2376 et
3549 2325 3755 2393 angelis
3775 2328 3870 2395 qui

2301 2413 2872 2483 priesintexercitibus
2897 2412 3151 2467 terrenis.
3194 2410 3343 2480 Opus
3382 2420 3466 2467 est
3525 2413 3732 2483 angelis
3777 2416 3872 2483 qui

2298 2507 2525 2575 praasint
2557 2505 2870 2559 animalium
2899 2504 3168 2558 iiativitati
3194 2545 3210 2570 ,
3243 2504 3612 2573 virgultorum,
3648 2506 3870 2573 planta-

2303 2600 2635 2666 tionumque,
2684 2606 2739 2651 et
2764 2595 2977 2651 caneris
3026 2594 3330 2663 pluralibus
3378 2596 3733 2649 incrementis.
3792 2597 3867 2651 Et

2302 2704 2513 2743 rursum
2574 2687 2784 2756 angelis
2832 2702 2968 2756 opus
3027 2698 3129 2753 est,
3185 2689 3277 2757 qui
3342 2692 3560 2758 przesint
3611 2693 3868 2760 operibus

2299 2778 2523 2844 sanctis,
2551 2780 2641 2849 qui
2689 2790 2905 2835 aeterna:
2928 2781 3062 2835 lucis
3093 2780 3423 2837 intellectum
3454 2792 3508 2837 et
3534 2784 3869 2841 occultorum

2300 2871 2395 2925 Dei
2451 2872 2817 2942 agnitionem,
2861 2888 2925 2927 ac
2977 2889 3160 2928 rerum
3211 2875 3521 2932 divinarum
3585 2880 3866 2934 scientiam

2302 2968 2549 3020 doceant.
2580 2968 2714 3022 Vide
2740 2982 2874 3037 ergo
2899 2982 2965 3021 ne
2999 2976 3051 3023 te
3080 2969 3194 3039 ipse
3220 2969 3393 3025 facias
3421 2972 3560 3026 inter
3590 2988 3681 3031 eos
3716 2987 3871 3039 ange-

2302 3060 2383 3114 los
2409 3061 2662 3126 iiiveniri,
2695 3064 2787 3130 qui
2820 3062 3006 3117 bestiis
3041 3075 3305 3134 praisuiit,
3359 3067 3404 3121 si
3453 3067 3743 3121 belluinam
3772 3072 3870 3119 du-

624 3142 887 3195 abstrusa:
912 3142 1035 3195 vitae
1067 3156 1130 3195 ac
1155 3140 1463 3196 deterrima:
1494 3143 1743 3211 homines
1767 3183 1782 3208 ,
1822 3144 2012 3199 ultima
2045 3161 2197 3214 quie-
2226 3125 2269 3183 C
2307 3152 2450 3206 xeris
2490 3153 2655 3206 vitam
2684 3172 2698 3207 :
2734 3155 3005 3208 aut~inter
3027 3170 3142 3222 eos,
3192 3158 3287 3225 qui
3333 3159 3571 3213 terrenis
3626 3162 3871 3228 Operihes

624 3249 729 3303 que
755 3248 942 3302 Opera,
995 3243 1048 3288 et
1073 3234 1344 3288 laboriosa
1389 3237 1826 3290 condemnantur
1863 3239 2104 3306 operari,
2145 3250 2202 3293 et

626 3338 802 3379 tamen
855 3327 1157 3380 necessaria
1219 3335 1348 3380 sunt
1402 3327 1606 3381 civitati
1654 3328 1959 3397 hujusmodi
2007 3346 2197 3400 opera.

632 3417 785 3473 Verbi
818 3434 979 3474 causa
1005 3460 1020 3485 ,
1054 3429 1148 3473 aut
1178 3418 1501 3475 fornacibus
1528 3420 1734 3475 lavacri
1765 3422 1831 3474 ad
1862 3425 2201 3478 succenden-

626 3512 725 3564 dos
752 3510 903 3579 ignes
929 3510 1263 3572 deserviunt,
1325 3519 1382 3563 ut
1433 3521 1487 3563 tu
1532 3511 1612 3565 vel
1654 3513 2060 3576 commoditate,
2120 3516 2198 3569 vel

628 3602 835 3656 deliciis
861 3601 1199 3670 perfruaris;
1236 3610 1329 3655 aut
1358 3603 1638 3657 cuniculos
1664 3614 1937 3673 purgant,
1971 3616 2063 3658 aut
2096 3607 2199 3660 alia

632 3691 937 3760 hujusmodi
967 3702 1181 3755 gerunt,
1222 3701 1279 3744 ut
1326 3691 1419 3744 tibi
1474 3692 1525 3745 iii
1570 3694 1705 3747 urbe
1748 3695 1840 3747 liat
1872 3706 1926 3749 et
1964 3698 2203 3751 delecta-

630 3784 749 3837 bilis
784 3783 1064 3837 habitatio.
1112 3782 1180 3836 Et
1218 3784 1295 3838 illi
1327 3784 1543 3851 quidem
1581 3784 1663 3838 vel
1692 3797 1861 3855 agunt
1899 3805 1964 3841 ex
2007 3804 2203 3857 proiio-

627 3877 751 3936 sito,
791 3876 874 3930 vel
904 3893 967 3930 ex
999 3877 1192 3930 merito
1220 3876 1499 3943 patiuntur
1530 3894 1543 3929 :
1574 3893 1708 3945 opus
1741 3888 1918 3933 tamen
1960 3881 2201 3949 ipsorum

627 3966 842 4035 proficit
896 3968 962 4020 ad
1014 3966 1302 4021 utilitatem
1341 3982 1529 4021 eorum
1581 3968 1777 4035 quibus
1808 3986 1928 4038 qua:
1977 3973 2115 4027 bona
2145 3986 2201 4028 et

631 4061 780 4112 utilia
814 4070 960 4122 sunt,
1004 4068 1285 4127 parantur.
1321 4058 1395 4110 lta
1424 4069 1477 4111 et
1500 4060 1613 4112 hinc
1660 4060 1726 4112 de
1757 4062 1952 4128 quibus
2001 4083 2201 4138 propo-

699 4178 742 4209 ⁵¹
787 4174 827 4228 ll
869 4172 1010 4227 Tim.
1056 4188 1115 4236 ii,
1159 4172 1215 4228 5.
1290 4173 1335 4203 "
1377 4171 1417 4225 ll
1457 4172 1579 4226 Cor.
1618 4188 1691 4237 iv,
1738 4176 1821 4228 l7.

1899 4178 1943 4207 ⁸³
1982 4180 2021 4232 ll
2063 4182 2268 4251 'l‘iiii.ii,
2312 4188 2400 4241 ΞΟ.

2307 3256 2567 3313 prmsunt,
2648 3246 2691 3299 si
2753 3261 3013 3315 corporea
3061 3258 3116 3301 et
3165 3258 3377 3303 terrena
3439 3251 3716 3305 dilexeris.
3770 3252 3867 3308 Sed

2308 3348 2496 3405 satage
2544 3337 2813 3404 quomodo
2865 3337 3037 3405 magis
3083 3339 3378 3393 assumaris
3430 3340 3496 3393 ad
3549 3341 3866 3395 societatem

2308 3426 2585 3480 Michaelis
2612 3427 2946 3494 archangeli,
2966 3428 3055 3494 qui
3079 3428 3352 3483 orationes
3372 3429 3535 3501 324
3563 3439 3866 3485 sanctorum

2307 3534 2526 3586 semper
2546 3520 2701 3573 oll'ert
2730 3518 2858 3573 Deo.
2892 3519 3202 3573 Assumeris
3232 3529 3410 3575 autem
3439 3522 3489 3575 in
3515 3523 3657 3576 hunc
3690 3540 3868 3578 nume-

2311 3627 2429 3663 rum
2466 3614 2549 3664 vel
2584 3613 2633 3664 in
2672 3612 2812 3666 istud
2866 3612 3098 3665 ofﬁcium
3124 3652 3139 3677 ,
3189 3614 3230 3665 si
3259 3614 3478 3667 insistas
3507 3628 3724 3683 semper
3754 3632 3872 3669 ora-

2312 3703 2463 3763 tioni,
2498 3711 2551 3754 et
2575 3702 2761 3771 vigiles
2813 3701 2863 3754 in
2912 3717 3003 3765 ea,
3058 3713 3111 3755 et
3167 3702 3389 3770 impleas
3417 3705 3556 3772 quod
3590 3704 3870 3772 Apostolus

2311 3797 2493 3849 ait":
2535 3814 2553 3846 ς
2581 3796 2710 3849 Sine
2757 3795 3063 3849 cessatione
3118 3804 3359 3849 orantes.
3391 3814 3410 3846 ι
3474 3794 3565 3848 Vel
3620 3807 3766 3849 certe
3813 3808 3867 3847 ut

2310 3890 2610 3943 assumat-is
2644 3890 2695 3941 iii
2723 3889 3040 3942 societatem
3075 3895 3129 3939 ct
3159 3884 3390 3940 cilicium
3424 3887 3748 3953 Rapliaelis,
3781 3887 3867 3955 qui

2310 3982 2591 4035 medicina:
2619 3988 2812 4048 praeest
2845 3996 2858 4031 :
2887 3980 2929 4032 si
2968 3994 3089 4031 cum
3121 3978 3319 4033 videris
3356 3978 3588 4046 aliquem
3627 3980 3869 4030 vulnera-

2316 4086 2422 4127 tum
2453 4072 2709 4142 peccatis,
2740 4080 2793 4124 et
2821 4070 3032 4138 sagittis
3057 4070 3252 4124 diaboli
3290 4070 3560 4123 confixum
3580 4110 3594 4132 ,
3616 4071 3867 4123 adhihue~

2478 4185 2525 4217 "'
2564 4185 2795 4253 Philipp.
2842 4201 2902 4248 ii,
2940 4184 3024 4249 l5,
3068 4184 3152 4237 l6.
3229 4184 3273 4215 ⁸⁸
3308 4185 3321 4236 l
3361 4184 3552 4238 Thess.
3593 4200 3643 4251 v,
3688 4186 3767 4237 l7.

700 4290 812 4361 (54)
864 4288 1007 4370 Opus
1039 4298 1114 4370 est
1148 4291 1448 4370 tamenipsi
1473 4290 1853 4370 niun_do_etiam
1886 4296 2085 4370 angelis
2108 4302 2197 4363 qni
2233 4307 2272 4360 l)
2306 4303 2475 4355 currit
2502 4300 2874 4370 providentia,
2923 4300 2999 4353 sic
3030 4300 3081 4352 in
3115 4300 3327 4353 cancris
3355 4300 3685 4354 animalibus
3718 4318 3868 4368 gene-

620 4363 721 4413 sint
749 4380 904 4431 super
932 4365 1140 4419 bestius.
1171 4377 1274 4416 etc.
1302 4366 1535 4417 Consule
1563 4365 1918 4420 clarissimum
1949 4369 2202 4422 lliietium

620 4431 1055 4503 Origenianornni
1085 4435 1174 4487 lib.
1209 4451 1267 4496 ii,
1299 4445 1488 4503 qu;est.
1520 4453 1572 4497 γ,
1608 4453 1760 4489 num.
1794 4440 1881 4492 29.
1928 4440 2202 4493 (lictorum

624 4502 763 4556 hanc
816 4519 969 4556 suam
1012 4504 1270 4572 Origenes
1318 4502 1640 4559 Sententiani
1697 4508 1938 4562 hausisse
1990 4510 2203 4564 videtur

621 4586 683 4623 ex
724 4572 889 4637 Apoc.
935 4589 1007 4631 ix,
1060 4574 1189 4648 llfi
1233 4574 1296 4626 Et
1332 4575 1668 4648 habebant}
1718 4578 2202 4648 locustaﬁssuper

633 4650 692 4688 se
750 4634 930 4701 regem
954 4634 1240 4705 _angelum
1293 4638 1502 4705 abyssi,
1553 4640 1637 4689 cui
1700 4656 1894 4692 nomen
1930 4634 2193 4699 llebraice

631 4700 913 4775 Abaddou,
941 4700 1129 4775 Gra'ce
1152 4714 1330 4775 autem
1357 4700 1639 4775 Apollyon,
1662 4726 1680 4759 ι
1711 4718 1766 4761 et
1786 4725 1850 4761 ex
1880 4710 1971 4764 lib.
2004 4710 2193 4767 Ραειοο

632 4776 703 4853 ris
733 4772 937 4828 Hei-mw
972 4774 1175 4853 visione
1210 4774 1265 4838 4,
1290 4772 1418 4845 cap.
1446 4772 1551 4828 9.51
1577 4778 1716 4853 Μὶεἱι
1745 4780 2001 4834 Dominus
2026 4800 2189 4853 ange-

632 4844 739 4897 lum
769 4859 925 4896 suum
962 4844 1051 4911 qui
1109 4852 1193 4897 est
1243 4844 1408 4914 super
1469 4847 1706 4910 bestias,
1764 4854 1850 4901 cui
1886 4844 2195 4908 numeu'est

632 4914 851 4990 Iiegi'iii.
882 4933 905 4990 ρ
942 4914 1278 4990 Animalibus
1310 4926 1363 4968 et
1389 4917 1827 4990 plaiitis‘angelos
1863 4922 1986 4972 ilt‘lll
2025 4927 2194 4990 praéli-

628 4986 780 5059 ciuiit
808 4986 1180 5059 Athenagoras
1210 4984 1522 5059 Legatipro
1571 4984 1887 5041 Christianis
1930 4984 2049 5059 pag.
2100 4996 2191 5055 27,

630 5056 832 5109 citatus
861 5072 889 5107 a
916 5054 1188 5108 Methodio
1217 5054 1356 5123 apud
1399 5057 1757 5125 Epiplianium
1806 5054 2189 5127 liaeres.'inv,

630 5141 779 5181 inim.
840 5127 931 5186 2|,
978 5134 1030 5179 et
1076 5128 1215 5193 apud
1258 5127 1505 5179 l’hotiuni
1555 5130 1743 5182 codice
1784 5143 2014 5183 ccxxxw
2055 5136 2193 5195 ,διώ

630 5196 881 5267 initium;
936 5196 1270 5264 Epiphanius
1312 5198 1460 5267 libro
1509 5195 1580 5248 De
1622 5201 1880 5251 mensuris
1912 5214 1959 5253 et
1992 5205 2192 5267 ponde—

629 5265 796 5328 ribus,
835 5282 953 5333 cap.
1002 5269 1099 5327 21;
1139 5266 1731 5335 Theodoretusqumst.
1782 5269 1849 5320 52
1889 5272 1941 5321 in
1994 5265 2189 5325 Cenes.

630 5335 826 5412 liadeiii
855 5345 936 5412 est
961 5339 1228 5412 sententia
1261 5335 1667 5412 Platonicorum
1694 5341 1743 5391 iii
1770 5338 2192 5412 ΔΡυιοριιγικηερὶ

626 5405 853 5477 ἀποχῆς
878 5405 1137 5476 ἐμψύχων
1176 5408 1267 5461 lib.
1301 5421 1361 5477 tr,
1399 5411 1492 5461 sed
1534 5405 2191 5476 displicuitiiiiiliiiziihitc

626 5479 809 5544 opinio
841 5476 1169 5547 ilieIOnyiiio
1197 5476 1409 5547 quilib.
1445 5492 1461 5529 ι
1515 5477 1803 5532 Comment.
1836 5480 1886 5531 in
1922 5479 2190 5534 Hubncuc.

628 5551 693 5597 ad
731 5562 872 5602 γυιε,
924 5547 989 5598 14
1023 5545 1143 5615 cap.
1175 5562 1211 5599 I.
1247 5565 1259 5600 :
1293 5545 1359 5598 Et
1394 5548 1555 5614 [ticius
1589 5548 1811 5600 hominis
1846 5551 1997 5617 quasi
2028 5552 2191 5617 pisces

628 5618 786 5667 muris
830 5626 877 5667 et
909 5620 1059 5683 quasi
1111 5618 1293 5684 reptile
1337 5635 1438 5669 non
1486 5620 1680 5669 habens
1726 5620 2035 5686 principem,
2070 5622 2187 5673 ait:

631 5702 649 5733 ι
683 5687 835 5738 Sicut
877 5690 1040 5755 igitur
1071 5687 1122 5741 iii
1169 5688 1477 5741 hominibus
1510 5689 1673 5740 etiam
1703 5705 1795 5757 per
1824 5688 2068 5758 Singulos
2101 5692 2190 5745 Dei

2304 4374 2471 4425 ralem
2505 4373 2724 4437 quidem
2761 4372 3165 4437 dispositionem
3195 4380 3247 4422 et
3278 4371 3521 4422 ordinem
3552 4386 3867 4437 cursumque

2302 4456 2479 4494 rerum
2523 4439 2823 4508 intelligere
2856 4455 3161 4508 possumus;
3198 4441 3346 4493 verbi
3378 4440 3571 4507 gratia,
3604 4444 3865 4509 quomodo

2299 4522 2553 4565 nascatur
2612 4512 2837 4579 piscium
2894 4511 3213 4571 multitudo,
3279 4519 3335 4562 et
3384 4512 3533 4562 vivat
3580 4511 3629 4562 in
3682 4511 3860 4577 aquis;

2296 4584 2565 4644 quomodo
2592 4580 2799 4647 repiilia
2839 4590 2893 4633 et
2922 4581 3292 4646 qiiadrnpedia
3333 4582 3583 4633 oriantur
3613 4582 3665 4633 in
3704 4590 3863 4644 terra,

2298 4662 2353 4704 et
2381 4652 2578 4719 quibus
2602 4652 2819 4701 alantur
2852 4652 3009 4702 cibis.
3055 4651 3327 4702 Cic-terum
3369 4652 3667 4704 absurdum
3695 4660 3773 4703 est
3801 4653 3859 4702 ad

2298 4720 2397 4772 hoc
2430 4722 2517 4774 Dei
2544 4721 2808 4773 deducere
2842 4722 3199 4787 niajestatem,
3229 4730 3285 4771 ut
3314 4720 3450 4772 sciat
3475 4736 3570 4787 per
3602 4732 3861 4773 momenta

2297 4792 2505 4857 singula
2538 4800 2668 4855 quot
2699 4802 2996 4841 nascantur
3025 4790 3226 4843 culices
3249 4831 3261 4852 ,
3298 4800 3501 4857 quotve
3546 4792 3857 4848 moriantur;

2296 4877 2414 4926 quae
2443 4863 2691 4912 ciniicuni
2734 4869 2787 4911 ct
2826 4861 3056 4927 pulicuiii
3091 4869 3145 4912 et
3198 4876 3505 4913 muscarum
3537 4860 3609 4912 sit
3644 4861 3694 4912 iii
3728 4871 3861 4911 terra

2298 4931 2627 4993 multitudo;
2659 4936 2843 4996 quanti
2878 4932 3052 4998 pisces
3088 4932 3137 4981 iii
3171 4947 3309 4998 aqua
3345 4940 3527 4981 iiateiit
3549 4970 3563 4995 ,
3594 4941 3645 4981 et
3678 4932 3764 4997 qui
3800 4932 3861 4982 de

2299 5001 2601 5052 minoribus
2664 4999 2925 5065 majorum
2966 5003 3159 5068 ριίυιιίιι
3207 5002 3404 5052 i-edei'e
3448 5001 3704 5053 debeant.
3755 4999 3861 5053 Non

2296 5072 2469 5122 simus
2506 5080 2612 5121 tam
2652 5070 2779 5121 l'atiii
2823 5070 3134 5123 adulatores
3164 5071 3277 5131 Dei,
3317 5082 3373 5121 iit
3403 5070 3525 5123 dum
3579 5070 3863 5130 potentiam

2296 5140 2412 5205 ejus
2443 5140 2607 5191 etiam
2668 5141 2733 5190 ail
2794 5141 2899 5191 ima
2939 5142 3300 5203 detrahimus,
3336 5142 3388 5192 iii
3430 5154 3527 5191 nos
3562 5142 3705 5207 ipsos
3735 5140 3866 5206 iiij't-

2301 5211 2425 5261 riosi
2468 5212 2673 5274 simus;
2706 5213 2953 5261 eamdem
3010 5212 3411 5263 rationabilium
3456 5224 3618 5275 quain
3652 5212 3863 5261 irratio-

2297 5280 2558 5331 iiabiliuin
2596 5282 2996 5347 provnlentiam
3025 5294 3145 5333 esse
3170 5281 3431 5333 dicentes.
3473 5276 3550 5331 Ex
3588 5294 3697 5347 quo
3736 5279 3866 5333 liber

2298 5348 2384 5400 ille
2419 5350 2761 5418 apocryphus
2790 5350 3034 5402 stultitiae
3063 5350 3511 5403 condemnandus
3542 5360 3652 5411 est,
3681 5350 3731 5401 iii
3751 5363 3866 5418 ouo

2296 5413 2560 5490 sei-ipium
2587 5413 2691 5483 cSI,
2720 5421 3007 5487 quemdam
3034 5420 3284 5490 angelum
3322 5420 3540 5490 nomine
3563 5419 3674 5472 'l‘iri
3709 5413 3859 5490 (fort-

2297 5486 2511 5557 θηρίου)
2560 5486 2788 5556 pra-esse
2852 5486 3160 5558 reptilibus,
3213 5500 3268 5544 et
3324 5492 3374 5543 in
3436 5489 3575 5543 hanc
3621 5486 3869 5541 similitu-

2296 5560 2474 5610 dinem
2516 5560 2755 5626 piscibus
2781 5575 2998 5629 quoque
3029 5570 3081 5613 et
3124 5561 3411 5613 arboribus
3455 5572 3509 5610 et
3551 5559 3737 5613 bestiis
3763 5558 3871 5610 uiii-

2299 5630 2473 5683 vcrsis
2506 5632 2757 5702 proprios
2791 5636 2843 5685 in
2881 5632 3185 5686 custodiam
3226 5631 3446 5701 angelos
3486 5631 3805 5700 assignatas.
3842 5644 3861 5678 ι
