4086 6218
308 261 402 317 68!

1475 256 1542 311 IN
1577 254 1905 310 NUMEBOS
1945 255 2225 309 IIOMILIA
2270 255 2405 310 XIV.

3460 262 3565 319 682

312 379 386 433 ris
417 378 761 433 curationum
810 390 1118 433 sermonem
1162 390 1227 431 ac
1260 375 1408 431 verbi
1456 376 1547 430 Dei
1590 375 1887 429 contuleris
1918 378 1957 433 Λ
1994 388 2247 441 magnum
2304 371 2572 443 proferret
2609 372 2677 427 ad
2708 382 2917 443 gentes.
2974 388 3082 429 non
3144 386 3247 430 tam
3295 379 3466 432 corde
3515 390 3571 433 et

308 472 658 538 medicinam,
709 480 768 524 ιιι
803 470 1009 540 peccati
1064 469 1294 522 vulnera
1356 483 1451 538 per
1501 468 1881 537 pcenitentiam

308 576 491 627 sanes,
527 572 583 617 et
619 563 938 616 medicinam
974 561 1330 617 confessionis
1357 562 1633 615 ostendas.
1673 558 1731 613 Si
1764 560 1887 629 quis

305 667 439 707 vero
470 653 775 721 huiusmodi
808 668 972 723 opera
1022 654 1074 707 in
1128 652 1233 707 hoc
1287 654 1490 707 mundo
1515 654 1646 722 agit,
1685 654 1800 722 ipse
1830 667 1889 707 se

307 747 530 815 prmbct,
558 758 615 800 ut
645 746 697 800 in
741 745 923 800 futuro
960 745 1160 800 saeculo
1191 762 1288 801 vas
1322 746 1607 801 eleCtionis
1629 786 1643 810 ,
1676 756 1728 799 et
1756 746 1887 799 utile

313 838 541 893 Domino
567 842 632 892 ad
664 853 825 892 omne
855 853 995 908 opus
1021 841 1222 893 bonum
1268 847 1516 907 paratum
1538 855 1567 893 a
1591 838 1887 894 Conditore

311 928 573 983 formetur
602 930 669 983 ⁸⁸.
704 929 759 984 Si
794 944 925 983 vero
961 931 1236 984 contraria
1272 940 1450 1000 gerat,
1483 945 1577 984 vas
1606 930 1670 984 ad
1695 942 1888 985 contu-

310 1021 526 1074 meliam
565 1020 758 1075 divina:
789 1020 1135 1090 semetipsum
1163 1021 1429 1089 prmbehit
1472 1021 1884 1091 dispensationi.

306 1112 377 1165 Et
410 1121 691 1180 propterea
750 1121 877 1179 puto
914 1111 964 1163 in
1002 1111 1207 1164 divinis
1265 1111 1628 1165 voluminibus
1684 1111 1886 1182 scripta

306 1218 431 1258 esse
461 1213 515 1257 et
548 1203 811 1258 bonorum
837 1213 1009 1273 gesta,
1041 1203 1408 1269 etmalorum,
1449 1214 1501 1258 et
1529 1222 1593 1260 ex
1624 1205 1885 1269 sinistris,

305 1308 362 1350 et
391 1297 597 1352 dextris
624 1297 840 1350 actibus
874 1294 1191 1366 Scripturas
1226 1297 1437 1352 divinas
1482 1313 1601 1353 esse
1657 1308 1886 1353 contex-

309 1398 416 1455 tas,
453 1397 510 1441 ut
543 1388 908 1459 intelligamus
943 1389 1065 1457 quia
1132 1389 1271 1458 apud
1324 1390 1490 1444 Deum
1546 1390 1718 1443 otiosa
1780 1404 1887 1442 non

306 1491 453 1547 sunt,
488 1496 589 1536 nec
627 1481 896 1536 malorum
953 1494 1139 1547 opera,
1199 1496 1297 1534 nec
1348 1482 1634 1534 bonorum.
1687 1478 1887 1535 Verum

308 1588 455 1627 nunc
480 1582 604 1641 post
651 1588 933 1628 excessum
968 1572 1257 1640 plurimum
1296 1573 1538 1641 quidem,
1574 1572 1670 1627 sed
1710 1587 1889 1629 causa:

307 1667 703 1729 necessarium,
738 1665 1025 1718 redeamus
1053 1663 1118 1717 ad
1152 1663 1514 1731 propositum.

380 1756 434 1813 ὅ.
464 1755 685 1808 Balaam
721 1753 830 1817 hic,
862 1764 921 1807 ut
945 1753 1193 1821 superius
1217 1753 1473 1818 diximus,
1503 1754 1721 1811 divinus
1744 1764 1883 1820 erat,

307 1846 614 1901 daemonum
644 1844 857 1899 scilicet
895 1843 1231 1908 ministerio,
1268 1852 1320 1898 et
1349 1854 1464 1899 arte
1498 1846 1706 1916 magica
1746 1863 1884 1902 non-

312 1950 586 2004 nunquam
639 1932 818 1989 futura
880 1948 1241 2003 praenoscens.
1290 1936 1533 2006 Rogatur
1595 1952 1625 1991 a
1682 1937 1884 1994 Balach

312 2043 441 2096 rege
463 2028 527 2081 ad
551 2026 978 2080 maledicendum
997 2025 1195 2094 populo
1221 2025 1408 2089 lsrael,
1442 2027 1605 2096 legati
1640 2029 1883 2094 veniunt,

315 2115 626 2168 divinacula
670 2115 721 2169 in
759 2114 1009 2168 manibus
1048 2114 1249 2178 ferunt,
1286 2125 1433 2170 stant
1466 2119 1711 2172 attonitze
1748 2134 1881 2188 gen-

312 2218 415 2269 tes,
441 2216 494 2260 et
528 2208 721 2270 anxim,
746 2215 1123 2275 exspectantes
1140 2206 1268 2275 quid
1290 2209 1613 2279 respondeat
1643 2209 1884 2278 Balaam,

304 2300 372 2353 de
412 2313 520 2369 quo
566 2313 885 2367 persuasum
941 2298 1213 2353 habebant
1257 2300 1402 2369 quod
1445 2301 1642 2372 dignus
1688 2303 1887 2358 divinis

304 2390 593 2459 colloquiis
618 2392 929 2444 haberetur.
965 2389 1099 2444 Vide
1140 2406 1285 2446 nunc
1313 2394 1585 2462 quomodo
1615 2395 1885 2464 sapientia

307 2478 405 2533 Dei
432 2493 524 2533 vas
556 2478 699 2533 istud
718 2480 783 2533 ad
808 2478 1195 2533 contumeliam
1229 2493 1590 2553 praeparatum
1618 2485 1887 2555 proﬁcere

306 2573 439 2628 fecit
469 2572 534 2627 ad
564 2573 849 2627 utilitatem
878 2588 984 2627 non
1014 2572 1189 2627 solum
1218 2575 1396 2644 gentis
1426 2577 1607 2644 unius,
1627 2578 1719 2632 sed
1744 2593 1886 2648 pene

307 2664 481 2719 totius
510 2664 695 2717 mundi
718 2681 734 2719 :
756 2673 810 2718 et
842 2664 968 2719 huic
993 2664 1079 2720 cui
1112 2665 1363 2720 solebant
1388 2665 1558 2724 videri
1588 2670 1883 2737 daemones,

306 2759 526 2813 videtur
564 2758 724 2824 Deus,
756 2757 1056 2828 prohibens
1089 2758 1215 2812 mali
1262 2760 1446 2828 operis
1499 2760 1625 2815 iter.
1681 2762 1883 2835 Stupe-

306 2855 416 2909 scit
451 2853 691 2919 Balaam,
720 2862 774 2909 et
814 2853 1044 2908 miratur
1086 2853 1429 2923 prohibentis
1469 2860 1884 2921 auctoritatem.

307 2948 427 3003 Non
481 2946 624 3001 enim
678 2948 887 3002 solebat
943 2946 1141 3001 malum
1191 2949 1524 3007 daemonibus
1571 2953 1884 3024 displicere.

1991 479 2181 529 sensu,
2228 479 2388 533 quam
2448 478 2545 518 ore
2592 472 2647 519 et
2699 480 2953 520 sermone
3007 478 3300 537 portatum.
3340 471 3446 525 Sed
3501 487 3569 526 ne

1992 572 2089 625 per
2127 556 2339 626 singula
2390 556 2766 622 immorentur,
2820 574 2925 613 non
2971 559 3117 613 enim
3166 563 3425 630 temporis
3481 575 3567 635 est

1990 658 2186 703 cuneta
2216 648 2464 712 dissolvi,
2497 664 2728 703 ascensa
2767 649 2915 703 asina
2945 665 3041 703 sua
3077 651 3292 705 Balaam
3323 655 3433 709 ibat
3475 671 3571 724 per

1992 740 2168 806 viam;
2202 742 2445 794 occurrit
2476 741 2523 794 ei
2560 741 2799 810 angelus,
2822 741 2908 795 illc
2930 741 3052 795 sine
3076 743 3239 796 dubio
3268 745 3359 812 qui
3382 747 3569 801 aderat

1990 832 2114 887 ﬁliis
2138 832 2322 890 Israel.
2358 834 2545 902 Aperit
2584 849 2646 887 os
2677 835 2843 888 asinae
2870 875 2884 895 ,
2930 845 2986 887 ut
3033 846 3294 903 arguatur
3328 854 3423 905 per
3448 854 3569 892 eam

1992 924 2227 988 Balaam,
2272 933 2326 978 et
2363 925 2493 978 muti
2533 920 2769 993 pecudis
2797 925 3021 979 vocibus
3048 925 3364 981 confutctur
3393 928 3437 983 is
3479 938 3573 1000 qut

1991 1010 2205 1064 divinus
2226 1010 2511 1065 videbatur
2541 1022 2593 1065 et
2623 1013 2860 1081 sapiens.

2059 1101 2114 1154 4.
2157 1100 2352 1155 Verum
2385 1113 2507 1170 post
2539 1103 2653 1156 haec
2702 1104 3039 1161 conveniens
3061 1106 3172 1175 jam
3205 1108 3437 1175 videtur,
3473 1111 3577 1165 ali-

1990 1211 2097 1265 qua
2119 1196 2281 1250 etiam
2312 1197 2376 1250 de
2408 1196 2664 1266 allegoria
2694 1200 3041 1267 contingere.
3072 1198 3291 1256 Balaam
3322 1204 3431 1269 hic,
3477 1206 3573 1275 qui

1992 1290 2383 1359 interpretatur
2410 1292 2638 1359 papulas
2670 1308 2837 1345 vanus
2872 1292 3010 1364 (56),
3040 1295 3254 1349 videtur
3282 1296 3412 1350 mihi
3453 1314 3576 1367 per—

1992 1397 2184 1436 sonam
2230 1384 2434 1437 hahcrc
2462 1385 2767 1438 scribarum
2808 1394 2862 1438 et
2916 1386 3316 1443 Pharis-eorum
3362 1388 3571 1445 Judaici

1993 1474 2195 1543 populi.
2245 1473 2443 1528 Balach
2498 1489 2658 1537 vero,
2721 1475 2812 1543 qui
2867 1476 3104 1531 exclusio
3157 1478 3239 1532 vel
3300 1480 3573 1534 devorulio

1994 1568 2385 1635 interpretatur
2413 1563 2548 1636 (57),
2581 1576 2633 1619 ct
2662 1567 2776 1634 ipse
2812 1581 3100 1635 personam
3139 1569 3342 1624 habere
3372 1571 3573 1627 intelli-

1991 1661 2199 1731 gendus
2226 1667 2308 1713 est
2344 1660 2503 1712 unius
2561 1657 2793 1725 alicujus
2840 1660 3129 1729 spirituum
3181 1664 3361 1717 mundi
3413 1665 3574 1735 hujus

1990 1748 2282 1804 contraria:
2322 1747 2633 1817 potestatis,
2693 1762 2815 1816 quae
2866 1748 3161 1803 excludere
3210 1760 3264 1803 et
3309 1752 3573 1806 devorare

1988 1841 2175 1911 cupiat
2198 1839 2386 1901 lsrael,
2431 1854 2539 1894 non
2574 1856 2697 1895 eum
2732 1838 2825 1908 qui
2864 1841 3163 1895 secundum
3209 1857 3430 1897 carnem
3464 1852 3570 1908 est,

1988 1935 2081 1989 sed
2140 1948 2265 1988 eum
2317 1933 2408 2001 qui
2472 1933 2770 1987 secundum
2833 1934 3107 2002 spiritum.
3179 1933 3380 1991 Volcns
3439 1951 3573 2004 ergo

1990 2034 2235 2092 potestas
2289 2024 2392 2078 ista
2434 2024 2708 2077 contraria
2758 2024 2924 2078 deleri
2954 2034 3007 2078 et
3047 2027 3261 2095 penitus
3292 2027 3570 2095 exstingui

1990 2114 2291 2183 spiritalem
2341 2113 2526 2176 lsrael,
2558 2128 2663 2167 non
2719 2114 2843 2169 aliis
2893 2116 3067 2169 utitur
3103 2117 3405 2181 ministris,
3464 2118 3571 2172 nisi

1990 2204 2339 2277 pontiﬁcibus
2375 2215 2423 2259 et
2458 2205 2656 2260 scribis
2692 2222 2754 2260 ac
2809 2206 3098 2262 Phariszeis
3128 2227 3142 2263 :
3175 2210 3321 2278 ipsos
3354 2209 3569 2272 invitat,

1990 2302 2121 2370 ipsis
2146 2300 2451 2355 mercedem
2480 2300 2747 2368 promittit
2772 2310 2819 2356 et
2854 2300 3099 2369 praemia.
3134 2299 3215 2354 illi
3248 2315 3400 2368 vero,
3427 2301 3573 2356 sicut

1990 2394 2093 2448 iste
2136 2392 2352 2446 Balaam
2407 2392 2557 2458 facit,
2595 2393 2855 2448 simulant
2913 2408 2972 2447 se
3022 2403 3220 2449 cuncta
3276 2394 3344 2449 ad
3401 2394 3569 2450 Deum

1991 2484 2195 2541 referre
2222 2493 2279 2539 et
2323 2483 2443 2539 zelo
2484 2484 2577 2540 Dei
2614 2500 2800 2555 agere.
2844 2485 3039 2540 Dicunt
3082 2486 3230 2541 enim
3267 2486 3313 2517 ‘°
3352 2503 3368 2541 :
3405 2486 3574 2542 Scru-

1991 2586 2108 2632 tare
2142 2576 2479 2647 Scripturas,
2526 2586 2586 2631 et
2642 2576 2766 2631 vide
2806 2578 2933 2645 quia
2977 2578 3240 2646 prepheta
3279 2592 3310 2631 a
3345 2576 3569 2632 Galilaea

1992 2684 2098 2723 non
2131 2670 2326 2741 surgit.
2355 2669 2420 2723 Et
2463 2670 2655 2724 iterum
2687 2668 2877 2723 dicunt
2898 2670 2940 2701 “
2977 2686 2990 2724 :
3028 2688 3046 2721 ο
3072 2668 3180 2725 Nos
3207 2669 3377 2740 legem
3408 2670 3573 2726 habe-

1992 2774 2133 2827 rnus,
2173 2768 2228 2815 et
2260 2760 2554 2816 secundum
2587 2760 2760 2828 legem
2811 2759 2974 2815 debet
3008 2762 3166 2827 mori,
3216 2763 3344 2833 quia
3372 2762 3568 2818 Filium

1992 2856 2085 2912 Dei
2115 2870 2177 2910 se
2216 2853 2363 2909 fecit.
2400 2874 2420 2907 ι
2467 2853 2571 2909 Per
2609 2870 2731 2925 qua:
2779 2854 2989 2925 singula
3050 2855 3302 2911 videntur
3348 2859 3565 2926 quidem

1993 2947 2187 3003 scriba:
2220 2954 2275 3001 et
2308 2944 2565 3001 Pharisaei
2607 2944 2781 3001 zelum
2805 2945 2900 3000 Dei
2934 2947 3155 3014 habere,
3211 2949 3305 3003 sed
3346 2949 3567 3005 simula-

308 3041 417 3093 Sed
451 3041 644 3093 iterum
686 3040 916 3095 remittit
956 3039 1194 3108 legatos,
1227 3041 1454 3110 dicens,
1494 3058 1600 3098 non
1636 3060 1697 3100 se
1725 3062 1885 3116 posse
1912 3056 1956 3115 α
1994 3049 2126 3094 tum.
2174 3038 2340 3093 Asina
2369 3052 2518 3101 vero.
2574 3038 2660 3092 οιιί
2716 3039 2949 3095 sedebat
3001 3039 3246 3107 Balaam,
3304 3044 3561 3111 quoniam

309 3132 516 3197 facere,
549 3132 650 3186 nisi
680 3133 904 3187 verbum
933 3136 1076 3201 quod
1106 3134 1249 3189 Deus
1294 3133 1510 3189 dederit
1549 3135 1603 3190 in
1639 3150 1701 3192 os
1745 3138 1885 3207 ejus.

310 3223 560 3277 Redeunt
588 3237 775 3277 rursus
801 3222 997 3294 legati,
1028 3224 1222 3279 iterum
1252 3224 1504 3294 requirit,
1536 3226 1735 3281 iterum
1766 3244 1887 3284 mo-

313 3316 485 3368 lestus
511 3323 618 3379 est,
651 3324 704 3368 et
737 3316 933 3369 iterum
973 3319 1123 3387 cupit
1150 3319 1359 3375 audire.
1391 3320 1508 3375 Non
1539 3324 1691 3378 enim
1728 3322 1892 3381 facile

315 3406 540 3472 cupidus
564 3406 900 3463 mercedibus
928 3419 1096 3465 caret.
1127 3410 1264 3477 Quid
1290 3426 1421 3481 ergo
1455 3414 1608 3469 audit
1646 3416 1890 3470 secundo

314 3512 345 3548 a
400 3496 540 3551 Deo?
588 3516 607 3548 ι
658 3497 714 3550 Si
762 3512 991 3563 vocare,
1034 3499 1209 3568 inquit
1237 3501 1303 3564 ⁸⁷,
1344 3514 1610 3557 venerunt
1641 3505 1892 3559 homines

314 3588 426 3647 isti.
478 3602 657 3659 surge,
710 3599 763 3643 et
814 3589 947 3643 vade
991 3603 1113 3642 cum
1166 3590 1267 3644 eis.
1311 3608 1329 3641 θ
1386 3590 1442 3644 1η
1477 3607 1587 3660 quo
1622 3592 1888 3647 voluntati

310 3678 530 3747 quident
550 3678 865 3748 cupiditatis
892 3679 1009 3748 ejus
1032 3680 1177 3733 cedit
1229 3680 1393 3744 Deus,
1442 3690 1501 3735 ut
1542 3683 1887 3751 compleatur

310 3768 442 3824 illud
470 3770 615 3840 quod
651 3770 913 3841 scriptum
941 3780 1023 3825 est
1057 3771 1103 3803 ⁸⁸
1139 3791 1152 3825 :
1191 3791 1208 3823 ι
1230 3771 1443 3827 Dimisit
1469 3789 1563 3830 eos
1591 3774 1643 3828 in
1672 3776 1885 3829 deside-

311 3864 392 3917 ria
419 3864 599 3919 cordis
622 3879 835 3931 eorum,
868 3864 1021 3920 ibunt
1054 3864 1106 3919 in
1133 3864 1506 3920 voluntatibus
1532 3866 1647 3920 suis
1680 3866 1829 3936 (55);
1868 3886 1884 3917 ι

309 3953 408 4007 sed
431 3962 608 4008 tamen
633 3954 919 4009 consilium
944 3955 1143 4009 divina:
1166 3953 1592 4025 diSpensationis
1612 3957 1887 4025 expletur.

308 4044 521 4099 Dicitur
572 4047 717 4101 enim
768 4046 834 4100 ad
882 4060 1003 4100 eum
1026 4049 1071 4081 ³³
1103 4065 1116 4101 :
1154 4066 1171 4099 ι
1216 4048 1452 4103 Verbum
1526 4049 1892 4119 quodcunque

310 4136 513 4190 dedero
544 4138 597 4192 in
631 4152 726 4193 ore
759 4149 876 4199 tuo,
909 4139 1010 4193 hoc
1043 4138 1303 4208 loqueris.
1351 4158 1369 4190 ι
1433 4138 1489 4193 Si
1529 4141 1724 4210 dignus
1759 4141 1891 4196 fuis-

309 4242 395 4285 set
428 4229 670 4293 Balaam,
718 4231 945 4284 verbum
988 4245 1144 4285 suum
1192 4232 1333 4287 Deus
1363 4247 1468 4287 non
1516 4232 1569 4285 iu
1621 4248 1717 4287 ore
1747 4234 1889 4303 ejus,

310 4321 408 4375 sed
453 4320 506 4374 in
540 4320 702 4375 corde
743 4320 1034 4389 posuisset.
1070 4321 1225 4376 Nunc
1273 4330 1453 4376 autem
1514 4326 1773 4393 quoniam
1833 4327 1889 4380 in

309 4413 481 4469 corde
531 4410 647 4480 ejus
676 4413 1006 4468 desiderium
1044 4414 1311 4469 mercedis
1339 4424 1481 4479 erat,
1520 4424 1575 4469 et
1625 4418 1893 4486 cupiditas
1927 4396 1971 4450 D

310 4505 580 4576 pecunize,
613 4503 836 4558 verbum
869 4504 961 4559 Dei
986 4521 1091 4559 non
1125 4506 1175 4559 in
1204 4506 1401 4569 corde,
1448 4506 1541 4560 sed
1570 4507 1620 4559 in
1652 4522 1748 4562 ore
1777 4508 1895 4575 ejus

312 4594 553 4664 ponitur.
586 4595 860 4666 Agebatur
903 4596 1047 4649 enim
1084 4596 1217 4650 mira
1268 4606 1322 4649 et
1368 4611 1563 4666 magna
1612 4598 1897 4669 dispensa-

315 4692 488 4755 tione,
527 4700 583 4744 ut
614 4690 869 4760 quoniam
911 4691 1301 4761 prophetarum
1336 4691 1534 4758 verba,
1583 4707 1702 4761 qua:
1750 4694 1894 4749 intra

313 4780 494 4834 aulam
524 4782 938 4836 continebantur
960 4782 1318 4837 Israeliticam
1340 4821 1355 4845 ,
1388 4784 1454 4836 ad
1487 4792 1674 4852 gentes
1702 4800 1899 4853 perve-

314 4875 439 4928 nire
468 4888 569 4926 non
601 4883 875 4942 poterant,
909 4888 1004 4942 per
1033 4874 1251 4927 Balaam
1300 4876 1385 4928 cui
1419 4873 1551 4929 ﬁdes
1580 4875 1648 4929 ab
1680 4876 1899 4932 univer-

315 4966 394 5020 sis
426 4964 677 5033 gentibus
709 4964 1033 5028 habcbatur,
1079 4967 1488 5020 innotescereut
1524 4967 1688 5021 etiam
1723 4968 1900 5022 natio-

316 5061 480 5115 nibus
534 5066 745 5114 secreta
797 5059 862 5112 de
893 5057 1112 5113 Christo
1146 5058 1425 5128 mysteria,
1476 5067 1531 5113 et
1582 5058 1897 5113 thesaurum

392 5176 440 5208 “
477 5176 521 5231 ll
559 5177 701 5233 Tim.
744 5192 804 5239 tt,
846 5177 937 5231 2|.
1014 5177 1059 5209 ⁸⁷
1100 5177 1262 5232 Num.
1302 5192 1436 5242 nu,
1474 5176 1568 5231 20.

318 5248 362 5281 “
402 5246 560 5304 Joan.
602 5263 719 5315 xu,
762 5248 810 5300 7.
890 5248 934 5280 ⁶¹
962 5248 1102 5304 Psal.
1142 5263 1307 5312 xxxv,
1336 5248 1389 5306 7.

390 5362 509 5435 (55)
564 5362 655 5435 Sic
702 5373 850 5435 recte
880 5362 1044 5435 habet
1072 5364 1243 5435 codex
1297 5362 1487 5435 Sancti
1551 5361 1902 5435 Theoderici.

320 5433 495 5498 Alias,
526 5452 545 5485 ι
572 5434 625 5486 in
659 5433 930 5489 desiderio
961 5434 1142 5488 cordis
1176 5447 1365 5488 eorum
1388 5473 1403 5499 ,
1448 5433 1603 5487 ihuttt
1638 5434 1693 5486 in
1739 5435 1901 5489 volu-

323 5505 557 5576 ptatibus
588 5504 723 5558 suis.
752 5524 774 5556 ο

395 5596 508 5667 (56)
562 5597 789 5650 Balaam
837 5598 926 5667 qui
989 5598 1367 5663 interpretatur
1443 5610 1675 5651 POPULUS
1712 5608 1896 5649 vasus.

327 5686 485 5741 Folle
520 5705 548 5740 :t
584 5671 729 5747 Βίπιι
779 5689 1047 5750 confudit,
1099 5687 1334 5754 miscuit,
1392 5706 1409 5736 ι
1454 5696 1506 5740 et
1537 5692 1620 5746 DY
1669 5699 1686 5732 ι
1729 5698 1899 5751 popu-

566 5782 833 5841 Pnuor.
874 5781 991 5839 (in.
1031 5781 1145 5840 ΧΗ

1679 5176 1725 5209 ⁸⁸
1763 5177 1907 5233 Psal.
1951 5190 2134 5237 ωωωίι,
2176 5171 2260 5224 l2.

1463 5248 1509 5279 ⁸³
1548 5247 1569 5301 l
1606 5245 1733 5301 Cor.
1764 5264 1805 5315 ι,
1846 5248 1938 5315 26,
1974 5247 2066 5301 27.

1993 3131 2276 3203 Scriptura
2321 3132 2455 3188 dicit
2501 3132 2584 3186 “:
2618 3129 2922 3186 cllomiues
2977 3140 3033 3185 et
3079 3130 3325 3198 iumenta
3385 3134 3568 3189 salvos

1993 3225 2179 3293 facies,
2223 3224 2498 3288 Domine,»
2538 3237 2599 3277 ea
2644 3237 2768 3291 pars
2808 3222 3146 3277 credentium
3181 3232 3359 3292 potest
3406 3224 3569 3278 intel-

1992 3315 2107 3386 ligi,
2164 3331 2285 3384 quae
2334 3314 2451 3370 sive
2512 3327 2610 3382 pro
2644 3312 2893 3378 stultitia,
2948 3313 3064 3367 sive
3100 3328 3198 3381 pro
3235 3313 3569 3379 innocentia,

1995 3414 2319 3468 animalibus
2388 3418 2754 3479 comparatur.
2830 3410 2924 3466 Sic
2972 3411 3118 3467 enim
3179 3421 3231 3466 et
3281 3412 3568 3482 Apostolus

1996 3503 2130 3558 dicit
2167 3503 2211 3534 ⁸³
2250 3515 2266 3555 :
2303 3520 2321 3554 ι
2345 3500 2536 3557 Videte
2562 3508 2746 3553 autem
2780 3500 3121 3555 vocationem
3152 3512 3412 3568 vestram,
3456 3503 3567 3559 fra~

1998 3602 2129 3657 tres,
2160 3591 2291 3661 quia
2324 3604 2430 3644 non
2463 3588 2612 3643 inulti
2645 3589 2790 3643 inter
2822 3604 2916 3645 vos
2944 3591 3239 3661 sapientes,
3275 3608 3381 3647 non
3415 3594 3569 3648 multi

1998 3692 2270 3753 potentes,
2302 3698 2407 3737 non
2437 3681 2591 3736 multi
2635 3680 2868 3745 nobiles,
2926 3685 3019 3737 sed
3074 3697 3196 3751 quae
3240 3684 3405 3737 stulta
3444 3697 3573 3738 sunt

1998 3774 2179 3829 mundi
2209 3774 2373 3843 elegit
2399 3774 2560 3840 Deus,
2580 3775 2947 3829 utconfundat
2965 3774 3260 3843 sapientes.
3286 3775 3408 3830 sisti
3435 3792 3566 3845 ergo

2001 3866 2154 3932 tales,
2191 3866 2333 3920 sicut
2358 3866 2669 3937 evangelica
2697 3881 2817 3935 qua:
2850 3867 2901 3920 in
2934 3867 3206 3936 parabolis
3237 3868 3566 3937 agebantur,

1996 3966 2144 4025 gesta
2169 3956 2474 4027 designant,
2494 3958 2562 4011 ab
2594 3956 2711 4012 istis
2730 3956 2982 4027 pessimis
3010 3957 3245 4012 dominis
3289 3959 3487 4013 scribis
3505 3974 3569 4013 ac

2000 4046 2291 4102 Pharisaeis
2308 4046 2536 4117 subjecti
2556 4047 2957 4117 quodammodo
2975 4048 3296 4103 tenebantur
3312 4058 3367 4104 et
3385 4049 3569 4116 vineti,

1996 4140 2089 4193 sed
2118 4155 2146 4192 a
2187 4140 2412 4193 Domino
2442 4138 2745 4202 solvuntur,
2766 4153 2869 4192 non
2903 4138 3120 4208 quidem
3150 4154 3245 4209 per
3270 4141 3442 4208 ipsum
3471 4139 3573 4193 Do-

2000 4234 2228 4299 minum,
2266 4232 2359 4287 sed
2391 4247 2486 4301 per
2516 4230 2811 4299 discipulos
2845 4228 2982 4297 ejus.
3013 4229 3155 4285 Dicit
3176 4232 3321 4285 enim
3360 4233 3475 4304 ipse
3505 4235 3572 4288 ad

2001 4324 2297 4394 discipulos
2345 4325 2426 4376 “z
2460 4342 2476 4375 ι
2506 4323 2581 4377 lte
2630 4323 2684 4376 in
2716 4323 2915 4385 vicum,
2949 4324 3043 4392 qui
3072 4333 3153 4378 est
3194 4333 3385 4379 contra
3434 4340 3528 4380 vos
3559 4344 3574 4381 :

2002 4415 2165 4487 325
2201 4424 2257 4469 et
2303 4414 2594 4469 invenietis
2627 4412 2835 4467 asinam
2882 4413 3205 4482 alligatam,
3259 4423 3316 4468 et
3370 4413 3572 4482 pullum

2005 4508 2143 4574 ejus,
2176 4505 2451 4560 solventes
2480 4503 2756 4558 adducite.
2794 4521 2814 4556 ι
2855 4503 3004 4558 Sicut
3041 4519 3169 4575 ergo
3200 4505 3251 4559 in
3282 4504 3573 4575 Evangelio

2006 4614 2109 4652 non
2140 4597 2256 4667 ipse
2300 4595 2593 4661 Dominus,
2645 4595 2739 4650 sed
2784 4595 3033 4666 discipuli
3069 4596 3284 4651 solvunt
3315 4599 3523 4653 asinam
3555 4617 3568 4651 :

2005 4690 2078 4743 ita
2106 4697 2160 4743 et
2187 4688 2275 4743 hic
2306 4702 2411 4741 non
2447 4686 2515 4741 ab
2551 4700 2616 4741 eo
2649 4686 2804 4756 ipso,
2848 4688 2943 4743 sed
2987 4691 3055 4741 ab
3095 4689 3287 4759 angelo
3335 4690 3575 4759 aperitur

2003 4794 2066 4835 os
2100 4779 2267 4834 asiam
2301 4797 2314 4833 :
2356 4788 2409 4831 et
2458 4777 2602 4832 sicut
2646 4777 2698 4831 in
2756 4778 3063 4847 Evangeliis
3101 4781 3195 4847 qui
3251 4793 3356 4831 non
3394 4778 3579 4831 vident

2005 4881 2237 4943 arguunt
2286 4871 2533 4924 videntes
2573 4884 2588 4923 :
2634 4869 2707 4922 ita
2745 4878 2800 4923 et
2831 4870 2937 4934 hic,
2982 4869 3073 4937 qui
3108 4868 3242 4920 tnuti
3276 4875 3452 4929 erant,
3492 4881 3578 4919 ar-

2004 4973 2175 5033 guunt
2227 4962 2534 5030 loquentes.
2588 4959 2654 5013 Et
2696 4959 2800 5014 hoc
2828 4968 2942 5023 est,
2972 4959 3117 5027 quod
3146 4957 3406 5012 Dominus
3434 4957 3581 5010 dice-

2004 5056 2100 5110 bat
2133 5054 2178 5094 ⁶³
2211 5072 2225 5109 :
2263 5071 2281 5104 ι
2311 5052 2494 5118 Pater,
2523 5051 2728 5119 gratias
2761 5066 2861 5121 ago
2896 5049 3027 5115 tibi,
3059 5048 3311 5116 quoniam
3340 5048 3577 5102 abscon-

2372 5172 2417 5202 ³¹³
2452 5169 2614 5223 Num.
2655 5182 2806 5230 χχιι,
2862 5166 2953 5219 20.
3068 5165 3112 5196 ⁶⁰
3150 5164 3304 5218 Joan.
3350 5178 3445 5228 vn,
3486 5162 3575 5218 41.

2140 5242 2187 5275 ⁸⁸
2225 5240 2413 5295 Matth.
2456 5254 2573 5304 xxt,
2610 5239 2669 5293 2.
2745 5238 2790 5268 “
2825 5236 3017 5289 Matth.
3054 5250 3129 5298 XI,
3166 5234 3255 5289 25.

2009 5363 2145 5425 lusu
2176 5359 2261 5415 vel
2283 5341 2403 5418 δίῃ
2423 5375 2442 5409 ο
2470 5370 2575 5410 non
2603 5373 2622 5407 ι
2662 5362 2815 5425 etny
2842 5350 3133 5425 «populus,
3160 5350 3260 5425 rid
3286 5356 3391 5412 est,
3424 5370 3441 5402 ι
3478 5365 3576 5418 ρο.

2012 5422 2169 5499 ρυΙίιε
2194 5429 2393 5499 nullus.
2432 5447 2450 5479 ι
2490 5425 2735 5499 Μᾲταιον
2788 5423 2915 5499 λαόν
2970 5422 3133 5475 etiam
3186 5422 3576 5499 interpretatur

2010 5489 2167 5556 Philo
2199 5499 2293 5553 lib.
2320 5498 2395 5551 De
2428 5496 2737 5567 confusione
2763 5496 3083 5563 linguarum,
3122 5507 3241 5559 pag.
3275 5489 3400 5544 268.

2081 5590 2193 5662 (57)
2223 5589 2423 5643 Bulaclt
2454 5604 2573 5643 vero
2610 5587 2973 5656 quisxcwsm
2995 5583 3073 5636 vel
3094 5583 3579 5635 nsvonntoinler-

2006 5694 2263 5753 μηνιαίων.
2289 5679 2450 5735 Forte
2485 5694 2512 5732 a
2690 5695 2706 5729 ι
2733 5676 3055 5737 exinattivit,
3085 5671 3332 5726 exclusit.
3373 5694 3388 5725 ο

3037 5766 3115 5824 22
