4086 6218
483 261 590 315 685

1921 251 2240 308 ORIGENIS

3623 255 3730 316 684

484 374 609 427 disti
646 373 760 425 lare
788 369 1123 439 sapientibus
1150 379 1202 421 et
1233 367 1685 438 prutleutibus,et
1713 367 1960 421 revelasti
1989 382 2050 420 ca
2087 373 2124 424 Λ
2161 368 2394 421 adventu
2440 370 2642 424 Christi
2689 374 2945 438 mysteria
2992 374 3172 429 futura
3209 377 3564 444 pronuntiat,
3603 393 3727 430 rum

485 464 752 536 parvulis.
789 481 808 512 )
846 462 1048 516 Scriba:
1078 469 1256 514 autem
1287 469 1340 512 et
1373 458 1629 513 Pharismi
1654 467 1807 512 erant
1846 459 1935 527 qui
1970 471 2052 511 se-

485 559 689 614 debant
727 570 890 626 super
922 555 1136 609 asinam
1185 553 1346 615 hanc,
1393 565 1446 606 et
1482 553 1738 607 tenebant
1789 566 1906 604 eam
1938 551 2055 604 vin-

486 664 655 706 ctaut.
694 649 830 718 Ipsis
855 662 985 716 ergo
1022 647 1280 700 irascitur
1308 645 1549 714 angelus,
1576 653 1630 697 et
1673 644 1774 697 nisi
1820 643 2052 711 quodam

489 745 791 799 futurorum
820 747 1130 810 prospectu,
1168 738 1288 793 illos
1316 738 1532 805 quidem
1565 735 1913 805 peremisset,
1948 733 2056 787 asi-

489 852 612 891 nam
645 844 824 890 autem
853 841 1147 895 Servasset,
1170 845 1290 899 qua:
1311 829 1466 894 vidit,
1494 836 1549 882 et
1570 828 1799 882 reverita
1826 835 1907 879 est
1932 839 2053 878 eum

483 925 576 996 qui
601 923 748 978 venit
786 923 838 976 itt
873 921 1116 982 vineam,
1141 928 1196 972 et
1218 927 1326 972 stat
1358 917 1497 972 inter
1531 916 1735 970 vineas.
1769 915 2056 983 Compres-

483 1019 554 1072 sit
591 1026 770 1070 tamen
827 1014 989 1082 pedes
1038 1009 1283 1064 sedentis
1317 1022 1479 1077 super
1521 1023 1580 1061 se
1627 1009 1680 1060 in
1716 1007 2049 1060 maceriam:

481 1114 537 1162 et
565 1107 685 1160 ideo
718 1104 856 1157 forte
884 1116 988 1155 non
1028 1107 1200 1170 potest
1257 1097 1537 1152 ambulare
1585 1096 1671 1152 ille
1718 1095 1834 1164 ejus
1874 1111 2053 1150 sessor

486 1199 764 1267 antiquus,
801 1208 903 1248 nec
931 1192 1118 1248 venire
1147 1191 1212 1245 ad
1242 1205 1386 1254 eum,
1419 1191 1507 1260 qui
1539 1189 1670 1244 dicit
1695 1189 1738 1220 ⁶⁶
1766 1208 1777 1242 :
1815 1207 1832 1239 ι
1869 1187 2056 1243 Venite

486 1290 553 1342 ad
585 1300 690 1352 nte,
733 1297 925 1340 onmes
955 1282 1046 1352 qui
1073 1281 1336 1336 laboratis
1358 1289 1412 1334 et
1438 1279 1644 1333 onerati
1672 1280 1823 1334 estis.
1846 1298 1862 1329 ι
1889 1279 2052 1334 Asina

487 1392 662 1435 tamen
695 1377 866 1441 venit,
907 1375 1140 1430 adducta
1174 1387 1204 1426 a
1237 1373 1514 1442 discipulis
1541 1414 1554 1439 ,
1586 1381 1639 1426 et
1676 1372 1759 1426 cui
1799 1380 1927 1426 tunc
1970 1385 2054 1424 se-

485 1471 645 1526 debat
677 1469 898 1523 Balaam
957 1464 1226 1520 mercedis
1261 1463 1532 1533 cupidus,
1586 1477 1729 1517 nunc
1786 1461 1834 1516 ei
1905 1460 2054 1516 sedet

484 1562 657 1618 Jcsus.
691 1559 800 1615 Nec
831 1558 1044 1614 mireris
1067 1556 1110 1610 si
1141 1569 1262 1610 eum
1292 1569 1449 1623 quem
1483 1553 1718 1607 diximus
1748 1551 2052 1606 scribarum

483 1664 540 1708 et
567 1653 852 1708 doctorum
898 1648 1079 1719 populi
1121 1647 1350 1701 formam
1389 1655 1573 1700 tenere
1605 1644 1786 1697 videas
1817 1641 2052 1710 prophe-

488 1755 687 1801 tantem
727 1744 792 1798 de
825 1741 1069 1797 Christo.
1108 1738 1222 1793 Hoc
1275 1739 1418 1792 enim
1476 1737 1703 1806 legimus
1751 1734 1946 1788 fecisse
1998 1741 2051 1786 et
2083 1719 2125 1773 Β

483 1837 742 1905 Caipham
775 1874 789 1898 ,
844 1833 935 1902 qui
991 1831 1233 1886 dixit":
1272 1849 1289 1880 ι
1328 1827 1558 1897 Expedit
1592 1826 1766 1888 vobis,
1809 1834 1867 1878 ut
1916 1838 2054 1877 unus

485 1926 647 1977 homo
675 1930 860 1990 pereat
885 1934 984 1989 pro
1019 1918 1164 1973 omni
1210 1917 1425 1988 populo.
1454 1936 1471 1967 ι
1509 1916 1617 1970 Sed
1669 1916 1798 1976 hoc,
1859 1913 2051 1981 inquit,

483 2015 573 2082 qui
626 2022 744 2068 erat
778 2010 1018 2080 pontifex
1056 2009 1180 2063 anni
1229 2009 1372 2062 illius
1404 2006 1765 2076 praphetavit.
1816 2003 2056 2072 Prophe-

485 2115 562 2160 tat
595 2120 726 2176 ergo
753 2115 808 2158 et
844 2102 1062 2158 Balaam
1099 2101 1166 2155 de
1199 2099 1422 2155 Christo
1461 2117 1472 2151 :
1529 2107 1582 2152 et
1618 2096 1738 2151 ideo
1774 2110 1932 2150 nemo
1963 2109 2058 2150 ex-

487 2198 705 2252 tollatur
750 2194 968 2250 etiamsi
1026 2192 1344 2262 prophetet,
1394 2189 1607 2244 etiamsi
1655 2187 2053 2258 praescientiam

485 2296 795 2352 mereatur;
832 2285 926 2340 sed
965 2287 1152 2340 redeat
1185 2283 1250 2336 ad
1284 2280 1524 2350 Apostoli
1560 2280 1800 2343 dictum,
1833 2294 1940 2348 quo
1989 2279 2056 2332 ad

489 2385 589 2439 ista
617 2383 938 2452 respiciens,
978 2381 1053 2434 ait
1082 2378 1126 2411 ⁸⁸
1158 2397 1170 2431 :
1214 2398 1232 2431 ι
1272 2379 1396 2434 Sive
1428 2378 1730 2448 prophetiae
1757 2376 2058 2432 abolehun-

489 2487 596 2537 tur,
620 2474 735 2529 sive
757 2473 955 2543 linguae
983 2470 1425 2534 cessabunt,sive
1445 2469 1673 2524 scientia
1693 2467 2053 2523 destruetur.»

489 2567 556 2621 Et
583 2565 714 2636 quid
737 2573 818 2619 est
843 2578 973 2633 ergo
998 2564 1140 2632 quod
1166 2561 1490 2632 permanet?
1531 2579 1549 2611 ι
1581 2559 1764 2623 Fides,
1797 2558 1968 2628 inquit
1990 2557 2060 2624 ",

488 2671 638 2726 spes,
667 2665 720 2709 et
754 2653 996 2710 charitas
1031 2674 1041 2708 :
1073 2653 1244 2723 major
1277 2659 1457 2706 autem
1497 2652 1711 2717 horum,
1738 2649 1995 2704 charitas.
2036 2668 2054 2700 ι

493 2749 557 2802 Et
602 2747 738 2814 sola,
784 2747 977 2815 inquit,
1012 2762 1031 2796 ι
1069 2745 1308 2800 charitas
1333 2753 1438 2812 est,
1477 2759 1594 2815 qua:
1625 2758 1891 2814 nunquam
1916 2744 2061 2800 exci-

489 2839 586 2894 dit.
614 2855 634 2890 »
661 2837 782 2891 Ideo
809 2850 971 2903 super
994 2834 1353 2903 prophetiam,
1380 2848 1542 2903 super
1566 2834 1875 2897 scientiam,
1897 2848 2062 2901 super

485 2931 691 2994 (idem,
737 2941 900 2996 super
943 2926 1117 2995 ipsum
1161 2926 1324 2980 etiam
1377 2925 1719 2996 martyrium,
1760 2936 1817 2978 ut
1861 2924 2062 2980 Paulus

487 3025 683 3088 docet,
747 3022 984 3080 Charitas
1049 3020 1295 3074 habenda
1328 3029 1433 3084 est,
1455 3028 1509 3073 et
1534 3018 1776 3074 charitas
1799 3018 2055 3074 excolen-

491 3117 556 3171 da
583 3132 598 3170 :
627 3115 751 3186 quia
776 3124 832 3169 et
864 3130 882 3164 ι
913 3115 1054 3170 Deus
1079 3112 1320 3169 charitas
1351 3123 1451 3177 est,
1484 3130 1501 3162 ι
1535 3120 1591 3166 ct
1618 3110 1867 3166 Christus
1891 3109 2060 3164 Filius

489 3211 610 3278 ejus
639 3209 1049 3278 charitasest'",
1069 3210 1160 3279 qui
1178 3205 1335 3261 nobis
1362 3205 1745 3275 perfectionem
1772 3204 2059 3258 charitatis

489 3305 692 3357 donare
722 3301 995 3372 dignetur.
1019 3299 1128 3367 Ipsi
1159 3298 1332 3369 gloria
1359 3307 1415 3352 et
1456 3297 1739 3368 imperium
1772 3297 1825 3351 in
1857 3296 2053 3352 saecula

490 3395 830 3452 saeculorum.
860 3393 1057 3448 Amen.

1063 3479 1352 3538 HOMILIA
1389 3479 1504 3536 XV.

951 3573 1022 3628 De
1049 3571 1318 3642 prophetia
1348 3569 1590 3624 Balaam.

562 3672 613 3724 1.
647 3667 800 3724 Licet
828 3681 928 3723 nos
963 3664 1099 3720 ordo
1136 3663 1431 3718 lectionum
1473 3675 1595 3730 quae
1645 3660 1961 3726 recitantur,
1995 3660 2060 3714 de

493 3759 598 3814 illis
633 3759 815 3814 dicere
853 3755 1026 3826 magis
1057 3755 1242 3824 exigat
1303 3767 1425 3822 quae
1470 3753 1642 3807 lector
1669 3750 1950 3822 explicuit,
1983 3760 2064 3804 ta-

492 3865 612 3906 men
637 3849 893 3920 quoniam
928 3845 1170 3902 nonnulli
1209 3843 1440 3898 fratrum
1467 3844 1768 3914 deposcunt
1792 3858 1854 3898 ea
1884 3843 2064 3913 potius

491 3958 610 4012 qua:
642 3943 710 3996 de
745 3940 1026 4011 prophetia
1064 3938 1285 3994 Balaam
1315 3937 1516 4006 scripta
1547 3945 1710 4000 sunt,
1747 3935 1813 3989 ad
1859 3947 2065 3990 sermo-

493 4050 614 4091 nem
650 4032 1036 4103 disputationis
1058 4030 1277 4094 adduci,
1323 4045 1428 4084 non
1460 4029 1536 4083 ita
1559 4029 1738 4084 ordini
1768 4029 2061 4083 lectionum

490 4123 812 4180 satisfacere
865 4137 1080 4192 aequum
1116 4119 1363 4184 credidi,
1413 4128 1472 4173 ut
1509 4119 1797 4175 desideriis
1857 4118 2067 4174 audito-

494 4231 633 4270 rum.
666 4214 850 4270 Primo
886 4227 1019 4284 ergo
1047 4214 1294 4268 omnium
1333 4214 1399 4268 de
1432 4211 1548 4282 ipso
1574 4209 1794 4264 Balaam
1827 4209 2067 4278 requira-

493 4323 650 4372 mus,
708 4322 806 4362 cur
851 4307 904 4362 in
954 4305 1254 4376 Scripturis
1292 4319 1437 4360 nunc
1471 4301 1869 4373 vituperabilis,
1923 4317 2064 4355 nunc

492 4400 780 4456 laudabilis
813 4401 1050 4470 ponitur.
1083 4399 1218 4455 Nam
1249 4396 1625 4469 vituperabilis
1655 4405 1759 4462 est,
1789 4409 1910 4449 cum
1938 4409 2062 4463 pro-

494 4494 700 4548 hibitns
738 4507 766 4545 a
803 4493 912 4548 Deo
944 4493 1132 4547 venire
1158 4493 1226 4548 ad
1257 4507 1463 4564 regem,
1491 4488 1741 4560 persistit
1768 4496 1825 4541 ut
1853 4487 2061 4554 veniat,

492 4595 546 4639 et
582 4582 848 4639 mercedis
877 4582 1106 4652 cupidus
1147 4582 1342 4636 iterum
1391 4581 1668 4646 consulit,
1721 4579 1918 4633 iterum
1971 4591 2061 4632 re-

492 4679 657 4748 quirit
691 4693 721 4732 a
758 4679 887 4743 Deo,
923 4677 1097 4733 donec
1123 4675 1463 4744 relinquatur
1499 4672 1893 4744 cupiditatibus
1925 4671 2058 4734 suis,

491 4782 546 4827 et
573 4781 662 4828 eat
694 4772 748 4825 in
777 4769 1145 4826 voluntatibus
1173 4767 1306 4822 suis.
1337 4765 1631 4836 Culpabilis
1658 4774 1762 4830 est,
1783 4780 1904 4821 cum
1929 4765 2060 4820 tedi-

493 4867 620 4921 ilcat
658 4878 806 4929 aras,
832 4871 888 4918 et
921 4861 1173 4916 victimas
1213 4860 1445 4930 imponit
1469 4850 1771 4924 daemoniis,
1810 4864 1868 4911 et
1897 4869 2062 4926 appa-

493 4967 612 5013 ratu
655 4957 865 5029 magico
892 4955 1070 5026 poscit
1098 4952 1278 5008 divina
1316 4950 1586 5008 consulta.
1620 4949 1922 5016 Culpabilis
1958 4957 2062 5015 est,

489 5063 613 5104 cum
630 5049 918 5104 consilium
941 5046 1234 5117 pessimum
1262 5044 1378 5110 dat,
1413 5052 1470 5098 ut
1494 5042 1727 5112 populus
1757 5041 2064 5110 decipiatur

493 5158 587 5210 per
616 5142 870 5197 mulieres
893 5139 1274 5196 Madiauitidas
1303 5147 1354 5193 et
1377 5137 1580 5192 cultum
1605 5135 1892 5192 idolorum.
1921 5133 2063 5189 Bur-

493 5250 584 5292 sus
610 5235 898 5292 laudabilis
924 5234 1250 5299 ostenditur,
1289 5247 1416 5286 cum
1448 5232 1672 5286 verbum
1723 5229 1814 5284 Dei
1848 5228 2067 5298 ponitur

495 5329 549 5382 in
585 5343 682 5384 ore
711 5341 849 5395 ejus,
903 5341 1027 5381 cum
1071 5325 1308 5395 Spiritus
1343 5323 1436 5378 Dei
1475 5323 1533 5378 fit
1563 5337 1726 5393 super
1759 5337 1903 5386 eum,
1937 5335 2059 5374 cum

494 5419 559 5472 de
588 5417 805 5472 Christo
837 5417 1145 5486 prophetat,
1197 5429 1317 5469 cum
1363 5412 1568 5471 Iudaeis
1601 5424 1656 5468 et
1713 5412 1968 5484 gentibus
1995 5413 2062 5465 de

581 5533 625 5563 “
659 5532 907 5586 Matth.“
938 5533 1028 5585 28.
1126 5532 1167 5562 °"
1196 5531 1352 5586 Joan.
1387 5548 1539 5595 xvm,
1577 5533 1660 5584 M.

495 5611 648 5665 κκιιι,
675 5603 762 5654 10.
838 5604 882 5634 τ’
920 5602 1078 5656 Mich.
1113 5617 1185 5664 vi,
1210 5603 1264 5662 ὅ,
1293 5603 1350 5664 4,
1387 5602 1439 5655 5.
1518 5604 1561 5633 ⁷³
1596 5603 1611 5654 Ι
1646 5603 1773 5670 Reg.
1811 5617 1922 5668 xIx,
1946 5602 2036 5654 ‘25.

497 5671 536 5699 ⁷⁷
571 5672 699 5725 ibid.
736 5671 827 5725 25.
926 5673 970 5702 7“
997 5671 1154 5725 Num.
1188 5688 1346 5739 unt,
1379 5672 1432 5724 6.

1771 5531 1856 5583 ⁸⁸1
1890 5530 2014 5584 Cor.
2050 5544 2169 5597 xui,
2202 5527 2255 5581 8.
2347 5527 2390 5558 ⁸⁸
2429 5527 2561 5580 ibid.
2587 5527 2635 5580 1Ξ

1771 5643 1773 5651 .
1811 5602 2036 5651 xtx.‘25.
2119 5597 2211 5650 7".l
2251 5598 2381 5651 Reg.
2415 5612 2526 5651 XVI.
2572 5598 2635 5650 13

2125 5611 2211 5650 ιιι
2251 5611 2381 5667 tteg.
2415 5612 2526 5660 xvi,
2572 5611 2654 5650 to.

2160 473 2255 525 pro
2285 458 2758 516 maledictionibus
2800 463 3207 520 benedictiones
3240 466 3437 534 populo
3471 467 3726 536 largitur,

2158 556 2209 600 ct
2250 563 2443 603 nomen
2487 549 2651 606 Israel
2683 569 2846 623 supra
2892 555 3162 611 visibilem
3202 557 3428 626 gloriam
3485 558 3732 629 mysticis

2157 642 2366 696 extollit
2391 643 2642 714 eloquiis.
2671 647 2804 702 Cum
2837 664 2966 718 ergo
2995 651 3109 704 htec
3153 661 3259 703 tam
3297 649 3508 704 diversa
3554 649 3622 703 de
3665 665 3732 702 eo

2157 742 2211 786 et
2242 742 2350 787 tam
2382 737 2532 792 varia
2576 740 2778 796 iudicet
2809 743 3093 810 Scriptura
3144 741 3348 806 divina,
3407 741 3565 796 valde
3596 741 3729 795 mihi

2159 825 2375 882 difﬁcile
2411 829 2624 884 videtur
2653 846 2720 886 ex
2753 833 2974 887 definito
3009 842 3252 888 statuere
3274 833 3393 902 ejus
3415 845 3730 902 personam,

2159 917 2243 970 cui
2279 932 2382 971 non
2421 919 2594 973 solum
2631 923 2921 976 conveniat
2956 923 3057 976 ista
3112 921 3422 986 diversitas,
3455 937 3641 974 verum
3677 930 3734 976 et

2160 1008 2286 1062 illud
2331 1012 2504 1078 aptari
2563 1012 2756 1080 possit,
2800 1014 2940 1083 quod
2974 1013 3090 1082 ipse
3126 1015 3191 1068 de
3239 1014 3530 1082 semetipso
3580 1013 3728 1067 velut

2158 1103 2489 1172 prepltctans
2531 1104 2666 1159 dicit
2693 1107 2736 1136 τι
2774 1125 2784 1157 :
2835 1124 2852 1155 ι
2885 1105 3146 1160 Moriatur
3186 1107 3365 1159 anima
3418 1119 3534 1159 mea
3591 1105 3732 1158 inter

2159 1195 2370 1248 animas
2393 1195 2686 1262 justorum.
2725 1205 2778 1251 et
2816 1196 2908 1250 fiat
2933 1212 3118 1252 semen
3154 1212 3329 1250 meum
3361 1197 3504 1251 sicut
3541 1211 3729 1251 semen

2152 1283 2442 1351 justorum.
2464 1305 2487 1338 τι
2531 1286 2636 1341 Sed
2667 1296 2720 1340 et
2748 1302 2844 1356 per
2868 1289 3147 1344 Michzeam
3180 1290 3501 1358 prephetam
3534 1289 3638 1342 tale
3660 1290 3729 1343 de

2157 1390 2221 1430 eo
2276 1377 2534 1432 Dominus
2576 1379 2941 1432 testimonium
2982 1380 3272 1448 perhibet,
3327 1379 3418 1433 ubi
3467 1380 3598 1433 dicit
3630 1379 3723 1432 ηε

2165 1490 2182 1520 ι
2212 1470 2443 1540 Populus
2464 1488 2637 1537 meus,
2666 1473 2793 1542 quid
2820 1472 2917 1528 feci
2947 1473 3040 1528 tibi
3065 1474 3088 1527 ?
3125 1474 3388 1543 responde
3419 1474 3572 1538 mihi,
3601 1475 3727 1542 quia

2159 1563 2404 1616 revocavi
2435 1564 2500 1618 de
2548 1574 2687 1617 terra
2724 1563 2945 1634 Egypti
2977 1604 2990 1627 ,
3040 1573 3094 1618 et
3127 1579 3191 1618 ex
3235 1566 3397 1618 domo
3431 1565 3722 1620 servitutis

2158 1655 2380 1710 liberavi
2422 1666 2493 1720 te,
2529 1665 2582 1712 et
2619 1656 2739 1710 misi
2771 1667 2894 1711 ante
2929 1656 3126 1711 faciem
3171 1667 3317 1711 tuam
3348 1657 3590 1727 Moysen,
3620 1657 3732 1710 Aa—

2159 1762 2280 1812 ron,
2311 1758 2364 1802 et
2403 1746 2649 1802 Mariam.
2685 1747 2919 1818 Populus
2948 1763 3120 1813 meus,
3169 1759 3443 1802 memento
3474 1749 3600 1817 quid
3631 1763 3728 1802 co-

2158 1839 2409 1908 gitaverit
2444 1841 2730 1894 adversum
2779 1851 2830 1894 te
2871 1841 3068 1896 Balaclt
3123 1855 3217 1895 rex
3264 1841 3451 1908 Moab,
3497 1853 3550 1894 et
3597 1842 3728 1910 quid

2161 1932 2501 2000 responderit
2527 1933 2574 1987 ei
2608 1932 2824 1987 Balaam
2849 1933 3008 1988 'filius
3037 1932 3195 1999 Beor,
3223 1948 3252 1987 a
3277 1932 3532 1988 fitniculis
3558 1948 3730 2000 usque

2161 2025 2210 2076 in
2250 2022 2439 2090 Galgal
2473 2034 2526 2078 ιιι
2557 2035 2947 2094 agnosceretur
2964 2024 3176 2093 justitia
3208 2023 3439 2079 Domini.
3482 2044 3500 2076 ι
3535 2013 3732 2079 Osten-

2160 2113 2238 2168 dit
2267 2127 2398 2182 ergo
2442 2127 2538 2182 per
2575 2115 2688 2167 haec
2718 2115 2845 2183 quia
2881 2123 2938 2168 ut
2971 2114 3186 2183 justitia
3221 2113 3436 2168 Domini
3468 2129 3729 2184 agnosce-

2161 2212 2340 2267 retur,
2367 2212 2651 2273 propterea
2677 2203 2765 2258 illa
2801 2204 2981 2259 omnia
3015 2204 3296 2272 respondit
3322 2203 3540 2258 Balaam
3585 2204 3729 2259 ﬁlius

2159 2294 2298 2350 Beor
2324 2295 2391 2350 ad
2425 2309 2603 2363 regem
2633 2295 2853 2361 Balach,
2899 2310 3021 2365 qua:
3067 2295 3269 2364 scripta
3319 2295 3630 2358 referuntur
3673 2296 3727 2350 in

2161 2387 2336 2442 libris.
2373 2386 2438 2441 Et
2470 2386 2593 2455 quis
2626 2395 2784 2455 putas
2810 2385 3119 2441 invenietur
3153 2387 3311 2454 talis,
3343 2387 3436 2456 qui
3464 2388 3636 2457 possit
3659 2403 3726 2442 ex

2161 2480 2292 2550 ipsis
2317 2480 2590 2549 responsis
2619 2478 2836 2532 Balaam
2866 2479 3151 2534 ostendere
3189 2480 3334 2550 quod
3378 2480 3471 2535 Dei
3516 2479 3728 2548 justitia

2161 2568 2541 2626 manifestetur
2575 2569 2630 2624 in
2659 2569 2778 2624 eis?
2810 2569 3018 2624 Revera
3047 2569 3190 2625 enim
3218 2571 3262 2626 si
3290 2584 3473 2626 sermo
3507 2571 3602 2626 Dei
3632 2587 3729 2642 po-

2161 2661 2298 2718 situs
2337 2671 2421 2717 est
2446 2662 2497 2716 in
2533 2676 2630 2717 ore
2660 2661 2797 2731 ejus,
2827 2670 2883 2716 et
2915 2661 3155 2733 Spiritus
3198 2661 3293 2718 Dei
3327 2663 3506 2718 factus
3528 2673 3613 2719 est
3638 2680 3731 2719 su-

2161 2767 2257 2822 per
2287 2751 2464 2816 illum,
2495 2761 2548 2806 et
2573 2750 2789 2820 justitia
2818 2751 2910 2809 Dei
2942 2767 3009 2809 ex
3041 2755 3318 2824 responsis
3340 2758 3460 2826 ejus
3483 2756 3732 2826 agnosci-

2165 2853 2252 2898 tur
2274 2853 2328 2898 et
2355 2843 2748 2907 manifestatur,
2772 2843 3084 2900 omnimode
3119 2860 3240 2915 qua:
3269 2847 3336 2901 ab
3362 2860 3428 2900 eo
3451 2846 3728 2911 dicuntur,

2164 2934 2378 2989 nonnisi
2431 2933 2748 3003 prophetica
2789 2942 2844 2989 et
2892 2935 3071 2990 divina
3126 2949 3248 2992 esse
3283 2936 3547 2991 credenda
3577 2945 3725 2992 sunt.

2164 3025 2422 3094 Quamvis
2457 3026 2670 3082 ditIicile
2702 3026 2897 3083 alicubi
2929 3028 3192 3096 scriptum
3237 3028 3473 3098 legamus
3499 3021 3568 3091 ⁷³,
3595 3028 3721 3096 quia

2163 3116 2340 3172 factus
2373 3125 2454 3171 est
2482 3115 2718 3186 Spiritus
2744 3116 2836 3172 Dei
2859 3128 3025 3187 super
3045 3118 3278 3188 aliquem
3303 3117 3715 3188 prophetarum:

2162 3209 2258 3263 sed
2291 3215 2385 3266 aut
2416 3207 2551 3262 visio
2577 3221 2744 3277 quam
2782 3207 2937 3274 vidit,
2967 3216 3063 3262 aut
3110 3208 3408 3279 assumptio
3429 3206 3576 3263 verbi
3597 3205 3715 3273 Dei,

2161 3307 2257 3353 aut
2287 3297 2382 3352 Dei
2413 3296 2645 3352 verbum
2681 3296 2884 3352 factum
2912 3305 2997 3353 est
3026 3297 3093 3353 ad
3126 3297 3300 3366 illum,
3331 3297 3415 3353 vel
3457 3297 3523 3353 ad
3551 3297 3725 3364 illum,

2162 3400 2216 3445 et
2247 3389 2352 3444 alia
2379 3390 2624 3460 quaedam
2659 3390 2724 3445 de
2749 3389 3032 3460 prophetis
3057 3391 3307 3458 legimus.
3344 3391 3574 3446 Factum
3605 3406 3730 3446 vero

2162 3494 2283 3535 esse
2331 3478 2594 3549 Spiritum
2646 3479 2741 3534 Dei
2791 3494 2959 3550 super
3011 3478 3249 3548 aliquem
3301 3484 3730 3553 prophetarum,

2165 3570 2360 3640 legisse
2393 3570 2458 3625 ad
2491 3583 2738 3641 praesens
2774 3570 2994 3631 interim
3047 3585 3156 3624 non
3211 3571 3492 3639 recordor,
3530 3571 3634 3627 nisi
3667 3570 3734 3626 de

2166 3660 2332 3715 David
2366 3660 2440 3715 ita
2476 3660 2740 3730 scriptum
2779 3659 2998 3716 memini
3029 3660 3074 3692 ⁷⁵
3107 3679 3120 3714 ;
3161 3678 3180 3713 ι
3210 3660 3276 3714 Et
3305 3662 3735 3730 apparuitusive

2165 3750 2616 3824 «illuxitSpiritus
2649 3753 2739 3808 Dei
2775 3767 2939 3822 super
2982 3751 3152 3807 David
3183 3766 3214 3807 a
3242 3752 3331 3808 die
3358 3752 3472 3818 illa,
3499 3762 3554 3808 et
3582 3753 3734 3809 dein-

2165 3862 2325 3918 ceps;
2357 3867 2374 3898 ι
2432 3862 2540 3902 non
2587 3855 2766 3901 tamen
2816 3845 2996 3900 factus
3030 3852 3111 3900 est
3160 3842 3400 3914 Spiritus
3446 3844 3541 3899 Dei
3575 3858 3734 3913 super

2166 3937 2356 3992 David.
2408 3937 2479 3992 De
2510 3935 2643 3991 Saul
2671 3951 2802 3992 vero
2834 3936 2909 3991 ita
2945 3935 3172 3991 memini
3200 3935 3463 4006 scriptum
3493 3935 3539 3968 "
3569 3954 3583 3988 :
3613 3953 3633 3988 ι
3670 3934 3733 3988 Et

2166 4024 2382 4080 decidet
2417 4023 2653 4093 Spiritus
2690 4022 2908 4078 Domini
2951 4037 3120 4093 super
3160 4033 3211 4079 te
3235 4064 3251 4091 ,
3295 4033 3350 4079 et
3389 4022 3736 4094 prophetabis

2166 4128 2286 4167 cum
2339 4113 2492 4182 ipsis,
2545 4120 2601 4165 et
2637 4110 2976 4166 converteris
3019 4110 3071 4164 in
3110 4111 3285 4164 virum
3318 4110 3570 4164 alterum.
3595 4125 3615 4160 ι
3672 4107 3736 4161 Ει

2172 4205 2366 4257 iterum
2421 4202 2485 4256 de
2530 4202 2717 4256 eodem
2765 4201 2965 4256 dicitur
2994 4201 3082 4256 7°:
3121 4201 3285 4274 326
3324 4219 3342 4254 ‹
3386 4201 3456 4256 Et
3501 4198 3736 4270 Spiritus

2167 4292 2380 4348 Domini
2418 4292 2666 4348 discessit
2693 4307 2720 4345 a
2765 4292 2913 4357 Sat-il,
2949 4293 3307 4363 obstupefecit
3347 4306 3472 4347 eum
3511 4291 3733 4360 spiritus

2168 4383 2432 4454 malignus
2461 4400 2489 4437 a
2516 4381 2762 4439 Domino.
2790 4402 2807 4436 ι
2843 4383 2908 4437 Ει
2941 4384 3135 4438 iterum
3159 4384 3204 4416 ⁷⁷
3231 4401 3246 4438 :
3278 4401 3298 4436 ς
3331 4383 3397 4438 Ει
3426 4383 3626 4439 factum
3653 4393 3736 4437 est

2173 4491 2292 4532 cum
2320 4485 2463 4531 esset
2489 4475 2715 4545 Spiritus
2749 4474 2922 4529 malus
2951 4475 3017 4528 ad
3052 4473 3206 4539 Saul,
3249 4473 3544 4543 assumpsit
3570 4471 3732 4527 David

2173 4568 2487 4637 psalterium
2526 4577 2579 4621 et
2617 4566 2882 4634 psallebat
2911 4568 2963 4619 in
3011 4567 3262 4621 manibus
3295 4569 3431 4631 suis,
3465 4575 3519 4622 et
3545 4579 3736 4636 percu-

2173 4657 2360 4720 tiebat,
2394 4665 2449 4709 et
2475 4663 2592 4710 erat
2623 4654 2824 4709 bonum
2851 4657 2924 4722 ei,
2960 4663 3014 4709 et
3042 4656 3354 4710 discedebat
3383 4656 3448 4710 ab
3482 4668 3547 4710 eo
3581 4655 3737 4724 spirio

2169 4756 2254 4801 tus
2287 4746 2572 4816 malignus.
2607 4765 2625 4796 ι
2663 4745 2791 4800 Ιῐξιιε
2819 4761 2918 4816 pro
2962 4760 3048 4812 eo,
3096 4745 3237 4813 quod
3289 4746 3523 4799 medium
3565 4753 3738 4814 potest

2168 4838 2338 4892 videri
2395 4839 2496 4893 hoc
2545 4839 2688 4906 quod
2731 4838 2993 4907 scriptum
3044 4847 3127 4892 est
3153 4837 3241 4890 7':
3286 4856 3303 4889 ι
3339 4836 3403 4890 Ει
3436 4835 3610 4890 factus
3659 4846 3740 4888 est

2166 4931 2405 5002 Spiritus
2434 4929 2648 4984 Domini
2682 4944 2845 4999 super
2875 4944 3022 4983 eum.
3063 4949 3080 4979 ι
3121 4928 3355 5000 Propter
3383 4930 3527 4999 quod
3555 4937 3608 4983 et
3641 4943 3740 4982 nos

2165 5024 2460 5077 secundum
2500 5035 2563 5077 ea
2613 5036 2733 5091 quae
2772 5020 3058 5090 superiore
3093 5030 3330 5077 tractatu
3370 5033 3736 5100 senseratnus,

2164 5117 2326 5171 etiam
2362 5130 2505 5170 nunc
2541 5113 2594 5168 in
2638 5109 3037 5167 Pharisaeorum
3074 5123 3128 5167 et
3161 5113 3505 5175 scribarum,
3549 5110 3740 5178 eisque

2167 5214 2420 5268 similium
2444 5228 2670 5283 persona
2695 5214 2839 5268 hunc
2866 5215 3040 5284 ipsum
3070 5213 3292 5267 Balaam
3331 5210 3610 5281 explicare
3648 5223 3741 5262 co-

2173 5317 2440 5371 nabimur.
2478 5318 2582 5372 Sed
2620 5332 2718 5386 age
2762 5317 2872 5387 jam
2904 5316 3202 5386 prOpIietiae
3240 5317 3358 5385 ejus
3401 5295 3592 5377 verba,
3621 5326 3740 5381 qua:

2173 5419 2446 5477 assumpta
2479 5408 2735 5478 parabola
2767 5424 2866 5462 sua
2899 5407 3102 5462 dixisse
3127 5406 3406 5468 scribitur,
3437 5404 3734 5458 videamus.

2347 5525 2390 5558 ⁸⁸
2429 5526 2561 5580 ibid.
2587 5526 2655 5580 15
2682 5537 2735 5581 et
2762 5527 2816 5581 8.
2915 5526 2961 5556 ⁷⁰
2987 5524 3002 5577 1
3027 5524 3266 5587 Joan.tv,
3303 5521 3392 5576 16.
3503 5520 3546 5551 ⁷·
3575 5517 3738 5587 Nunt.

2736 5597 2780 5626 ⁷⁸
2806 5595 2821 5649 l
2847 5595 2974 5665 Reg.
3013 5611 3064 5659 tt,
3090 5596 3144 5648 6.
3196 5584 3296 5648 ⁷⁸⁵⁷1
3331 5591 3460 5660 Reg.
3498 5604 3610 5657 ενι,
3649 5584 3734 5640 14.
