4086 6218
353 320 458 373 685

1528 316 1592 368 IN
1636 310 1964 368 NUMEROS
1996 309 2281 367 IIOMILIA
2321 314 2433 367 XV.

3510 321 3612 372 686

357 458 375 488 ι
410 437 484 491 Ειι
515 435 929 506 Mesopotamia,
958 437 1126 505 inquit
1156 438 1223 499 “'9,
1258 437 1468 489 vocavit
1504 449 1586 488 me
1612 433 1809 485 Balarh
1836 447 1929 484 rex
1963 434 2003 489 Α
2038 430 2217 486 dinem
2267 434 2539 504 fingimus,
2572 444 2627 487 ut
2662 451 2884 488 sensum
2928 452 2990 489 ex
3031 438 3242 507 integro
3276 439 3613 509 colligamus.

359 529 535 594 Moab,
569 546 638 584 ex
667 529 946 583 montibus
978 528 1227 583 orientis.
1273 546 1290 579 ι
1328 526 1771 596 Mesopotamiam
1800 526 1930 579 dicit

349 631 555 675 terram
615 636 737 689 qua:
797 621 940 675 inter
988 619 1212 675 flumina
1265 618 1579 689 Babylonia:
1627 615 1807 685 jacet,
1865 616 1931 668 de

350 712 551 781 quibus
579 714 845 779 scriptum
879 720 959 766 est
983 711 1028 742 ⁸ο
1061 729 1075 765 :
1114 731 1129 763 ι
1173 711 1348 781 Super
1395 709 1614 763 flumina
1644 706 1931 776 Babylonis

355 803 464 859 illic
498 804 759 869 sedimus,
780 811 833 858 et
856 801 1127 869 ﬂevimus,
1148 802 1272 857 dum
1295 803 1714 858 recordaremur
1741 800 1923 854 Sion.»

354 895 411 949 Si
442 895 565 964 quis
595 908 726 965 ergo
759 894 903 948 inter
935 894 1035 949 ista
1071 892 1291 948 flumina
1334 892 1497 948 fuerit
1524 891 1835 962 Babylonis,
1886 890 1929 945 si

352 988 475 1057 quis
512 986 887 1041 rheumatihus
940 985 1184 1041 libidinis
1244 986 1561 1051 inundatur,
1613 996 1669 1042 et
1706 985 1932 1041 luxuria:

354 1076 576 1130 restibus
604 1076 984 1131 circumluitur
1016 1116 1031 1140 ,
1079 1076 1181 1131 iste
1236 1092 1343 1131 non
1396 1078 1596 1132 dicitur
1632 1087 1803 1141 stare,
1837 1078 1931 1134 sed

356 1168 578 1232 sedere;
612 1177 665 1221 et
704 1167 823 1222 ideo
854 1168 945 1237 qui
976 1168 1050 1222 ibi
1080 1170 1457 1237 comprehensi
1488 1178 1613 1224 sunt
1639 1170 1928 1223 dicebant:

361 1280 379 1311 ι
418 1260 592 1329 Super
614 1260 830 1314 flumina
856 1260 1146 1332 Babylonis
1166 1261 1275 1315 illic
1298 1262 1562 1323 sedimus,
1587 1272 1639 1316 ct
1662 1260 1928 1325 llevimus,

354 1350 481 1405 dum
536 1350 951 1405 recordarcmur
995 1352 1151 1407 Sion.
1182 1371 1201 1405 ι
1244 1353 1351 1407 Sed
1407 1369 1506 1407 nec
1550 1352 1678 1408 flere
1714 1354 1929 1422 quidem

356 1452 484 1495 ante
522 1450 774 1511 possunt,
799 1443 904 1497 nisi
936 1458 1057 1497 cum
1105 1443 1378 1498 recordati
1419 1444 1617 1498 fuerint
1648 1444 1798 1499 Sion.
1832 1444 1934 1499 Bo-

358 1548 549 1587 norum
590 1550 825 1603 namque
854 1534 1161 1589 recordatio
1213 1535 1475 1588 malorum
1505 1550 1696 1590 causas
1727 1536 1934 1591 lamen-

355 1624 547 1679 tabiles
581 1625 727 1678 facit.
760 1624 872 1679 Nisi
917 1626 1061 1679 enim
1094 1626 1215 1693 quis
1253 1627 1568 1681 recordetur
1605 1627 1734 1681 Sion
1766 1666 1780 1691 ,
1833 1627 1934 1682 nisi

358 1717 531 1786 legem
561 1716 652 1770 Dei
686 1726 739 1771 et
771 1717 1188 1787 Scripturarum
1244 1727 1457 1773 montes
1504 1720 1759 1788 aspiciat,
1793 1720 1933 1777 mala

2037 523 2221 580 Potest
2257 541 2387 594 ergo
2436 528 2542 581 dici
2584 542 2599 579 :
2641 548 2657 579 ι
2696 529 2850 588 Veni,
2902 529 3129 583 maledic
3177 532 3306 585 mihi
3338 531 3527 598 Iacob,
3559 547 3614 590 et

2036 615 2195 679 veni,
2246 616 2645 682 supermaledic
2680 619 2810 670 mihi
2860 617 3047 671 Israel.
3085 637 3102 669 ι
3139 616 3243 673 Per
3263 624 3403 690 quod
3428 631 3616 678 osten-

2038 704 2186 758 ditur
2213 704 2414 759 idcirco
2442 720 2624 760 sermo
2658 707 2941 775 repetitus,
2977 710 3312 777 utampliore
3334 714 3382 763 vi
3410 723 3460 766 et
3493 729 3612 768 ma-

2028 795 2151 864 jore
2207 798 2509 853 intentione
2556 800 2995 855 maledictionem
3035 802 3086 855 ili
3139 803 3303 857 Israel
3351 820 3511 872 quam
3555 806 3610 861 in

2033 889 2203 944 Jacob
2263 891 2468 947 Balach
2522 893 2802 949 videretur
2856 910 3174 964 exposcere.
3239 896 3419 952 Donec
3466 900 3611 953 enim

2038 983 2164 1053 quis
2214 992 2423 1041 tantum
2467 983 2634 1041 Iacob
2673 996 2779 1050 est,
2824 987 2927 1041 hoc
2966 998 3049 1042 est
3094 988 3145 1042 in
3193 991 3405 1045 actibus
3437 993 3611 1046 solum

2035 1086 2091 1129 et
2145 1076 2400 1145 operibus
2460 1078 2707 1145 positus,
2751 1079 3105 1135 inferioribus
3141 1083 3613 1139 ttlaledictionibus

2039 1168 2403 1236 impugnatur.
2466 1168 2564 1223 Ubi
2616 1180 2798 1225 autem
2850 1170 3164 1240 profecerit,
3204 1183 3257 1226 et
3296 1174 3611 1231 interiorem

2037 1258 2314 1312 hominem
2348 1258 2415 1311 ad
2442 1260 2730 1313 videndum
2759 1262 2928 1315 Deum
2963 1263 3202 1318 revelato
3232 1267 3431 1321 mentis
3454 1269 3614 1322 oculo

2038 1364 2306 1404 exacuere
2341 1351 2453 1421 (59)
2486 1363 2540 1406 et
2574 1368 2873 1422 provocare
2916 1353 3028 1420 jam
3058 1357 3306 1424 coeperit,
3352 1368 3474 1413 tunc
3508 1376 3612 1413 non

2040 1440 2213 1494 solum
2249 1441 2550 1497 maledictis
2574 1445 2641 1499 ab
2668 1445 2910 1510 inimico,
2939 1447 3103 1501 sedet
3122 1450 3614 1516 supermaledictis,

2042 1534 2143 1588 hoc
2183 1544 2261 1589 est
2315 1536 2815 1591 vehementioribus
2851 1538 3260 1593 maledictorum
3288 1541 3486 1610 jaculis
3516 1545 3618 1598 iiii-

2039 1623 2385 1693 puguabitur.
2412 1624 2516 1679 Sed
2547 1637 2673 1681 tunc
2696 1627 2915 1695 quidem
2945 1642 3007 1683 os
3031 1628 3247 1684 Balaam
3278 1631 3617 1687 maledictio-

2040 1731 2107 1771 ne
2132 1727 2185 1770 et
2212 1717 2576 1771 amaritudine
2617 1717 2838 1787 plenum
2873 1731 3014 1786 erat,
3049 1732 3103 1775 et
3152 1723 3253 1777 sub
3284 1724 3465 1792 lingua
3499 1725 3617 1793 ejus

356 1783 455 1860 sua
483 1806 615 1860 ﬂere
645 1822 750 1861 non
780 1783 992 1877 incipit,
1025 1807 1102 1864 Ex
1127 1808 1247 1862 istis
1277 1822 1408 1878 ergo
1436 1783 1935 1864 ﬂuminibus'voca-
1969 1783 2009 1837 Β
2040 1802 2189 1856 labor
2215 1813 2269 1856 et
2300 1803 2476 1870 dolor,
2508 1816 2558 1857 et
2595 1783 2825 1862 sedebat
2858 1807 2909 1861 ill
2943 1783 3151 1865 Ῐιιὲὶύίἱε
3181 1829 3302 1868 cum
3333 1783 3617 1871 divitibus.

361 1908 449 1949 tur
480 1896 724 1961 Balaam,
757 1906 813 1951 et
835 1896 904 1952 ab
934 1897 1053 1953 istis
1090 1897 1320 1952 orientis
1352 1898 1627 1953 montibus
1656 1898 1933 1953 invitatur.

362 1986 569 2043 Montes
605 1988 692 2042 isti
720 2003 827 2042 non
854 1999 980 2043 sunt
1013 1989 1187 2062 sancti
1227 2001 1437 2043 montes
1486 1989 1585 2053 illi,
1630 1990 1696 2045 de
1739 1990 1935 2058 quibus

360 2082 620 2150 scriptum
661 2091 746 2136 est
774 2082 861 2135 In:
913 2100 930 2132 ι
982 2081 1356 2139 Fundamenta
1406 2080 1526 2149 ejus
1564 2082 1616 2138 in
1664 2085 1938 2140 montibus

361 2175 587 2228 sanctis.
624 2193 643 2225 ι
678 2173 740 2228 Et
773 2174 967 2228 iterum
995 2174 1041 2204 ‘"
1072 2192 1084 2227 :
1118 2193 1135 2225 ι
1165 2173 1462 2230 Jerusalem
1484 2190 1604 2243 qua:
1634 2175 1937 2229 aedificatur

356 2279 419 2322 ut
441 2268 656 2333 civitas,
693 2269 850 2337 cujus
879 2268 1229 2339 participatio
1262 2267 1380 2337 ejus
1407 2268 1461 2321 in
1501 2268 1757 2337 idipsum.
1787 2268 1937 2323 Mou-

359 2372 443 2415 tes
480 2360 530 2413 in
568 2360 799 2415 circuitu
830 2359 970 2429 ejus,
999 2370 1056 2416 et
1082 2360 1341 2415 Dominus
1380 2359 1431 2413 in
1468 2359 1703 2417 circuitu
1751 2360 1932 2429 populi

358 2451 440 2504 sui
468 2450 534 2504 ⁸³.
577 2469 595 2503 ι
632 2449 749 2505 Non
777 2459 904 2505 sunt
927 2465 1056 2518 ergo
1093 2450 1228 2505 tales
1258 2448 1656 2517 Mesmiotamia:
1687 2460 1898 2505 montes
1920 2491 1935 2515 ,

357 2543 454 2596 sed
483 2542 578 2606 illi,
616 2543 680 2598 de
711 2543 912 2611 quibus
944 2542 1145 2599 dicitur
1168 2541 1215 2573 εδ
1244 2560 1255 2598 :
1296 2560 1314 2593 ι
1347 2540 1557 2597 Montes
1596 2542 1889 2607 tenebrosi,
1913 2562 1931 2594 ι

358 2649 416 2692 et
448 2640 647 2693 iterum
691 2638 757 2693 de
802 2652 909 2711 quo
950 2636 1151 2695 dicitur
1186 2636 1231 2667 ⁸⁸
1269 2654 1282 2691 :
1344 2653 1361 2686 ι
1399 2635 1539 2691 Ecce
1592 2650 1691 2705 ego
1742 2636 1808 2690 ad
1862 2645 1935 2701 te,

362 2745 519 2786 mons
542 2738 823 2799 corrupte.
862 2748 881 2782 ι
920 2728 1017 2784 Isti
1072 2736 1200 2783 sunt
1247 2736 1458 2783 montes
1498 2726 1552 2780 in
1604 2726 1803 2795 quibus
1855 2736 1939 2782 est

360 2822 541 2877 omnis
593 2821 822 2876 altitudo
868 2819 1138 2881 extollens
1184 2834 1243 2876 se
1296 2819 1587 2877 adversum
1650 2818 1937 2875 scientiam

364 2913 456 2969 Dei
490 2912 555 2967 ".
603 2912 685 2967 Ah
716 2913 835 2970 istis
880 2928 1011 2984 ergo
1044 2912 1324 2969 montibus
1363 2909 1666 2969 accersitur
1718 2908 1935 2964 Balaam

368 3004 472 3060 hic.
503 3003 706 3072 Quales
730 3015 912 3060 autent
942 3005 1031 3060 isti
1060 3015 1187 3061 sunt
1214 3012 1447 3066 montes.
1476 3000 1635 3058 talem
1663 2999 1865 3059 habent
1886 3011 1940 3056 et

2038 1895 2405 1965 Exspectabat
2426 1897 2574 1952 enim
2607 1901 2884 1954 mercedes
2914 1918 2943 1954 a
2971 1903 3136 1957 divite
3161 1921 3306 1973 rege,
3346 1917 3404 1961 ut
3438 1908 3490 1961 iu
3521 1924 3616 1964 oc-

2038 1986 2199 2040 cultis
2256 1986 2589 2041 interficeret
2650 1988 2992 2043 innocentes.
3032 1991 3135 2046 Sed
3173 1994 3313 2049 Deus
3352 1994 3442 2063 qui
3488 1995 3619 2050 facit

2040 2092 2257 2146 semper
2286 2078 2559 2133 mirabilia
2604 2082 2772 2146 solus,
2806 2100 2871 2137 ex
2912 2083 3152 2137 inimicis
3176 2094 3435 2154 operatur
3466 2087 3614 2141 salu-

2043 2179 2170 2225 tem.
2207 2170 2400 2240 lnjecit
2430 2173 2576 2228 enim
2612 2174 2835 2230 verbum
2868 2177 2917 2230 in
2951 2192 3012 2232 os
3038 2176 3173 2244 ejus,
3203 2180 3451 2247 quamvis
3484 2196 3619 2235 non-

2040 2262 2166 2316 dum
2205 2278 2300 2318 cor
2339 2264 2455 2333 ejus
2491 2280 2688 2330 capere
2745 2279 2925 2334 posset
2973 2270 3197 2324 verbum
3260 2270 3373 2325 Dei.
3424 2271 3621 2328 Adhuc

2039 2353 2184 2408 enim
2214 2365 2336 2410 erat
2362 2356 2414 2411 in
2440 2358 2608 2411 corde
2630 2358 2749 2425 ejus
2781 2361 3047 2416 mercedis
3072 2363 3367 2430 cupiditas,
3398 2374 3620 2433 propter

2038 2447 2181 2516 quod
2217 2448 2382 2504 etiam
2415 2459 2539 2517 post
2594 2451 2820 2505 verbum
2866 2451 2986 2517 Dei,
3033 2456 3175 2521 quod
3208 2456 3399 2513 habuit
3438 2458 3488 2510 in
3523 2472 3620 2512 ore

2039 2554 2158 2603 suo,
2184 2539 2401 2596 dicebat
2434 2541 2500 2595 ad
2535 2541 2869 2597 Balach”:r
2910 2542 3064 2608 Vetti,
3091 2555 3146 2598 et
3190 2545 3331 2600 dabo
3368 2548 3462 2602 tibi
3498 2563 3619 2602 cun-

2041 2629 2243 2694 silium,
2284 2649 2303 2685 ι
2354 2641 2410 2688 et
2447 2632 2677 2689 docebat
2716 2649 2838 2690 eum
2876 2635 3151 2704 quomodo
3180 2637 3423 2693 mitteret
3458 2654 3620 2695 sean-

2039 2724 2220 2783 dalutn
2269 2725 2323 2780 in
2374 2737 2669 2795 conspectu
2713 2726 2949 2783 filiorum
2999 2728 3187 2794 Israel,
3231 2738 3289 2785 ut
3324 2732 3622 2787 manduca-

2040 2825 2167 2871 rent
2214 2815 2371 2872 idolis
2407 2817 2683 2873 immolata
2715 2828 2769 2874 et
2809 2828 2866 2874 ut
2911 2820 3337 2877 fornicarentur.
3388 2823 3622 2895 Propter

2040 2907 2187 2975 quod
2210 2916 2261 2961 et
2286 2906 2479 2963 cecidit
2503 2908 2754 2977 populus,
2778 2917 2830 2965 et
2861 2908 3015 2979 plaga
3050 2926 3247 2981 magna
3276 2912 3418 2971 facta
3448 2925 3530 2970 est
3563 2918 3619 2972 in

2041 3010 2129 3061 eo,
2167 2996 2340 3053 donec
2373 2996 2609 3055 Phinees
2642 3007 2923 3069 perempto
2953 2999 3223 3069 Israelita,
3255 3004 3345 3073 qui
3378 3004 3620 3063 fornica-

363 3098 651 3155 orieutem.
687 3097 862 3153 Habet
899 3097 1044 3153 enim
1089 3106 1143 3152 et
1188 3105 1370 3155 ortum
1412 3093 1631 3151 luminis
1684 3094 1765 3153 sui
1814 3092 1935 3159 ille,
1967 3117 2008 3172 ο
2043 3088 2202 3147 batur
2246 3103 2369 3145 cum
2407 3088 2797 3153 Madianitide,
2836 3092 3046 3148 sedavit
3097 3092 3337 3152 furorem
3387 3098 3620 3155 Domini.

368 3188 459 3259 qui
489 3190 760 3244 convertit
792 3204 852 3243 se
879 3189 1021 3245 sicut
1048 3187 1295 3257 angelum
1324 3186 1461 3243 lucis
1487 3186 1552 3239 ⁸⁷.
1580 3184 1756 3241 Habet
1794 3184 1936 3239 illam

366 3284 538 3333 lucem
566 3317 582 3343 ,
634 3278 700 3333 de
743 3293 851 3348 qua
892 3279 1155 3347 scriptum
1190 3288 1276 3333 est
1300 3277 1387 3330 5':
1423 3294 1441 3328 ι
1477 3276 1591 3331 Lux
1641 3275 1931 3345 impiorum

364 3368 761 3437 exstinguetur.
801 3387 819 3420 ι
854 3367 921 3421 Ει
959 3371 1102 3425 slcut
1144 3368 1245 3422 ista
1292 3367 1377 3421 lux
1415 3367 1738 3437 impiorum,
1766 3374 1823 3425 et
1851 3366 1939 3421 illa

366 3473 488 3526 quae
506 3460 774 3513 convertit
821 3474 880 3513 se
911 3461 1055 3515 sicut
1093 3459 1342 3530 angelum
1372 3458 1531 3524 lucis,
1556 3458 1829 3513 contraria
1859 3468 1941 3513 est

369 3546 444 3601 illi
481 3546 621 3613 luci,
655 3562 777 3617 quae
804 3550 1020 3603 dicebat
1042 3548 1086 3579 ⁸⁸
1116 3567 1127 3601 :
1154 3568 1171 3600 ι
1207 3549 1314 3619 Ego
1354 3564 1475 3603 sum
1507 3548 1595 3603 lux
1642 3547 1823 3602 mundi
1856 3564 1871 3613 ;
1917 3566 1935 3599 ι

368 3640 441 3695 ita
479 3648 534 3697 et
570 3641 673 3696 iste
702 3641 887 3696 oriens
916 3641 1232 3699 contrarius
1263 3652 1349 3697 est
1377 3640 1453 3693 illi
1491 3639 1711 3704 orienti,
1741 3642 1808 3694 de
1833 3654 1940 3708 quo

368 3730 636 3801 scriptum
688 3740 771 3786 est
810 3731 862 3785 in
916 3731 1182 3786 Zacharia
1222 3731 1309 3783 9°:
1348 3750 1364 3783 ι
1402 3729 1540 3787 Ecce
1585 3731 1696 3794 vir,
1745 3730 1941 3786 Oriens

370 3837 569 3879 nomen
595 3823 712 3893 ejus
736 3833 873 3877 csta
904 3822 979 3879 Ex
1012 3822 1154 3877 illius
1182 3836 1332 3894 ergo,
1378 3837 1483 3876 nou
1526 3820 1684 3887 hujus
1715 3822 1943 3876 orientis

368 3914 569 3968 finibus
599 3914 851 3969 veniebat
878 3913 1126 3976 Balaam,
1163 3912 1499 3968 illuminatus
1540 3915 1659 3968 sine
1688 3913 1851 3967 dubio
1876 3912 1943 3969 ab

369 4006 459 4059 illo
482 4005 760 4070 Lucifero,
794 4007 859 4061 de
889 4020 997 4075 quo
1030 4006 1228 4059 dicitur
1251 4004 1292 4034 ⁹¹
1324 4021 1336 4057 :
1370 4021 1388 4053 ι
1422 4004 1706 4070 Quomodo
1746 4004 1945 4056 cecidit

366 4100 435 4153 de
461 4100 596 4153 cu-Io
630 4098 864 4163 Lucifer,
894 4099 987 4168 qui
1018 4114 1176 4152 mane
1204 4096 1484 4151 oriebatur
1508 4096 1530 4149 ?
1558 4115 1576 4148 ι

437 4190 490 4245 2.
524 4190 630 4245 Sed
658 4191 944 4245 videamus
968 4189 1095 4259 quid
1123 4189 1257 4241 dicit
1283 4187 1356 4241 illi
1388 4187 1584 4241 Bulach
1627 4201 1721 4242 rex
1766 4184 1944 4249 Moab,

366 4281 460 4350 qui
497 4280 781 4335 accersivit
816 4295 940 4334 eum
981 4292 1011 4334 e
1043 4278 1220 4332 medio
1258 4275 1537 4331 Ilumimun
1575 4279 1641 4330 de
1673 4276 1945 4331 montibus

366 4372 619 4428 orientis.
659 4388 678 4422 ι
713 4371 868 4435 Veni,
904 4371 1078 4440 inquit
1118 4370 1190 4433 ",
1225 4378 1279 4423 et
1322 4368 1555 4425 maledic
1599 4369 1729 4423 mihi
1755 4367 1944 4436 Iacob,

2043 3179 2109 3237 Et
2142 3190 2260 3249 post
2307 3181 2444 3247 haec,
2500 3181 2699 3250 inquit,
2741 3184 2997 3251 produxit
3032 3184 3265 3242 I’binees
3316 3190 3616 3245 exercitum

2042 3282 2235 3329 contra
2277 3271 2622 3338 Madianitas,
2666 3285 2722 3328 ct
2764 3274 3154 3332 interfecerunt
3185 3279 3469 3334 duodecim
3501 3283 3623 3335 mil-

2046 3362 2115 3415 lia
2147 3363 2411 3428 virorum,
2458 3373 2513 3417 et
2558 3363 2776 3418 Balaam
2828 3365 3000 3421 filium
3040 3366 3182 3423 Beor
3226 3370 3277 3424 in
3327 3370 3508 3440 gladio
3553 3372 3620 3427 “.

2046 3452 2154 3508 Sed
2186 3462 2243 3509 et
2287 3453 2404 3508 haec
2438 3464 2567 3511 ante
2597 3463 2811 3523 tempus
2862 3470 2959 3525 per
3009 3471 3293 3513 excessum
3332 3462 3621 3529 quemdam

2048 3543 2478 3607 introduximus,
2522 3556 2582 3598 ut
2626 3544 3040 3604 ostenderemus
3089 3551 3212 3619 quia
3252 3548 3466 3605 Balaam
3516 3568 3622 3607 non

2048 3636 2100 3691 in
2135 3636 2321 3699 corde.
2381 3636 2476 3693 sed
2536 3636 2588 3692 in
2643 3652 2738 3692 ore
2772 3640 3147 3695 tantummodo
3180 3640 3369 3719 habuit
3400 3645 3622 3700 verbum

2051 3728 2165 3783 Dei.
2212 3722 2434 3783 Interim
2472 3743 2591 3796 quas
2627 3728 2868 3797 profert,
2903 3744 3026 3798 quae
3069 3728 3330 3799 loquitur,
3368 3748 3431 3787 ex
3467 3736 3627 3789 verbo

2052 3821 2143 3876 Dei
2172 3820 2450 3888 loquitur,
2479 3829 2535 3875 et
2572 3820 2694 3883 ideo
2721 3835 2842 3888 qua:
2876 3819 3033 3887 dicit,
3068 3824 3293 3877 verbum
3330 3822 3422 3879 Dei
3450 3834 3554 3881 est.

2119 3910 2173 3964 5.
2226 3911 2320 3967 Ait
2373 3925 2505 3981 ergo
2540 3929 2552 3963 :
2589 3913 2634 3945 ⁸⁵
2673 3930 2691 3965 ι
2732 3911 2870 3979 Quid
2925 3912 3241 3969 maledicam
3276 3954 3291 3979 ,
3328 3930 3486 3985 quem
3519 3933 3625 3975 non

2053 4003 2329 4059 maledicit
2384 4002 2688 4058 Dominus?
2754 4003 2862 4057 Aut
2910 4005 3038 4073 quid
3095 4008 3624 4074 supermaledicam.

2050 4107 2210 4161 quem
2246 4107 2349 4149 non
2393 4091 2839 4163 supermaledicit
2886 4092 3185 4150 Dominus?
3220 4114 3239 4151 ι
3287 4095 3630 4166 Supermale-

2049 4185 2178 4240 dicit
2210 4223 2226 4249 ,
2283 4199 2381 4240 nos
2437 4186 2819 4254 praesumimus
2886 4186 3182 4242 secundum
3237 4187 3399 4258 327
3452 4187 3625 4244 Graeci

2050 4277 2317 4331 sermonis
2352 4278 2636 4343 rationem,
2668 4277 2771 4331 vim
2788 4278 2946 4349 ,νει-1ιί
2984 4278 3277 4333 ostendere
3306 4294 3371 4333 ex
3405 4294 3620 4349 praepo-

2052 4367 2268 4423 sitionis
2299 4376 2589 4437 augmento
2631 4369 2936 4437 cupientes.
2990 4368 3128 4435 Quid
3174 4385 3306 4439 ergo
3340 4370 3628 4426 dicemus?

366 4476 424 4519 et
458 4465 601 4528 veni,
650 4463 881 4519 maledic
911 4463 1040 4517 mihi
1074 4461 1260 4517 Israel.
1284 4480 1301 4512 ι
1344 4460 1400 4514 In
1434 4461 1645 4517 Latinis
1674 4462 1944 4521 sermoni-
1980 4450 2024 4511 D
2051 4456 2218 4517 Iacob
2243 4459 2461 4528 quidem
2511 4474 2615 4514 non
2665 4460 2945 4515 maledicit
2995 4461 3256 4517 Dominus
3299 4477 3398 4518 nec
3441 4462 3631 4529 Israel,

368 4558 470 4613 bus
495 4573 633 4628 pene
678 4557 947 4626 superﬂua
985 4556 1195 4611 videtur
1226 4568 1347 4608 esse
1377 4554 1651 4623 repetitio,
1682 4570 1800 4623 quae
1826 4556 1899 4608 ait
1929 4573 1942 4610 :

374 4669 394 4701 ε
434 4649 663 4707 Maledic
714 4649 844 4703 tuihi
888 4646 1060 4705 Jacob
1083 4688 1099 4713 ,
1135 4646 1365 4701 maledic
1410 4646 1539 4699 mihi
1576 4646 1760 4700 Israel.
1788 4666 1805 4697 ι
1840 4647 1945 4701 Sed

370 4752 453 4793 est
488 4742 541 4795 in
576 4740 783 4796 Gra'cis
816 4739 1017 4793 litteris
1043 4739 1144 4791 sub
1180 4736 1397 4791 nomine
1437 4733 1598 4793 Israel
1634 4737 1686 4789 in
1724 4735 1949 4795 maledi-

370 4833 529 4885 cendi
554 4832 718 4885 verbo
743 4828 854 4901 (58)
885 4826 1290 4903 pricpositionis
1315 4825 1567 4896 adjectio,
1593 4842 1753 4896 quam
1778 4829 1947 4887 nostri

372 4922 455 4976 vel
490 4923 667 4975 minus
691 4922 947 4977 decenter
980 4920 1085 4973 dici
1118 4919 1431 4981 credentes,
1466 4918 1547 4971 Vel
1595 4917 1793 4971 nullam
1837 4920 1943 4972 vim

374 5013 629 5068 dictionis
673 5013 792 5067 addi
847 5028 911 5068 ex
957 5013 1057 5066 hoc
1096 5026 1253 5081 posse
1302 5010 1712 5074 existimantes,
1744 5010 1945 5065 omise-

375 5116 518 5159 runt.
554 5104 658 5161 Nos
686 5115 866 5159 autem
902 5119 1211 5160 sermonem
1238 5101 1363 5155 licet
1425 5112 1613 5156 contra
1652 5113 1945 5157 consuetu-

443 5222 486 5253 ”
509 5220 667 5276 Num.
689 5221 915 5283 xxnt,7.
990 5218 1038 5249 ⁸ο
1066 5218 1443 5279 Psal.cxxvvr,
1474 5218 1521 5269 1.

376 5306 493 5354 χιιι,
534 5292 619 5344 16.
693 5292 738 5323 ⁸⁸
777 5290 886 5346 Jer.
942 5304 1015 5354 LI,
1043 5288 1133 5342 25.
1211 5290 1255 5320 ⁸⁸
1284 5287 1325 5341 II
1359 5289 1485 5341 Cor.
1516 5304 1570 5349 χ,
1598 5287 1650 5340 5.

445 5525 556 5595 (58)
602 5525 669 5579 1η
720 5524 1065 5578 maledicendi
1118 5523 1290 5575 verba.
1339 5521 1525 5580 Codex
1574 5521 1939 5586 Corbeiensis,

381 5613 399 5645 ι
434 5597 485 5647 ili
521 5598 873 5649 maledicto.»

447 5665 556 5733 (59)
586 5666 726 5719 Idem
761 5664 951 5731 codex,
990 5683 1006 5714 ι
1037 5677 1322 5717 exacuere.
1353 5680 1370 5711 ι
1412 5660 1565 5733 Alias
1589 5700 1602 5723 ,
1638 5680 1654 5710 ι
1684 5674 1956 5720 εχειειιοο,

378 5732 463 5788 rit.
510 5732 726 5790 rl’aulo
762 5736 902 5788 lnl'ra
938 5738 1099 5799 idem,
1139 5753 1155 5784 ι
1200 5732 1525 5785 interficeret
1557 5732 1895 5786 innocentes.
1924 5749 1941 5780 ι

1599 5217 1640 5248 ἠ
1669 5216 1809 5271 I’sal.
1846 5234 2097 5281 Lxxxvu,
2135 5218 2184 5271 1.

1744 5288 1785 5318 ³⁷
1823 5287 1862 5341 Il
1898 5291 2023 5342 Cor.
2053 5304 2129 5343 xi.

375 5350 490 5414 12(
539 5360 582 5390 ’⁸
608 5361 709 5414 Isa.
742 5376 851 5421 xrv,
884 5360 968 5412 12.
1004 5350 1011 5354 ’
1048 5358 1092 5388 ³³
1128 5357 1285 5410 Num.
1331 5373 1486 5417 ulti,
1524 5355 1567 5406 7.
1649 5357 1693 5387 9’
1723 5358 1938 5410 Num.“

2074 5359 2155 5411 14.
2231 5359 2277 5389 ’³
2306 5355 2468 5409 Num.
2507 5369 2662 5418 xui,
2688 5352 2742 5407 8.
2819 5353 2865 5388 "
2904 5351 3062 5408 Num.
3096 5368 3252 5421 mu,
3284 5350 3339 5406 8.

377 5446 453 5490 ιιι,
486 5430 568 5485 14.
645 5432 688 5463 ⁸⁷
718 5432 844 5484 ibid.
873 5430 959 5481 17.
1024 5429 1069 5458 ⁸⁸
1093 5427 1230 5481 Gen.
1256 5444 1328 5491 iv,
1357 5427 1439 5479 II.
1502 5428 1548 5458 θ’
1570 5426 1879 5480 Deut.xxvlt
1902 5467 1916 5491 ,
1954 5429 2040 5481 15.

2051 4553 2144 4607 sed
2175 4553 2265 4611 alii
2307 4561 2467 4622 putas
2495 4551 2655 4609 alicui
2693 4553 3009 4609 maledicit?
3054 4553 3310 4624 Legimus
3342 4558 3628 4626 scriptum,

2050 4645 2176 4713 quia
2212 4644 2342 4698 dicit
2373 4643 2635 4699 Dominus
2686 4646 2752 4698 ad
2802 4646 3217 4715 serpentem)”
3256 4663 3275 4698 ι
3314 4645 3633 4701 Maledictus

2052 4744 2109 4793 tu
2142 4736 2194 4795 in
2226 4734 2477 4790 omnibus
2506 4735 2692 4791 bestiis
2714 4744 2894 4791 terrae.
2925 4753 2944 4787 ι
2973 4735 3252 4790 Etiterum
3282 4735 3346 4789 ad
3365 4734 3628 4788 Adam":

2059 4845 2077 4877 ι
2118 4826 2400 4881 Maledicta
2452 4835 2595 4881 terra
2642 4827 2695 4881 in
2746 4828 3001 4896 operibus
3050 4827 3155 4881 tuis
3181 4822 3317 4894 (60).
3375 4843 3393 4875 ι
3429 4824 3536 4878 Sed
3578 4833 3633 4878 et

2052 4917 2185 4972 Cain
2213 4918 2259 4949 ⁸⁸
2288 4937 2299 4971 :
2336 4936 2355 4969 ι
2405 4917 2468 4972 Et
2493 4933 2635 4972 nunc
2667 4917 2985 4973 maledictus
3012 4929 3066 4970 tu
3117 4932 3146 4969 a
3181 4925 3321 4969 terra
3352 4928 3471 4983 quae
3498 4929 3630 4984 ape-

2057 5011 2165 5063 ruit
2190 5024 2252 5064 os
2282 5024 2439 5064 suum
2464 5048 2479 5073 ,
2508 5016 2567 5061 ut
2594 5008 2857 5076 reciperet
2890 5007 3208 5077 sanguinem
3240 5003 3426 5059 fratris
3456 5007 3533 5058 tui
3565 5004 3634 5057 de

2057 5101 2307 5157 manibus
2335 5101 2473 5163 tuis;
2514 5118 2531 5150 ι
2564 5108 2618 5153 et
2641 5099 2686 5130 θ’
2717 5115 2731 5151 :
2768 5116 2786 5149 ι
2825 5098 3144 5153 Maledictus
3176 5096 3353 5152 omnis
3378 5098 3471 5167 qui
3504 5096 3635 5152 facit

2264 5217 2309 5249 ⁸³
2330 5213 2473 5269 Psal.
2501 5228 2668 5278 cxxu,
2689 5213 2740 5266 5.
2811 5212 3011 5267 "Psal.
3030 5212 3287 5277 CX!IV,Q.
3366 5210 3628 5267 “Ierem.

2206 5289 2250 5319 ⁸⁸
2279 5285 2379 5349 Job
2413 5299 2566 5346 xvtu,
2590 5284 2644 5336 5.
2720 5283 2765 5314 ⁸³
2794 5281 2949 5337 Joan.
2982 5299 3100 5348 vut,
3134 5282 3219 5337 12.
3297 5282 3343 5314 ’⁸
3362 5281 3526 5337 Zach.
3556 5297 3629 5345 γι,

3423 5352 3468 5384 ⁹⁶
3489 5350 3626 5407 Gen.

2051 5523 2223 5581 Alias.
2254 5541 2271 5573 ι
2305 5521 2599 5575 interficiat
2631 5520 2969 5574 innocentes.
2995 5538 3014 5571 ι

2129 5592 2268 5661 (60)
2320 5592 2459 5646 Idem
2488 5630 2503 5657 ,
2558 5609 2577 5641 ι
2622 5590 2878 5657 operibus
2922 5591 3047 5644 tuis.
3092 5608 3111 5641 ι
3157 5587 3303 5644 Alias
3331 5626 3347 5655 ,
3413 5605 3430 5638 ι
3472 5596 3637 5656 opere

2059 5675 2165 5717 ιω).
2208 5682 2224 5713 ι
