4086 6218
448 318 549 374 687

1888 306 2208 363 ORIGENIS

3604 304 3708 361 683

449 432 715 503 sculptile,
752 440 845 485 aut
874 428 1056 484 fusile.
1096 445 1115 478 ι
1159 426 1356 481 Verum
1388 440 1453 481 ne
1487 438 1644 495 putes
1678 426 1792 481 hmc
1826 425 2027 480 veteri-
2054 429 2098 485 A
2129 424 2461 481 conferatur.
2491 426 2597 479 Aut
2623 424 2667 480 si
2691 423 2756 480 ad
2788 423 3028 478 futurum
3062 422 3319 479 saaculum
3353 422 3455 479 ista
3483 437 3709 480 conver-

451 528 551 581 bus
581 522 953 580 tantummodo
998 520 1197 576 litteris
1226 518 1531 584 contineri,
1570 519 1733 572 etiam
1765 517 1818 571 in
1854 517 2027 570 Evan—

451 617 607 686 geliis
655 613 854 669 similia
900 610 1169 664 invenies.
1222 606 1497 676 Scriptum
1553 618 1637 663 est
1688 608 1832 661 enim
1884 607 2026 675 quod

450 709 698 763 dicturus
758 705 829 759 sit
880 702 1137 757 Dominus
1192 701 1259 754 iis
1300 701 1390 769 qui
1439 716 1467 752 a
1514 699 1752 754 sinistris
1796 708 1919 752 sunt
1963 698 2024 751 ‘2

454 818 475 851 ο
517 796 787 852 Discedite
815 809 843 847 a
883 810 984 857 me,
1030 792 1345 854 maledicti,
1392 790 1444 843 in
1476 791 1650 858 ignem
1678 798 1962 845 teteruttm.
2002 807 2020 837 ι

450 890 559 946 Sed
587 899 640 944 et
673 903 795 943 cum
826 888 997 942 dicit’
1026 905 1039 939 ε
1082 904 1101 937 ι
1138 884 1227 939 Va:
1252 886 1429 949 vobis,
1460 885 1652 939 scriba:
1680 895 1733 939 et
1766 882 2025 937 Pharisaei

450 981 784 1055 hypocritze;
824 1000 842 1033 ι
880 980 1017 1036 et”:
1057 998 1074 1031 t
1112 980 1203 1034 νει»
1250 978 1404 1032 vobis
1438 975 1715 1043 divitibus,
1770 995 1788 1029 ι
1827 984 1882 1030 et
1922 976 2028 1031 sin-

449 1073 573 1141 gula
599 1072 929 1143 hujusmodi,
955 1071 1084 1140 quid
1118 1069 1263 1122 aliud
1295 1068 1396 1122 nisi
1430 1068 1734 1122 maledictis
1762 1081 1855 1122 eos
1878 1066 2025 1121 vidc-

452 1180 539 1224 tttr
569 1165 805 1234 urgere?
835 1164 939 1218 Sed
973 1163 1102 1233 quid
1134 1161 1381 1216 dicemus
1417 1162 1556 1229 quod
1590 1160 1902 1215 mandatum
1932 1174 2027 1228 per

449 1257 765 1327 Apostolttm
792 1256 974 1318 datur,
1006 1253 1095 1306 ubi
1122 1252 1251 1307 dicit
1274 1251 1295 1282 ⁸
1321 1267 1333 1303 :
1368 1267 1385 1300 ι
1414 1248 1746 1315 Benedicite,
1777 1260 1832 1306 et
1863 1250 2027 1305 nolite

451 1349 775 1405 maledicere
814 1346 837 1399 ?
871 1365 889 1398 ι
926 1344 1078 1412 Quod
1113 1358 1244 1413 ergo
1291 1343 1357 1397 ab
1403 1343 1716 1398 hominibus
1758 1358 1861 1397 nou
1916 1342 2029 1397 vult

450 1441 590 1504 Iieri,
629 1439 732 1493 hoc
761 1438 872 1507 ipse
902 1437 1065 1499 facit,
1093 1435 1183 1504 qui
1219 1435 1527 1503 exemplum
1561 1434 1683 1488 vita:
1714 1433 2026 1488 hominibus

449 1531 785 1602 ponit?Non
836 1530 912 1585 ita
965 1539 1069 1584 est.
1122 1528 1265 1582 Deus
1301 1528 1443 1583 enim
1478 1528 1677 1596 quibus
1730 1526 2021 1588 maledicit,

452 1625 699 1679 meritum
732 1624 984 1694 designat
1011 1621 1128 1691 ejus
1160 1621 1243 1674 cui
1278 1621 1625 1674 maledicitur
1649 1660 1664 1683 ,
1708 1628 1764 1673 et
1807 1626 2027 1673 senten-

450 1720 579 1773 tiam
608 1717 826 1787 pruntit,
861 1724 1045 1785 utpote
1080 1728 1240 1783 quem
1272 1729 1377 1768 non
1418 1711 1591 1777 fallat,
1621 1726 1792 1779 neque
1813 1710 2020 1780 peccati

447 1810 700 1881 qualitas,
729 1823 906 1877 neque
929 1807 1201 1877 peccantis
1224 1804 1472 1859 aﬂ‘ectus.
1499 1802 1670 1857 IIomo
1693 1810 1871 1855 autem
1894 1801 2021 1869 quia

450 1904 563 1956 htec
590 1917 697 1955 non
726 1909 899 1970 potest
920 1898 1064 1953 scire
1091 1916 1103 1952 :
1134 1912 1307 1966 neque
1335 1895 1479 1950 enim
1507 1893 1841 1963 propositum
1868 1906 2022 1946 men-

449 2004 668 2061 temque
695 1989 918 2045 alterius
953 1987 1132 2042 videre
1164 1986 1301 2040 alius
1332 1992 1425 2038 aut
1456 1996 1785 2050 cognoscere
1813 1989 2018 2050 potest:

451 2084 653 2139 idcirco
678 2082 890 2137 etiamsi
915 2080 1235 2147 judicantis,
1264 2076 1346 2130 vel
1377 2073 1701 2129 sententiam
1721 2071 2025 2142 prementis

449 2176 643 2231 intuitu
682 2172 923 2244 proferat
966 2170 1348 2233 maledictum,
1385 2182 1490 2221 non
1527 2174 1707 2233 potest
1735 2177 1855 2218 esse
1878 2162 2023 2230 justa

448 2266 800 2325 maledicendi
827 2278 1015 2328 causa,
1041 2261 1128 2316 ubi
1156 2262 1437 2331 ignoratur
1457 2256 1733 2328 peccantis
1760 2254 2020 2319 allectus;

448 2360 682 2417 maxime
703 2373 826 2414 cum
861 2357 1155 2410 humanum
1190 2351 1377 2405 vitium
1415 2358 1543 2402 tunc
1573 2347 1710 2401 sciat
1737 2344 2023 2399 maledicta

446 2450 712 2523 proferre,
737 2462 863 2503 cum
889 2444 1026 2501 forte
1043 2442 1306 2499 conviciis
1324 2450 1417 2494 aut
1441 2438 1660 2509 injuriis
1675 2445 2020 2507 provocatur.

447 2543 603 2613 Quod
633 2542 820 2596 vitium
850 2551 1098 2592 resecare
1128 2532 1422 2603 Apostolus
1459 2530 1665 2597 volens,
1699 2545 1767 2584 ne
1798 2527 2025 2585 maledi-

446 2637 550 2691 ctis
605 2632 893 2689 maledicta
941 2639 996 2684 et
1039 2624 1305 2682 conviciis
1353 2621 1599 2677 convicia
1647 2633 2022 2691 provocemus,

449 2726 757 2782 mandatum
791 2718 1156 2777 necessarium
1188 2716 1336 2786 ponit
1360 2754 1376 2780 ,
1405 2723 1464 2769 ut
1494 2713 1881 2768 benedicamus
1907 2753 1923 2777 ,
1967 2718 2026 2766 et

448 2836 555 2876 non
604 2815 988 2873 maledicamus
1037 2824 1195 2879 :quo
1235 2806 1578 2863 conviciandi
1633 2804 1825 2859 vitium
1884 2815 2025 2857 rese-

447 2921 625 2978 cetur,
675 2916 729 2964 et
775 2921 880 2963 non
931 2918 1041 2975 quo
1087 2898 1368 2972 judicandi
1400 2896 1604 2955 veritas
1629 2910 1750 2966 quae
1778 2893 2026 2951 homines

449 3005 661 3067 Iatet,et
692 2996 1080 3071 pronuntiandi
1127 2994 1422 3050 auctoritas
1465 2991 1789 3063 perimatur.
1843 2988 1911 3049 Et
1946 2996 2025 3041 ta-

2129 516 2293 570 timus
2315 556 2330 580 ,
2367 517 2418 570 id
2447 526 2567 584 est,
2603 516 2668 570 ad
2699 515 3119 570 resurrectionis
3150 524 3359 584 tempus
3386 534 3401 569 :
3425 514 3592 570 Jacob
3618 518 3704 569 vi-

2129 611 2296 675 debo,
2329 620 2508 678 potest
2537 611 2605 666 de
2632 612 2952 680 corporibus
2979 612 3183 666 dictum
3230 609 3460 680 intelligi
3488 628 3501 662 :
3543 610 3704 664 Israel

2128 714 2309 756 autem
2339 701 2655 772 intelligam,
2690 703 2941 773 spiritum
2984 710 3040 757 et
3074 702 3314 755 animam
3348 700 3461 771 (6|)
3490 702 3703 771 signiti-

2127 810 2252 849 care
2276 794 2696 862 resurgentium.
2744 812 2763 844 ι
2790 793 2948 859 Ecce,
2988 793 3163 862 inquit
3195 792 3237 857 ',
3282 792 3513 861 populus
3556 792 3708 846 solus

2129 884 2429 947 habitabit,
2462 893 2516 937 et
2566 884 2615 937 in
2663 884 2976 939 nationibus
3007 898 3111 937 non
3145 884 3503 952 reputabitur.
3541 901 3561 935 ι
3603 882 3708 937 Po-

2130 987 2234 1031 test
2261 976 2479 1044 quidem
2504 985 2555 1029 et
2584 975 2879 1030 secundum
2911 974 3148 1029 litteram
3177 985 3344 1029 stare.
3378 973 3536 1029 Solus
3558 976 3703 1029 etaim

2127 1068 2358 1139 populus
2376 1066 2548 1121 Jacob
2577 1082 2681 1121 non
2710 1077 2789 1121 est
2814 1067 3104 1136 permistus
3126 1066 3342 1120 cteteris
3367 1066 3703 1132 hominibus,

2128 1175 2227 1214 nec
2253 1160 2395 1213 inter
2415 1167 2641 1212 caeteras
2658 1166 2851 1227 gentes
2885 1166 3163 1226 reputatus
3194 1167 3298 1211 est.
3328 1154 3527 1211 lIabuit
3557 1158 3702 1212 enim

2127 1262 2274 1307 certa
2318 1265 2545 1321 qumque
2589 1250 2869 1321 privilegia
2902 1250 2953 1304 in
3001 1249 3508 1317 observationibus,
3540 1260 3595 1304 et
3646 1252 3699 1304 in

2128 1343 2380 1414 legitimis
2428 1345 2583 1408 suls,
2640 1358 2709 1397 ex
2753 1342 2952 1413 quibus
2993 1352 3371 1412 sequestratus
3413 1360 3441 1397 a
3491 1344 3706 1398 czeteris

2126 1436 2376 1504 gentibus
2402 1434 2718 1489 haberetur.
2754 1434 2907 1489 Sicut
2935 1434 3081 1490 enim
3119 1435 3294 1491 tribus
3318 1434 3446 1490 Levi
3481 1451 3589 1491 non
3619 1447 3707 1489 est

2129 1527 2385 1597 permista
2438 1527 2585 1581 inter
2634 1536 2861 1582 earteras
2893 1528 3109 1593 tribus,
3163 1543 3265 1583 nec
3315 1528 3706 1582 adnumeratur

2128 1618 2270 1673 inter
2294 1632 2386 1672 eas
2415 1634 2429 1670 :
2463 1617 2563 1673 hoc
2595 1627 2755 1688 pacto
2788 1626 2843 1673 et
2874 1619 3050 1673 omnis
3081 1616 3243 1673 Israel
3269 1658 3286 1686 ,
3315 1634 3413 1674 uec
3445 1618 3707 1672 miscetur

2127 1711 2336 1766 cancris
2364 1711 2636 1781 gentibus,
2671 1726 2770 1766 nec
2803 1720 3087 1781 reputatur
3118 1711 3259 1766 inter
3290 1726 3404 1767 cas.
3438 1710 3561 1765 Ilaec
3584 1711 3706 1780 qui-

2126 1804 2247 1858 dem
2279 1803 2330 1857 in
2372 1802 2461 1857 illo
2488 1803 2684 1873 popqu
2725 1802 2927 1857 fuerint
2958 1805 3255 1858 secundum
3294 1803 3523 1858 I‘ormam
3556 1802 3702 1856 futu-

2126 1904 2307 1941 rorttm
2336 1888 2639 1952 bonorum,
2686 1903 2843 1943 verus
2899 1898 3078 1944 autem
3130 1888 3297 1944 .iacob
3346 1898 3400 1944 et
3444 1890 3705 1958 spiritalis

2126 1978 2289 2033 Israel
2332 1992 2459 2033 vere
2512 1978 2656 2033 solus
2706 1979 2973 2034 habitabit
3026 1980 3078 2034 in
3131 1981 3401 2051 gentibus.
3464 1979 3521 2034 Si
3556 1982 3703 2035 enim

2128 2071 2456 2125 accessimus
2498 2071 2563 2124 ad
2606 2069 2735 2126 Sion
2769 2082 3008 2125 tnontem
3033 2112 3047 2136 ,
3076 2081 3131 2127 et
3190 2072 3461 2127 civitatem
3497 2072 3588 2127 Dei
3625 2074 3705 2125 vi-

2128 2162 2627 2217 ventisJerusalem
2664 2160 2940 2217 cmlestem
2965 2162 3010 2226 ⁷,
3045 2170 3097 2217 et
3137 2162 3385 2217 venimus
3433 2162 3499 2214 ad
3539 2161 3701 2230 spiri-

2128 2254 2288 2308 talem
2319 2254 2584 2319 Jttdaeam,
2622 2270 2743 2324 qua:
2773 2264 2854 2309 est
2888 2254 3064 2323 portio
3094 2253 3224 2317 Dei,
3260 2262 3315 2308 et
3344 2253 3396 2307 in
3426 2254 3584 2307 terris
3611 2267 3704 2321 po-

2125 2345 2216 2399 siti
2262 2345 2334 2399 ibi
2370 2346 2636 2401 habemus
2668 2346 3158 2411 conversationem,
3190 2360 3318 2401 vere
3347 2361 3454 2399 non
3485 2355 3707 2414 reputa-

2128 2452 2249 2490 mur
2273 2437 2413 2491 inter
2438 2446 2663 2491 cmteras
2692 2445 2902 2506 gentes,
2928 2450 3029 2491 nec
3059 2436 3392 2505 reliquarum
3424 2436 3704 2489 nationum

2086 2530 2089 2533 ’
2127 2526 2263 2581 lines
2296 2542 2417 2581 cum
2450 2528 2650 2581 nostris
2687 2525 2879 2580 Iinibus
2912 2526 3317 2591 admiscentur,
3364 2525 3575 2581 etiamsi
3614 2542 3701 2580 re-

2126 2618 2383 2673 stituatttr
2410 2617 2645 2673 Sodoma
2675 2618 2729 2672 in
2760 2618 3040 2687 antiquum
3062 2657 3076 2681 ,
3110 2626 3164 2671 et
3188 2616 3456 2687 Egyptus
3488 2618 3545 2672 in
3589 2628 3703 2672 sta-

2128 2719 2241 2765 tum
2276 2726 2433 2765 suum
2470 2712 2676 2775 redeat,
2708 2719 2760 2765 et
2790 2712 2833 2765 si
2863 2709 2991 2779 quid
3035 2709 3179 2763 aliud
3214 2709 3318 2764 tale
3348 2712 3401 2763 in
3427 2709 3708 2779 prophetis

2126 2802 2388 2870 scriptum
2441 2813 2544 2857 est.
2592 2802 2975 2857 Verumtamen
3032 2801 3109 2855 illi
3155 2799 3321 2855 Jacob
3368 2811 3423 2857 et
3473 2802 3703 2870 spiritali

2126 2892 2313 2959 Israel,
2338 2909 2461 2950 cum
2489 2894 2556 2949 ad
2582 2893 2879 2950 Ecclesiam
2908 2893 3306 2965 primitivorum
3331 2893 3703 2956 ascenderiut,

2126 2986 2305 3043 nullus
2357 2987 2760 3058 exmquabitur,
2808 2987 2989 3042 nullus
3022 2988 3414 3043 admiscebitur
3438 3026 3453 3052 ,
3487 2986 3701 3042 etiamsi

448 3106 570 3145 men
599 3088 727 3160 quid
756 3100 934 3143 causa:
961 3084 1073 3148 sit,
1102 3083 1245 3152 quod
1281 3096 1387 3138 non
1431 3079 1721 3136 maledieat
1762 3077 2023 3133 Dominus
2050 3108 2093 3168 α
2129 3081 2245 3137 ista:
2285 3090 2474 3151 gentes
2504 3081 2801 3137 secundum
2844 3081 2983 3137 dicta
3020 3081 3339 3152 prophetica
3377 3081 3569 3136 fuerint
3613 3095 3699 3134 re-

446 3181 635 3247 .lacob,
679 3192 859 3248 neque
906 3174 1104 3240 Israel,
1138 3174 1206 3228 ab
1251 3173 1368 3242 ipso
1394 3169 1744 3227 nihilominus
1776 3167 2022 3236 Balaam,

448 3276 556 3329 imo
582 3287 613 3328 a
647 3269 814 3327 verbo
840 3266 980 3339 quod
1010 3266 1187 3337 posuit
1216 3265 1357 3320 Deus
1405 3264 1456 3318 in
1489 3276 1584 3317 ore
1608 3261 1756 3332 ejus,
1792 3260 2024 3329 diligen-

448 3371 554 3421 tius
589 3363 917 3419 audiamus:
966 3378 984 3411 ι
1019 3357 1284 3426 Quoniam
1334 3356 1399 3411 de
1426 3355 1748 3421 verticibus,
1780 3353 1959 3422 inquit
1978 3352 2021 3418 ⁵,

448 3456 711 3512 montium
760 3452 1009 3508 intuebor
1048 3463 1214 3515 eum,
1261 3455 1315 3502 et
1362 3462 1391 3500 a
1441 3445 1673 3500 collibus
1726 3442 2022 3513 intelligam

445 3564 591 3605 eum.
631 3566 650 3599 ι
697 3544 866 3612 Quia,
904 3542 1114 3611 inquit,
1146 3541 1197 3594 in
1230 3537 1461 3595 excelsis
1492 3536 1768 3592 montibus
1799 3543 1855 3588 et
1899 3532 2025 3586 altis

445 3639 675 3696 collibus
703 3636 915 3706 positus
943 3640 1027 3687 est
1053 3630 1249 3696 Israel,
1283 3628 1386 3683 ltoc
1420 3637 1536 3691 est,
1567 3627 1622 3680 in
1656 3625 1801 3681 edita
1833 3623 1944 3678 vita
1968 3631 2025 3677 et

445 3733 617 3787 ardua
639 3771 653 3796 ,
689 3728 757 3784 ad
796 3740 958 3796 quam
993 3720 1357 3778 contuendam
1386 3726 1440 3774 et
1473 3716 1882 3788 intelligendam
1914 3727 2021 3767 non

447 3824 607 3881 facile
627 3822 749 3893 quis
776 3820 1001 3875 idoneus
1018 3814 1133 3879 Iiat,
1166 3812 1270 3868 nisi
1304 3810 1564 3868 ascendat
1593 3810 1660 3865 ad
1689 3810 2021 3865 eminentem

446 3930 501 3976 et
524 3916 794 3975 excelsam
830 3908 1158 3973 scientiam;
1195 3905 1424 3971 idcirco,
1461 3905 1655 3974 inquit,
1693 3918 1799 3958 non
1830 3902 1883 3956 ei
1910 3914 2023 3953 ma-

447 4011 628 4068 ledicit
668 4007 831 4061 Deus.
882 4002 977 4057 Est
1010 3999 1154 4055 enim
1189 3997 1301 4051 vita
1334 3996 1450 4066 ejus
1490 3995 1598 4049 alta
1642 4004 1697 4049 et
1738 3992 2019 4063 przecelsa,

448 4120 552 4159 non
582 4097 804 4157 humilis
831 4104 885 4150 et
913 4095 1144 4164 dejecta.
1180 4089 1337 4156 Quod
1370 4099 1549 4143 tamen
1576 4100 1684 4143 non
1716 4085 1846 4140 mihi
1876 4084 2024 4139 vide-

449 4206 536 4251 tur
568 4192 695 4262 quia
732 4190 800 4244 de
826 4187 920 4243 illo
950 4185 1137 4248 Israel,
1161 4184 1252 4253 qui
1283 4181 1585 4238 secundum
1615 4191 1835 4233 carnem
1856 4174 2022 4231 Israel

446 4300 552 4354 est,
581 4284 781 4341 dixerit
815 4300 828 4337 :
861 4280 954 4338 sed
984 4282 1052 4336 de
1083 4281 1196 4345 illo,
1223 4280 1378 4349 cujus
1410 4289 1574 4344 super
1600 4286 1801 4330 terram
1834 4272 2024 4326 ambu-

447 4379 607 4436 lantis
638 4374 985 4434 conversatio
1014 4374 1069 4429 in
1092 4374 1231 4429 ctelo
1256 4380 1361 4428 est.
1395 4370 1500 4425 Aut
1526 4369 1571 4424 si
1591 4367 1755 4423 etiam
1782 4367 1851 4424 ad
1873 4364 2024 4419 illum

2131 3174 2357 3231 stitutaz.
2394 3172 2509 3229 Nisi
2539 3173 2681 3229 enim
2716 3172 2953 3229 insertus
2980 3174 3147 3230 fuerit
3177 3189 3361 3230 ramus
3381 3172 3616 3235 oleastri,
3639 3182 3694 3226 et

2129 3267 2312 3324 socius
2347 3265 2522 3321 factus
2552 3264 2715 3321 fuerit
2744 3265 2915 3321 radici
2947 3265 3292 3337 pinguedinis
3317 3265 3473 3320 oliva:
3492 3264 3537 3327 ⁸,
3566 3279 3699 3333 quo-

2130 3360 2290 3417 modo
2314 3368 2492 3431 potest
2521 3358 2720 3415 sociari
2746 3367 2801 3414 et
2824 3358 3077 3429 conjungi
3107 3364 3174 3413 ad
3192 3357 3382 3423 Iacob,
3408 3356 3494 3411 vel
3514 3354 3701 3416 Israel,

2130 3468 2254 3509 cum
2289 3454 2407 3508 sine
2454 3452 2557 3507 ista
2602 3450 2786 3505 radice
2837 3465 2937 3505 nec
2984 3448 3153 3506 Jacob
3197 3450 3481 3520 quisquam
3536 3448 3709 3518 possit

2130 3543 2409 3613 appellari,
2434 3557 2532 3598 nec
2559 3541 2726 3597 Israel
2750 3542 2773 3595 ἲ
2797 3538 2984 3611 Neque
3008 3556 3137 3612 ergo
3159 3556 3225 3596 ex
3245 3539 3413 3596 Jacob
3430 3540 3514 3595 vel
3541 3538 3703 3594 Israel

2130 3636 2177 3691 si
2202 3637 2326 3706 quis
2350 3644 2578 3702 peccat,
2608 3631 2774 3689 Iacob
2802 3633 2910 3689 dici
2942 3633 3027 3688 vel
3064 3632 3227 3688 Israel
3270 3640 3489 3703 potest,
3532 3647 3707 3700 neque

2128 3741 2197 3782 ex
2223 3726 2474 3798 gentibus
2498 3725 2544 3781 si
2575 3726 2700 3795 quis
2737 3726 3013 3795 ingressus
3052 3723 3220 3779 fuerit
3260 3724 3558 3780 Ecclesiam
3603 3724 3706 3777 Do-

2131 3819 2263 3874 mini
2290 3858 2305 3883 ,
2336 3818 2478 3874 inter
2527 3828 2714 3889 gentes
2745 3818 2884 3872 ultra
2917 3816 3255 3888 reputabitur
3278 3818 3298 3850 ⁹
3328 3834 3343 3870 :
3382 3835 3401 3869 ι
3443 3816 3573 3883 Quis
3625 3817 3705 3871 itt-

2130 3911 2419 3980 vestigabit
2446 3924 2629 3965 semen
2646 3908 2860 3966 JacobiI
2888 3920 2939 3966 et
2959 3910 3081 3979 quis
3108 3910 3473 3965 dinumerabit
3494 3909 3702 3980 plebem

2130 4000 2295 4057 Israel
2334 4002 2357 4055 Υ
2398 4018 2419 4052 ι
2456 4000 2645 4055 Simile
2675 4011 2757 4055 est
2790 4001 2892 4055 hoc
2921 4000 2994 4055 illi
3040 4002 3182 4071 quod
3228 4002 3488 4071 scriptum
3522 4012 3606 4055 est
3636 4003 3701 4067 ¹⁹,

2130 4093 2259 4164 quia
2290 4109 2309 4144 ι
2346 4091 2535 4147 eduxit
2581 4090 2723 4145 Deus
2751 4090 3026 4145 Abraham
3067 4090 3235 4157 foras,
3267 4100 3323 4145 et
3365 4090 3442 4145 ait
3464 4091 3514 4145 ei
3545 4107 3559 4144 :
3594 4090 3703 4144 Re-

2131 4183 2281 4253 Spice
2306 4181 2373 4236 ad
2401 4180 2621 4246 celum,
2649 4188 2704 4235 et
2734 4180 3015 4235 dinumera
3045 4180 3255 4247 stellas,
3284 4180 3328 4236 si
3359 4191 3512 4250 potes
3548 4181 3704 4234 dintt-

2132 4289 2349 4331 merare
2370 4288 2484 4341 eas,
2521 4282 2576 4329 et
2608 4272 2722 4326 ait:
2753 4273 2828 4327 Ita
2857 4275 2959 4329 erit
3000 4288 3186 4329 semen
3230 4282 3402 4328 tuum.
3435 4273 3502 4328 Et
3530 4274 3704 4328 credi-

2132 4368 2211 4422 dit
2239 4366 2512 4421 Abraham
2540 4364 2707 4436 328
2740 4366 2849 4421 Deo
2875 4408 2889 4433 ,
2922 4375 2977 4419 et
3025 4374 3333 4436 reputatum
3382 4376 3466 4422 est
3515 4367 3587 4421 illi
3635 4368 3703 4420 ad

448 4471 700 4543 populum
730 4469 873 4524 dicta
910 4468 1022 4521 hinc
1052 4464 1340 4522 referenda
1378 4469 1524 4527 sunt,
1570 4468 1720 4515 recte
1756 4473 1880 4513 cum
1911 4456 2024 4512 dis—
2052 4464 2102 4524 ι)
2123 4459 2406 4529 justitiam.
2451 4476 2471 4509 ι
2506 4458 2573 4513 Et
2604 4457 2878 4511 Abraham
2911 4457 3167 4525 quidem,
3200 4465 3255 4512 et
3304 4457 3443 4513 alius
3473 4457 3705 4527 quilibet

452 4564 708 4621 tinctione
752 4561 917 4624 dicit,
961 4576 980 4609 ι
1016 4558 1269 4611 intuebor
1292 4567 1348 4611 et
1379 4552 1715 4623 intelligam;
1750 4570 1769 4603 ι
1797 4560 1857 4606 ut
1882 4548 2028 4603 futu-

450 4669 570 4710 rum
595 4662 807 4723 tempus
830 4647 1121 4719 signiticet,
1155 4646 1286 4700 illud
1317 4645 1438 4699 sine
1463 4644 1627 4699 dubio
1657 4640 1875 4711 quando
1906 4655 2027 4695 om-

452 4749 536 4805 nis
566 4744 729 4803 Israel
763 4743 831 4798 ad
884 4740 1045 4795 Iidem
1076 4737 1278 4793 Christi
1306 4736 1528 4790 veniens
1564 4731 1865 4789 salvabitur
1914 4740 1968 4785 et
1998 4745 2028 4785 a

451 4840 725 4899 montibus
755 4845 809 4892 et
833 4849 869 4889 at
887 4831 1115 4889 collibus
1144 4828 1480 4884 intuebitur:
1511 4826 1580 4880 ab
1602 4824 1668 4879 iis
1694 4824 1811 4879 sine
1835 4823 2026 4889 dubio,

450 4934 542 5006 qui
569 4933 839 4989 excelsam
867 4936 922 4982 et
955 4925 1233 4982 cmlestem
1267 4923 1436 4976 vitam
1472 4927 1865 4989 consurgentes
1895 4932 2022 4972 cum

451 5026 670 5081 Christo
699 5018 1047 5079 exercuerint
1071 5030 1235 5088 super
1268 5022 1467 5069 terras.
1496 5010 1604 5066 Sed
1626 5018 1685 5077 et
1716 5007 1862 5078 quod
1891 5009 2028 5063 dixit

452 5116 518 5171 de
564 5114 733 5171 Jacob
778 5112 999 5183 quidem
1026 5149 1041 5175 ,
1083 5127 1103 5161 ι
1141 5105 1335 5162 videbo
1372 5121 1389 5171 ;
1437 5122 1457 5157 ι
1509 5102 1575 5158 de
1615 5101 1781 5156 Israel
1823 5108 2026 5167 autem,

458 5204 855 5275 «intelligam,
904 5219 923 5253 ι
973 5198 1138 5254 etiam
1195 5196 1297 5251 hoc
1350 5192 1630 5263 aptissima
1678 5189 2028 5245 distinctione

452 5296 851 5369 suscipiendum
879 5301 1003 5348 est:
1036 5298 1095 5344 ut
1124 5288 1268 5343 aliud
1304 5288 1371 5341 ad
1408 5296 1562 5340 actus
1590 5282 1848 5349 visibiles,
1880 5282 2026 5337 aliud

454 5390 519 5444 ad
546 5385 873 5444 invisibilem
905 5383 1063 5438 tidem
1095 5389 1259 5448 atque
1304 5374 1696 5446 intelligibilem
1740 5373 2024 5429 scientiam

514 5483 532 5514 ¹
564 5482 755 5536 Matth.
786 5496 892 5534 xxv
914 5518 930 5545 ,
962 5477 1053 5531 41.

459 5553 474 5583 ⁷
500 5550 660 5606 Ilebr.
691 5566 791 5617 xit,
823 5543 923 5603 22.
1015 5548 1037 5579 ⁸
1074 5545 1229 5600 Rom.
1267 5558 1354 5610 XI,
1388 5543 1476 5597 I7.

458 5637 578 5687 xcv,
607 5622 695 5676 I2.

528 5740 638 5813 (6t)
668 5738 832 5800 Idem,
866 5754 885 5789 ι
920 5737 1139 5805 spiritus
1166 5744 1217 5791 et
1247 5738 1473 5790 animas.
1512 5754 1531 5787 ι

1127 5476 1147 5506 ¹
1180 5472 1370 5528 Matth.
1399 5486 1564 5539 xxnt,
1596 5470 1691 5528 29.
1759 5469 1779 5501 ⁸
1812 5468 1938 5523 an.
1972 5484 2024 5523 vt
2049 5509 2066 5535 ,
2112 5468 2201 5523 24.
2278 5468 2491 5539 ﬁlium.
2550 5484 2627 5523 xu
2655 5510 2671 5534 ,
2722 5470 2809 5524 I4.

1569 5543 1588 5573 ³
1616 5539 1772 5596 Νιιιιι.
1805 5555 1968 5606 xxm,
2011 5542 2095 5595 ιυ.

2131 4549 2431 4614 hominum,
2459 4555 2549 4602 aut
2574 4547 2739 4603 etiam
2765 4547 3079 4617 angelorum
3105 4565 3120 4603 :
3151 4558 3208 4605 et
3239 4548 3489 4604 fortassis
3524 4562 3701 4604 autem

2130 4652 2186 4698 et
2233 4640 2573 4711 superiorum
2627 4640 2890 4695 virtutum
2940 4656 3045 4696 nou
3107 4648 3359 4709 poterant
3418 4654 3704 4694 numerare

2130 4733 2343 4800 stellas,
2374 4748 2475 4789 nec
2504 4747 2689 4790 semen
2720 4733 3017 4798 Abraham,
3055 4735 3120 4789 de
3149 4747 3256 4803 quo
3287 4734 3552 4803 scriptum
3583 4743 3701 4787 est:

2135 4846 2154 4880 ι
2202 4826 2292 4883 Sic
2321 4827 2425 4883 erit
2457 4842 2639 4882 semen
2674 4837 2845 4881 tuum.
2878 4845 2897 4878 ι
2934 4827 3075 4882 Deus
3110 4836 3311 4892 autem,
3345 4827 3410 4881 de
3437 4841 3545 4895 quo
3573 4826 3707 4880 scri-

2132 4929 2282 4987 ptum
2304 4926 2388 4971 est
2410 4916 2452 4949 “
2481 4933 2495 4970 :
2532 4936 2549 4968 ι
2581 4918 2680 4983 Qui
2700 4924 2950 4971 numerat
2977 4915 3374 4972 multitudinem
3398 4916 3703 4981 stellarum,

2129 5018 2185 5064 et
2225 5008 2477 5064 omnibus
2526 5008 2606 5063 eis
2656 5010 2875 5063 nomina
2919 5017 3116 5073 vocat,
3159 5027 3178 5061 ι
3226 5018 3281 5063 et
3331 5009 3421 5078 qui
3460 5010 3593 5063 dixit
3619 5010 3660 5038 ”
3688 5024 3707 5062 :

2137 5118 2157 5151 ι
2190 5100 2300 5169 Ego
2327 5099 2499 5155 stellis
2524 5100 2782 5155 omnibus
2804 5100 3077 5167 mandavi,
3111 5118 3131 5153 ι
3163 5109 3341 5170 potest
3371 5100 3707 5171 investigare

2131 5206 2313 5247 semen
2358 5189 2565 5255 Jacob,
2614 5200 2670 5246 et
2713 5191 3060 5246 dinumerare
3108 5191 3323 5262 plebem
3370 5192 3558 5247 Israel.
3589 5192 3708 5260 Ipse

2128 5282 2273 5338 enim
2306 5282 2409 5337 scit
2435 5282 2583 5337 solus
2608 5283 2728 5351 quis
2758 5298 2884 5338 vere
2910 5285 2981 5339 sit
3008 5282 3197 5350 Jacob,
3230 5295 3285 5339 et
3320 5286 3444 5356 quis
3481 5300 3608 5339 vere
3636 5285 3710 5339 sit

2130 5372 2310 5447 Israel.
2343 5372 2461 5429 Non
2511 5374 2654 5429 enim
2691 5377 2759 5430 ad
2801 5390 2924 5430 eum
2966 5377 3057 5447 qui
3087 5378 3139 5430 in
3175 5376 3462 5432 manifesto
3487 5374 3709 5431 Iudaeus

2888 5472 2909 5502 '
2942 5470 3097 5524 Num.
3165 5486 3338 5533 χχιιι,
3388 5470 3442 5525 9.
3520 5469 3705 5523 ‘ibid.

2214 5539 2257 5571 ¹⁰
2284 5538 2433 5612 Gen.
2462 5554 2564 5607 xv,
2594 5540 2648 5605 5,
2680 5539 2733 5594 6.
2829 5542 2868 5572 “
2903 5539 3045 5596 Psal.
3099 5556 3276 5595 cxtvtt
3300 5580 3315 5605 ,
3367 5542 3419 5595 4.
3529 5540 3574 5571 ¹²
3604 5540 3704 5594 Isa.
