2043 3109
203 172 254 200 εδει

783 169 816 197 IN
835 167 1002 196 Νυιιειιοδ
1021 164 1162 193 IIOMILIA
1183 162 1251 191 XVI.

1775 161 1827 188 890

202 237 255 263 est,
272 231 500 267 respicit;neque
512 230 628 264 adeam,
642 238 701 266 quae
713 229 895 258 manifesteiu
907 229 1131 256 carneAlamcn
1166 229 1194 252 et
1222 224 1320 259 popqu
1350 222 1387 251 illi
1417 222 1565 250 secundum
1596 228 1628 249 ea
1655 228 1716 256 qua:
1747 227 1827 254 supra

201 284 244 306 est
259 278 448 311 circumcisio;
467 279 513 305 sed
528 278 601 305 videt
614 277 699 309 illum,
712 277 759 312 qui
777 276 803 303 in
819 275 927 303 occulto
941 274 987 302 .Iu-

201 324 277 351 daeus
293 328 337 350 est
352 327 379 351 et
393 323 439 358 qui
455 323 633 350 circumcisus
648 328 691 349 est
709 322 806 353 corde,
824 328 876 348 non
894 328 986 348 carne.

201 367 261 404 Ipse
276 376 341 403 ergo
357 373 399 396 cst
411 368 496 400 solus.
512 368 558 403 qui
574 368 746 395 dinumerare
764 371 853 401 potest
870 370 898 394 et
913 366 989 393 inve-

203 415 314 447 stigare,
336 418 363 441 ct
376 414 433 449 ipse
457 413 605 441 secundum
621 412 782 440 ineli'abilem
796 416 822 439 et
837 412 989 445 incompre-

203 459 365 486 hensibilem
379 459 538 493 sapientiam
553 465 629 486 suam
644 458 677 485 ad
692 457 765 485 illam
779 457 917 485 caelestem
934 456 989 483 for-

202 512 274 531 mam
287 523 295 536 ,
313 512 393 539 quam
412 504 468 538 ipse
492 504 566 531 solus
587 504 658 531 scire
682 507 790 537 potest,
805 502 895 537 posuit
908 502 988 529 etiam

202 549 270 577 istos
284 557 426 582 numeros,
446 557 513 584 quos
535 549 666 577 habemus
682 549 708 576 in
727 548 850 575 manibus
864 557 871 575 :
887 547 913 574 in
926 546 988 581 qui-

202 595 254 622 bus
268 594 400 629 prtecipil,
415 599 444 621 ut
458 594 606 621 secundum
620 594 798 628 cognationes
813 600 888 625 suas,
910 596 938 619 et
949 599 990 618 sc-

201 641 322 668 cundum
338 640 433 668 domos
447 639 610 667 familiarum
622 646 745 672 suarum,
758 647 790 667 ex
808 638 920 666 nomine
935 645 990 665 om-

202 695 254 714 nes
269 686 379 714 masculi
396 694 444 720 per
460 687 547 721 capita
568 690 746 713 numerentur
760 692 775 712 a
796 685 890 720 viginti
910 684 990 711 annis

202 737 232 759 et
246 739 339 766 supra,
354 731 444 758 omnis
465 731 510 766 qui
528 725 677 766 ingreditur
691 731 718 757 in
732 730 832 757 virtute
845 729 926 757 Israel
940 738 947 762 ;
963 732 992 756 et

199 778 338 814 colligitur
349 784 443 804 eorum
461 776 571 812 quidam
587 781 710 804 sacratus
725 783 854 803 numerus
878 775 912 803 de
937 781 991 809 quo

195 824 256 858 jam
272 823 407 857 superius,
423 826 503 857 prout
518 821 629 849 donavit
645 821 783 854 Dominus,
795 821 923 848 diximus.
938 820 991 848 Sed

173 867 175 869 ’
200 869 253 895 iste
268 876 397 895 numerus
413 873 475 895 tunc
489 868 596 895 demum
615 872 739 895 sacratus
753 872 796 895 est
822 872 850 895 et
874 867 990 902 placitus

201 913 269 945 Deo,
290 921 351 940 cum
372 913 429 947 ipso
454 913 627 947 praecipiente
652 916 820 939 numeratur.
846 912 874 939 Si
897 916 988 939 autem

200 964 297 985 contra
309 963 471 993 prmecptum
483 958 588 985 Domini
597 957 710 985 voluerit
722 957 820 992 aliquis
831 964 988 990 numerare,

202 1005 266 1032 licet
283 1004 326 1032 ille
345 1004 426 1031 David
449 1005 485 1032 sit
499 1024 507 1036 ,
525 1003 588 1031 licet
603 1011 717 1038 magnus
733 1003 875 1038 propheta,
892 1007 988 1030 contra

200 1051 287 1085 legem
301 1051 376 1086 agit,
392 1054 419 1078 et
440 1051 564 1086 arguitur
585 1058 632 1085 per
652 1050 810 1084 prophetam
824 1071 830 1083 ,
843 1054 870 1077 et
886 1050 990 1084 patitur

201 1098 247 1124 illa
263 1105 322 1132 qua:
346 1098 372 1124 in
396 1098 516 1125 secundo
540 1097 610 1124 libro
625 1096 778 1131 Regnorum
794 1096 909 1129 legimus
921 1096 989 1123 scri-

200 1148 247 1178 pta
262 1144 293 1170 ".
309 1143 388 1171 Solus
410 1151 476 1178 ergo
490 1144 547 1178 ipse
568 1142 614 1177 qui
638 1147 763 1169 numerat
787 1141 987 1169 multitudinem

199 1188 354 1221 stellarum,
368 1193 395 1216 et
407 1189 453 1223 qui
468 1190 560 1216 omnia
573 1196 697 1217 mensura
712 1193 739 1216 et
755 1195 868 1216 numero
881 1191 908 1215 et
923 1195 989 1222 pon-

198 1236 267 1263 dere
286 1236 423 1270 produxit,
445 1236 589 1271 investigat
616 1243 708 1264 semen
722 1234 806 1263 Jacob
820 1240 847 1263 ct
866 1235 989 1263 dinume-

199 1285 245 1308 rat
261 1280 364 1315 plcbem
380 1280 474 1309 Israel.

237 1327 264 1354 4.
284 1326 348 1354 Post
376 1327 433 1354 haec
456 1327 534 1362 quasi
557 1327 591 1355 de
610 1328 758 1362 semetipso
773 1327 905 1362 quaedam
923 1335 988 1362 pro-

197 1371 314 1406 phetare
345 1372 460 1403 videtur,
494 1379 556 1399 cum
578 1371 643 1399 dicit
662 1372 709 1399 1‘:
733 1382 743 1399 ι
776 1372 906 1400 Moriatur
931 1372 990 1400 ani-

199 1425 246 1444 ma
260 1425 318 1445 mea
334 1418 405 1445 inter
418 1418 523 1445 animas
534 1418 714 1452 justorum,et
729 1419 775 1446 ﬁat
790 1426 881 1447 semen
898 1426 988 1446 meum

198 1464 275 1491 sicut
304 1471 396 1491 semen
423 1465 569 1499 justorum.
593 1473 602 1490 ι
634 1463 689 1492 Sed
716 1464 768 1493 hoc
794 1469 925 1500 quantum
955 1464 989 1492 ad

200 1518 344 1545 personam
363 1515 468 1546 spectat
497 1511 573 1539 illius
591 1512 699 1540 Balaam
714 1531 722 1545 ,
740 1516 769 1540 et
797 1511 868 1539 illius
892 1512 987 1545 Israel,

1039 271 1166 298 diximus.
1194 268 1251 296 Non
1275 268 1347 296 enim
1373 272 1426 295 tam
1449 267 1521 300 ipsi,
1548 274 1628 301 quam
1659 273 1750 294 semen
1771 273 1828 294 eo-

1039 324 1098 342 rum
1119 314 1251 343 cl'licietur
1276 314 1347 341 sicut
1366 319 1458 340 semen
1482 312 1631 345 justorum.
1658 319 1751 339 eorum
1776 312 1828 339 sci-

1039 361 1118 394 licet,
1148 360 1193 394 qui
1217 359 1357 387 credentes
1384 366 1416 386 ex
1442 359 1565 393 gentibus
1587 358 1644 393 (62)
1669 358 1695 385 in
1717 358 1827 385 Christo

1037 405 1180 440 justiﬂcati
1202 408 1277 431 sunt.
1295 403 1372 432 Unde
1396 403 1570 431 manifestum
1596 408 1637 430 est
1650 423 1657 436 ,
1672 403 1738 437 quia
1759 403 1828 431 sicut

1039 450 1184 486 Apostolus
1200 449 1265 477 dicit
1278 449 1315 482 ⁸⁸,
1335 457 1345 474 ‹
1365 455 1453 483 neque
1465 449 1637 476 circumcisio
1653 448 1756 483 aliquid
1775 453 1828 480 est,

1040 504 1128 531 neque
1141 495 1304 530 praeputium
1319 514 1326 527 ,
1341 495 1388 522 sed
1413 494 1479 522 ﬁdes
1491 514 1499 527 ,
1521 502 1580 529 qua:
1604 502 1652 529 per
1668 494 1827 522 charitatem

1040 546 1180 577 operatur.
1200 550 1210 567 ι
1227 541 1261 568 Et
1275 540 1335 568 ideo
1355 547 1434 568 nemo
1453 545 1500 567 aut
1516 540 1733 568 circutncisionis
1756 541 1828 567 anti—

1040 589 1145 624 quitate
1163 595 1193 615 se
1206 587 1302 621 jactet,
1317 591 1364 614 aut
1377 587 1403 614 in
1418 587 1542 622 prmputii
1553 587 1673 614 novitate
1687 586 1827 621 glorietur.

1041 633 1095 662 Sed
1110 633 1297 668 utApostolus
1308 632 1374 660 dicit
1388 633 1420 666 ",
1437 642 1445 659 ι
1462 633 1559 668 probet
1569 633 1752 667 unusquisque
1761 640 1829 667 opus

1042 686 1120 706 suum
1134 698 1142 711 ,
1158 683 1186 706 et
1201 682 1266 706 tunc
1283 678 1310 705 in
1333 679 1478 713 semetipso
1497 682 1602 704 tantum
1616 677 1728 711 gloriam
1745 677 1827 704 habeo

1041 724 1091 751 bit.
1112 733 1121 751 ι
1138 724 1184 751 Sic
1197 724 1313 760 denique
1330 724 1461 759 propheta
1474 723 1543 750 dicit
1551 723 1574 739 ¹⁰
1589 732 1596 750 :
1611 722 1682 750 Ecce
1697 723 1788 756 homo,
1802 728 1829 749 et

1042 778 1109 805 opus
1127 769 1202 804 ejus,
1220 776 1247 797 et
1266 778 1370 798 merces
1386 770 1412 797 in
1428 773 1573 805 conspectu
1589 769 1693 797 Domini
1710 776 1771 797 esse
1789 769 1829 796 di-

1042 816 1123 849 citur,
1139 821 1168 843 ut
1182 816 1278 844 reddat
1295 817 1442 852 unicuique
1460 816 1608 844 secundum
1624 823 1705 850 opera
1723 823 1784 848 sua,
1801 815 1828 842 in

1042 860 1151 889 Christo
1166 861 1231 889 Jesu
1248 862 1361 890 Domino
1377 867 1470 889 nostro
1484 881 1491 894 ,
1511 862 1554 890 cui
1570 866 1612 890 est
1627 861 1712 897 gloria
1727 866 1754 889 et
1777 861 1828 889 im-

1002 896 1026 943 ,Β
1042 907 1145 943 perium
1161 908 1187 936 in
1200 908 1299 936 sacula
1312 908 1487 936 saeculorum.
1502 909 1597 936 Amen.

1324 964 1464 993 IIOMILIA
1483 964 1554 992 XVI.

1237 1016 1275 1043 De
1287 1015 1424 1050 prophetia
1437 1015 1491 1042 alia
1507 1014 1629 1042 Balaam.

1076 1063 1103 1089 Ι.
1117 1062 1209 1089 Priore
1223 1065 1355 1094 tractatu,
1370 1061 1531 1096 inquantum
1548 1060 1679 1095 possibile
1697 1060 1757 1092 fuit,
1774 1061 1830 1095 pri-

1040 1115 1099 1135 mas
1113 1112 1205 1142 partes
1217 1107 1367 1142 prophetiae
1381 1106 1492 1134 Balaam
1505 1106 1642 1142 explicare
1652 1107 1829 1134 tentavimus.

1040 1153 1193 1181 Secundum
1208 1160 1283 1180 nunc
1297 1152 1448 1188 prophetia:
1464 1152 1570 1179 initium
1584 1152 1749 1186 sumpsimus
1760 1151 1827 1187 (63).

1039 1202 1069 1225 ut
1086 1198 1107 1225 si
1124 1197 1253 1225 Dominus
1267 1198 1392 1233 aspirare
1412 1196 1554 1232 dignetur,
1569 1197 1649 1224 etiam
1666 1197 1699 1224 de
1717 1197 1766 1224 hac
1781 1204 1829 1231 pro

1040 1243 1153 1276 viribus,
1172 1251 1231 1278 quae
1245 1250 1393 1271 occurrere
1409 1243 1558 1278 potuerint,
1582 1243 1609 1270 in
1627 1243 1745 1270 medium
1764 1250 1829 1278 pro-

1040 1288 1168 1316 feramus.
1183 1288 1381 1317 lnconveniens
1395 1288 1467 1316 enim
1483 1288 1549 1315 mihi
1564 1288 1650 1315 visum
1664 1293 1716 1320 est,
1732 1295 1829 1322 quam»

1039 1334 1080 1362 vis
1096 1333 1154 1362 haec
1169 1333 1287 1362 dillicilia
1298 1334 1452 1367 videantur,
1470 1333 1671 1367 interrumpere
1684 1338 1828 1360 tractatum

1039 1388 1143 1413 eorum,
1168 1381 1313 1415 quominus
1338 1380 1372 1408 de
1388 1379 1501 1415 singulis
1524 1387 1584 1414 quae
1599 1380 1829 1415 comprehendere

1040 1433 1194 1461 possumus,
1211 1426 1390 1462 explicemus.
1406 1425 1491 1461 Igitur
1505 1425 1603 1453 Balaeh
1619 1432 1677 1459 rex,
1691 1426 1773 1453 veluti
1787 1431 1826 1453 at-

1041 1471 1142 1498 tonitus
1154 1490 1162 1503 ,
1186 1475 1214 1498 et
1233 1478 1379 1506 percussus
1391 1478 1423 1498 ex
1440 1470 1473 1498 iis
1493 1478 1552 1505 qute
1567 1475 1661 1498 contra
1686 1477 1760 1506 spem
1776 1470 1828 1498 diei

1039 1516 1150 1543 videbat
1167 1523 1181 1542 a
1197 1515 1318 1548 Balaam,
1333 1516 1536 1544 benedictiones
1547 1515 1604 1552 (64)
1619 1516 1690 1543 enim
1706 1524 1755 1551 pro
1768 1524 1828 1543 ma-

201 1564 253 1584 nec
273 1556 373 1584 factum
392 1562 449 1589 est,
470 1565 521 1585 nec
541 1557 598 1585 ﬁeri
618 1559 728 1594 potuit:
751 1566 803 1586 non
823 1559 896 1587 enim
916 1559 988 1586 inter
1002 1570 1024 1599 α
1041 1560 1229 1588 ledictionibus
1243 1560 1382 1593 audiebat,
1397 1560 1468 1587 ultra
1485 1568 1539 1588 non
1554 1561 1663 1592 ferens,
1683 1561 1829 1596 interrupit

202 1601 296 1635 ipsos,
316 1602 362 1629 sed
378 1602 413 1629 ab
430 1603 495 1637 ipsis
514 1609 637 1631 mortuus
656 1608 707 1631 est.
732 1603 816 1639 Magis
844 1604 916 1632 enim
929 1623 937 1636 ,
958 1609 988 1631 ut

203 1647 332 1678 diximus,
352 1647 471 1681 ipsorum
491 1656 613 1682 persona:
631 1649 792 1677 conveniet:
809 1651 854 1684 qui
876 1649 939 1678 licet
960 1650 987 1677 in

204 1692 329 1725 prtcsetlli
347 1692 445 1720 sacculo
459 1700 545 1721 vanus
564 1694 678 1729 populus
691 1695 834 1727 habeatur,
849 1695 912 1730 quia
929 1695 989 1723 sine

204 1737 292 1770 gratia
321 1742 363 1765 est
383 1737 501 1773 Spiritus
531 1741 636 1771 sancti,
658 1740 684 1767 in
708 1740 760 1767 fine
785 1744 873 1768 tamen
897 1740 989 1768 saaculi

203 1790 266 1809 eum
286 1782 424 1817 plenitudo
443 1785 562 1819 gentium
593 1785 744 1818 introierit,
764 1791 793 1813 et
823 1787 912 1814 omnis
938 1787 989 1814 ista

204 1829 343 1863 prophetia
365 1837 425 1864 qua:
452 1830 485 1858 de
509 1830 593 1859 Israel
619 1832 736 1864 dicitur.
757 1832 784 1859 in
811 1832 926 1867 spiritali
951 1833 990 1861 Is-

204 1875 278 1903 raele
295 1875 375 1903 fuerit
391 1876 512 1911 impleta,
533 1881 596 1904 tunc
610 1879 699 1904 anima
713 1877 772 1913 ejus
785 1878 915 1905 morictttr
927 1886 989 1906 eum

204 1921 347 1949 animabus
365 1922 513 1956 justorum.
544 1923 678 1958 Suscipiet
701 1923 773 1951 enim
802 1924 827 1950 in
850 1931 880 1951 se
910 1923 990 1952 fidem

202 1966 320 1998 Christi,
348 1967 383 1994 ita
399 1971 427 1994 ut
443 1971 471 1994 et
494 1967 544 2002 ipsi
560 1968 707 1995 dicant":
732 1978 741 1994 ι
761 1968 812 2001 Qui
835 1968 862 1996 in
881 1968 991 1996 Christo

202 2011 331 2046 baptizati
350 2019 443 2039 sumus
457 2031 464 2044 ,
492 2012 519 2039 in
534 2017 621 2040 morte
644 2012 728 2048 ipsius
744 2013 874 2048 baptizati
887 2021 989 2042 sumus.

201 2057 356 2090 Consepulti
365 2057 436 2085 enim
448 2065 542 2086 sumus
555 2058 591 2085 illi
604 2066 652 2093 per
662 2050 824 2093 baptismum
837 2059 863 2086 in
876 2064 989 2088 morte.»

201 2102 238 2129 Et
251 2102 348 2129 iterum
363 2103 385 2118 ”
398 2111 405 2130 :
423 2112 432 2128 ι
450 2102 478 2129 Si
494 2103 566 2130 enim
579 2104 784 2138 commorimur,
798 2109 825 2132 et
839 2112 991 2140 conregna-

202 2147 303 2175 biruus.
320 2157 334 2173 ι
343 2147 375 2175 Ει
384 2147 425 2175 sic
438 2155 501 2176 vere
510 2149 691 2184 complebitur
699 2150 859 2186 iutelligihili
869 2151 991 2185 Balaam,

200 2198 234 2220 ut
257 2193 390 2221 moriatur
413 2194 504 2221 anima
534 2195 592 2229 ejus
616 2196 690 2223 inter
713 2197 820 2225 animas
842 2197 989 2231 justorum.

1039 1607 1122 1633 verba
1138 1604 1206 1639 ejus,
1224 1609 1252 1633 et
1269 1606 1307 1633 ait
1321 1606 1363 1633 ἰε
1382 1615 1392 1632 ‹
1407 1606 1477 1639 Quid
1493 1606 1580 1634 fecisti
1600 1607 1666 1634 mihi
1684 1607 1696 1633 ‘4'
1712 1607 1752 1634 Ad
1768 1615 1828 1634 ma-

1039 1650 1195 1679 Iedieendos
1218 1651 1343 1679 inimicos
1359 1659 1433 1679 meos
1452 1652 1545 1679 vocavi
1562 1656 1604 1685 te,
1624 1656 1650 1679 et
1664 1659 1728 1679 ecce
1746 1651 1828 1679 bette-

1040 1694 1133 1722 dixisti
1148 1694 1347 1721 benedictione.
1367 1703 1376 1720 ι
1395 1693 1453 1722 Non
1471 1694 1532 1721 tulit
1552 1702 1600 1721 rex
1618 1702 1727 1721 amarus
1747 1695 1829 1722 bene-

1040 1740 1191 1768 dietionum
1227 1739 1415 1772 dulcedinem,
1447 1740 1494 1767 sed
1534 1740 1678 1767 maledicta
1713 1741 1828 1775 qnmrit,

1041 1784 1184 1813 maledicta
1211 1783 1348 1818 deposcit.
1369 1784 1416 1811 Est
1447 1783 1520 1811 enim
1548 1790 1583 1811 ex
1608 1783 1771 1818 cognatione
1797 1784 1830 1811 il-

1041 1830 1115 1863 lius,
1141 1829 1173 1856 ad
1204 1836 1283 1864 quem
1313 1828 1383 1856 dixit
1409 1828 1538 1856 Dominus
1556 1829 1578 1844 “
1601 1837 1608 1856 :
1640 1837 1650 1853 ‹
1673 1828 1830 1856 Malediclns

1042 1880 1069 1902 tu
1092 1876 1127 1902 ab
1150 1874 1278 1902 omnibus
1304 1873 1400 1902 bestiis
1424 1879 1511 1901 teme.
1531 1882 1541 1899 ι
1564 1873 1616 1901 Sed
1632 1873 1696 1908 quid
1711 1873 1745 1901 ad
1771 1874 1829 1900 hzec

1040 1920 1123 1956 329
1139 1919 1276 1955 respondit
1292 1919 1316 1946 ei
1331 1918 1385 1952 ille,
1404 1918 1447 1946 cui
1464 1918 1575 1945 verbum
1590 1917 1660 1945 Deus
1675 1918 1700 1944 in
1718 1925 1765 1945 ore
1780 1925 1827 1952 po-

1041 1968 1151 1996 suerat?
1165 1977 1174 1994 ι
1191 1967 1284 1994 Nonne
1300 1973 1480 2001 quaecunque,
1500 1965 1599 2000 inquit,
1617 1965 1741 1999 injecerit
1758 1965 1829 1992 Deus

1042 2013 1069 2040 in
1083 2020 1114 2040 os
1128 2020 1228 2045 meum,
1244 2012 1301 2039 haec
1312 2011 1465 2040 observabo
1477 2010 1551 2046 l0qui
1566 2011 1608 2037 “?
1622 2020 1631 2037 ι
1647 2011 1687 2038 Ad
1702 2011 1760 2038 hmo
1777 2010 1828 2037 Ba-

1041 2058 1101 2085 lach
1118 2062 1214 2093 putans
1236 2058 1299 2093 quia
1323 2057 1484 2092 perterritus
1506 2060 1579 2084 esset
1606 2056 1718 2083 Balaam
1738 2055 1829 2091 populi

1041 2102 1182 2131 Israclitici
1196 2102 1381 2135 multitudine,
1396 2107 1425 2130 et
1444 2101 1545 2130 idcirco
1566 2109 1619 2129 non
1636 2102 1733 2129 fuisset
1746 2109 1830 2129 ausus

1041 2148 1165 2184 proferre
1192 2148 1346 2182 maledicta,
1371 2148 1548 2176 mutationem
1574 2148 1625 2176 sibi
1647 2148 1696 2175 loci
1714 2148 1830 2175 credidit

1042 2194 1225 2229 profuturam,
1250 2199 1278 2222 et
1299 2194 1339 2221 ait
1359 2193 1392 2221 ad
1411 2200 1472 2221 eum
1488 2202 1495 2221 :
1512 2202 1521 2219 ι
1538 2192 1605 2221 Veni
1622 2193 1710 2221 adhuc
1724 2200 1828 2221 mecum

199 2238 280 2272 Quod
302 2243 391 2266 autem
409 2240 474 2268 dicit
495 2242 515 2257 "
529 2262 537 2274 ,
554 2250 563 2267 ι
585 2245 615 2268 ιιι
632 2241 680 2268 fiat
695 2249 786 2269 semen
806 2250 895 2269 meum
919 2243 990 2270 sicut
1006 2247 1027 2274 ι)
1043 2240 1070 2267 in
1091 2240 1179 2267 locum
1197 2240 1280 2267 alium
1293 2240 1326 2267 de
1342 2246 1396 2274 quo
1416 2243 1500 2266 totum
1516 2247 1569 2267 non
1587 2239 1678 2267 videas
1692 2246 1766 2272 eum,
1783 2239 1830 2265 sed

199 2290 295 2310 semen
307 2284 454 2319 justorum,
475 2295 485 2312 ›
505 2291 595 2320 posset
605 2286 715 2321 quidem
730 2291 757 2314 et
771 2287 805 2314 de
819 2287 865 2315 illo
879 2287 989 2315 Balaam

201 2328 315 2364 intelligi
329 2349 337 2362 ,
351 2331 500 2358 secundum
517 2332 568 2359 hoc
582 2332 653 2366 quod
669 2332 736 2367 magi
753 2332 791 2359 illi
804 2352 811 2365 ,
825 2333 871 2367 qui
883 2332 918 2360 de
931 2333 991 2361 ori-

201 2381 266 2402 cute
280 2377 419 2404 venientes
442 2377 520 2411 primi
547 2379 663 2406 adorare
680 2383 811 2407 venerunt
831 2379 938 2411 Jesnm,
956 2380 990 2407 de

203 2420 307 2448 semine
320 2421 379 2456 ejus
395 2429 454 2450 esse
470 2423 613 2451 videantur
623 2443 631 2456 ,
647 2424 704 2451 sive
725 2432 773 2459 per
787 2425 987 2452 successionem

203 2466 321 2502 generis,
336 2467 393 2494 sive
408 2476 455 2502 per
469 2468 619 2503 disciplina:
640 2469 824 2497 traditionem.
842 2469 991 2497 Evidentcr

203 2512 277 2539 enim
295 2518 402 2540 constat
417 2513 476 2541 illos
489 2515 633 2549 agnovisse
646 2514 750 2542 stellam
763 2536 771 2548 ,
788 2523 870 2550 quam
893 2516 992 2550 ιιι-ε’ᾱί-

204 2562 281 2584 xerat
298 2557 405 2585 Balaam
421 2558 551 2585 orituram
568 2559 594 2585 in
613 2558 707 2590 Israel,
724 2563 751 2585 et
765 2560 805 2587 sic
822 2561 928 2587 vertisse
942 2579 950 2592 ,
964 2564 992 2587 et

205 2603 335 2630 adorasse
351 2610 441 2638 regem
464 2603 510 2638 qui
527 2608 606 2632 natus
623 2609 666 2632 est
681 2604 707 2632 in
729 2604 824 2632 Israel.
842 2605 992 2634 Conveniet

239 2672 262 2708 ’ξ
274 2671 293 2699 Il
306 2671 371 2707 Reg.
385 2680 458 2699 μιν.
497 2673 518 2688 ¹⁵
532 2673 599 2699 Νιιηι
622 2681 698 2707 xxtn,
710 2673 755 2700 IO.
788 2675 809 2690 ¹¹⁹
824 2675 901 2703 Rom.
918 2683 954 2707 νι,
971 2675 988 2702 3

1041 2695 1043 2701 .
1083 2675 1134 2702 “II
1150 2675 1221 2704 Tim.
1238 2684 1275 2707 Il,
1291 2676 1395 2708 H,I2.

204 2714 232 2739 ν,
246 2707 275 2734 6.

208 2741 251 2769 l3.
288 2742 312 2757 "
330 2741 427 2769 Matth.
441 2750 467 2774 ν,
486 2743 529 2770 ii.

240 2799 296 2838 (ϐξ)
311 2799 338 2826 1η
356 2800 526 2838 antcaetlitis
541 2801 617 2838 deest
633 2809 642 2838 ς
661 2809 694 2829 ex
717 2802 843 2836 gentibus
856 2823 863 2836 ,
884 2812 892 2829 ι
916 2803 987 2838 quod

206 2834 344 2867 :ujipictur
356 2842 371 2862 e
384 2837 476 2862 codice.
488 2836 653 2863 Corbeicnsi.

241 2869 297 2905 (65)
316 2870 353 2897 Ms
379 2870 534 2899 (iorbeiens.
563 2880 572 2897 ‹
584 2878 732 2903 sumemus,
751 2881 759 2898 ι
779 2877 803 2899 et
821 2873 899 2908 paulo
916 2877 985 2907 post,

1044 2289 1151 2319 partem
1167 2285 1286 2320 aliquam
1306 2284 1366 2320 ejus
1378 2284 1483 2318 videas,
1501 2292 1599 2313 omnes
1611 2290 1702 2313 autem
1715 2293 1769 2312 non
1791 2284 1832 2311 vi-

1044 2331 1119 2364 deas,
1136 2336 1164 2360 et
1190 2331 1304 2360 maledic
1325 2332 1390 2359 mihi
1409 2339 1471 2359 eum
1492 2332 1553 2361 inde
1568 2333 1602 2361 ".
1626 2342 1635 2359 ι
1653 2332 1768 2360 Demens
1784 2332 1830 2366 qui

1044 2377 1219 2405 lsraelitieam
1235 2378 1351 2414 gratiam
1366 2378 1418 2406 loci
1435 2378 1588 2413 objectione
1607 2379 1731 2406 crederet
1749 2384 1830 2412 posse

1045 2423 1139 2455 celari,
1157 2428 1185 2450 et
1199 2424 1246 2458 qui
1259 2424 1379 2452 nesciret
1392 2425 1454 2459 quia
1474 2432 1527 2452 non
1543 2427 1631 2459 potest
1646 2423 1774 2451 abscondi
1792 2423 1831 2450 ei-

1045 2470 1114 2496 vitas
1124 2477 1204 2504 super
1216 2474 1333 2498 montem
1345 2470 1431 2505 posita
1448 2470 1507 2502 ".,«
1519 2469 1552 2497 Et
1562 2469 1717 2503 assumpsit,
1733 2468 1831 2504 inquit,

1045 2522 1106 2542 eum
1131 2514 1158 2542 in
1180 2515 1316 2549 speculam
1331 2516 1389 2549 agri
1411 2515 1437 2543 in
1451 2515 1581 2543 verticem
1596 2514 1695 2542 montis
1709 2514 1832 2547 (κεινῇσι

1046 2560 1198 2588 construxit
1220 2560 1256 2587 ibi
1274 2564 1378 2595 septem
1398 2568 1471 2593 aras,
1487 2565 1514 2588 ct
1536 2560 1787 2595 imposuitvitulum
1805 2565 1832 2587 et

1045 2606 1159 2634 arietem
1175 2613 1258 2641 super
1279 2614 1365 2639 aram,
1385 2612 1414 2635 et
1437 2606 1505 2634 dixit
1529 2605 1637 2633 Balaam
1657 2606 1690 2634 ad
1706 2605 1805 2634 Balach
1822 2614 1829 2633 :

1436 2677 1457 2693 "
1468 2676 1546 2704 Num.
1559 2684 1637 2708 mn,
1651 2675 1695 2705 1'0;
1733 2676 1755 2692 "
1769 2676 1830 2705 Gal.

313 2707 409 2744 "__Gal_.
427 2715 463 2739 νι,
477 2708 514 2744 4η
542 2709 565 2723 ¹⁰
580 2708 630 2735 lsa.
647 2716 711 2736 un.
728 2709 769 2736 II.
796 2710 817 2725 “
836 2710 914 2737 Num.
931 2718 985 2738 χχιι

1042 2711 1068 2738 1.
1104 2711 1127 2726 ²¹
1140 2711 1209 2739 Gen.
1231 2719 1270 2744 tn,
1293 2707 1340 2738 I4.
1375 2711 1399 2729 ’³
1423 2711 1503 2739 Νιιιιι.
1531 2719 1610 2744 mn,
1631 2707 1681 2738 I2.
1718 2711 1742 2728 ’θ
1760 2711 1826 2740 ibid.

1045 2813 1055 2830 ι
1073 2812 1132 2840 qua:
1151 2805 1336 2840 occurrerinl,
1352 2813 1378 2832 In
1394 2805 1510 2833 medium
1526 2805 1706 2840 proferamus.
1725 2815 1735 2832 ι

1041 2839 1221 2902 utliiglldem
1238 2860 1245 2871 ,
1271 2848 1280 2866 ι
1298 2840 1510 2870 benedictiones.
1527 2839 1536 2867 ι
1563 2840 1637 2869 Alias
1649 2862 1656 2875 ,
1683 2850 1694 2867 ι
1715 2841 1827 2869 benedi-

1050 2883 1054 2890 '
1070 2884 1113 2903 I0ll
1134 2884 1139 2902 Ι
1162 2894 1168 2902 .
1188 2884 1196 2900 1
