4086 6218
426 324 517 382 691

1875 320 2195 378 ORIGENIS

3571 318 3675 374 692

422 439 634 494 Assiste
658 439 726 493 ad
748 439 1077 494 sacrificium
1115 448 1286 504 tuum,
1328 455 1432 510 ego
1465 455 1594 496 vero
1622 456 1842 512 pergam
1877 455 2001 510 per-
2033 442 2079 498 Δ
2110 441 2311 495 Ιὶέὶινξίιηὸ
2341 440 2499 494 talem
2527 439 2833 509 Opinionem
2869 436 2934 489 de
2967 438 3095 501 Deo,
3129 446 3189 491 ut
3224 447 3379 504 putes
3399 452 3520 491 eum
3554 450 3677 490 esse

421 532 629 586 contari
665 531 851 585 Deum.
896 531 963 584 Et
1005 534 1241 587 occurrit
1266 533 1405 589 Deus
1428 535 1525 604 ipsi
1560 534 1803 597 Balaam,
1830 542 1886 586 et
1918 532 2000 585 in-

417 622 552 692 jecit
574 622 796 677 verbum
834 622 885 675 in
912 637 974 677 os
1003 621 1140 690 ejus,
1174 632 1228 678 et
1252 622 1411 689 dixit,
1439 643 1457 676 ι
1489 624 1606 679 sine
1639 623 1800 680 dubio
1825 625 1996 678 Deus;

426 728 448 764 ι
496 712 824 767 Convertere
868 713 934 766 ad
975 712 1195 778 Balach,
1239 723 1295 768 et
1346 716 1459 769 haec
1501 714 1758 783 loqueris.
1808 715 1875 768 At
1911 713 2001 768 ille

423 804 552 874 (hoc
589 812 673 859 est
698 803 920 875 Balach)
950 807 1129 862 stabat
1156 806 1315 877 juxta
1363 807 1825 863 holocaustomata
1878 821 1995 871 sua,

422 908 480 951 et
528 913 721 954 omnes
765 900 1040 970 principes
1074 900 1230 956 Moab
1266 916 1387 954 cum
1414 901 1523 956 illo.
1560 901 1625 956 Et
1649 901 1783 955 dixit
1814 901 1862 954 ei
1893 900 1999 953 Ba-

423 988 582 1043 Iacb:
616 990 754 1057 Quid
789 991 1001 1047 locutus
1047 1003 1132 1047 est
1163 992 1424 1047 Dominus
1456 993 1541 1046 "t7
1574 1011 1595 1045 ι
1638 992 1743 1047 ites
1781 992 1999 1062 quidem

424 1084 669 1151 profanis
712 1083 998 1139 sacrificiis
1043 1086 1353 1155 gerebatur,
1388 1094 1443 1141 et
1482 1086 1746 1141 divinatio
1789 1086 1999 1154 magica

422 1183 544 1228 arte
588 1174 966 1245 requirebatur
1020 1177 1187 1247 (65):
1242 1179 1431 1234 volens
1486 1188 1664 1233 tamen
1730 1178 1870 1233 Deus
1926 1176 1999 1230 ibi

425 1265 701 1320 abundare
730 1267 981 1335 gratiam,
1011 1269 1101 1324 ubi
1137 1268 1597 1339 superabundavit
1621 1280 1902 1338 peccatum
1930 1267 1997 1331 ’⁷,

424 1358 614 1411 adesse
647 1357 917 1424 dignatur,
963 1375 1065 1415 nec
1119 1360 1319 1431 refugit
1363 1361 1432 1416 ab
1483 1362 1570 1424 iis,
1604 1375 1725 1430 quae
1777 1375 1882 1413 non
1916 1371 2001 1413 se-

425 1450 658 1503 cundum
710 1450 1058 1505 Israeliticam
1115 1453 1486 1523 disciplinam,
1554 1453 1650 1508 sed
1704 1452 1998 1507 secundum

424 1540 703 1608 gentilium
759 1540 1089 1612 gerebantur
1138 1559 1402 1598 errorem.
1448 1545 1614 1598 Adest
1663 1552 1842 1597 autem
1894 1557 1999 1596 non

424 1632 725 1701 sacrificiis,
757 1635 850 1689 sed
880 1636 932 1689 in
968 1650 1255 1691 occursum
1296 1638 1550 1701 venienti,
1576 1646 1631 1690 et
1654 1636 1725 1689 ibi
1753 1635 1845 1689 dat
1879 1648 1999 1688 ver-

426 1722 551 1775 bum
588 1738 767 1787 suum,
818 1735 981 1793 atque
1022 1726 1095 1780 ibi
1131 1727 1387 1795 mysteria
1430 1726 1608 1779 futura
1652 1727 1998 1795 praenuntiat,

424 1817 512 1871 ubi
544 1818 774 1872 maxime
804 1819 936 1874 fides
966 1828 1020 1873 et
1048 1819 1340 1873 admiratio
1371 1818 1653 1888 gentilium
1688 1819 1905 1890 pendet,
1942 1828 2001 1873 ut

424 1911 516 1978 qni
546 1911 746 1966 nostris
784 1910 971 1965 nolunt
1004 1911 1228 1969 credere
1258 1912 1561 1982 prophetis,
1596 1913 1822 1967 credant
1866 1910 2004 1966 divi-

427 1999 509 2055 nis
533 2010 588 2055 et
611 2002 819 2057 vatibus
848 2003 981 2056 suis.

496 2092 551 2144 2.
592 2111 611 2143 ι
647 2092 709 2148 Ει
741 2110 1056 2162 assumens,
1096 2095 1289 2165 inquit,
1332 2095 1642 2165 parabolam
1699 2111 1853 2152 suam
1923 2095 2009 2151 di-

426 2184 522 2238 xit.
560 2204 578 2237 ν
621 2186 724 2241 Per
771 2186 1087 2256 parabolatn
1127 2203 1258 2258 ergo
1300 2186 1434 2242 dicit
1476 2188 1732 2243 Balaam:
1774 2207 1789 2240 I
1828 2188 2024 2257 Surge,

425 2277 646 2345 Balach,
694 2288 745 2334 ct
773 2281 919 2345 andi,
954 2281 1179 2336 auribus
1210 2282 1449 2351 percipe,
1477 2282 1631 2336 testis
1662 2281 1734 2336 fili
1772 2281 1997 2350 Sephor.

429 2371 544 2425 Non
587 2375 728 2429 sicut
768 2377 930 2429 homo
958 2375 1097 2431 Deus
1139 2374 1453 2435 frustratur,
1491 2389 1666 2443 neque
1694 2374 1835 2429 sicut
1865 2374 2005 2428 filius

429 2464 664 2519 hominis
696 2475 951 2521 terretur.
990 2465 1108 2533 Ipse
1137 2482 1273 2529 cum,
1289 2467 1505 2532 dixerit,
1534 2483 1638 2521 non
1675 2466 1870 2520 faciet?
1927 2465 1995 2518 lo-

428 2567 622 2622 quetur
656 2566 710 2609 et
760 2572 864 2610 non
899 2559 1270 2626 permanebit?
1300 2557 1440 2613 Ecce
1474 2558 1540 2612 ad
1574 2559 2001 2613 benedicendum

428 2657 736 2717 assumptus
783 2664 926 2714 sum,
964 2650 1305 2714 bcneilicain,
1342 2660 1399 2705 et
1448 2661 1553 2704 non
1582 2657 1827 2703 avertam
1857 2664 2000 2707 eam.

429 2740 544 2796 Non
572 2743 681 2797 erit
730 2742 886 2798 labor
912 2742 967 2798 in
1016 2744 1201 2806 Jacob,
1236 2756 1410 2814 neque
1441 2743 1715 2799 videbitur
1760 2743 1913 2799 dolor
1950 2744 2002 2797 in

429 2834 616 2890 Israel.
677 2834 935 2892 Dominus
987 2837 1126 2892 Deus
1176 2846 1309 2891 suns
1358 2851 1482 2890 cum
1552 2837 1691 2905 ipso,
1745 2835 2005 2906 prazelara

431 2927 737 2995 principum
764 2944 887 2983 cum
913 2929 1032 2997 ipso
1068 2935 1231 2984 sunt.
1252 2929 1393 2982 Deus
1418 2926 1511 2995 qui
1542 2927 1729 2981 eduxit
1763 2942 1889 2980 eunt
1938 2942 2004 2981 ex

433 3022 685 3093 rEgypto,
737 3025 874 3079 sicut
901 3025 1070 3092 gloria
1105 3023 1380 3079 uuicornis
1418 3021 1557 3088 ejus.
1585 3021 1703 3077 Non
1731 3022 1874 3076 enim
1902 3021 2007 3077 erit

2102 536 2245 588 sicut
2301 536 2596 595 hominem,
2642 534 2732 602 qni
2778 534 2828 586 itt
2866 533 2932 587 iis
2958 549 3077 602 qua:
3127 532 3384 599 loquitur,
3429 528 3679 583 frustrari

2101 626 2294 695 possit.
2338 624 2595 679 Homines
2633 627 2777 680 enim
2817 624 3001 679 multis
3029 623 3411 678 occasionibus
3447 631 3502 677 et
3530 620 3681 675 vitiis

2102 720 2496 788 impediuntur,
2555 734 2625 774 ne
2682 732 2866 773 verum
2927 716 2999 771 sit
3052 715 3193 785 quod
3232 714 3547 783 loquuntur.
3572 714 3681 765 Aut

2103 814 2223 866 irati
2276 814 2424 866 enim
2452 812 2767 881 loquuntur,
2804 820 2859 865 et
2886 810 2964 864 ira
2998 819 3245 863 cessante
3276 808 3478 860 frustra
3513 805 3678 860 locuti

2102 912 2269 958 sunt:
2319 913 2413 958 aut
2470 912 2671 966 metus,
2725 911 2819 955 aut
2866 898 3204 966 cupiditatis,
3261 906 3355 951 aut
3403 897 3681 966 iactantiae

2103 995 2305 1063 gratia,
2331 995 2562 1064 aliisque
2596 994 2788 1049 horum
2838 990 3128 1052 similibus,
3161 999 3216 1043 et
3244 990 3432 1059 utique
3480 988 3679 1041 frustra

2102 1087 2230 1151 erit,
2262 1094 2315 1138 et
2338 1098 2533 1137 vanum
2552 1096 2712 1137 omne
2735 1081 2997 1151 quidquid
3021 1080 3150 1134 vitio
3172 1078 3488 1133 dominante
3517 1076 3679 1131 locuti

2103 1187 2248 1233 sunt.
2267 1177 2405 1232 Deus
2423 1185 2623 1240 autem,
2642 1176 2692 1229 in
2710 1190 2819 1244 quo
2837 1174 2980 1228 nulla
3001 1183 3079 1228 est
3097 1173 3302 1244 passio,
3323 1172 3464 1226 nulla
3480 1171 3684 1239 fragili-

2105 1281 2209 1338 tas,
2228 1285 2389 1325 omne
2405 1268 2782 1339 quoddixerit,
2806 1283 2902 1336 pro
2916 1281 3203 1321 causarum
3228 1265 3435 1320 meritis
3453 1265 3608 1319 dicit:
3626 1274 3678 1319 et

2106 1362 2231 1418 ideo
2246 1377 2518 1430 nunquam
2534 1359 2787 1414 frustrari
2814 1368 3012 1428 potest,
3034 1358 3159 1426 quia
3182 1356 3324 1424 quod
3346 1356 3551 1410 ratione
3566 1369 3685 1424 pro-

2107 1455 2496 1519 fertur,carere
2512 1466 2615 1504 non
2636 1459 2812 1519 potest
2842 1449 3082 1504 ratione:
3106 1445 3250 1502 «Non
3280 1460 3411 1514 ergo
3430 1445 3569 1499 Deus
3586 1448 3685 1500 sie-

2103 1556 2165 1601 ut
2181 1546 2363 1609 homo,
2378 1543 2469 1612 qui
2490 1543 2692 1596 frustra
2707 1541 2982 1612 loquatur,
3005 1553 3180 1608 neque
3196 1538 3338 1593 sicut
3351 1538 3493 1592 filius
3509 1539 3684 1592 homi-

2106 1638 2189 1692 nis
2223 1644 2478 1699 terretur,
2506 1653 2524 1685 ι
2551 1633 2636 1687 vel
2669 1631 2751 1701 (ut
2782 1630 2833 1687 in
2860 1631 2981 1687 aliis
3002 1630 3404 1700 exemplaribus
3432 1630 3685 1699 legimus)

2112 1745 2130 1779 ι
2155 1742 2328 1797 neque
2352 1728 2492 1782 sicut
2524 1725 2661 1779 fllius
2686 1724 2919 1779 hominis
2944 1732 3129 1779 terret.
3154 1742 3172 1775 ι
3194 1721 3253 1774 In
3278 1721 3585 1776 hominibus
3608 1722 3683 1775 ir:-

2108 1821 2319 1875 terdurn
2338 1818 2658 1873 sententiam
2675 1825 2845 1870 mutat
2863 1826 3057 1881 terror,
3076 1816 3215 1870 Deus
3229 1823 3405 1868 autem
3418 1814 3682 1885 quisupra

2106 1911 2283 1966 omnia
2314 1919 2418 1975 est,
2448 1925 2476 1963 a
2509 1925 2616 1979 quo
2646 1908 2837 1963 terreri
2874 1918 3073 1978 potest,
3108 1917 3166 1962 ut
3211 1908 3533 1963 sententiam
3566 1921 3687 1959 mu-

2110 2001 2212 2057 tet?
2274 2000 2331 2056 Si
2380 2014 2508 2055 vero
2553 1999 2848 2055 secundum
2884 2000 2987 2054 hoc
3028 1998 3383 2068 accipiamus,
3428 1996 3570 2065 quod
3628 1994 3684 2048 in

2107 2097 2227 2152 aliis
2271 2094 2682 2164 exemplaribus
2728 2093 2966 2147 diximus
2998 2091 3221 2157 lectum,
3256 2089 3360 2144 hoc
3384 2096 3490 2150 est,
3529 2105 3549 2139 ι
3587 2100 3683 2141 ne-

2106 2201 2211 2256 que
2259 2186 2399 2241 sicut
2453 2184 2593 2238 filius
2634 2181 2873 2237 hominis
2918 2188 3125 2244 terret;
3162 2198 3181 2230 »
3236 2176 3366 2231 illud
3415 2176 3688 2229 videbitur

2108 2279 2234 2343 dici,
2259 2276 2400 2347 quod
2432 2274 2677 2330 homines
2706 2272 2925 2342 quidem
2972 2269 3246 2324 interdum
3294 2280 3391 2336 pro
3418 2264 3685 2333 jactantia

2110 2382 2345 2426 terrores
2375 2368 2579 2423 faciunt
2613 2375 2669 2421 et
2716 2362 2917 2428 minas,
2952 2363 3115 2418 etiam
3155 2361 3223 2415 iis
3270 2372 3683 2425 nonnunquam,

2107 2465 2304 2534 quibus
2339 2474 2533 2515 nocere
2563 2474 2668 2512 non
2702 2463 2958 2527 possunt;
3006 2453 3144 2507 Deus
3170 2460 3349 2505 autem
3383 2464 3487 2503 non
3515 2456 3686 2500 terret

2109 2559 2181 2611 ita
2203 2555 2473 2614 homines,
2506 2549 2662 2620 quasi
2704 2548 2793 2618 qui
2824 2546 3016 2616 punire
3046 2560 3153 2598 non
3188 2540 3382 2612 possit,
3423 2549 3477 2594 et
3507 2540 3549 2593 si
3576 2547 3683 2592 tero

2108 2656 2210 2712 ret,
2242 2648 2454 2700 ratione
2485 2651 2670 2698 terret.
2708 2640 2901 2694 Terret
2936 2635 3079 2690 enim
3112 2643 3172 2688 ut
3218 2633 3479 2702 corripiat
3505 2630 3679 2685 homi-

2108 2752 2230 2795 nem
2261 2740 2312 2793 in
2347 2736 2642 2792 auditionis
2682 2731 3055 2792 tribulatione,
3101 2738 3159 2782 ut
3190 2728 3353 2781 verbo
3387 2722 3683 2780 commina-

2110 2832 2271 2888 tionis
2293 2828 2587 2884 deterritus
2615 2824 2870 2880 emendet
2892 2836 2951 2876 se
2981 2821 3071 2890 qui
3113 2818 3253 2873 male
3277 2817 3414 2887 agit,
3440 2828 3541 2868 nec
3561 2828 3683 2881 pcr~

2107 2923 2290 2978 veniat
2321 2922 2387 2975 ad
2415 2933 2536 2975 eum
2569 2917 2684 2986 ipsa
2711 2914 2946 2968 vindicta
2969 2910 3107 2964 male
3128 2917 3404 2976 gestorum
3434 2896 3678 2961 suorum.

2110 3016 2227 3072 Non
2250 3026 2378 3084 ergo
2396 3013 2469 3066 ita
2490 3010 2636 3065 Deus
2654 3018 2824 3061 terret
2839 3014 2898 3059 ut
2920 3005 3101 3065 homo;
3120 3003 3280 3056 homo
3298 3000 3440 3054 enim
3459 2995 3687 3066 (utdixi-

435 3118 723 3187 auguratio
784 3122 834 3172 in
877 3118 1045 3174 Jacob
1091 3132 1263 3187 neque
1310 3119 1571 3173 divinatio
1612 3118 1664 3170 in
1718 3115 1897 3169 Israel.
1950 3114 2005 3168 In
2035 3106 2080 3170 C
2113 3099 2822 3177 mus)projactantia,Dens
2841 3109 3079 3164 veropro
3098 3090 3477 3147 emendatione
3496 3097 3684 3142 terret.

437 3220 678 3280 tempore
699 3212 909 3268 dicetur
928 3208 1096 3267 Iacob
1121 3222 1173 3266 et
1194 3211 1375 3275 Israel,
1413 3212 1542 3283 quid
1574 3210 1819 3279 perficiet
1845 3208 2006 3263 Deus.

436 3304 573 3359 Ecce
608 3305 834 3374 populus
862 3305 1003 3360 sicut
1037 3304 1248 3359 catulus
1280 3304 1450 3359 leonis
1478 3311 1757 3372 exsurget,
1790 3309 1843 3356 et
1873 3302 2012 3355 sicut

437 3397 519 3451 lco
541 3395 850 3461 exsultabit,
882 3409 987 3450 non
1015 3396 1247 3451 dormiet
1274 3395 1444 3449 donec
1473 3396 1723 3449 comedat
1754 3393 2008 3461 prazdam,

436 3496 491 3545 et
545 3490 867 3560 sanguinem
933 3490 1344 3545 vulneratorum
1402 3488 1551 3542 bibat
1580 3485 1648 3539 ’⁸.
1691 3504 1708 3537 ι
1758 3485 1881 3539 “me
1930 3494 2013 3539 cst

438 3580 767 3635 continentia
819 3581 1073 3635 secundze
1120 3581 1421 3651 prephctiae
1468 3581 1519 3633 in
1554 3578 1734 3632 verbis
1766 3572 2010 3629 Balaam.

442 3673 731 3728 Videamus
758 3688 888 3743 ergo
943 3674 1118 3742 priruo
1168 3673 1271 3726 hoc
1305 3672 1475 3739 ipsum
1521 3669 1661 3737 quod
1691 3669 1767 3721 ait
1801 3686 1813 3721 :
1853 3685 1871 3718 ι
1910 3666 2017 3720 Ex-

440 3765 845 3835 surge,Balach,
878 3774 933 3820 et
962 3765 1084 3820 audi
1118 3762 1184 3818 ’⁸.
1225 3782 1243 3814 ι
1281 3762 1337 3817 Si
1373 3762 1517 3817 enim
1546 3760 1598 3815 in
1642 3759 2016 3829 superioribus

442 3873 545 3913 non
595 3858 819 3913 dixisset
853 3860 976 3928 quia
1012 3866 1179 3912 staret
1213 3854 1367 3924 juxta
1420 3852 1794 3909 holocaustum
1831 3863 2013 3915 suum,

442 3967 546 4006 non
582 3951 864 4006 videretur
895 3960 1223 4017 magnOpere
1258 3946 1635 4017 requirendum
1665 3960 1762 3999 cur
1784 3941 2013 3998 dixerit:

447 4063 465 4095 ι
498 4040 981 4114 Exsurge,Balacb.
1022 4059 1039 4092 ι
1077 4041 1229 4094 Nunc
1258 4050 1439 4094 autem
1472 4053 1593 4092 etnn
1640 4038 1882 4091 hortetur
1921 4050 2017 4088 ex-

443 4152 669 4205 surgere
696 4150 843 4198 eum,
872 4149 1032 4203 quem
1074 4146 1242 4201 nuper
1270 4130 1483 4185 dixerat
1522 4138 1685 4191 stare,
1711 4142 1817 4181 non
1844 4126 2019 4181 oriosc

446 4227 853 4297 praetereundus
883 4240 1061 4281 sermo
1092 4222 1462 4294 propheticus.
1495 4214 1647 4287 Quod
1682 4230 1813 4289 ergo
1842 4217 1919 4272 ait
1967 4220 2018 4273 in

445 4320 834 4388 superioribus,
890 4321 1016 4388 quia
1072 4326 1245 4372 staret
1308 4317 1371 4370 ad
1416 4313 1793 4368 holocaustum
1839 4320 2017 4376 suum,

445 4412 692 4481 designat
717 4427 838 4465 eum
865 4429 968 4467 non
1004 4421 1153 4466 recte
1178 4422 1343 4465 stare.
1374 4404 1567 4462 Stabat
1589 4406 1730 4461 enim
1766 4407 1817 4459 in
1851 4404 2019 4461 idolo-

446 4506 604 4558 latria
642 4504 867 4574 positus,
906 4514 959 4558 et
999 4506 1177 4558 stabat
1229 4502 1383 4571 quasi
1421 4499 1674 4555 inimicus
1720 4499 1839 4563 Dei,
1873 4497 2017 4567 quod

447 4598 617 4666 magis
654 4606 798 4650 esset
828 4612 932 4650 non
971 4606 1139 4659 stare,
1175 4596 1267 4648 sed
1299 4593 1513 4647 cadere.
1553 4590 1715 4656 Quasi
1756 4608 1886 4663 ergo
1925 4590 2017 4660 qui

446 4690 512 4744 de
536 4689 627 4743 illo
658 4696 804 4743 statu
832 4688 1026 4741 eadere
1060 4685 1331 4747 debuerit,
1361 4684 1468 4736 imo
1521 4692 1575 4735 et
1602 4685 1693 4750 qui
1732 4684 2015 4751 ceciderit,

448 4785 519 4836 ita
546 4796 689 4836 nunc
716 4780 989 4835 intellectu
1018 4778 1337 4849 prophetico
1358 4788 1657 4850 exsurgere
1683 4789 1803 4831 cum
1824 4775 2014 4844 jubet:

446 4875 644 4945 quippe
673 4872 764 4943 qui
800 4885 896 4943 per
927 4873 1048 4939 hoc,
1086 4873 1226 4940 quod
1254 4881 1399 4925 stare
1440 4870 1491 4925 in
1542 4868 1844 4924 idololatria
1871 4868 2018 4921 visus

447 4966 642 5029 fuerat,
674 4967 984 5020 cecidisset.
1028 4960 1293 5033 Exsurgat
1341 4976 1471 5029 ergo
1508 4961 1598 5029 qui
1629 4960 1756 5013 talis
1783 4968 1887 5023 est,
1919 4972 2018 5011 ex-

447 5069 635 5129 surgat
658 5060 783 5123 llde,
812 5067 866 5113 et
890 5056 1155 5111 efﬁciatur
1180 5056 1371 5110 testis:
1406 5054 1449 5108 si
1481 5052 1695 5122 quidem
1729 5061 2018 5104 converte-

451 5167 557 5222 tur,
594 5157 743 5210 testis
793 5153 946 5218 fidei;
990 5154 1033 5206 si
1070 5166 1197 5205 vero
1238 5159 1518 5220 permanet
1562 5144 1813 5209 infidelis,
1846 5152 1903 5197 ιιι
1949 5143 2021 5196 sit

453 5248 605 5302 testis
638 5244 1104 5302 condemnationis
1130 5257 1259 5297 sum.

518 5339 572 5394 5.
632 5337 741 5392 Sed
775 5337 902 5404 quid
944 5343 1027 5389 est
1063 5333 1206 5402 quod
1244 5332 1291 5386 ei
1338 5330 1648 5391 annuntiat,
1688 5327 1969 5383 videamus
2007 5348 2016 5379 :

456 5445 474 5478 ι
522 5427 638 5481 Νοιι
672 5430 811 5481 sicut
842 5427 1026 5491 homo,
1066 5424 1258 5493 inquit,
1298 5422 1439 5474 Deus
1470 5420 1795 5484 frustratur,
1845 5433 2022 5487 neque

453 5522 591 5575 sicut
624 5522 763 5575 filius
791 5521 1029 5575 hominis
1062 5527 1297 5573 terretur
1340 5518 1456 5583 ipse
1502 5516 1565 5567 ³ο.
1599 5534 1617 5566 ι
1654 5512 1789 5577 Non,
1824 5515 2020 5581 inquit,

523 5612 568 5644 "
601 5611 759 5665 Num.
795 5629 952 5673 xxiii,
986 5612 1161 5665 N-I7.
1258 5610 1311 5639 ‘7
1342 5607 1500 5660 Rom.
1546 5621 1595 5657 v.
1630 5606 1722 5658 ‘20.

454 5685 498 5717 ⁸³
535 5680 656 5737 Jon.
687 5699 767 5735 ιιι.
843 5683 886 5714 ³³
912 5683 952 5737 II
993 5682 1125 5749 Reg.
1162 5694 1307 5733 xxrv.

1830 5605 1873 5635 ³⁸
1918 5604 2073 5655 Nutu.
2126 5614 2281 5661 xxiii,
2328 5596 2512 5651 Isi-24.

2181 3199 2235 3252 4.
2274 3197 2403 3253 Post
2426 3198 2542 3251 btec
2581 3191 2696 3245 ait:
2733 3206 2756 3240 ι
2799 3189 2917 3257 Ipse
2948 3200 3070 3239 cum
3097 3182 3316 3245 dixerit,
3350 3194 3455 3233 non
3490 3176 3687 3231 faciet?

2116 3295 2385 3363 loquetur,
2419 3296 2598 3344 etnon
2633 3279 2978 3354 permanebit
3015 3276 3093 3329 “?
3133 3296 3151 3327 ι
3198 3275 3289 3328 Sic
3315 3272 3573 3342 legendus
3602 3278 3684 3323 est

2115 3362 2284 3447 locus,
2319 3380 2471 3451 quasi
2509 3373 2898 3444 interrogantis
2935 3370 3129 3423 affectu
3162 3367 3310 3420 dicat
3344 3382 3357 3418 :
3392 3362 3533 3431 Ipse,
3584 3362 3687 3414 hoc

2114 3489 2217 3542 est,
2248 3477 2410 3537 Dens,
2436 3472 2577 3542 quod
2607 3469 2758 3532 dicit,
2797 3478 2977 3519 nonne
2996 3472 3050 3515 et
3096 3458 3295 3513 faciet?
3320 3464 3375 3509 et
3401 3470 3521 3523 qua:
3544 3453 3690 3507 Iocu-

2119 3581 2202 3625 tus
2252 3567 2437 3630 fuerit,
2490 3572 2667 3619 nonne
2698 3555 3039 3629 permanebit
3070 3552 3122 3606 in
3165 3550 3287 3606 eis?
3325 3548 3461 3602 Cum
3508 3546 3693 3613 utique

2118 3663 2365 3718 homines
2404 3674 2510 3712 non
2555 3654 2760 3710 faciant
2796 3664 2917 3719 quae
2945 3648 3155 3709 dicunt,
3185 3653 3241 3698 et
3270 3642 3404 3696 vitio
3441 3640 3693 3695 humana:

2119 3754 2429 3825 fragilitatis
2471 3752 2522 3805 in
2556 3750 2622 3804 iis
2653 3761 2758 3802 non
2794 3749 3148 3814 permaneant
3183 3752 3302 3807 quae
3344 3735 3639 3803 loquuntur
3674 3748 3687 3783 :

2119 3845 2395 3902 mutabilis
2426 3842 2588 3914 33o
2609 3838 2750 3894 enim
2785 3846 2870 3890 est
2899 3834 3088 3896 homo,
3119 3830 3260 3883 Deus
3290 3841 3419 3881 vero
3441 3827 3694 3879 immuta-

2118 3943 2262 3998 bilis.
2294 3940 2401 3994 Sed
2450 3943 2626 4007 potest
2649 3931 2843 4000 aliquis
2868 3940 3179 3990 occurrere,
3209 3930 3266 3977 et
3289 3922 3474 3976 dicere
3506 3935 3521 3972 :
3550 3916 3694 3984 Quo-

2120 4035 2280 4091 modo
2303 4049 2433 4103 ergo
2461 4045 2565 4087 non
2600 4028 2900 4098 permansit
2943 4025 3084 4076 Deus
3115 4020 3169 4073 in
3207 4018 3297 4082 iis,
3328 4030 3449 4085 qua:
3484 4013 3694 4068 loeutus

2118 4136 2202 4180 est
2243 4126 2311 4179 de
2367 4102 2555 4176 Ninive
2603 4130 2663 4173 ut
2716 4126 2836 4187 post
2888 4115 3123 4170 triduum
3174 4110 3585 4165 subverteretur
3612 4102 3694 4152 "?

2122 4216 2305 4285 Neque
2344 4215 2397 4268 in
2442 4214 2509 4267 iis
2546 4227 2667 4281 quae
2699 4212 2907 4264 locutus
2936 4205 3114 4261 estde
3162 4203 3350 4265 David,
3385 4200 3474 4254 ubi
3526 4198 3696 4251 tribus

2121 4310 2310 4365 diebus
2341 4307 2605 4376 promissa
2634 4304 2812 4357 fuerat
2842 4316 3010 4365 mors,
3044 4310 3103 4352 ut
3147 4305 3388 4353 vastaret
3416 4291 3690 4363 populum,

2123 4411 2176 4456 et
2204 4400 2344 4455 intra
2382 4412 2551 4452 unum
2605 4396 2769 4458 diem,
2818 4402 2872 4448 et
2919 4407 3092 4461 usque
3145 4390 3210 4443 ad
3248 4390 3436 4442 horam
3485 4381 3692 4453 prandii

2124 4494 2360 4550 cessavit
2408 4490 2488 4543 ιιι
2522 4487 2886 4541 Etvidcbitur
2939 4481 3207 4545 fortassis,
3252 4480 3378 4547 quia
3421 4477 3540 4530 hmc
3576 4489 3697 4542 qn:e

2125 4601 2220 4656 per
2255 4581 2730 4652 interrogationem
2764 4578 3036 4639 dicuntur,
3072 4589 3175 4626 non
3202 4572 3413 4641 penitus
3442 4581 3538 4637 pro
3568 4566 3698 4617 dcti-

2125 4681 2238 4734 nito
2264 4675 2576 4744 accipienda
2605 4673 2746 4737 sint;
2779 4672 2870 4725 sed
2922 4668 3042 4721 talis
3066 4667 3311 4735 quaidam
3350 4663 3522 4731 figura
3548 4657 3693 4711 verbi

2125 4771 2216 4834 sit,
2264 4784 2385 4838 qua:
2431 4768 2666 4821 rnedinm
2698 4761 2901 4832 aliquid
2946 4760 3197 4814 videatur
3230 4755 3542 4816 ostendere,
3590 4765 3692 4804 non

2129 4873 2310 4917 tamen
2359 4858 2594 4915 definita:
2635 4866 2688 4911 et
2719 4850 3095 4908 irrevocabilis
3126 4844 3413 4904 sentcntiae
3457 4843 3697 4897 declaret

2124 4956 2374 5011 affectum
2402 4970 2415 5005 :
2449 4969 2557 5023 quo
2579 4948 2969 5020 temperantius
2998 4946 3199 5017 aliquid
3227 4943 3429 4996 dictum
3452 4939 3701 4993 videatur

2133 5051 2187 5103 in
2223 5064 2287 5103 eo
2310 5048 2453 5117 quod
2487 5045 2748 5114 scriptum
2780 5050 2885 5105 est,
2916 5059 2934 5091 ι
2962 5041 3078 5107 Ipse
3114 5053 3238 5092 cum
3268 5035 3490 5098 dixerit,
3521 5044 3701 5086 nonne

2127 5139 2326 5193 faciet?
2368 5161 2387 5189 ι
2420 5150 2579 5204 quam
2612 5134 2654 5187 si
2689 5132 2943 5199 scriptum
2973 5136 3139 5193 esset,
3175 5128 3286 5197 Ipse
3317 5141 3441 5180 cum
3475 5123 3696 5186 dixerit,

2127 5232 2435 5289 omnimode
2456 5229 2635 5282 faciet.
2661 5226 2766 5279 Sed
2792 5235 3168 5278 recenseamtts
3192 5229 3243 5274 et
3268 5222 3381 5288 ipsa
3405 5217 3698 5285 Scripttme

2132 5329 2270 5390 loca,
2319 5337 2440 5392 quae
2474 5320 2557 5374 vel
2587 5321 2637 5371 in
2673 5316 2808 5371 Jona
2843 5315 2924 5369 vel
2954 5314 3005 5368 in
3040 5314 3344 5382 Regnorum
3370 5309 3524 5364 libris
3550 5306 3698 5376 posi.

2131 5428 2184 5471 ta
2219 5428 2362 5479 sunt,
2389 5428 2453 5466 ne
2487 5415 2623 5465 forte
2654 5420 2707 5463 et
2742 5409 2837 5472 ibi,
2872 5416 2930 5459 ut
2959 5408 3124 5461 moris
3157 5414 3259 5466 est,
3302 5403 3595 5469 Scriptura;
3620 5396 3700 5451 di-

2133 5512 2269 5563 vina:
2300 5505 2492 5560 secreti
2535 5502 2737 5571 aliquid
2770 5501 3028 5554 habeant.
3059 5498 3334 5565 Scriptum
3378 5502 3462 5549 est
3489 5506 3621 5558 ergo
3646 5487 3699 5541 in

2620 5593 2821 5647 "ibid.
2873 5590 2952 5645 I8.
3059 5590 3103 5621 ³⁰
3143 5589 3271 5644 ibid.
3306 5587 3387 5640 I9.
3485 5585 3527 5618 ³¹
3570 5582 3698 5638 ibid.

528 5777 640 5851 (65)
684 5776 849 5841 Ideni,
908 5794 925 5824 ι
969 5774 1193 5843 geritur,
1241 5782 1294 5827 et
1342 5772 1602 5825 divinatio
1656 5770 1859 5837 magica
1913 5777 2028 5822 arte
2053 5765 2404 5836 perquiritur.
2446 5780 2463 5812 ι
