4086 6218
376 337 488 392 693

1541 339 1606 394 IN
1645 341 1974 412 NUMEROS
2018 341 2296 396 llOMILIA
2331 341 2466 397 XVI.

3529 335 3630 390 6υό

308 451 315 461 ’
370 457 514 511 Juua
551 457 594 486 ³⁸
627 473 640 508 :
672 474 690 506 ι
728 454 791 507 Ει
818 455 1018 508 factum
1048 463 1130 508 est
1159 458 1380 510 verbum
1430 457 1642 512 Domini
1671 460 1736 513 ad
1767 459 1957 514 lunam
1991 469 2032 521 Λ
2066 459 2274 529 Moyses
2309 461 2528 530 propria
2557 458 2885 514 auctoritate
2916 455 3232 509 mandavit:
3272 453 3414 524 quod
3449 451 3627 506 Domi-

377 548 552 602 tilium
581 546 798 600 Amathi
835 547 1061 601 dicens:
1121 547 1315 618 Surge,
1355 559 1410 604 ct
1443 550 1578 604 vade
1622 552 1675 604 in
1726 551 1952 606 Niniven

375 638 656 693 civitatem
694 651 964 706 magnam,
996 647 1050 692 et
1079 639 1308 706 prtedica
1345 640 1396 694 in
1436 655 1520 707 ea,
1551 643 1676 709 quia
1709 644 1957 698 ascendit

373 729 591 784 clamor
623 729 842 783 malitia:
875 729 990 796 ejus
1027 730 1094 783 ad
1133 745 1236 785 me.
1296 749 1314 782 ι
1348 731 1414 784 Ει
1445 742 1795 802 posteaquam
1820 749 1956 803 pra:-

371 831 593 892 ceptum
619 831 704 876 est
731 830 872 886 ceto,
897 830 948 876 et
983 821 1143 888 ejeeit
1168 821 1361 877 Jonam
1394 825 1446 878 in
1486 835 1710 890 terram,
1761 828 1954 882 iterum

373 913 643 982 scriptum
668 922 752 968 est
781 912 824 944 ³⁸
856 929 870 965 :
901 930 921 962 ι
963 913 1028 967 Ει
1050 912 1252 968 factum
1281 924 1366 968 ε.·;ι
1399 917 1619 971 verbum
1650 919 1858 972 Domini
1890 921 1954 972 ad

371 1001 574 1058 Jouatn
617 1005 878 1070 secundo,
910 1005 1134 1060 dicens:
1169 1003 1367 1074 Surge,
1405 1017 1459 1062 et
1486 1008 1622 1063 vade
1652 1009 1703 1061 itt
1729 1007 1956 1064 Nittiven

368 1093 660 1149 civitatem
697 1109 974 1165 magnam,
998 1103 1052 1149 et
1081 1096 1313 1165 prtedica
1345 1098 1396 1152 in
1421 1113 1482 1152 ea
1506 1099 1801 1154 secundum
1829 1115 1960 1170 pra:-

370 1181 708 1238 dicat'ionem
737 1199 898 1253 quam
930 1200 1030 1255 ego
1054 1187 1263 1242 locutus
1291 1202 1408 1242 sum
1438 1190 1504 1242 ad
1542 1198 1613 1244 te.
1646 1207 1665 1240 ι
1698 1189 1762 1243 Et
1793 1189 1959 1246 Jonas

368 1275 599 1344 quidem
631 1293 650 1326 ι
697 1277 1028 1345 praedicavit,
1073 1287 1127 1334 et
1175 1279 1313 1333 dixit
1359 1301 1372 1335 :
1403 1281 1592 1336 Adhuc
1623 1290 1731 1336 tres
1759 1283 1895 1346 dies,
1919 1285 1952 1334 ἰ

370 1365 466 1419 vel
498 1365 578 1436 (ut
619 1365 827 1422 Hebraei
860 1369 1064 1425 habere
1092 1385 1154 1426 se
1190 1374 1450 1443 scriptum
1490 1373 1700 1442 dicunt)
1734 1392 1752 1425 ι
1784 1375 1960 1430 adhuc

309 1457 312 1459 ’
369 1457 736 1526 quadraginta
772 1458 907 1522 dies,
943 1469 998 1514 et
1042 1460 1236 1516 Ninive
1267 1465 1603 1521 destruetur.
1631 1464 1748 1519 Viri
1779 1473 1958 1518 autem

369 1543 633 1603 Ninivitae
667 1550 1018 1605 crediderunt
1060 1553 1114 1605 in
1152 1553 1291 1621 Deo,
1332 1564 1388 1609 et
1418 1556 1850 1624 prazdicaverunt
1875 1556 1960 1625 je-

360 1636 608 1704 junium,
640 1650 690 1694 et
726 1641 1019 1697 induerunt
1051 1658 1108 1698 se
1143 1643 1356 1710 ciliciis,
1392 1660 1420 1698 a
1453 1645 1664 1699 minore
1693 1659 1866 1714 ttsqne
1892 1646 1959 1699 ad

373 1731 640 1800 majorem
665 1733 926 1802 ipsorum.
958 1753 979 1786 ι
1009 1735 1071 1790 Et
1100 1745 1407 1806 postpauca
1439 1754 1455 1791 :
1493 1757 1509 1788 ι
1541 1737 1756 1794 Etvidit
1792 1737 1961 1799 Deus,

2068 567 2170 604 nus
2201 550 2251 603 iu
2286 549 2598 620 Evangeliis
2631 547 3034 602 evidentissima
3071 545 3418 600 distinctione
3444 558 3628 598 secer-

2068 642 2166 706 nit,
2185 657 2306 696 cutn
2339 641 2468 696 dicit
2489 641 2554 694 de
2573 639 2794 709 repudio
2819 639 3061 693 mulieris
3091 639 3476 704 interrogatus,
3505 635 3635 705 quia

2073 751 2090 781 ι
2133 733 2197 785 ad
2251 731 2507 785 duritiam
2562 729 2742 784 cordis
2793 728 2956 783 vestri
2989 747 3008 781 ι
3041 729 3262 796 scripsit
3306 727 3463 783 vobis
3521 728 3636 782 lure

2069 823 2297 891 Moyses,
2329 841 2348 872 ι
2387 824 2454 875 ab
2485 822 2641 876 initio
2669 830 2847 875 autem
2883 836 2987 874 non
3018 821 3117 874 luit
3153 821 3231 875 sic
3258 820 3322 874 ³⁸.
3351 820 3450 886 Qui
3487 821 3632 876 enim

2069 915 2194 968 fecit
2226 914 2522 977 hominem,
2572 911 2867 968 masculum
2911 920 2966 966 et
3002 911 3256 966 feminam
3302 912 3431 966 fecit
3456 927 3573 976 eos,
3610 931 3628 964 ι

2065 1015 2118 1060 ει
2152 1006 2428 1060 benedixit
2462 1021 2576 1071 eos,
2611 1025 2629 1056 ‹
2666 1015 2718 1059 et
2748 1005 2923 1059 dixit:
2973 1003 3200 1074 Propter
3233 1012 3334 1060 hoc
3365 1005 3635 1074 relinquet

2063 1100 2228 1153 homo
2256 1109 2465 1168 patrem
2501 1113 2678 1161 suum,
2709 1107 2762 1152 et
2790 1105 3017 1151 matrem
3045 1112 3224 1164 suam,
3255 1109 3308 1154 et
3339 1100 3638 1154 adhmrebit

2068 1192 2222 1245 uxori
2262 1207 2392 1258 suae,
2421 1200 2477 1245 et
2508 1191 2666 1244 ambo
2688 1199 2846 1247 erunt
2869 1188 2920 1242 in
2958 1204 3124 1245 carne
3146 1207 3250 1246 una
3284 1192 3348 1245 ⁸ο.
3391 1211 3408 1243 ι
3450 1192 3516 1245 Ει
3543 1192 3641 1244 ad-

2069 1284 2176 1336 dit:
2211 1301 2229 1332 ι
2276 1282 2427 1348 Quod
2462 1298 2592 1350 ergo
2640 1281 2779 1338 Deus
2810 1287 3107 1358 conjunxit,
3149 1286 3310 1340 homo
3345 1299 3449 1338 non
3483 1296 3641 1350 sepa-

2070 1380 2152 1425 ret
2183 1372 2248 1424 δι.
2306 1389 2323 1422 ι
2364 1368 2525 1424 Vides
2547 1385 2676 1441 ergo
2706 1382 2759 1427 ct
2789 1375 2876 1428 hic
2910 1375 3073 1428 Deum
3105 1375 3321 1442 quidem
3359 1387 3462 1426 non
3499 1383 3637 1438 pra:-

2069 1461 2299 1530 cepisse,
2331 1474 2430 1514 nec
2468 1458 2584 1514 lieri
2630 1462 2865 1517 voluisse
2888 1463 3213 1526 divortium;
3263 1461 3478 1531 Moysen
3511 1473 3639 1512 vero

2029 1548 2031 1550 ’
2069 1564 2287 1624 propter
2334 1553 2584 1609 duritiam
2619 1555 2800 1612 cordis
2833 1556 3140 1612 Judaaorum
3185 1555 3468 1624 scripsisse
3510 1554 3639 1610 dan-

2068 1645 2192 1699 dum
2223 1659 2346 1700 esse
2384 1647 2692 1715 repudium.
2734 1647 2984 1703 Ostendit
3014 1649 3129 1704 hac
3150 1659 3203 1704 et
3229 1647 3426 1702 Paulus
3461 1647 3514 1701 iu
3551 1645 3641 1698 lit-

2068 1737 2204 1791 teris
2227 1736 2339 1792 suis
2366 1751 2490 1791 cum
2519 1737 2653 1793 dicit
2679 1739 2745 1793 de
2765 1739 3088 1808 quibusdam
3120 1758 3132 1794 :
3167 1759 3184 1792 ι
3222 1739 3644 1801 Dontittusdicit,

374 1821 560 1892 inquit
608 1824 676 1889 ³⁸,
718 1839 884 1893 opera
919 1840 1131 1893 eorum,
1177 1829 1302 1897 quia
1349 1833 1593 1886 conversi
1625 1840 1754 1886 sunt
1782 1847 1811 1886 a
1853 1831 1958 1885 viis
1994 1815 2036 1874 Β
2064 1838 2119 1883 ει
2142 1842 2245 1882 non
2274 1843 2375 1900 ego
2400 1829 2466 1882 δ’.
2507 1847 2526 1880 ι
2565 1829 2630 1884 Ει
2662 1829 2729 1884 de
2753 1830 2878 1886 aliis
2907 1849 2918 1885 :
2951 1850 2970 1883 ι
3003 1831 3129 1886 llaec
3150 1839 3332 1887 autem
3370 1845 3470 1900 ego
3495 1829 3636 1892 dico,

374 1914 498 1969 suis
530 1915 708 1980 malis,
751 1925 808 1970 ει
856 1918 1136 1985 paenituit,
1175 1939 1194 1970 ι
1239 1921 1324 1976 vel
1379 1921 1460 1993 (ut
1515 1925 1570 1978 in
1615 1923 1738 1979 aliis
1773 1939 1958 1978 exem-

376 2006 629 2076 plaribus
666 2008 916 2081 legimus)
961 2028 979 2062 ι
1017 2013 1345 2082 deprecatus
1370 2024 1454 2070 est
1478 2017 1619 2070 Deus
1644 2030 1809 2085 super
1843 2030 1957 2069 ma-

377 2098 554 2153 litiam
587 2115 749 2170 quam
783 2101 993 2158 loeutus
1019 2115 1102 2160 est
1135 2106 1314 2163 facere
1351 2109 1454 2171 eis.
1484 2120 1539 2164 et
1590 2125 1698 2164 non
1754 2110 1901 2166 fecit.
1933 2129 1952 2157 ι

373 2187 622 2245 Observa
651 2191 818 2262 igitur
846 2197 898 2249 in
927 2195 996 2251 iis
1027 2211 1149 2265 quae
1183 2201 1576 2268 assumpsimus
1606 2201 1672 2256 de
1696 2203 1958 2271 propheta

371 2280 524 2352 quod
556 2295 662 2336 non
716 2283 991 2339 invenitur
1018 2288 1071 2341 in
1111 2289 1457 2344 sermonibus
1508 2291 1599 2345 Dei
1643 2291 1840 2360 quibus
1892 2294 1960 2347 ad

375 2369 702 2438 prophetam
733 2371 945 2427 locutus
975 2383 1082 2441 est,
1133 2375 1360 2441 dictum,
1411 2376 1536 2447 quia
1580 2396 1598 2428 ι
1638 2378 1817 2432 adhuc
1851 2387 1961 2433 tres

372 2459 520 2523 dies,
555 2468 609 2514 ct
639 2458 829 2515 Ninive
857 2464 1198 2532 destruetur;
1242 2485 1261 2519 ι
1301 2468 1394 2523 sed
1430 2467 1597 2524 Jonas
1623 2483 1746 2524 cum
1782 2470 1960 2541 ingre-

371 2549 627 2617 deretur,
675 2552 849 2622 inquit
879 2555 946 2620 ³⁷,
983 2573 1002 2607 ι
1060 2557 1335 2614 civitatem
1377 2561 1532 2630 quasi
1595 2561 1700 2616 iter
1750 2562 1958 2616 dierum

373 2642 569 2710 trium,
599 2642 715 2712 ipse
755 2646 912 2713 dixit,
939 2648 1064 2718 quia
1103 2650 1284 2706 adhuc
1334 2660 1445 2707 tres
1477 2654 1611 2719 dies,
1663 2664 1718 2707 et
1769 2653 1960 2709 Ninive

372 2732 752 2802 subvertetur;
787 2755 805 2790 ι
853 2746 909 2791 ιιι
953 2754 1135 2795 sermo
1174 2742 1295 2807 iste,
1331 2743 1421 2815 qui
1461 2745 1698 2814 scriptus
1734 2755 1839 2809 est,
1904 2757 1960 2802 et

379 2839 494 2879 non
514 2835 596 2882 cst
627 2827 828 2893 factus,
859 2844 889 2883 a
914 2829 1049 2885 Jona
1086 2833 1285 2902 potius,
1315 2850 1480 2905 quam
1512 2851 1540 2890 a
1571 2836 1682 2891 Deo
1717 2839 1960 2906 prolatus
2026 2889 2032 2893 .

374 2931 508 2971 esse
546 2918 809 2974 videatur.
865 2921 970 2977 Sed
1019 2935 1074 2978 et
1101 2924 1167 2980 de
1196 2927 1434 2982 secundo
1463 2927 1602 2984 libro
1643 2929 1954 2999 Regnorum

378 3008 727 3078 proferamus
763 3027 886 3082 qua:
919 3015 1121 3084 scripta
1163 3025 1310 3082 sunt,
1346 3017 1434 3072 ubi
1474 3033 1596 3074 cum
1653 3021 1820 3076 David
1865 3038 1960 3092 po-

378 3101 569 3168 pulum
599 3115 964 3171 numerasset,
997 3125 1015 3159 ι
1044 3107 1266 3164 .l'actum
1305 3117 1409 3174 est,
1441 3109 1617 3180 inquit
1644 3113 1705 3178 ³⁸,
1735 3115 1956 3168 verbum

385 3192 599 3248 Domini
631 3198 696 3250 ad
735 3197 850 3253 Gad
880 3203 1198 3271 prOphetam
1228 3204 1496 3259 videntem
1525 3205 1714 3262 dicens
1749 3224 1764 3261 :
1790 3205 1960 3271 Vade,

382 3291 444 3369 et
471 3283 691 3353 loquere
738 3289 805 3341 ad
840 3289 1027 3345 David.
1062 3293 1182 3349 lltec
1213 3294 1346 3350 dicit
1372 3296 1665 3352 Dominus:
1700 3296 1825 3352 Tria
1862 3314 1962 3369 ego

386 3368 578 3424 levabo
609 3388 770 3443 super
799 3386 869 3440 te,
897 3378 1032 3448 elige
1057 3381 1149 3436 tibi
1180 3397 1246 3436 ex
1275 3383 1340 3437 iis
1372 3399 1561 3448 unum,
1587 3387 1730 3454 quod
1767 3368 1960 3440 faciam

391 3457 514 3514 tibi.
550 3462 614 3515 Et
669 3464 906 3521 introivit
933 3469 1046 3524 Gad
1079 3471 1144 3524 ad
1175 3472 1370 3538 David,
1416 3485 1468 3528 et
1517 3475 1860 3530 denuntiavit
1913 3477 1962 3531 ci

386 3549 609 3606 dicens:
647 3555 752 3608 Attt
789 3559 970 3613 veniet
1010 3561 1107 3615 tibi
1157 3563 1328 3617 tribus
1377 3566 1533 3620 anuis
1584 3566 1754 3622 fames
1803 3582 1965 3637 super

389 3651 592 3697 terram
641 3656 826 3714 tuaut;
870 3659 962 3704 aut
1011 3652 1182 3706 tribus
1216 3655 1489 3710 mensibus
1525 3667 1582 3710 ut
1617 3658 1790 3727 fugias
1839 3669 1965 3713 ante

385 3736 636 3792 inimicos
664 3747 808 3807 tuos,
841 3743 931 3812 qui
957 3753 1009 3798 te
1033 3756 1456 3814 persequentur;
1489 3760 1582 3803 aut
1613 3749 1795 3804 triduo
1821 3766 1964 3806 mors

385 3826 482 3880 tiat
513 3829 564 3882 ιιι
601 3838 742 3885 terra
775 3842 885 3888 tua.
913 3834 1062 3890 Nunc
1086 3850 1216 3912 ergo
1240 3838 1397 3903 scito,
1436 3842 1558 3895 vide
1583 3843 1711 3910 quid
1736 3857 1960 3912 respon-

384 3920 544 3974 deam
575 3923 647 3989 ei,
675 3925 768 3994 qui
802 3942 887 3982 me
926 3928 1092 3985 misit.
1127 3930 1189 3983 Et
1212 3930 1350 3984 dixit
1373 3932 1539 3986 David
1576 3935 1641 3986 ad
1666 3934 1779 3990 Gad
1819 3954 1830 3990 :
1863 3937 1964 3990 An-

382 4013 577 4081 gustiae
621 4016 752 4070 mihi
807 4028 934 4072 sunt
969 4021 1210 4091 undique
1240 4021 1415 4077 valde.
1462 4025 1568 4078 Sed
1620 4027 1853 4082 incidam
1909 4030 1961 4082 in

384 4120 581 4160 manus
623 4109 831 4164 Domini
869 4113 1060 4182 magis,
1085 4114 1210 4182 quia
1239 4114 1420 4170 multa:
1448 4117 1828 4175 miserationes
1847 4119 1961 4188 ejus

382 4205 538 4260 sunt,
567 4205 619 4251 et
653 4199 706 4252 iu
735 4216 926 4257 manus
956 4204 1233 4259 hominum
1284 4221 1388 4261 non
1438 4207 1700 4265 incidam.
1724 4210 1789 4264 Et
1813 4211 1962 4266 dedit

382 4285 647 4341 Dnmimts
677 4290 727 4342 in
770 4291 934 4348 lsracl
964 4305 1191 4351 mortem
1221 4313 1249 4350 a
1279 4312 1437 4352 mane
1469 4314 1640 4369 usque
1671 4303 1736 4356 ad
1771 4304 1958 4358 horam

377 4379 617 4446 prandii,
646 4391 701 4434 et
734 4387 932 4438 mortui
959 4397 1087 4443 sunt
1120 4388 1186 4444 de
1225 4391 1418 4459 populo
1450 4408 1477 4446 a
1497 4392 1609 4446 Dan
1637 4408 1803 4464 usque
1828 4396 1959 4449 Ber-

2068 1933 2172 1972 non
2214 1918 2473 1974 Dominus
2495 1919 2562 1974 ⁸³.
2607 1937 2625 1972 ι
2660 1920 2725 1975 Et
2750 1921 2942 1975 iterum
2971 1921 3023 1976 in
3055 1921 3177 1976 aliis
3207 1939 3220 1976 :
3253 1941 3271 1969 ι
3309 1920 3638 1988 Prmceputtn

2071 2009 2280 2064 Domini
2317 2025 2424 2066 non
2454 2011 2646 2076 habeo,
2677 2013 2961 2068 consilium
2987 2025 3166 2068 autem
3203 2015 3271 2068 do
3295 2013 3360 2065 ⁸⁵.
3401 2032 3418 2063 ι
3454 2011 3517 2066 Ει
3550 2013 3644 2064 ite-

2070 2114 2218 2154 rum:
2251 2118 2270 2150 ι
2298 2098 2431 2166 Quae
2457 2099 2668 2170 loquor,
2687 2117 2789 2156 non
2808 2102 3002 2174 loquor
3030 2104 3326 2158 secundum
3348 2103 3516 2157 Deum
3539 2101 3636 2156 ⁸⁸.»

2072 2189 2222 2246 Unde
2255 2191 2507 2246 similiter
2561 2192 2727 2247 etiam
2773 2194 2825 2247 in
2872 2193 3088 2249 caeteris
3135 2193 3414 2262 prophetis
3459 2191 3640 2261 aliqua

2069 2279 2283 2350 quidem
2346 2280 2610 2337 Dominus
2669 2282 2880 2337 locutus
2929 2291 3034 2347 est,
3091 2293 3146 2336 ct
3192 2297 3294 2337 non
3343 2281 3641 2352 prophetae,

2069 2368 2174 2423 alia
2202 2383 2335 2423 vero
2365 2370 2666 2440 prophetae,
2703 2381 2761 2425 et
2789 2385 2894 2426 non
2930 2371 3210 2436 Dominus,
3261 2381 3316 2426 et
3363 2372 3442 2427 sic
3490 2371 3641 2427 vide-

2069 2457 2215 2512 bitur
2249 2458 2481 2526 objectio
2522 2460 2782 2515 intentata
2814 2460 3054 2527 dissolvi,
3085 2475 3207 2515 cunt
3249 2476 3353 2516 non
3381 2470 3488 2514 tam
3521 2475 3640 2524 sua,

2069 2565 2229 2618 quam
2260 2551 2538 2621 pr0phetae
2575 2553 2738 2607 verba
2792 2552 3052 2608 Dominus
3094 2562 3338 2618 revocat,
3365 2566 3428 2608 ac
3469 2560 3644 2607 mutat

2070 2642 2122 2694 in
2149 2641 2360 2698 melius.
2389 2641 2494 2698 Sed
2519 2645 2694 2714 magis
2718 2646 2955 2700 arbitror
2973 2645 3368 2703 absolutionem
3401 2646 3640 2716 priorem

2071 2733 2234 2790 totius
2264 2735 2564 2805 Scriptura:
2597 2737 2852 2793 sensibus
2881 2737 3195 2804 convenire,
3227 2749 3281 2794 et
3306 2738 3412 2794 illis
3446 2739 3640 2808 praeci-

2069 2840 2172 2894 pue
2201 2825 2382 2892 dietis,
2428 2826 2625 2896 quibus
2655 2827 2866 2897 patiens
2909 2837 2964 2883 et
3010 2829 3189 2884 multa:
3231 2828 3641 2890 misericordiae.

2070 2925 2126 2971 ct
2169 2918 2439 2986 pmnitens
2465 2933 2628 2989 super
2677 2919 2912 2975 malitias
2961 2920 3165 2977 dicitur
3219 2921 3360 2978 Deus
3395 2937 3409 2975 :
3443 2921 3528 2978 vel
3577 2922 3643 2976 iis

2071 3011 2325 3076 maxime,
2354 3025 2473 3079 quae
2493 3011 2821 3081 generaliter
2845 3012 2914 3068 ab
2943 3012 3175 3070 Jeremia
3195 3015 3641 3084 pronuntiantur,

2071 3103 2124 3154 in
2153 3101 2349 3169 quibus
2381 3102 2666 3158 evidenter
2695 3105 3001 3160 ostenditur
3037 3120 3136 3176 pro
3185 3106 3372 3162 multis
3412 3107 3639 3162 misera-

2070 3192 2330 3258 tionibus,
2355 3201 2408 3247 et
2426 3193 2961 3264 incomprehensibili
2993 3197 3234 3253 bonitate
3259 3212 3356 3252 sua
3391 3196 3533 3252 Deus
3557 3198 3642 3252 dl-

2067 3297 2214 3347 ccre,
2253 3293 2307 3338 et
2352 3299 2458 3339 non
2498 3285 2697 3350 facere,
2729 3284 2900 3354 loqui,
2941 3295 2997 3341 et
3038 3301 3146 3344 non
3178 3300 3518 3356 permanere.
3551 3287 3641 3340 Ait

2065 3388 2195 3444 ergo
2219 3389 2314 3443 per
2332 3373 2624 3431 .leremiam
2649 3377 2855 3431 Deus“
2890 3397 2902 3432 :
2949 3398 2966 3430 ι
2992 3378 3047 3432 ln
3071 3377 3229 3432 ﬁnem
3249 3377 3459 3447 loquar,
3491 3396 3509 3428 ι
3539 3378 3640 3432 hoc

2067 3473 2169 3530 est,
2195 3479 2258 3519 ex
2295 3465 2515 3521 deﬁnito
2542 3467 2735 3536 loquar
2766 3487 2783 3519 t
2823 3483 2984 3538 super
3004 3478 3243 3540 gentem,
3270 3480 3326 3524 et
3363 3484 3525 3538 super
3551 3485 3640 3524 re-

2066 3571 2252 3626 gnum,
2283 3564 2344 3612 ιιι
2370 3557 2614 3613 auferam
2644 3573 2761 3624 eos,
2802 3569 2856 3615 et
2892 3560 3224 3626 disperdam.
3265 3560 3327 3614 Et
3351 3560 3394 3615 si
3417 3574 3644 3618 conver-

2070 3658 2214 3702 tatur
2241 3663 2373 3721 gens
2405 3649 2493 3703 illa
2551 3666 2578 3702 a
2634 3651 2856 3705 malitiis
2903 3654 3038 3718 suis,
3073 3652 3348 3720 pmuitebo
3374 3651 3533 3722 331
3569 3651 3639 3706 de

2066 3741 2319 3798 omnibus
2351 3742 2509 3798 malis
2541 3753 2662 3812 quae
2689 3744 2924 3814 cogitavi
2957 3745 3138 3800 facere
3169 3745 3269 3810 eis,
3302 3753 3360 3800 et
3386 3746 3436 3799 in
3474 3745 3637 3800 linem

2068 3831 2258 3901 loquar
2283 3846 2449 3904 super
2477 3844 2693 3905 gentem
2712 3845 2768 3890 et
2799 3851 3049 3905 regnum,
3079 3846 3138 3892 ut
3171 3837 3494 3893 remdiliccm
3523 3852 3640 3903 eos,

2066 3934 2118 3977 et
2152 3925 2449 3992 replantem
2478 3944 2491 3982 :
2523 3937 2577 3984 et
2605 3927 2651 3983 si
2683 3927 3070 3986 lecerintmala
3101 3929 3154 3984 in
3175 3940 3464 3999 conspectu
3497 3944 3640 3995 meo,

2067 4024 2123 4068 ut
2158 4029 2262 4069 non
2286 4016 2508 4072 audiant
2536 4031 2722 4073 vocent
2758 4032 2962 4084 meam,
2994 4020 3282 4088 paenitebit
3311 4020 3408 4076 tn'e'
3433 4024 3500 4076 de
3521 4037 3640 4078 om-

2067 4106 2226 4160 nibus
2260 4105 2417 4162 bonis
2459 4123 2580 4178 qua:
2612 4107 2826 4164 locutus
2859 4108 3069 4166 fuerant
3105 4119 3164 4164 ut
3206 4109 3445 4167 facerem
3475 4113 3578 4170 eis.
3615 4132 3634 4164 ο

2065 4196 2347 4264 Quomodo
2377 4213 2508 4270 ergo
2542 4214 2832 4269 possumus
2866 4202 2952 4268 iis,
2985 4216 3106 4271 qua:
3135 4203 3380 4268 absolute
3404 4218 3500 4272 per
3550 4204 3640 4262 Je-

2067 4292 2292 4346 rcmiam
2317 4291 2460 4346 dicta
2492 4304 2640 4360 sunt,
2676 4294 2933 4364 pratl'erre
2968 4295 3058 4350 illa
3091 4311 3211 4365 quae
3251 4311 3511 4367 suspense
3545 4312 3640 4369 per

2065 4381 2283 4436 Balaam
2339 4383 2592 4440 dicuntur
2629 4403 2642 4440 :
2680 4386 2786 4440 nisi
2834 4387 2958 4456 quia
2994 4386 3390 4458 negligentibus
3429 4398 3484 4444 et
3514 4405 3640 4446 eon-

375 4470 549 4523 Sabcc
591 4477 932 4544 septuaginta
970 4478 1135 4533 millia
1174 4480 1432 4536 virorum.
1475 4481 1541 4537 Et
1582 4487 1825 4540 extendit
1864 4501 1958 4540 an.

2066 4475 2422 4544 temptoribus
2448 4476 2536 4531 illa
2562 4476 2956 4546 confirmanda,
2986 4480 3103 4535 haec
3133 4496 3261 4538 vero
3305 4496 3337 4536 a
3361 4481 3640 4553 perfectio-

373 4561 534 4632 gclus
558 4561 649 4618 Dei
681 4581 897 4621 tttauum
931 4585 1080 4624 suam
1118 4572 1170 4625 in
1204 4571 1530 4639 Jerusalem,
1563 4585 1619 4629 ιιι
1647 4591 1962 4648 corrumpe-

376 4661 466 4707 ret
496 4669 638 4717 eam,
663 4668 717 4711 et
737 4659 1060 4728 deprecatus
1081 4673 1162 4717 est
1195 4665 1452 4719 Dominus
1485 4681 1648 4735 super
1675 4668 1954 4734 malitiam,

376 4752 427 4794 et
454 4742 532 4796 ait
557 4746 622 4799 ad
661 4747 916 4816 angelum
952 4752 1042 4819 qui
1082 4754 1478 4810 cxtermiuabat
1504 4756 1789 4826 populum:
1817 4756 1959 4814 Satis

377 4846 483 4898 cst,
521 4838 735 4891 remitte
762 4855 980 4896 manum
1016 4853 1183 4900 tuam.
1216 4864 1234 4896 ι
1277 4845 1518 4903 Observa
1541 4863 1668 4917 ergo
1689 4852 1956 4920 quomodo

376 4940 481 4980 nec
535 4927 586 4979 in
635 4929 699 4983 iis
734 4932 908 4988 tribus
956 4937 1469 4994 comminationibus
1503 4941 1641 4995 Deus
1681 4941 1956 4998 invenitur

377 5017 443 5070 de
477 5031 651 5074 morte
681 5023 886 5080 dixisse
921 5028 1084 5081 trium
1126 5029 1358 5088 dierum.
1387 5031 1440 5086 ltt
1465 5033 1645 5088 verbis
1671 5035 1814 5088 enim
1835 5034 1952 5090 Gad

376 5111 610 5176 positum
641 5123 740 5177 est,
775 5132 880 5172 non
915 5119 966 5172 in
1004 5122 1267 5176 mandatis
1303 5123 1512 5179 Domini
1543 5141 1557 5177 :
1591 5133 1643 5179 et
1681 5141 1786 5180 non
1811 5141 1954 5181 sem-

378 5215 472 5268 per
500 5217 561 5257 ea
593 5220 714 5275 quas
745 5223 842 5277 per
886 5213 1204 5280 prophetam
1235 5215 1510 5282 dicuntur,
1559 5218 1712 5288 quasi
1760 5233 1787 5271 a
1847 5220 1953 5275 Deo

377 5292 520 5348 dicta
569 5299 946 5367 suscipiuntur
1005 5302 1144 5374 (66).
1191 5305 1428 5376 Denique
1476 5317 1531 5362 ct
1587 5324 1682 5378 per
1731 5308 1948 5380 Moysen

379 5387 597 5453 quidem
635 5391 802 5446 multa
834 5392 1048 5450 locutus
1077 5405 1159 5451 est
1193 5399 1354 5462 Deus,
1386 5399 1658 5470 aliquanta
1692 5411 1870 5457 tamen
1898 5413 1953 5458 et

449 5499 655 5574 "don.
694 5521 769 5570 XI,
799 5507 852 5560 2.
932 5510 974 5539 ³⁵
999 5509 1120 5566 Jon.
1156 5527 1238 5569 ιιι.
1275 5511 1324 5573 l,
1353 5512 1407 5574 ἓ,
1435 5512 1559 5570 ll.
1639 5515 1684 5545 ³⁸
1719 5515 1846 5569 ibid.
1882 5517 1964 5571 ΙΟ-

380 5568 430 5622 8.
501 5572 546 5604 ιο
579 5576 708 5628 ibid.
745 5568 798 5642 ι,
830 5577 882 5631 5.

381 5652 528 5705 xvttt,
561 5646 652 5698 7-l
668 5646 719 5699 0.

964 5580 1158 5634 “ibid.
1193 5582 1246 5634 6.

803 5641 841 5679 ‘7
885 5650 1040 5703 Num.
1073 5665 1230 5716 xxm,
1263 5651 1352 5706 20.
1435 5655 1478 5684 ⁸⁸
1512 5653 1640 5709 ibid.
1679 5641 1768 5710 9.1.

2044 5517 2086 5548 ³⁷
2121 5516 2253 5573 ibid.
2283 5515 2337 5570 4.
2411 5513 2462 5548 ³⁸
2488 5513 2529 5567 ll
2557 5513 2688 5581 Reg.
2728 5530 2874 5578 xxnv,
2919 5513 3102 5578 "-16.

1325 5583 1370 5614 “
1409 5583 1424 5636 Ι
1461 5582 1586 5637 Cor.
1625 5599 1719 5644 vn.
1759 5587 1844 5639 10.
1921 5587 1967 5619 ³³
2009 5587 2139 5642 ibid.
2188 5587 2275 5641 19..

2068 4571 2217 4626 ribus
2241 4571 2510 4628 secretius
2535 4573 2865 4630 advertenda
2881 4573 3046 4628 sunt?

2133 4668 2186 4720 5.
2233 4658 2341 4721 Sed
2384 4675 2510 4736 post
2547 4667 2660 4722 haec
2710 4667 2925 4724 Balaam
2963 4687 2977 4723 :
3019 4685 3037 4720 ι
3086 4667 3224 4725 Ecce
3270 4670 3446 4740 inquit
3464 4669 3532 4736 ⁸⁷,
3567 4671 3638 4724 ad

2062 4755 2491 4811 benedicendum
2524 4766 2836 4827 assumptus
2863 4771 3010 4822 sum,
3043 4755 3382 4825 benedicam,
3427 4767 3482 4816 et
3528 4773 3637 4812 non

2065 4857 2306 4903 avertam
2341 4864 2483 4904 eam.
2519 4867 2538 4901 ι
2571 4848 2650 4902 Ad
2705 4848 3130 4904 benedicendum
3165 4847 3383 4903 Balaam
3431 4862 3638 4903 assum-

2065 4951 2187 5010 ptus
2212 4949 2318 5004 est,
2355 4956 2460 4996 non
2485 4955 2513 4995 a
2549 4939 2772 5004 Dalach,
2802 4939 2896 4993 sed
2932 4955 2960 4992 a
3006 4940 3133 5003 Deo,
3165 4939 3255 5009 qui
3296 4938 3485 5010 injecit
3515 4955 3638 4995 ver-

2061 5034 2186 5090 bum
2215 5034 2266 5088 in
2309 5049 2371 5090 os
2393 5033 2532 5104 ejus,
2561 5046 2668 5102 quo
2702 5030 2954 5100 populum
2989 5030 3357 5096 benediceret,
3409 5040 3463 5086 ct
3496 5032 3636 5086 hanc

2065 5123 2498 5179 benedictionem
2519 5138 2627 5178 non
2648 5121 2866 5176 avertit.
2902 5119 3010 5174 Nec
3033 5121 3175 5174 enim
3201 5130 3394 5190 potest,
3421 5121 3634 5177 etiamsi

2063 5214 2213 5282 velit,
2246 5216 2470 5270 verbum
2498 5213 2592 5268 Dei
2624 5214 2859 5267 humana
2897 5213 3084 5282 lingua
3131 5221 3471 5270 convertere.
3503 5212 3633 5268 Post

2065 5307 2178 5362 haec
2221 5323 2234 5358 :
2276 5325 2294 5359 ι
2330 5305 2447 5360 Non
2474 5306 2598 5370 erit,
2635 5303 2809 5373 inquit
2851 5303 2916 5368 δε,
2963 5301 3117 5358 labor
3148 5305 3201 5359 itt
3234 5303 3422 5372 Jacob,
3457 5320 3634 5374 neque

2064 5401 2334 5455 videbitur
2365 5398 2521 5455 dolor
2549 5401 2600 5452 in
2635 5397 2820 5453 Israel.
2860 5416 2877 5449 ι
2907 5397 3108 5468 Aperte
3132 5397 3183 5453 in
3211 5397 3332 5454 istis
3363 5398 3632 5453 sermoni—

3180 5512 3224 5545 ³⁹
3277 5513 3464 5568 Matth.
3523 5528 3630 5574 nx,

2352 5586 2397 5618 “
2441 5585 2574 5641 ibid.
2616 5583 2706 5640 25.
2783 5585 2830 5618 ⁸⁸
2863 5587 2902 5642 ll
2950 5587 3075 5644 Cor.
3131 5584 3330 5649 “.17.
3407 5585 3456 5618 ιθ
3520 5583 3630 5638 Jer.

449 5751 558 5820 (66)
590 5757 759 5824 Alias,
808 5779 825 5812 ι
867 5760 975 5820 dici
1012 5763 1403 5832 suscipiantur.
1449 5786 1466 5817 ι
1510 5765 1617 5821 Sed
1665 5785 1766 5824 ms.
1795 5777 1848 5825 ut
1883 5771 1934 5826 ιιι
1969 5779 2154 5827 nostro
2189 5779 2359 5827 textu.
