4086 6218
468 305 573 361 ηοδ

1903 306 2225 363 ORIGENIS

3610 318 3721 377 696

475 429 575 479 bus
609 422 797 477 futura
836 420 959 476 vitae
988 420 1272 476 denuntiat
1313 430 1537 478 statum.
1575 422 1709 489 Quis
1744 424 1886 478 enim
1935 433 2040 483 est.
2074 428 2117 482 Λ
2147 432 2233 476 est
2259 422 2426 492 gloria
2471 421 2772 477 unicornis.
2810 420 2902 476 Sic
2938 421 3083 475 enim
3108 411 3161 475 ei
3198 425 3312 487 ipse
3345 420 3397 474 in
3429 418 3715 490 Evangelia

472 517 569 584 qui
603 516 742 569 hanc
774 514 939 567 vitam
971 511 1089 568 sine
1134 512 1322 568 labore
1368 524 1422 569 et
1451 514 1639 570 dolore
1666 516 2044 569 transcurrat?

474 607 585 662 Nec
616 608 660 661 si
689 604 885 660 Petrus
915 603 1129 673 aliquis,
1163 613 1257 658 aut
1307 605 1351 659 si
1405 604 1602 659 Paulus
1631 606 1723 663 sit.
1763 606 2044 674 Quomodo

475 714 581 753 non
618 698 670 752 in
702 696 887 751 labore
920 704 974 749 et
1002 696 1189 751 dolore
1214 704 1298 750 est
1332 712 1455 750 cum
1479 706 1564 751 ter
1596 698 1764 769 virgis
1782 699 2040 764 creditur,

471 788 638 845 semel
662 787 950 858 Iapidatur,
979 797 1060 842 ter
1086 787 1431 856 naufragium
1483 788 1636 854 facit,
1692 790 1741 843 in
1777 789 2043 859 profundo

474 881 643 934 maris
674 880 760 934 die
787 895 851 935 ac
865 890 1023 935 nocte
1042 887 1147 942 est,
1170 878 1384 947 aliaque
1408 878 1690 933 innumera
1722 883 2041 951 perpetitur,

470 987 590 1042 quae
617 971 682 1025 de
717 971 992 1027 laboribus
1034 972 1147 1027 suis
1184 986 1249 1025 ac
1282 971 1561 1026 doloribus
1605 973 1799 1028 scribit
1825 973 1907 1027 ‘9?
1938 974 2041 1029 Sed

471 1063 543 1116 ibi
592 1062 733 1117 istud
763 1062 1141 1131 complebitur,
1175 1062 1268 1116 ubi
1316 1062 1519 1117 dictum
1562 1073 1643 1118 est
1681 1081 1693 1116 :
1734 1083 1753 1115 ι
1792 1065 2044 1136 Aulugiet

468 1154 643 1219 dolor,
678 1162 732 1208 ct
766 1154 1009 1218 tristitia,
1039 1164 1091 1208 et
1120 1154 1353 1224 gemitus
1380 1154 1448 1209 ‘°.
1490 1172 1511 1208 ι
1555 1155 1705 1222 Quod
1733 1165 1910 1210 tamen
1935 1172 2039 1213 non

468 1244 533 1297 ad
561 1257 775 1306 omnes,
799 1243 895 1297 sed
928 1244 992 1297 ad
1029 1258 1124 1299 eos
1158 1251 1394 1311 tantum,
1420 1246 1509 1314 qui
1556 1248 1765 1303 meritis
1788 1246 1956 1303 Iacob
1989 1258 2043 1302 ct

470 1333 637 1387 Israel
667 1332 888 1401 fuerint,
914 1334 1146 1390 refertur
1172 1354 1185 1389 :
1221 1345 1279 1389 ιιι
1308 1336 1407 1391 I'uit
1432 1337 1521 1392 ille
1555 1354 1759 1408 pauper
1780 1339 2039 1403 Lazarus,

472 1424 565 1493 qui
600 1435 923 1493 praesentem
958 1427 1178 1497 quidem
1214 1429 1379 1482 vitam
1420 1430 1471 1483 in
1508 1429 1695 1485 labore
1743 1446 1807 1486 ac
1856 1431 2041 1487 dolore

470 1516 755 1587 transegit,
795 1517 865 1573 ibi
897 1528 1075 1573 autem
1098 1519 1299 1574 dicitur
1331 1520 1395 1574 ad
1422 1522 1674 1575 divitem:
1703 1541 1720 1573 ‹
1744 1521 2037 1590 Memento,

466 1603 564 1669 Illi,
597 1605 721 1675 quia
759 1615 810 1660 tu
846 1608 1103 1677 recepisti
1146 1610 1285 1663 bona
1320 1610 1373 1662 in
1416 1612 1527 1664 vita
1564 1622 1679 1677 tua,
1720 1620 1774 1666 et
1804 1611 2040 1667 Lazarus

465 1697 721 1751 similiter
745 1698 903 1751 mala.
938 1697 1090 1753 Nunc
1121 1709 1301 1754 autem
1354 1701 1439 1754 hic
1471 1702 1786 1769 requiescit,
1820 1713 1871 1757 tu
1910 1720 2040 1759 vero

465 1786 729 1840 cruciaris
764 1786 831 1841 ⁸¹.
873 1806 891 1839 ι
929 1786 1023 1841 Ille
1074 1804 1205 1859 ergo
1260 1798 1343 1844 est
1396 1790 1581 1855 Israel,
1640 1801 1695 1846 et
1730 1791 1917 1859 Iacob,
1985 1796 2036 1849 in

466 1893 625 1948 quem
672 1894 781 1934 non
828 1880 974 1936 venit
1009 1880 1179 1943 labor,
1229 1890 1284 1935 et
1315 1882 1489 1935 dolor.
1534 1882 1692 1938 Dives
1738 1894 1915 1939 autem
1952 1887 2038 1941 ille

467 1979 586 2025 erat
613 1971 831 2039 quidem
863 1982 917 2027 et
946 1972 1060 2042 ipse
1100 1974 1398 2028 secundum
1426 1990 1643 2030 carnem
1673 1977 1857 2043 Israel,
1900 1979 2036 2034 dici-

471 2071 560 2116 tur
590 2062 733 2115 enim
765 2062 837 2129 ei,
877 2063 1004 2132 quia
1053 2062 1254 2119 fratres
1293 2064 1377 2118 sui
1423 2066 1624 2121 habent
1654 2066 1798 2136 leges
1830 2076 1885 2123 et
1913 2083 2038 2139 pro-

467 2153 682 2224 pltctas,
703 2155 931 2209 audiant
951 2154 1165 2222 illos";
1195 2156 1287 2211 sed
1315 2156 1438 2225 quia
1477 2174 1581 2212 non
1600 2167 1717 2214 erat
1738 2159 2035 2213 secundum

465 2246 717 2316 spiritum
737 2246 926 2312 Israel,
953 2248 1074 2303 ideo
1099 2249 1249 2304 venit
1264 2264 1428 2317 super
1445 2250 1596 2304 illum
1616 2251 1769 2307 labor
1789 2261 1843 2306 et
1860 2252 2033 2307 dolor.

532 2339 587 2395 6.
609 2356 627 2390 ι
657 2338 915 2395 Dominus
948 2339 1093 2396 Dens
1124 2356 1256 2396 suus
1289 2357 1411 2396 cum
1439 2342 1576 2412 ipso,
1603 2344 1861 2413 prmclara
1889 2344 2037 2414 prin-

463 2429 647 2499 cipum
711 2446 833 2485 cum
869 2432 988 2501 ipso
1036 2433 1260 2487 sunt“.
1298 2451 1316 2484 ι
1368 2432 1655 2503 Nunquam
1685 2434 1831 2488 enim
1873 2433 2036 2490 Israel

463 2537 622 2576 suum
652 2524 858 2578 deserit
890 2522 1051 2578 Deus.
1084 2524 1324 2591 Quorum
1363 2536 1540 2579 autem
1568 2526 1869 2597 principum
1894 2543 2034 2596 pras-

465 2612 614 2667 clara
655 2628 779 2669 cum
838 2614 956 2685 ipso
1004 2611 1171 2668 Israel
1227 2614 1370 2680 sint,
1420 2616 1717 2670 videamus.
1770 2614 2035 2671 Praeclara

463 2705 792 2774 principum,
834 2714 1076 2776 potestas
1131 2714 1237 2771 est,
1296 2706 1629 2777 principatus
1678 2718 1732 2763 et
1787 2722 2032 2779 regnum.

468 2794 663 2852 Verum
694 2797 951 2866 quoniam
984 2807 1109 2852 sunt
1148 2809 1205 2853 et
1251 2798 1419 2869 aliqui
1473 2798 1778 2869 principes,
1826 2799 1917 2869 qui
1970 2800 2036 2854 de

461 2890 769 2961 principatu
819 2905 939 2954 suo,
971 2890 1054 2945 vel
1086 2891 1357 2961 pellendi,
1392 2893 1473 2946 vel
1495 2892 1606 2960 jam
1639 2892 1785 2949 forte
1823 2892 2035 2963 depulsi

466 2991 610 3047 sunt,
657 2992 711 3037 et
754 2982 808 3037 in
851 2980 1030 3036 locum
1067 2998 1131 3037 ac
1170 2982 1534 3054 principatum
1566 2998 1753 3038 eorum
1785 2984 2031 3039 introdu-

2151 515 2409 570 Dominus
2444 515 2576 569 dicit
2612 531 2625 567 :
2663 534 2681 566 ‹
2720 514 2904 579 Pater,
2939 516 3003 568 da
3038 513 3166 578 illis,
3194 514 3416 569 utsicut
3442 528 3543 582 ego
3572 526 3626 569 et
3659 526 3713 570 tu

2147 623 2312 661 unum
2355 621 2576 671 sumus,
2610 607 2683 661 ita
2715 616 2770 661 et
2813 606 2898 659 isti
2949 605 3001 659 in
3056 604 3213 659 nobis
3245 621 3412 660 unum
3447 605 3556 660 sint
3582 606 3653 660 ⁸⁹.
3690 626 3708 659 ι

2145 698 2213 752 Ει
2243 700 2365 754 ideo
2396 698 2590 754 similis
2622 698 2794 767 gloria
2831 698 3053 751 dabitur
3078 696 3283 759 Israeli,
3315 697 3453 751 sicut
3483 705 3569 752 est
3596 696 3715 767 glo.

2148 790 2223 843 ria
2256 790 2561 857 unicornis,
2604 790 2839 844 maxime
2896 803 3019 843 cum
3074 786 3482 841 transformabit
3513 803 3714 855 corpus

2148 880 2472 936 humilitatis
2498 890 2697 935 nostra
2728 879 3011 935 conlorrne
3034 879 3254 949 corpori
3287 877 3468 946 gloriae
3498 895 3611 932 suae
3644 880 3712 932 “.

2216 974 2267 1027 7.
2301 991 2320 1024 ι
2362 971 2479 1027 Νοιι
2506 974 2607 1027 erit
2637 972 2918 1042 auguratio
2947 971 2999 1025 in
3033 970 3220 1035 Iacob,
3246 985 3420 1039 neque
3456 970 3715 1027 divinatio

2146 1067 2198 1120 in
2234 1066 2423 1120 Israel.
2466 1065 2525 1119 In
2584 1075 2829 1133 tempore
2865 1064 3080 1118 dicetur
3110 1064 3176 1115 ad
3224 1061 3393 1117 .Iacob
3443 1072 3497 1117 et
3550 1064 3712 1119 Israel

2142 1156 2271 1224 quid
2325 1155 2576 1225 periicict
2618 1156 2762 1209 Deus
2796 1156 2866 1209 ³³.
2903 1172 2921 1205 ι
2951 1153 3116 1223 Igitur
3144 1153 3397 1221 quoniam
3429 1154 3602 1207 visum
3629 1162 3715 1206 est

2136 1246 2249 1314 jam
2291 1246 2449 1303 nobis
2485 1246 2798 1315 diligentius
2824 1246 2889 1300 de
2926 1244 3160 1313 singulis
3189 1244 3496 1313 quibusque
3525 1244 3711 1300 discu-

2145 1349 2280 1403 tere,
2313 1353 2418 1392 non
2443 1338 2716 1392 videbitur
2749 1337 3067 1401 absurdum,
3094 1338 3139 1392 si
3162 1338 3323 1391 etiam
3351 1336 3479 1406 quid
3514 1337 3586 1391 sit
3614 1353 3713 1391 au-

2143 1431 2393 1499 guratio,
2458 1429 2543 1483 vel
2598 1428 2883 1493 divinatio,
2938 1429 3196 1497 quoniam
3246 1428 3461 1497 quidem
3516 1428 3715 1497 placuit

2142 1523 2442 1592 Scriptura:
2470 1535 2897 1579 commemorare
2922 1520 2989 1575 de
3028 1520 3116 1583 iis,
3151 1534 3217 1574 ne
3245 1520 3364 1588 quis
3391 1520 3526 1573 forte
3562 1520 3715 1588 igno-

2142 1624 2333 1670 ranter
2367 1616 2419 1670 in
2452 1619 2569 1670 hcce
2620 1614 2841 1680 incidat,
2903 1612 3265 1681 requiramus.
3327 1608 3554 1664 Videtur
3583 1625 3715 1678 ergo

2144 1707 2274 1761 mihi
2305 1708 2614 1760 futurorum
2652 1704 2994 1774 praescientia
3019 1712 3278 1773 quantum
3312 1703 3377 1756 ad
3406 1702 3573 1770 ipsam
3597 1716 3713 1755 rem

2142 1811 2373 1870 spectat,
2408 1800 2645 1853 medium
2678 1798 2937 1867 quiddam
2982 1811 3122 1861 esse,
3171 1795 3221 1849 id
3262 1804 3344 1849 est
3378 1810 3555 1863 neque
3591 1810 3714 1862 pro—

2140 1893 2255 1962 prie
2284 1892 2507 1954 bonum,
2546 1904 2717 1959 neque
2748 1889 2963 1959 proprie
2992 1888 3191 1941 malum
3224 1903 3238 1940 :
3273 1887 3711 1955 quandoquidem

2140 1994 2321 2056 potest
2357 1984 2628 2038 interdum
2656 1982 2821 2037 etiam
2860 1996 2889 2034 a
2917 1990 3073 2050 parte
3097 1978 3297 2033 diaboli
3332 1978 3397 2031 ad
3433 1977 3711 2031 hominum

2142 2078 2393 2133 notitiam
2434 2077 2740 2130 Iuturorum
2772 2074 2960 2128 venire
2994 2071 3358 2143 praescientia.
3389 2070 3519 2125 Sine
3548 2071 3713 2124 dubio

2138 2178 2319 2222 autem
2350 2182 2475 2222 cum
2512 2175 2723 2235 tempus
2768 2174 2825 2219 et
2852 2163 3235 2234 opportunitas
3265 2162 3462 2232 poscit,
3515 2172 3569 2215 et
3616 2178 3713 2216 vo-

2140 2260 2320 2315 luntas
2355 2260 2445 2314 Dei
2476 2258 2659 2323 fuerit,
2699 2258 2861 2311 datur
2882 2256 3043 2311 etiam
3077 2270 3105 2308 a
3155 2255 3265 2309 Deo
3295 2271 3392 2324 per
3421 2256 3711 2325 prophetas

2140 2352 2453 2407 hominibus
2477 2349 2846 2420 prmscientia;
2871 2358 2928 2402 et
2950 2348 3070 2402 ideo
3087 2348 3346 2411 diximus,
3380 2348 3503 2417 quia
3538 2362 3712 2416 neque

2141 2442 2361 2513 proprie
2392 2443 2593 2496 bonum
2637 2440 2742 2495 dici
2777 2448 2979 2509 potest,
3010 2440 3152 2509 quod
3184 2437 3473 2507 aliquando
3504 2453 3531 2493 a
3571 2438 3713 2493 malo

2139 2533 2319 2598 venit;
2352 2547 2525 2601 neque
2557 2530 2771 2600 proprie
2792 2530 3015 2593 malum,
3051 2530 3195 2598 quod
3230 2528 3514 2597 aliquando
3540 2545 3569 2582 a
3604 2528 3713 2582 Deo

2142 2622 2444 2678 descendit.
2478 2621 2543 2676 Et
2567 2621 2816 2690 quamvis
2839 2622 2904 2675 de
2930 2619 3029 2674 hoc
3062 2619 3404 2674 abundanter
3450 2621 3615 2674 etiam
3644 2634 3712 2673 ex

2141 2710 2441 2781 Scripturis
2492 2710 2691 2765 divinis
2742 2710 2985 2778 exempla
3046 2710 3414 2780 suppeditent,
3470 2709 3714 2765 sitdicere

2143 2814 2323 2859 tamen
2358 2803 2635 2858 credimus
2682 2801 2726 2856 si
2759 2810 2974 2855 utamur
3001 2815 3085 2865 eo,
3135 2800 3280 2869 quod
3320 2800 3370 2853 in
3407 2799 3711 2868 Regnorum

2140 2896 2282 2951 libro
2313 2896 2577 2964 scriptum
2611 2894 2882 2964 legimus:
2916 2893 3006 2947 ubi
3041 2907 3170 2946 arca
3198 2890 3289 2946 Dei
3317 2889 3385 2945 ab
3413 2890 3713 2962 AIIopbylis

2140 2998 2295 3059 capta
2323 2996 2425 3053 est,
2464 2995 2520 3042 et
2552 2967 2783 3043 deducta
2818 2985 2871 3039 in
2899 2986 3155 3045 Azotum.
3186 2992 3240 3038 et
3290 2984 3363 3037 ibi
3401 3000 3419 3034 ι
3455 2982 3705 3036 introdu-

461 3073 617 3128 eendi
651 3072 709 3138 ii,
745 3072 836 3142 qui
873 3087 1003 3127 vere
1040 3072 1297 3129 Israelita:
1326 3082 1473 3141 sunt,
1510 3073 1770 3144 prteclara
1800 3073 1890 3129 illa
1914 3089 2031 3129 om-
2058 3088 2101 3149 α
2136 3081 2372 3144 xerunt;
2397 3078 2571 3149 inquit
2616 3078 2690 3144 δι,
2724 3092 2844 3132 eam
2877 3077 2930 3131 in
2972 3076 3188 3131 domum
3212 3074 3419 3145 Dagon,
3444 3084 3499 3130 ει
3524 3075 3709 3127 inve..-

463 3166 574 3231 nia,
608 3182 726 3236 qua:
756 3166 1063 3221 habuerunt
1096 3167 1147 3219 in
1171 3165 1327 3220 ctelis
1352 3166 1424 3219 illi
1462 3166 1755 3235 principes,
1789 3166 1882 3236 qui
1927 3182 2033 3221 non

461 3257 1207 3328 scrvaveruntprincipatum
1241 3273 1395 3313 suum
1420 3298 1434 3321 ,
1484 3258 1581 3312 sed
1633 3258 2035 3327 dereliquerunt

463 3359 667 3405 aztcrna
691 3348 988 3416 domicilia,
1019 3348 1185 3404 Israel
1212 3350 1315 3406 iste
1358 3359 1413 3403 et
1434 3348 1621 3413 Iacob,
1654 3348 1745 3419 qui
1774 3348 2029 3404 collucta-

462 3450 548 3497 tus
585 3448 671 3497 est
698 3450 751 3497 et
772 3441 924 3507 vicit,
955 3442 1209 3512 accipiet,
1231 3454 1284 3496 et
1318 3443 1397 3497 sic
1421 3458 1539 3497 cum
1572 3442 1690 3512 ipso
1714 3453 1871 3497 erunt
1896 3458 2036 3512 prce-

458 3532 605 3587 clara
640 3534 968 3605 principum.
996 3553 1015 3586 ι
1044 3534 1187 3590 Deus
1210 3532 1303 3603 qui
1326 3534 1514 3590 eduxit
1540 3550 1664 3589 eum
1692 3548 1758 3589 ex
1796 3533 2036 3607 :Egypto

458 3622 600 3679 sicut
631 3622 803 3692 gloria
836 3624 1120 3680 unicornis
1144 3624 1193 3680 ei
1216 3623 1286 3678 “.
1340 3643 1359 3676 ι
1405 3623 1644 3679 Eductus
1673 3634 1755 3679 est
1790 3624 1879 3681 ille
1908 3627 2034 3696 qui-

459 3717 581 3772 dem
622 3716 789 3773 Israel
817 3716 887 3774 de
920 3717 1157 3789 Egypto
1190 3717 1289 3773 ista
1324 3726 1560 3782 terrena,
1594 3716 1683 3771 hic
1714 3726 1894 3773 autem
1922 3720 2033 3787 spi-

459 3810 633 3866 ritalis
665 3810 829 3867 Israel
861 3812 926 3867 de
945 3810 1183 3882 Egypto
1211 3809 1416 3877 saeculi,
1459 3819 1513 3863 et
1540 3809 1607 3865 de
1634 3818 1903 3881 potestate
1952 3820 2034 3865 te-

460 3906 777 3971 nebrarum,
825 3915 881 3960 et
926 3913 1013 3959 est
1052 3903 1225 3974 gloria
1264 3903 1383 3972 ejus
1427 3912 1686 3971 tanquam
1732 3901 2034 3957 unicornis.

464 3998 758 4054 Unicornis
786 3999 1002 4067 quidem
1041 3997 1214 4053 fertur
1242 4010 1363 4051 esse
1391 3996 1595 4051 animal
1617 4010 1682 4050 eo
1708 3994 1893 4049 habitu
1928 3994 2036 4049 Ior-

459 4102 687 4157 matum,
714 4107 821 4159 quo
852 4089 1092 4145 nominis
1119 4088 1288 4157 ipsius
1306 4086 1552 4157 designat
1580 4086 1855 4140 indicitun.
1880 4084 2034 4152 Quod

458 4183 663 4238 animal
693 4181 1011 4251 frequenter
1038 4181 1091 4237 in
1119 4178 1422 4250 Scripturis
1449 4177 1647 4233 divinis
1678 4178 1921 4247 positum
1953 4176 2033 4230 lc-

457 4277 656 4347 gimus,
690 4276 784 4331 sed
819 4275 1092 4346 praecipue
1122 4273 1263 4345 apud
1297 4272 1399 4328 Job
1428 4272 1472 4304 "
1504 4271 1596 4326 Dei
1620 4271 1790 4340 ipsius
1815 4270 2037 4326 vocibus

460 4368 701 4439 potentia
737 4368 854 4439 ejus
889 4377 944 4424 et
974 4368 1144 4423 virtus
1169 4366 1491 4438 exponitur,
1535 4366 1585 4418 in
1626 4363 1842 4435 quibus,
1894 4371 1950 4415 ut
1982 4362 2033 4416 iu

2142 3182 2227 3227 tus
2257 3180 2340 3228 est
2376 3170 2561 3240 Dagon
2594 3169 2851 3224 recidisse
2867 3183 3070 3239 pronus
3095 3168 3148 3222 in
3170 3176 3369 3221 terram
3391 3176 3516 3220 ante
3531 3180 3709 3220 arcam
3744 3174 3747 3177 ‘

2140 3264 2450 3328 testamenti
2483 3261 2717 3317 Domini.
2752 3260 2814 3314 Et
2861 3270 3089 3329 gravata
3133 3266 3219 3313 est
3273 3272 3466 3313 manus
3500 3256 3709 3311 Domini

2139 3370 2306 3423 super
2330 3354 2560 3417 Azotos,
2601 3362 2655 3407 et
2687 3351 2965 3422 dissipavit
2996 3366 3111 3415 eos,
3156 3359 3210 3404 et
3241 3350 3508 3419 percussit
3533 3364 3629 3403 eos
3657 3349 3709 3401 in

2140 3446 2379 3502 natibus.
2413 3463 2430 3496 ι
2462 3444 2594 3499 Post
2640 3444 2777 3508 hac,
2830 3442 3027 3511 inquit,
3077 3441 3319 3510 ingressa
3365 3451 3449 3495 est
3486 3455 3611 3494 arca
3657 3440 3709 3491 in

2140 3540 2409 3604 Accarou,
2441 3546 2496 3591 et
2534 3535 2800 3590 miserunt
2828 3534 3285 3598 Aecaronienses,
3333 3540 3388 3586 et
3416 3545 3711 3601 congrega-

2140 3638 2333 3685 verunt
2361 3642 2549 3683 omnes
2577 3627 2835 3696 Satrapas
2871 3624 3306 3696 Allophylorum,
3344 3641 3362 3673 ο
3402 3631 3459 3675 et
3485 3634 3713 3689 congre-

2139 3728 2405 3791 gaverunt
2435 3718 2745 3773 sacerdotes
2772 3726 2826 3771 et
2853 3716 3070 3771 divinos
3097 3729 3226 3769 suos
3253 3714 3499 3768 dicentes
3530 3729 3543 3764 :
3573 3712 3713 3779 Quid

2140 3811 2407 3866 faciemus
2428 3808 2589 3880 332
2626 3823 2769 3862 arcae
2802 3806 3052 3863 Domini?
3085 3805 3327 3859 Indicate
3378 3804 3534 3859 nobis
3578 3820 3713 3873 quo-

2140 3903 2299 3957 modo
2338 3903 2679 3956 remittamus
2714 3916 2832 3955 eam
2875 3883 2939 3954 in.
2964 3898 3139 3954 locum
3172 3912 3348 3951 suum.
3398 3896 3713 3966 Responde-

2142 4003 2267 4049 runt
2300 3993 2612 4048 saccrdotes
2644 4000 2698 4046 et
2731 3990 2903 4045 divini
2934 4007 2948 4046 :
2994 3989 3050 4043 Si
3081 3988 3358 4044 remittitis
3389 4004 3575 4043 arcam
3612 3988 3714 4041 Do-

2139 4084 2268 4141 mini
2308 4084 2399 4138 Dei
2434 4081 2618 4146 Israel,
2654 4081 2817 4135 nolite
2859 4096 2980 4135 eam
3030 4080 3302 4135 dimittere
3334 4079 3572 4146 inanem,
3617 4077 3711 4131 sed

2139 4179 2330 4231 dantes
2363 4174 2562 4229 dabitis
2588 4173 2637 4227 ei
2674 4188 2771 4242 pro
2814 4172 3033 4235 delicto,
3084 4180 3139 4227 et
3181 4181 3311 4225 tunc
3358 4168 3715 4228 sanabimini,

2140 4277 2196 4323 et
2226 4268 2530 4322 innotescet
2556 4264 2729 4319 vobis.
2756 4263 2849 4317 Sin
2882 4273 3084 4328 autem,
3113 4276 3218 4316 non
3246 4261 3487 4316 discedet
3521 4273 3713 4313 manus

2142 4363 2259 4433 ejus
2305 4376 2333 4414 a
2378 4360 2536 4414 vobis
2567 4359 2633 4413 ".
2671 4378 2689 4411 ι
2729 4358 2793 4413 Ει
2833 4366 2954 4426 post
2992 4369 3159 4424 pauca
3206 4370 3222 4407 :
3268 4373 3286 4406 ι
3337 4354 3402 4407 Ει
3429 4367 3592 4415 nunc,
3632 4350 3713 4403 in—

457 4460 900 4530 quamplurimis,
932 4460 1183 4516 Christus
1206 4458 1519 4528 intelligitur
1547 4456 1845 4526 designari.
1886 4454 1951 4510 Et
1981 4456 2031 4507 in
2067 4456 2111 4516 Ι)
2143 4455 2260 4523 quit
2288 4452 2351 4516 “,
2390 4451 2551 4505 facite
2598 4462 2819 4504 carrum
2867 4462 3090 4510 novum,
3122 4444 3259 4499 duas
3312 4456 3506 4497 vaccas
3553 4440 3715 4493 {mtas

460 4554 765 4623 Scripturis
792 4553 998 4608 divinis
1050 4568 1218 4607 cornu
1257 4567 1353 4620 pro
1398 4566 1563 4617 regno
1615 4548 1848 4618 positum
1897 4561 2039 4616 saepe

469 4646 794 4717 reperimus,
831 4647 973 4702 sicut
1011 4656 1064 4701 et
1099 4645 1358 4717 propheta
1389 4644 1523 4698 dicit
1559 4659 1573 4695 :
1613 4661 1631 4692 ι
1664 4642 1902 4707 Quatuor
1936 4654 2037 4693 an-

467 4748 576 4795 tem
609 4754 840 4805 cornua,
870 4747 1103 4809 quatuor
1153 4750 1317 4805 regna
1350 4743 1477 4789 sunt
1508 4733 1575 4785 ⁸⁰.
1618 4752 1637 4785 ι
1669 4732 1785 4787 Sub
1819 4730 2039 4785 nomine

460 4833 648 4904 itaque
680 4832 983 4898 unicornis,
1024 4832 1075 4886 in
1110 4827 1331 4886 Christo
1386 4828 1487 4882 hoc
1538 4825 1749 4880 videtur
1797 4823 2034 4889 ostendi,

458 4922 586 4991 quia
627 4935 788 4976 omne
813 4920 955 4991 quod
987 4927 1093 4984 est,
1132 4933 1297 4972 unum
1324 4915 1441 4987 ejus
1472 4930 1640 4971 cornu
1668 4923 1772 4979 est,
1804 4912 1905 4968 hoc
1951 4921 2037 4968 est

459 5029 628 5068 unum
682 5028 906 5084 regnum
957 5010 1095 5081 ejus.
1154 5008 1347 5065 Omnia
1401 5008 1548 5064 enim
1604 5007 1759 5063 Pater
1804 5004 2036 5075 subjecit

458 5105 561 5160 sub
588 5104 814 5175 pedibus
841 5103 887 5137 "
914 5104 1032 5174 ejus
1075 5116 1359 5173 usquequo
1391 5110 1447 5156 et
1490 5098 1816 5155 novissimus
1849 5096 2034 5153 inimi-

458 5211 557 5251 cus
594 5197 916 5251 destruatur
953 5209 1119 5261 mors,
1162 5204 1218 5250 et
1259 5204 1517 5262 tanquam
1560 5191 1839 5246 unieornis
1864 5204 2031 5244 unum

456 5288 701 5343 omnium
746 5303 975 5358 regnum
1017 5294 1200 5341 teneat
1244 5283 1519 5349 Christus,
1550 5283 1678 5352 quia
1712 5283 1852 5336 sicut
1896 5280 2033 5337 scri-

456 5391 608 5449 ptum
642 5388 723 5435 est
750 5395 765 5432 :
799 5396 817 5430 ι
853 5377 1023 5448 Regni
1052 5378 1169 5447 ejus
1187 5391 1293 5431 non
1323 5376 1430 5430 erit
1454 5375 1715 5442 ilnis".,i
1746 5374 2031 5443 Eritergo,

460 5472 660 5542 inquit,
688 5474 764 5538 ei,
791 5471 893 5527 hoc
923 5479 1009 5527 est
1048 5467 1238 5527 lsraell
1261 5468 1338 5525 illi
1370 5466 1625 5538 spiritali,
1658 5466 1853 5539 gloria,
1890 5466 2035 5519 sicut

529 5634 573 5666 δ’
598 5635 636 5690 Il
672 5635 799 5690 Cor.
832 5652 908 5691 xt.

464 5722 652 5769 χχχιχ,
696 5706 751 5761 9.
828 5707 874 5739 ⁸⁸
911 5707 1255 5766 Daniel.vtu.
1294 5709 1386 5766 ει.
1483 5709 1528 5747 δ’
1560 5708 1574 5761 |
1602 5709 1729 5763 Cor.
1758 5723 1847 5771 xv,
1879 5706 1969 5759 ‘20.

459 5778 502 5809 “
533 5775 688 5832 Num.
724 5792 880 5840 xxtu,
906 5778 1000 5831 ‘25.
1108 5780 1150 5810 θ’
1181 5779 1195 5832 l
1230 5778 1363 5846 Reg.
1400 5793 1452 5844 v,
1476 5778 1532 5844 2,
1557 5780 1610 5843 ὅ,
1652 5778 1737 5833 10.

1002 5638 1049 5671 ⁸⁸
1074 5638 1193 5693 lsai.
1219 5653 1388 5702 xxxv,
1418 5637 1500 5691 10.
1576 5639 1620 5670 ⁸⁸
1655 5637 1785 5691 Luc.
1809 5652 1921 5701 xvr,
1949 5634 2036 5690 ‘25.

1002 5709 1093 5736 νιζΑΙ
1137 5724 1229 5736 υ...
1294 5709 1363 5736 αι)
1483 5709 1528 5736 Β,
1560 5708 1573 5736 Ι
1602 5709 1710 5736 Ρη.-
1758 5723 1825 5736 νιν
1879 5706 1949 5736 θη

2144 5632 2324 5687 ’ibid.
2364 5630 2458 5685 εί).
2534 5629 2580 5661 ⁸⁸
2643 5627 2804 5683 Num.
2855 5642 3012 5688 χχιιι.
3060 5623 3154 5677 2t.

2141 5705 2248 5736 ιηη
2302 5719 2316 5736 .
2367 5702 2435 5736 xc:
2534 5698 2739 5736 ιςοιηο..
2801 5714 2910 5736 nm
2966 5698 3050 5736 et.
3134 5694 3154 5723 ε

1879 5706 1969 5759 ‘20.
2065 5704 2111 5736 ³⁸
2139 5705 2268 5758 Luc.
2302 5719 2339 5763 I,
2367 5702 2454 5757 55.
2534 5702 2577 5731 ⁵³³
2604 5702 2667 5754 .Io

1869 5776 1952 5830 “I
1984 5776 2116 5847 Reg.
2154 5790 2230 5840 vi,
2260 5774 2314 5840 2,
2348 5772 2402 5837 ὅ,
2436 5780 2487 5827 ct
2517 5785 2673 5841 seqq.

2114 4543 2422 4605 ιιιεειιιιιίιθ,
2453 4542 2650 4610 quibus
2670 4539 2860 4609 jugum
2897 4553 3004 4591 non
3029 4545 3113 4590 est
3139 4535 3473 4604 impositum,
3502 4542 3557 4587 et
3587 4532 3715 4601 jun-

2138 4638 2249 4707 gite
2290 4648 2484 4689 vaccas
2513 4633 2580 4686 ad
2609 4646 2846 4696 carrum,
2875 4640 2929 4684 et
2956 4629 3119 4685 fartus
3144 4643 3331 4683 earum
3362 4638 3507 4681 rctro
3543 4626 3714 4679 abdu-

2138 4729 2249 4784 cite
2270 4727 2337 4781 ad
2364 4726 2581 4779 domum
2614 4738 2628 4774 :
2667 4731 2720 4776 et
2746 4722 3007 4777 assumite
3036 4735 3218 4775 arcam
3254 4717 3486 4783 Domini,
3524 4725 3577 4770 et
3608 4715 3714 4769 im-

2142 4817 2326 4889 ponite
2360 4832 2478 4871 eam
2509 4829 2674 4885 super
2698 4829 2935 4881 carrmn,
2963 4824 3017 4869 et
3058 4827 3185 4867 vasa
3209 4827 3372 4866 aurea
3397 4824 3519 4879 qua:
3550 4808 3715 4863 obtu-

2141 4914 2285 4968 Iistis
2311 4912 2360 4967 ei
2389 4924 2485 4981 pro
2520 4908 2741 4974 delicto,
2769 4906 2929 4962 simul
2974 4906 3155 4976 ponite
3183 4920 3345 4975 super
3389 4918 3631 4967 carrum,
3661 4908 3717 4955 et

2137 5005 2319 5059 omnia
2366 5012 2553 5058 sancta
2617 5002 2771 5065 eius:
2808 5008 2864 5053 et
2916 4997 3173 5053 dimittite
3214 5011 3358 5059 eam,
3401 5004 3456 5048 et
3505 4993 3713 5047 vadat:

2136 5107 2192 5152 et
2211 5097 2410 5161 videte,
2440 5093 2709 5164 siquidem
2742 5090 2893 5144 vadit
2921 5105 3016 5159 per
3046 5090 3188 5143 viam
3218 5101 3376 5142 suam
3402 5095 3457 5141 et
3482 5086 3550 5138 ad
3578 5082 3717 5138 ﬁnes

2142 5204 2274 5247 suos
2325 5186 2571 5243 ascendit
2609 5187 2663 5241 in
2698 5182 3027 5247 Bcthsamis,
3061 5181 3174 5249 ipsa
3230 5177 3386 5231 nobis
3412 5176 3542 5231 fecit
3574 5172 3715 5229 mala

2142 5284 2257 5339 haec
2278 5294 2491 5350 magna.
2518 5279 2578 5334 Si
2610 5288 2788 5333 autem
2822 5293 2927 5332 non
2958 5273 3106 5327 vadit
3128 5271 3283 5334 illuc,
3317 5270 3556 5324 sciemus
3585 5265 3711 5338 quia

2142 5387 2335 5428 manus
2364 5372 2480 5439 ejus
2510 5385 2614 5424 non
2642 5367 2870 5437 contigit
2904 5380 3025 5430 nos,
3050 5364 3143 5418 sed
3166 5361 3392 5417 fortuitu
3424 5360 3537 5414 haec
3560 5357 3717 5412 nobis

2142 5463 2481 5521 acciderunt.
2521 5480 2540 5514 ι
2567 5460 2805 5516 Observa
2839 5472 2970 5528 ergo
3017 5456 3073 5510 in
3102 5455 3193 5521 iis,
3232 5451 3502 5523 quomodo
3530 5461 3705 5505 sacer-

3250 5621 3298 5653 "
3328 5620 3461 5673 ibid.
3548 5616 3595 5648 ⁸⁸
3616 5615 3718 5669 Joh

2534 5700 2577 5731 ‘9
2604 5698 2761 5754 Joan.
2801 5714 2936 5758 xvii,
2966 5685 3054 5749 Si.
3134 5693 3179 5724 ⁶⁰
3227 5692 3463 5761 Philipp.
3501 5704 3585 5755 tn,
3618 5685 3712 5740 Ἡ.

2755 5769 2798 5800 ⁸³
2833 5768 2960 5823 ibid.
2997 5766 3027 5817 7
3054 5773 3109 5819 ct
3132 5778 3285 5834 seqq.
