4086 6218
368 371 472 432 697

1540 373 1605 426 IN
1649 370 1985 428 NUMEROS
2021 371 2308 429 IIOMILIA
2347 370 2487 426 XVI.

3527 370 3634 427 698

365 493 525 548 dotes
565 502 620 549 et
654 491 823 548 divini
863 504 1090 549 causam
1137 490 1425 556 malorum,
1461 506 1583 559 qua:
1640 491 1957 546 acciderant
1988 495 2032 549 Α
2063 506 2192 544 suos
2228 491 2279 544 in
2313 490 2436 560 igne
2472 489 2523 542 in
2567 488 2906 555 Gebennom,
2946 497 2998 543 et
3043 489 3398 554 sortiebatur,
3425 502 3479 544 et
3515 507 3634 545 ma-

363 585 695 656 Allophylis,
725 595 906 639 utrum
936 598 1000 638 ex
1033 599 1194 639 manu
1234 584 1347 649 Dei,
1379 592 1433 638 et
1461 598 1558 651 pro
1587 592 1731 637 arcte
1752 584 1949 654 injuria

364 676 606 743 venerit,
638 690 707 728 an
752 673 976 728 fortuitu
1024 673 1309 739 acciderit,
1356 672 1647 742 pr0positis
1703 684 1950 727 contem-

365 766 591 835 plantnr
622 764 858 825 indiciis,
896 764 1183 820 dicentes:
1221 781 1240 815 ι
1280 763 1338 818 Si
1378 780 1472 834 per
1500 765 1641 818 viam
1692 778 1842 818 suam
1885 763 1951 816 ad

365 855 508 911 ﬁnes
546 869 676 910 suos
712 855 962 909 ascendit
1002 855 1055 908 in
1094 853 1402 911 Bethsamis
1429 896 1443 922 ,
1489 857 1601 926 ipsa
1633 856 1787 910 nobis
1828 855 1955 910 fecit

364 949 489 1003 hate
540 946 680 1000 mala
699 947 765 1001 “.
814 966 833 999 ι
870 945 1111 1015 Denique
1159 946 1210 1001 in
1260 950 1611 1017 sequentibus
1667 948 1948 1003 refertur:

368 1056 395 1091 ε
433 1038 500 1093 Et
547 1052 668 1092 cum
722 1038 1135 1104 imposuissent,
1176 1038 1349 1109 inquit
1393 1041 1460 1107 “,
1501 1056 1684 1097 arcam
1741 1038 1952 1094 Domini

363 1145 540 1200 super
568 1144 808 1194 carrum,
835 1129 1158 1183 direxerant
1188 1130 1353 1185 boves
1379 1131 1430 1186 in
1456 1132 1563 1196 via,
1597 1141 1787 1187 contra
1811 1132 1951 1184 viam

362 1235 493 1289 qua!
530 1219 677 1273 ducit
706 1218 1034 1283 Bethsamis,
1060 1226 1115 1271 et
1156 1234 1260 1273 nou
1296 1221 1709 1277 declinaverunt
1732 1221 1796 1275 ad
1823 1221 1956 1274 dex-

362 1322 537 1377 tram,
569 1323 662 1368 aut
690 1314 755 1367 ad
785 1315 1088 1370 sinistram.
1128 1330 1147 1363 ι
1184 1312 1317 1379 Quis
1350 1328 1484 1383 ergo
1518 1314 1572 1368 i“
1609 1314 1714 1378 his,
1748 1314 1792 1368 si
1829 1314 1954 1367 dili-

364 1418 563 1477 genter
616 1408 870 1476 inspiciat
919 1408 1054 1479 (67),
1105 1406 1503 1475 praescientiam
1540 1406 1680 1459 hanc
1712 1420 1836 1473 quae
1888 1406 1955 1461 de

368 1498 537 1553 boum
575 1500 879 1555 directione
920 1502 1185 1575 praedicta
1218 1507 1322 1565 est,
1351 1499 1436 1553 vel
1472 1497 1747 1551 fortuitam
1786 1496 1950 1559 dicat,

364 1590 457 1643 vel
515 1590 694 1659 aliqua
756 1602 876 1646 arte
928 1592 1315 1661 compositam,
1370 1598 1426 1643 et
1476 1605 1580 1643 non
1636 1590 1956 1658 operatione

363 1682 607 1749 quadam
655 1681 965 1737 dzemonum
1007 1682 1397 1745 ministratam,
1450 1680 1542 1749 qui
1577 1680 1956 1748 pertimuerint

365 1786 517 1825 arca:
544 1770 753 1825 Domini
780 1772 1067 1826 virtutem:
1088 1785 1195 1839 qua
1222 1784 1330 1824 non
1359 1769 1530 1824 solum
1555 1768 1952 1840 aﬁligebantur,

2056 583 2235 637 leﬁcia
2290 581 2542 643 faciebat,
2577 590 2631 634 et
2660 581 3066 649 augurabatur,
3106 589 3159 634 et
3195 580 3327 635 fecit
3366 584 3629 637 ventrilo-

2058 688 2216 742 quos,
2255 673 2645 733 incantatores,
2684 681 2739 725 et
2779 670 3160 740 multiplicavit
3191 681 3248 725 ut
3287 672 3487 727 faceret
3520 692 3635 729 ma-

2058 765 2262 833 lignum
2298 764 2350 817 in
2385 772 2674 831 conspectu
2715 762 2952 825 Domini,
2978 771 3037 814 ut
3068 763 3419 817 exacerbaret
3442 781 3584 821 eum.
3609 786 3628 819 ι

2058 852 2183 907 Ηαεε
2208 867 2339 921 ergo
2372 852 2580 915 omnia,
2629 850 2679 903 id
2709 860 2813 914 est,
2848 849 2960 904 sive
2984 852 3295 920 auguratio,
3336 853 3449 907 sive
3493 854 3635 907 exti-

2057 945 2311 1014 spicium,
2341 945 2454 996 sive
2484 941 2737 1011 quaelibet
2772 942 3095 1007 immolatio,
3130 941 3244 997 sive
3274 943 3438 996 etiam
3472 944 3636 996 sorti-

2058 1036 2155 1101 tio,
2192 1044 2283 1087 aut
2308 1035 2619 1103 quicunque
2648 1041 2826 1085 motus
2858 1032 3065 1096 avium,
3107 1032 3193 1086 vel
3234 1034 3523 1101 pecudum,
3553 1034 3632 1087 vel

2058 1124 2325 1193 inspectio
2358 1138 2692 1193 quaecunque
2726 1125 3010 1190 ﬁbrarum,
3036 1131 3097 1176 ut
3117 1122 3317 1191 aliquid
3348 1123 3414 1177 de
3440 1123 3635 1179 futuris

2058 1218 2349 1270 videantur
2378 1218 2689 1280 ostendere,
2725 1216 2777 1268 in
2831 1212 3153 1282 operatione
3179 1213 3483 1267 daemonum
3516 1213 3631 1268 ﬁeri

2059 1324 2163 1362 non
2207 1307 2415 1371 dubito,
2464 1307 2815 1377 dirigentium
2849 1305 2930 1359 vel
2964 1305 3168 1371 avium,
3220 1303 3304 1358 vel
3348 1305 3637 1373 pecudum,

2055 1400 2138 1455 vel
2171 1399 2434 1453 ﬁbrarum
2468 1407 2665 1461 motus,
2722 1405 2813 1449 aut
2843 1396 3095 1461 sortium,
3128 1397 3423 1451 secundum
3474 1409 3536 1449 ea
3568 1395 3639 1449 si-

2056 1505 2157 1560 gna
2188 1505 2310 1558 qua:
2334 1493 2641 1544 docuerunt
2670 1486 2835 1540 iidem
2860 1486 3135 1540 daemones
3159 1484 3436 1540 observari
3455 1484 3522 1537 ab
3550 1484 3637 1547 iis,

2058 1581 2255 1651 Quibus
2284 1582 2422 1635 artis
2450 1581 2610 1650 hujus
2643 1578 2931 1633 scientiam
2965 1578 3329 1632 tradiderunt.
3368 1577 3411 1629 A
3439 1575 3639 1644 quibus

2057 1674 2336 1738 omnibus,
2388 1674 2433 1727 is
2477 1674 2569 1742 qui
2612 1671 2779 1726 homo
2818 1670 2913 1723 Dei
2948 1678 3055 1734 est,
3083 1678 3137 1723 et
3172 1670 3224 1722 in
3266 1668 3512 1737 portione
3546 1664 3639 1719 Dei

2059 1775 2397 1831 numeratur,
2438 1765 2653 1833 penitus
2686 1780 2805 1818 esse
2832 1761 2994 1817 debet
3025 1760 3257 1823 alienus,
3310 1773 3410 1813 nec
3439 1757 3640 1825 aliquid

363 1875 427 1918 et
463 1859 824 1930 puniebantur
846 1861 1140 1932 Allophyli,
1178 1876 1366 1916 verum
1407 1870 1459 1915 et
1500 1860 1676 1915 cultus
1702 1861 1815 1930 ipse
1842 1862 1951 1915 d;e-
1987 1845 2028 1900 Β
2065 1856 2116 1910 in
2150 1857 2216 1911 iis
2254 1857 2457 1911 habere
2492 1869 2803 1921 commune,
2831 1868 2954 1923 qua:
2980 1852 3209 1907 occultis
3233 1849 3343 1922 (68)
3374 1848 3641 1902 machinis

366 1970 594 2008 menum
651 1953 1077 2018 destruebatur,
1136 1960 1327 2022 utpote
1378 1951 1683 2006 simulacris
1730 1966 1954 2015 eorum,

370 2043 723 2112 templisque,
758 2044 825 2099 ad
866 2045 1175 2115 ingressum
1228 2055 1371 2095 arca:
1401 2041 1613 2095 Domini
1650 2041 1958 2095 corruenti—

368 2135 519 2189 bus?
548 2134 643 2189 Est
669 2150 797 2204 ergo
824 2136 946 2191 talis
971 2136 1214 2204 quaedam
1246 2133 1301 2187 in
1329 2132 1636 2188 ministerio
1662 2131 1956 2201 praescieri-

366 2225 463 2279 tia:
495 2226 737 2294 operatio
772 2227 1101 2289 daemonum,
1151 2238 1272 2292 quae
1300 2222 1510 2277 artibus
1539 2220 1857 2292 quibusdam
1888 2222 1954 2276 ab

363 2318 462 2383 iis,
490 2318 582 2388 qui
614 2334 674 2373 se
700 2318 1035 2373 daemonibus
1088 2317 1540 2386 mancipaverint,
1572 2315 1864 2385 colligitur,
1901 2324 1957 2369 et

364 2424 519 2464 nunc
562 2424 658 2477 per
708 2422 803 2463 eas
845 2423 983 2477 quas
1015 2418 1190 2463 sortes
1226 2410 1533 2473 nominant,
1578 2422 1721 2461 nunc
1760 2421 1859 2475 per
1892 2420 1953 2460 ea

359 2516 493 2571 qua.
509 2501 737 2570 auguria
751 2500 1051 2570 appellant,
1068 2514 1212 2554 nunc
1228 2500 1392 2555 etiam
1410 2513 1473 2553 ex
1494 2497 1955 2568 contemplatione

364 2591 661 2653 ﬁbrarum,
715 2605 836 2658 qua:
881 2589 1164 2660 extispicia
1217 2598 1435 2654 vocant,
1494 2589 1723 2657 aliisque
1758 2587 1952 2642 horum

360 2678 638 2734 similibus
668 2679 958 2750 praestigiis
988 2679 1385 2748 comprehendi
1436 2679 1672 2741 videtur,
1717 2685 1769 2730 et
1797 2677 1957 2731 intel-

366 2770 496 2840 ligi.
534 2768 665 2837 Quae
712 2778 860 2824 artes
908 2770 965 2825 in
1025 2778 1234 2824 tantum
1269 2769 1334 2823 ad
1364 2768 1744 2837 decipiendum
1786 2784 1954 2838 genus

364 2860 655 2915 hominum
690 2862 1064 2932 profecerunt,
1104 2869 1162 2915 ut
1193 2860 1358 2916 etiam
1384 2861 1672 2931 justissimi
1708 2860 1954 2915 Ezechiae

368 2953 521 3010 ﬁlius
554 2955 802 3011 Manassc
838 2956 939 3011 hoc
966 2970 1153 3010 errore
1188 2956 1468 3025 deceptus,
1498 2952 1955 3025 aediﬁcaverit‘(ut

366 3046 658 3115 Scriptura
717 3048 878 3111 dicit)
911 3066 929 3099 ι
967 3047 1141 3102 altare
1198 3047 1345 3101 omni
1398 3047 1659 3103 exercitui
1713 3048 1835 3104 (τωΙὶ
1897 3048 1952 3102 in

365 3149 609 3209 utraque
652 3141 813 3195 domo
863 3139 1077 3194 Domini
1100 3139 1166 3193 ⁸⁷.
1206 3159 1225 3192 ι
1263 3139 1418 3195 Hunc
1456 3150 1634 3195 autem
1661 3155 1781 3194 esse
1809 3139 1956 3193 arbi-

368 3240 489 3283 tror
528 3231 829 3285 exercitum
869 3231 1013 3295 cteli,
1042 3245 1199 3299 quem
1230 3230 1428 3287 Paulus
1453 3232 1726 3300 spiritales
1764 3230 1953 3300 nequi-

371 3323 485 3375 tias
509 3324 561 3375 in
591 3322 910 3377 emlestibus
937 3324 1146 3392 positas
1167 3324 1387 3393 scripsit
1427 3323 1493 3378 ⁸⁸.
1522 3322 1633 3377 Nisi
1661 3340 1790 3394 ergo
1817 3322 1954 3376 mul-

375 3423 491 3464 tum
531 3412 583 3466 in
625 3413 691 3467 iis
729 3415 941 3469 artibus
982 3423 1037 3469 et
1073 3414 1412 3484 deceptionis
1447 3425 1593 3471 esset
1627 3423 1681 3470 et
1725 3413 1951 3475 erroris,

370 3517 484 3556 non
515 3512 643 3571 puto
668 3503 801 3557 tanti
833 3503 929 3559 viri
955 3505 1125 3560 ﬁlium
1159 3508 1212 3560 in
1242 3507 1361 3576 lege
1385 3505 1599 3561 Domini
1640 3506 1952 3568 educatum,

368 3595 429 3648 in
462 3593 581 3649 illas
606 3595 910 3665 itnpietates
943 3598 1185 3665 potuisse
1214 3612 1495 3663 corruere,
1528 3613 1649 3666 qure
1675 3597 1725 3650 in
1757 3606 1955 3664 quarto

373 3683 690 3754 Regnorum
720 3686 858 3742 libro
890 3687 957 3743 de
987 3703 1052 3743 eo
1076 3689 1295 3757 scripta:
1312 3688 1747 3742 referuntur.Ait
1775 3685 1950 3741 enim:

376 3793 398 3827 ι
444 3776 510 3831 Ει
541 3776 899 3844 sortiebatur,
933 3788 987 3834 et
1012 3780 1403 3851 augurabatur,
1429 3789 1482 3833 et
1516 3778 1644 3833 fecit
1666 3777 1952 3849 τεμένη,ει

377 3871 764 3925 transducebat
796 3871 935 3925 ﬁlios
969 3886 1095 3926 suos
1130 3872 1183 3925 in
1214 3872 1369 3939 igne,
1399 3881 1454 3925 et
1486 3871 1747 3939 prteseios
1776 3870 1952 3925 abun-

370 3963 510 4017 dare
545 3961 694 4026 fecit,
736 3971 793 4016 ut
838 3963 1045 4019 faceret
1081 3963 1373 4035 malignum
1426 3964 1478 4018 in
1511 3971 1806 4032 conspectu
1843 3963 1950 4016 Do-

368 4053 526 4118 mini,
558 4064 610 4108 et
635 4055 990 4109 exacerbaret
1019 4070 1140 4110 eum
1171 4056 1237 4109 ε’.
1267 4074 1285 4107 ι
1309 4055 1460 4110 Talia
1497 4072 1627 4127 ergo
1656 4063 1814 4111 erant
1835 4070 1952 4122 quae

366 4145 660 4214 peccabat,
694 4146 976 4216 dequibus
1006 4146 1109 4201 dici
1147 4148 1339 4217 possit,
1372 4148 1501 4218 quia
1538 4148 1589 4202 in
1612 4146 1825 4202 omni"
1851 4146 1954 4199 vir-

370 4242 511 4297 tute,
554 4234 729 4303 signis
758 4243 811 4289 et
846 4236 1106 4306 prodigiis
1144 4236 1499 4292 mendacibus
1529 4235 1953 4293 ﬁerent,“itaut

368 4326 762 4395 deciperentur
801 4329 965 4382 etiam
1007 4329 1191 4384 electi.
1234 4330 1509 4398 Deceptus
1545 4340 1628 4384 est
1677 4329 1820 4383 enim
1855 4344 1953 4399 per

368 4434 499 4474 eum
526 4427 580 4472 et
608 4419 856 4489 pepulus,
895 4431 950 4473 ut
979 4421 1186 4477 faceret
1233 4422 1529 4492 malignum
1571 4422 1623 4475 in
1656 4430 1949 4490 conspectu

2059 1948 2330 2003 daemones
2360 1959 2688 2018 operantur:
2709 1964 2776 2002 ne
2807 1948 2943 2001 l'orte
2968 1962 3155 2002 rursus
3177 1961 3273 2015 per
3305 1945 3418 1999 haec
3441 1942 3642 1997 daemo-

2060 2040 2220 2093 nibus
2264 2044 2526 2104 societur,
2584 2050 2746 2110 atque
2774 2054 2963 2093 eorum
2996 2040 3192 2109 spiritu
3232 2048 3287 2093 et
3319 2040 3522 2092 virtute
3557 2051 3643 2091 re-

2056 2130 2288 2198 pleatur,
2322 2142 2378 2187 et
2409 2133 2476 2186 ad
2514 2132 2785 2185 idolorum
2839 2131 3046 2185 cultum
3098 2132 3275 2185 denuo
3326 2137 3637 2197 reparetur.

2058 2222 2184 2276 llaec
2213 2225 2355 2277 enim
2386 2224 2566 2277 omnia
2611 2224 2801 2292 religio
2852 2232 3036 2277 nostra
3087 2222 3268 2276 divina
3318 2230 3373 2275 et
3402 2220 3642 2276 cmlestis

2060 2313 2295 2383 abjurat,
2331 2316 2385 2369 in
2423 2315 2666 2369 Levitico
2700 2315 2919 2385 quidem
2952 2321 3139 2383 aperta
3175 2312 3292 2380 lege
3324 2312 3641 2381 designans,

2058 2407 2347 2463 etdiccns:
2375 2424 2393 2457 ι
2421 2405 2537 2462 Non
2557 2405 2893 2467 divinabitis,
2921 2418 3093 2472 neque
3119 2402 3636 2473 augurabimini".i

2058 2498 2125 2552 Et
2176 2510 2303 2569 post
2334 2513 2507 2568 pauca
2536 2514 2550 2551 :
2583 2516 2600 2547 ι
2631 2494 2747 2550 Non
2799 2495 3331 2564 sequemini,inquit,
3379 2496 3644 2549 ventrilo-

2056 2604 2217 2659 quos,
2245 2605 2342 2645 nec
2374 2588 2744 2659 adjungemini
2779 2590 2844 2642 ad
2866 2589 3254 2651 incantatores,
3289 2596 3346 2641 ut
3372 2588 3643 2641 contami-

2056 2683 2262 2737 nemini
2297 2684 2351 2735 in
2379 2682 2479 2749 eis,
2511 2695 2612 2749 ego
2639 2679 2900 2734 Dominus
2930 2678 3075 2733 Deus
3099 2687 3279 2733 vester
3302 2678 3369 2732 ⁷⁸.
3403 2697 3422 2729 ι
3456 2678 3520 2732 Ει
3544 2679 3643 2732 ite-

2056 2788 2176 2828 rum
2214 2775 2267 2829 in
2297 2774 2760 2830 Deuteronomio:
2799 2789 2818 2823 t
2853 2770 2908 2826 Si
2941 2782 3119 2824 autem
3147 2779 3225 2837 tu,
3266 2769 3534 2839 inquit",
3562 2770 3643 2824 in-

2059 2868 2275 2923 troieris
2298 2866 2350 2921 in
2400 2877 2603 2921 terram
2672 2879 2833 2933 quam
2866 2861 3131 2918 Dominus
3158 2863 3302 2917 Deus
3339 2873 3463 2917 tuus
3491 2862 3643 2918 dabit

2058 2958 2183 3022 tibi,
2217 2974 2321 3013 non
2376 2958 2555 3012 discas
2617 2957 2799 3011 facere
2845 2955 3146 3010 secundum
3195 2954 3637 3009 abominationes

2059 3052 2301 3121 gentium
2336 3050 2575 3113 illarum,
2632 3064 2738 3101 non
2791 3047 3103 3100 inveniatur
3144 3046 3195 3100 in
3234 3056 3283 3100 te
3313 3046 3401 3116 qui
3450 3046 3643 3100 lustret

2071 3144 2237 3198 lilium
2270 3157 2444 3203 suum,
2477 3149 2569 3192 aut
2604 3139 2767 3192 ﬁliam
2802 3152 2953 3191 suam
3009 3136 3139 3206 igni,
3178 3152 3354 3206 neque
3390 3137 3642 3191 divinans

2058 3235 2417 3294 divinatione,
2436 3245 2609 3300 neque
2620 3230 2856 3297 sortieus
2876 3229 3135 3292 sortibus,
3154 3243 3327 3297 neque
3341 3227 3638 3292 maleficus,

2057 3340 2233 3394 neque
2253 3325 2581 3384 incantatur,
2604 3336 2781 3388 nequc
2802 3318 3199 3389 ventriloquus,
3226 3332 3399 3386 neque
3418 3324 3639 3385 porten-

2058 3427 2233 3471 torum
2255 3414 2718 3481 inspeetor,ueque
2740 3413 3084 3478 interrogans
3103 3417 3366 3461 mortuos.
3384 3407 3478 3461 Est
3494 3406 3640 3460 enim

2056 3503 2387 3559 abominatio
2401 3500 2650 3566 Domino,
2667 3499 2842 3553 omnis
2857 3500 2945 3566 qui
2966 3497 3097 3552 facit
3114 3499 3246 3552 haec.
3264 3497 3492 3566 Propter
3510 3498 3642 3552 istas

2056 3590 2200 3646 enim
2219 3588 2647 3644 abominationes
2664 3585 2925 3641 Dominus
2945 3586 3085 3641 Deus
3106 3594 3229 3640 tuus
3247 3586 3642 3655 evertitgentes

2056 3683 2543 3749 istasaconspectu
2565 3688 2672 3734 tuo.
2707 3699 2725 3731 ι
2760 3678 2817 3733 1η
2867 3679 3065 3747 quibus
3117 3679 3372 3733 omnibus
3426 3678 3641 3731 videtur

2055 3772 2366 3833 ostendere,
2391 3768 2551 3839 333
2570 3771 2695 3839 quia
2720 3772 2899 3824 omnis
2923 3769 3013 3837 qui
3039 3769 3089 3821 in
3111 3767 3179 3822 iis
3203 3778 3475 3829 versatur,
3501 3765 3639 3819 nihil

2054 3865 2198 3919 aliud
2230 3863 2397 3918 faciat
2440 3864 2542 3917 nisi
2586 3871 2831 3918 mortuos
2883 3862 3202 3930 interroget.
3257 3857 3454 3913 Mortui
3513 3866 3639 3911 sunt

2054 3957 2224 4022 enim,
2252 3957 2375 4023 quia
2413 3969 2519 4008 non
2572 3961 2697 4008 sunt
2726 3954 2849 4008 vita:
2902 3952 3214 4020 participes.
3272 3950 3414 4004 Deus
3457 3958 3634 4003 autem

2055 4047 2395 4117 noster(69),
2414 4045 2655 4099 vivorum
2686 4044 2827 4098 Deus
2857 4053 2960 4109 est,
2993 4052 3049 4098 et
3076 4058 3179 4096 non
3205 4051 3541 4096 mortuorum
3561 4040 3630 4093 ".

2055 4140 2150 4194 llis
2184 4148 2362 4194 autem
2398 4137 2653 4193 omnibus
2683 4135 2894 4205 legibus
2928 4135 3146 4190 additur
3180 4135 3342 4188 etiam
3400 4133 3555 4198 illud,
3578 4142 3638 4185 ut

2052 4231 2277 4302 quivult
2310 4246 2432 4286 esse
2466 4230 2761 4299 perfectus,
2805 4244 2834 4282 a
2869 4226 3016 4281 nullo
3068 4226 3175 4281 alio
3209 4226 3403 4290 discat,
3440 4225 3541 4280 nisi
3570 4226 3638 4279 ab

2051 4336 2117 4376 eo
2142 4320 2232 4388 qui
2267 4335 2360 4390 per
2393 4320 2482 4374 Dei
2522 4320 2777 4372 virtutem
2803 4314 2968 4370 fuerit
3000 4314 3209 4371 electus
3260 4315 3549 4385 prepheta,
3577 4324 3637 4369 ut

2055 4413 2329 4467 ministret
2372 4411 2591 4481 populo.
2622 4411 2709 4464 Ait
2738 4425 2869 4480 ergo
2896 4409 2941 4441 "
2980 4425 2995 4464 :
3046 4424 3064 4459 t
3108 4405 3386 4461 Perfectus
3429 4414 3544 4459 esto
3584 4404 3637 4459 in

370 4509 590 4564 Domini
644 4524 808 4578 super
861 4519 1049 4581 gentes
1110 4513 1247 4577 illas,
1302 4525 1441 4581 quas
1491 4512 1952 4565 exterminaverat
1985 4513 2030 4571 D
2058 4516 2350 4574 conspectu
2387 4504 2598 4558 Domini
2624 4504 2715 4558 Dei
2751 4503 2829 4557 tui
2866 4520 2880 4557 :
2920 4510 3109 4571 gentes
3137 4500 3282 4555 enim
3326 4498 3464 4562 istm,
3506 4513 3640 4568 qua-

369 4601 518 4656 Deus
548 4616 576 4654 a
620 4600 760 4656 facie
796 4602 1031 4657 ﬁliorum
1098 4600 1285 4656 Israel.
1342 4601 1447 4658 Sed
1497 4610 1551 4657 et
1613 4601 1664 4655 in
1710 4603 1952 4655 secumlo

368 4691 511 4747 libro
555 4691 1005 4762 Paralipomenon
1061 4691 1261 4746 similia
1317 4690 1671 4746 nihilominus
1715 4691 1783 4745 de
1833 4690 1948 4743 Ma-

368 4797 535 4837 nasse
582 4783 895 4838 scribuntur
939 4803 952 4837 :
995 4802 1013 4834 ι
1066 4783 1131 4837 Et
1162 4782 1312 4846 fecit,
1355 4782 1536 4851 inquit
1571 4783 1641 4848 τ’,
1685 4780 1854 4847 lucos,
1893 4790 1948 4835 et

368 4876 620 4929 adoravit
649 4890 865 4932 omnem
902 4876 1152 4930 militiam
1198 4874 1348 4940 cteli,
1383 4884 1438 4928 et
1489 4875 1713 4929 servivit
1746 4874 1849 4939 eis,
1890 4882 1947 4929 et

370 4968 677 5021 construxit
704 4968 897 5022 altaria
927 4969 978 5022 in
1010 4968 1170 5022 domo
1203 4967 1297 5023 Dei
1333 4967 1423 5022 ubi
1465 4966 1602 5020 dixit
1634 4965 1896 5021 Dominus
1928 4981 1943 5019 :

370 5057 425 5110 In
449 5056 751 5114 Jerusalem
793 5060 900 5115 erit
948 5073 1139 5113 nomen
1175 5074 1352 5114 meum
1391 5059 1444 5111 in
1473 5066 1756 5123 aeternum,
1791 5065 1847 5111 et
1874 5055 1945 5110 ibi

372 5151 631 5206 instruxit
653 5152 847 5219 altaria
874 5152 1020 5205 omni
1051 5149 1469 5221 magniﬁcentia:
1494 5149 1641 5212 coeli,
1670 5149 1723 5202 in
1757 5149 1945 5203 amba-

373 5236 474 5291 bus
521 5238 773 5293 domibus
805 5238 1042 5295 Domini.
1074 5238 1140 5292 Et
1186 5240 1299 5310 ipse
1354 5238 1749 5294 transducebat
1802 5238 1941 5293 ﬁlios

2056 4614 2173 4654 rum
2208 4608 2260 4652 tu
2298 4598 2670 4653 hrereditatcm
2708 4595 2923 4666 cepisti,
2950 4595 3067 4650 ista:
3131 4594 3359 4647 audiunt
3412 4589 3635 4646 sortile-

2053 4705 2150 4760 gos
2178 4699 2231 4744 et
2258 4690 2491 4754 divinos,
2526 4689 2618 4743 tibi
2673 4698 2852 4743 autem
2893 4702 3003 4741 non
3060 4685 3134 4740 ita
3182 4682 3331 4740 dedit
3380 4681 3639 4737 Dominus
3712 4722 3713 4725 η

2054 4782 2197 4836 Deus
2232 4791 2379 4835 tuus.
2406 4780 2731 4851 Prophetam
2766 4780 2913 4837 enim
2961 4777 3027 4832 dc
3054 4777 3231 4831 medio
3293 4773 3366 4828 ttti
3405 4787 3473 4827 ex
3528 4770 3638 4823 fra-

2056 4872 2226 4927 tribus
2253 4873 2360 4927 tuis
2382 4873 2670 4927 suscitabit
2699 4873 2791 4927 tibi
2828 4871 3090 4926 Dominus
3110 4869 3249 4922 Deus
3280 4874 3422 4927 tuus,
3455 4864 3631 4931 ipsum

2059 4964 2293 5020 audietis
2334 4978 2431 5033 per
2469 4965 2651 5019 omnia
2687 4976 3030 5032 quaecunque
3075 4957 3282 5030 petiisti
3317 4971 3346 5009 a
3405 4954 3631 5009 Domino

2059 5059 2167 5112 Deo
2195 5066 2285 5110 tuo
2324 5057 2376 5111 in
2401 5056 2543 5112 Oreb
2568 5056 2620 5109 in
2642 5055 2729 5109 die
2758 5052 3035 5115 Ecclesiae,
3064 5064 3188 5105 cum
3224 5047 3439 5102 dixistis
3470 5065 3482 5100 :
3518 5045 3632 5100 Non

2054 5162 2383 5219 apponemus
2407 5147 2597 5202 audire
2621 5159 2808 5200 vocem
2836 5143 3050 5199 Domini
3071 5141 3162 5196 Dei
3189 5140 3380 5206 nostri,
3399 5148 3453 5193 et
3471 5138 3632 5192 istum

2053 5240 2230 5309 ignem
2284 5252 2538 5309 magnum
2597 5251 2703 5292 non
2751 5236 3059 5293 videbimus
3128 5234 3265 5289 ultra
3315 5246 3383 5287 ne
3430 5229 3634 5286 moria-

443 5382 520 5437 “l
546 5379 680 5450 Reg.
705 5394 780 5451 γι.
808 5381 865 5436 9.
886 5449 898 5451 _
943 5379 987 5410 “
1006 5379 1135 5435 ibid.
1155 5378 1271 5451 12η
1312 5378 1355 5410 ⁸⁷
1373 5376 1549 5451 liﬂeg.
1574 5394 1688 5442 ut,
1713 5380 1767 5435 5.
1812 5380 1857 5413 ⁸⁸
1884 5380 1951 5451 Ep

2056 5396 2126 5443 vt,
2157 5379 2245 5435 i2.
2282 5381 2351 5451 ﬂ“
2380 5378 2446 5433 IV
2478 5378 2611 5441 Reg.
2641 5379 2815 5439 “1,6.
2878 5374 3222 5451 "°_ll_'l“bes_s_.
3244 5388 3302 5451 tt.
3366 5373 3413 5451 ’ξι
3444 5369 3635 5423 Matth.

374 5466 522 5507 xxtv.
598 5447 649 5483 τί
680 5449 720 5504 ll
746 5449 921 5505 Paral.
953 5465 1147 5514 χχχιιι,
1177 5450 1211 5504 3
1242 5447 1299 5506 6.
1395 5450 1443 5482 ⁷⁸
1475 5447 1602 5505 Cev.
1655 5466 1771 5515 xix,
1826 5451 1914 5505 9.6.

374 5519 464 5577 52.
542 5523 586 5552 ⁷⁷
632 5523 795 5575 Deut.
838 5535 989 5584 xvm,
1040 5518 1225 5575 l5—i6.

446 5634 559 5705 (6‘7)
594 5634 873 5699 Inspiciat.
904 5635 995 5689 Sic
1025 5641 1174 5690 recte
1200 5635 1365 5689 habet
1380 5634 1550 5689 codex
1568 5633 1935 5692 Corbeiensis.

373 5703 547 5766 Alias,
574 5724 607 5775 ιγ
632 5706 949 5775 inspiciens.
997 5725 1016 5757 ι

445 5776 559 5845 (68)
592 5774 734 5833 Idem
763 5777 953 5845 codex,
992 5794 1011 5829 ι
1056 5774 1304 5832 occultis.
1353 5793 1369 5828 ι
1401 5775 1547 5831 Alias
1579 5794 1597 5829 ι
1645 5775 1877 5832 occulte.
1918 5797 1935 5830 ι

2020 5451 2069 5483 ’⁸
2100 5451 2231 5507 ibid.
2277 5450 2370 5506 5i.

2466 5451 2520 5483 ’⁵
2554 5451 2708 5505 Deut.
2735 5464 2891 5516 xvrtt,
2916 5448 2972 5515 9,
3002 5445 3090 5500 12.
3166 5443 3214 5476 ⁷⁸
3241 5442 3432 5499 Matth.
3486 5456 3598 5495 ml
3619 5480 3636 5507 ,

2122 5636 2240 5707 (69)
2280 5636 2497 5695 Noster.
2561 5636 2723 5694 Deest
2772 5636 2824 5691 in
2875 5643 3034 5692 antea
3068 5631 3246 5702 editis,
3279 5629 3370 5688 sed
3405 5627 3638 5685 habetur

2051 5708 2105 5763 in
2141 5724 2269 5765 mss.
