4086 6218
459 324 564 380 699

1905 302 2224 357 ORIGENIS

3599 296 3706 349 790

463 449 607 488 llltll‘.
649 451 668 486 ι
698 431 811 486 Νοιι
842 430 952 484 vult
978 429 1118 483 Deus
1140 425 1416 479 auditores
1459 438 1560 477 nos
1611 422 1729 476 fieri
1770 429 1821 474 ct
1864 419 2031 473 disei-
2063 424 2105 479 A
2136 415 2495 485 quodcunque
2547 413 2741 472 horum
2781 410 3040 480 recipere,
3089 427 3155 466 Ite
3206 412 3310 468 iste
3343 413 3560 482 quidem
3591 411 3705 482 ipso

463 523 619 592 pulos
647 524 981 584 dmmonu—m,
1037 532 1213 586 neque
1259 515 1407 579 vult,
1450 524 1506 568 ut
1547 514 1591 568 si
1626 514 1755 580 quid
1788 511 2030 566 volumus

465 614 697 675 discere,
744 613 1013 665 discamus
1056 625 1084 662 a
1131 608 1480 664 daemonibus.
1524 606 1712 660 Melius
1760 614 1841 659 est
1887 605 2031 658 enim

467 703 736 769 ignorare,
795 715 956 770 quam
1001 715 1030 752 a
1063 698 1397 752 darmonibus
1443 695 1654 750 discere
1689 713 1704 748 :
1743 706 1796 750 et
1842 695 2033 750 melius

463 802 600 848 esta
634 793 891 862 prepbeta
939 792 1171 854 discere,
1222 805 1384 858 quam
1415 805 1443 842 a
1481 790 1679 852 divinis
1730 790 2027 857 inquirere.

465 885 734 940 Divinatio
757 885 898 940 enim
926 900 1054 949 non,
1081 892 1139 937 ut
1163 883 1383 951 quidam
1408 892 1618 950 putant,
1655 881 1918 936 divinitus
1939 883 2032 936 da-

465 987 572 1042 tur,
596 976 687 1031 sed
713 976 907 1044 magis,
933 983 991 1028 ut
1010 972 1142 1026 mihi
1171 973 1400 1036 videtur,
1429 987 1526 1039 per
1560 971 1946 1036 antiphrasim,
1981 970 2031 1025 id

460 1071 565 1129 est,
599 1079 663 1117 ex
699 1063 974 1118 contrario
1028 1076 1220 1115 nomen
1273 1061 1505 1127 accepit,
1549 1060 1704 1127 quasi
1767 1074 1888 1128 qua:
1939 1074 2034 1128 per

465 1154 710 1208 homines
760 1152 1094 1207 daemonibus
1153 1153 1384 1220 repletos
1433 1153 1548 1205 liat.
1602 1151 1708 1204 Sed
1754 1150 2032 1222 gentilium

466 1244 600 1298 ritus
627 1243 867 1297 divinum
892 1243 1062 1297 credit
1083 1256 1264 1308 omne,
1297 1242 1440 1310 quod
1472 1257 1568 1310 per
1597 1241 2032 1311 qualemcunque

463 1333 711 1401 spiritum
742 1331 1034 1403 profertur.
1069 1332 1177 1387 Nos
1217 1344 1393 1386 tamen
1448 1332 1581 1386 nihil
1620 1332 1687 1385 ab
1734 1331 1802 1386 iis
1825 1331 2035 1386 discere

464 1423 606 1476 Deus
652 1419 827 1490 jubet,
878 1437 945 1476 ne
994 1421 1292 1476 elliciamur
1339 1433 1619 1474 consortes
1663 1421 1926 1490 ipsorum,
1975 1429 2030 1472 et

463 1513 805 1567 incurramus
845 1515 896 1567 in
923 1527 1012 1578 ea,
1042 1528 1161 1580 qua:
1181 1511 1346 1566 lsaias
1373 1512 1565 1567 dicit”
1599 1529 1612 1564 :
1641 1531 1657 1562 ι
1689 1511 1754 1565 Ει
1779 1510 2031 1565 humilia-

463 1602 666 1655 huntur
695 1603 747 1656 in
787 1612 928 1656 terra
969 1602 1127 1656 verba
1164 1611 1275 1665 tua,
1300 1609 1353 1655 et
1383 1616 1668 1656 sermones
1707 1602 1778 1654 tui
1809 1601 1860 1654 in
1889 1611 2032 1656 terra

464 1693 868 1762 demergentur,
921 1703 978 1747 et
1021 1693 1126 1747 erit
1161 1708 1261 1746 vos
1305 1701 1393 1746 tua
1452 1693 1592 1747 sicut
1640 1692 1912 1760 loquentis
1968 1692 2034 1748 de

2135 508 2348 561 Balaam
2386 505 2721 574 recipiendus
2759 512 2841 558 est
2875 518 2904 556 a
2947 503 3309 560 nobis.Unus
3358 507 3500 560 enim
3540 520 3605 560 ex
3638 506 3709 561 iis

2133 608 2234 664 cst,
2265 613 2401 667 quos
2431 597 2593 665 recipi
2624 595 2874 664 prohibet
2915 594 3096 649 divina
3139 596 3430 651 sententia.
3463 595 3568 650 Sed
3605 600 3706 651 ad-

2133 702 2283 746 verte
2312 690 2640 758 diligentius,
2672 698 2727 742 et
2759 698 3031 744 memento
3075 690 3201 757 quid
3234 689 3288 743 in
3337 690 3708 758 superioribus

2134 783 2382 855 legimus,
2432 785 2524 839 tibi
2575 782 2769 838 dicitur
2814 781 2879 836 de
2923 794 2988 837 eo
3029 781 3154 850 quia
3210 781 3395 850 injecit
3449 781 3707 837 Dominus

2134 877 2357 931 verbum
2386 890 2540 931 suum
2575 875 2627 928 in
2667 889 2728 929 os
2760 876 2896 941 elus.
2947 871 3062 926 Non
3121 888 3252 943 ergo
3310 875 3427 929 bzee
3486 889 3631 930 nunc
3675 890 3703 927 a

2133 965 2369 1030 Balaam,
2400 966 2492 1020 sed
2523 981 2551 1018 a
2580 965 2746 1018 verbo
2773 964 2888 1028 Dei,
2926 965 3067 1033 quod
3107 965 3160 1018 in
3193 981 3290 1020 ore
3327 963 3446 1032 ejus
3485 975 3570 1021 est
3605 981 3704 1035 po-

2133 1057 2317 1122 situm,
2337 1056 2626 1120 discimus.
2653 1055 2764 1110 Nisi
2798 1055 2941 1110 enim
2985 1055 3149 1110 verba
3205 1055 3296 1109 Dei
3350 1069 3554 1121 essent,
3597 1073 3702 1111 non

2132 1164 2193 1202 ea
2218 1148 2399 1216 utique
2431 1147 2721 1202 revelasset
2754 1145 2948 1199 famulo
2998 1160 3095 1199 suo
3130 1145 3318 1216 Moysi,
3358 1162 3477 1216 quae
3516 1149 3704 1214 procul

2134 1240 2337 1308 positus
2365 1255 2486 1292 cum
2521 1239 2588 1292 ab
2619 1255 2684 1292 eo
2719 1237 2831 1306 regi
2879 1237 3078 1291 Balach
3117 1238 3445 1303 dicerentur,
3498 1251 3703 1295 certum

2133 1334 2385 1400 estquod
2425 1331 2526 1384 nisi
2565 1346 2594 1383 a
2631 1329 2740 1384 Deo
2761 1328 2864 1384 sibi
2901 1328 3136 1382 revelata
3169 1328 3377 1398 Moyses
3408 1331 3552 1386 scire
3599 1346 3705 1384 non

2135 1426 2328 1492 potuit.
2365 1421 2557 1475 Adhuc
2591 1429 2769 1474 autem
2804 1419 2870 1472 ad
2903 1417 3282 1473 destruendam
3326 1421 3542 1488 penitus
3571 1421 3708 1476 divi-

2137 1514 2438 1574 nationem,
2465 1510 2547 1566 vel
2579 1510 3006 1581 augurationem,
3049 1521 3214 1580 atque
3246 1512 3348 1566 alia
3380 1513 3710 1582 hujusmodi,

2134 1604 2298 1657 etiam
2343 1603 2444 1656 hoe
2480 1608 2850 1670 competenter
2884 1599 3161 1662 addemus,
3215 1600 3355 1669 quod
3397 1616 3581 1654 omnes
3620 1601 3713 1657 isti

2138 1694 2339 1759 avium,
2384 1692 2466 1746 vel
2517 1691 2828 1745 animalium
2876 1690 3176 1745 ministerio
3207 1701 3454 1758 utuntur,
3496 1693 3592 1746 sed
3627 1703 3712 1745 ta-

465 1755 720 1848 terra,'et
741 1785 806 1836 ad
842 1784 1039 1840 solium
1070 1799 1169 1837 vox
1201 1795 1286 1837 tua
1323 1784 1709 1838 iulirmabitur.
1742 1801 1760 1834 ι
1799 1783 2030 1853 Propter
2065 1755 2108 1808 Β
2139 1785 2268 1838 lium
2307 1800 2427 1853 qua:
2455 1793 2508 1838 et
2534 1781 2806 1837 immunda
2839 1782 3157 1836 scribuntur
3188 1781 3240 1835 in
3271 1781 3405 1851 lege,
3433 1794 3487 1836 et
3516 1782 3708 1836 huma-

463 1873 565 1928 hoc
594 1883 646 1928 et
678 1874 935 1931 Dominus
972 1884 1156 1930 noster
1183 1874 1337 1930 Jesus
1367 1890 1468 1928 non
1500 1874 1752 1943 dignatur
1778 1890 1806 1927 a
1834 1875 2035 1928 dmino-

465 1966 620 2020 nibus
647 1967 893 2036 accipere
927 1969 1315 2032 testimonium,
1348 1967 1444 2022 sed
1469 1968 1543 2019 ait
1576 1987 1588 2020 :
1627 1983 1645 2015 ι
1683 1964 2034 2032 Ohmutesce,

461 2067 516 2110 et
543 2058 625 2110 exi
660 2060 728 2112 ab
767 2073 831 2112 eo
854 2060 920 2112 ⁷³.
960 2078 979 2111 ι
1019 2059 1188 2126 Quem
1218 2059 1380 2114 etiam
1420 2057 1696 2125 apostolus
1732 2073 1860 2112 suns
1897 2057 2037 2111 Pau-

463 2147 546 2202 lus
583 2148 840 2214 imitatus,
897 2150 1084 2205 dolens
1141 2149 1410 2204 convertit
1463 2164 1543 2214 se,
1600 2157 1655 2202 et
1698 2150 1771 2202 ait
1822 2149 2033 2216 spiritui

465 2237 721 2306 Pythonis
754 2257 766 2292 :
801 2257 818 2290 ι
853 2235 1114 2312 Principio
1147 2242 1240 2295 tibi
1275 2242 1326 2294 in
1378 2241 1600 2295 nomine
1647 2238 1775 2294 Jesn
1805 2240 2032 2302 Christi,

463 2326 678 2381 discede
709 2329 780 2382 ab
814 2344 876 2384 ea
919 2330 986 2382 ⁸ο.
1021 2348 1040 2382 ι
1073 2329 1129 2383 ln
1170 2346 1280 2400 quo
1322 2331 1570 2400 requiras
1615 2329 1869 2396 fortasse,
1907 2329 2035 2398 quid

463 2415 650 2471 dolens
700 2417 919 2484 Paulus,
961 2421 1206 2488 increpat
1257 2421 1506 2490 spiritum
1561 2421 1845 2491 Pythonis.
1891 2419 2036 2474 Nun-

462 2505 588 2572 quid
644 2508 842 2576 aliquid
887 2509 1264 2578 blasphemum
1311 2512 1562 2566 dixerat?
1619 2511 1811 2566 Mulier
1859 2512 2027 2574 enim,

467 2597 659 2663 inquit,
688 2597 891 2652 habens
930 2600 1178 2666 spiritum
1220 2602 1476 2671 Pythonis
1517 2605 1848 2671 sequebatur
1897 2602 2037 2656 Pau-

465 2685 596 2752 lum,
627 2696 682 2742 et
713 2703 805 2744 eos
831 2689 919 2758 qui
953 2704 1078 2743 eum
1123 2706 1188 2746 eo
1225 2702 1402 2756 erant,
1433 2702 1485 2746 et
1513 2694 1782 2748 clamabat
1806 2695 2032 2750 dicens:

470 2797 486 2826 ι
514 2777 602 2832 Isti
630 2779 873 2834 homines
897 2782 1039 2836 servi
1067 2791 1193 2836 sunt
1225 2784 1418 2838 summi
1447 2785 1561 2850 Dei,
1586 2786 1678 2854 qui
1712 2787 2037 2841 annuntiant

466 2869 606 2922 viam
649 2871 861 2936 salutis,
895 2881 948 2926 et
975 2873 1076 2926 hoc
1113 2871 1346 2928 faciebat
1378 2890 1474 2944 per
1504 2875 1618 2930 dies
1653 2876 1849 2931 multos
1886 2877 1955 2932 ⁸¹.
2003 2895 2021 2928 ι

467 2959 618 3015 Unde
645 2962 950 3017 ostenditur
976 2980 1079 3017 non
1119 2980 1216 3034 pro
1247 2966 1578 3036 blasphemia
1609 2967 1852 3022 doluisse
1897 2966 2036 3020 Pau-

465 3052 595 3116 lum,
623 3052 716 3105 sed
746 3067 841 3120 pro
881 3070 946 3109 eo
983 3058 1123 3124 quod
1166 3058 1440 3127 indignum
1481 3058 1755 3126 judicaret
1795 3057 2032 3112 sermoni
2063 3082 2104 3139 ε

463 3157 562 3196 suo
591 3142 663 3197 ab
686 3144 876 3214 spiritu
913 3145 1173 3217 Pythonis
1215 3149 1581 3202 testimonium
1635 3150 1776 3203 dari.
1806 3147 1960 3214 Quod
1990 3147 2034 3202 si

463 3235 664 3290 Paulus
685 3238 1051 3292 testimonium
1088 3239 1188 3293 sibi
1227 3238 1349 3293 cuni
1380 3240 1512 3294 dare
1545 3254 1649 3294 non
1683 3241 1910 3309 patitur,
1943 3238 2036 3292 sed

464 3328 607 3382 dolet
629 3343 792 3397 super
823 3328 923 3382 hoc
951 3347 964 3382 :
992 3338 1195 3396 quanto
1234 3330 1407 3399 magis
1447 3331 1630 3384 dolere
1681 3331 1959 3393 debemus,
1990 3329 2033 3382 si

463 3419 680 3487 quando
708 3419 883 3487 decipi
911 3419 1154 3475 videmus
1181 3421 1393 3474 animas
1421 3421 1488 3474 ab
1526 3422 1612 3486 iis,
1643 3423 1732 3488 qui
1772 3421 1918 3476 velut
1954 3423 2034 3476 di-

463 3507 590 3560 vino
618 3507 778 3560 alicui
809 3509 1023 3576 spiritui
1060 3509 1342 3580 Pythonis,
1391 3519 1487 3563 aut
1535 3511 1896 3577 ventriloquo,
1945 3522 2039 3567 aut

463 3596 668 3660 divino,
697 3599 1022 3665 autauguri,
1070 3600 1153 3652 vel
1185 3599 1306 3654 aliis
1349 3598 1688 3668 quibuslibet
1729 3599 2036 3668 bujusmodi

465 3684 801 3740 daemonibus
832 3689 1097 3742 credunt"
1117 3688 1343 3759 Propter
1375 3691 1476 3744 hoc
1503 3704 1635 3759 ergo
1663 3703 1672 3737 :
1714 3708 1730 3739 ι
1771 3689 1884 3744 Νοιι
1910 3692 2034 3756 erit,

466 3774 638 3843 inquit
681 3776 748 3843 ⁸³,
793 3781 1077 3847 auguratio
1115 3781 1165 3834 in
1221 3779 1414 3846 Jacob,
1449 3795 1627 3850 neque
1684 3781 1948 3837 divinatio
1979 3783 2032 3838 in

466 3862 642 3920 Israel.
692 3885 710 3918 ι
741 3867 844 3922 Sed
875 3870 1002 3938 quid
1050 3870 1114 3924 iis
1155 3870 1414 3924 additur?
1456 3889 1474 3922 ι
1522 3870 1578 3926 In
1642 3882 1907 3941 tempore,
1953 3874 2035 3926 in-

465 3958 601 4025 quit,
647 3960 861 4014 dicetur
936 3961 1124 4028 .Iaeob,
1197 3972 1250 4018 et
1312 3963 1520 4032 lsraeli,
1575 3967 1718 4034 quod
1798 3965 2039 4034 perliciet

469 4049 627 4103 Deus.
661 4069 679 4101 ι
723 4050 861 4116 Quid
892 4063 993 4117 est,
1050 4072 1068 4104 ι
1123 4051 1178 4106 In
1231 4063 1473 4122 tempore
1526 4056 1769 4109 dicetur?
1824 4073 1844 4106 ι
1905 4055 2039 4110 Cum

465 4149 698 4208 oportet,
729 4153 926 4197 etcum
963 4147 1200 4214 expedit,
1236 4146 1336 4200 hoc
1384 4157 1487 4210 est,
1535 4166 1552 4199 ¢
1600 4149 1655 4201 in
1708 4157 1969 4217 tempore.
2011 4168 2031 4201 ι

469 4234 524 4286 Si
559 4250 688 4303 ergo
714 4237 931 4306 expedit
959 4253 1296 4308 praenoscere
1338 4255 1439 4294 nos
1473 4238 1676 4304 futura,
1722 4240 1972 4294 dicentur
1998 4257 2027 4295 a

470 4325 578 4378 Deo
603 4341 697 4394 per
733 4329 1053 4397 prophetam
1083 4331 1193 4394 Dei,
1228 4347 1322 4399 per
1357 4331 1623 4402 Spiritum
1670 4342 1938 4387 sanetum.
1977 4333 2033 4388 Si

2139 1889 2208 1928 no
2251 1875 2435 1944 generi
2494 1872 2972 1942 deprehenduntur
3021 1886 3235 1940 semper
3284 1872 3611 1935 insidiantia,
3639 1888 3706 1927 ex

2137 1977 2244 2031 quo
2284 1964 2469 2030 utique
2499 1971 2822 2031 opportuna,
2875 1969 2928 2015 et
2963 1960 3119 2029 digna
3179 1959 3483 2016 ministerio
3513 1966 3708 2018 daemo-

2138 2070 2263 2110 num
2321 2055 2560 2125 jndieata
2610 2063 2755 2108 sunt.
2825 2050 2958 2105 Nam
3024 2051 3350 2122 pythonibus
3407 2054 3712 2124 dracones,

2137 2147 2337 2214 aliique
2363 2153 2640 2215 serpentes
2666 2144 2974 2198 ministrare
3004 2145 3377 2212 perhibentur.
3406 2146 3713 2215 Auguribus

2137 2249 2190 2293 et
2221 2239 2285 2292 iis
2315 2239 2404 2307 qui
2437 2254 2505 2292 ex
2540 2238 2897 2292 incidentibus
2940 2238 3213 2293 divinandi
3259 2248 3480 2308 captare
3515 2248 3708 2308 putan-

2139 2342 2228 2386 tur
2261 2329 2522 2398 auspicia,
2562 2340 2656 2383 aut
2693 2329 2798 2400 lupi
2832 2329 3015 2383 ferunt
3038 2329 3241 2394 omina,
3266 2329 3587 2398 autvulpes,
3617 2340 3716 2385 aut

2135 2422 2449 2492 acetpitres,
2507 2430 2601 2474 aut
2650 2423 2821 2487 corvi,
2872 2429 2964 2476 aut
2999 2421 3214 2490 aquilae,
3247 2430 3340 2476 aut
3368 2421 3472 2476 alia
3524 2422 3710 2491 hujus-

2139 2515 2303 2577 modi,
2330 2528 2448 2582 qua:
2485 2513 2540 2566 in
2577 2512 2694 2582 lege
2720 2512 2930 2584 Moyses
2958 2515 3038 2586 (ut
3068 2513 3325 2582 diximus)
3358 2515 3426 2568 iis
3453 2514 3615 2570 credo
3644 2515 3711 2570 de

2139 2607 2322 2662 causis
2348 2603 2554 2659 notavit
2595 2605 2890 2659 immunda.
2959 2632 2963 2638 -

2205 2696 2258 2750 8.
2295 2696 2419 2749 Post
2446 2695 2559 2749 haec
2584 2714 2596 2749 :
2626 2712 2644 2745 ι
2675 2695 2844 2762 Ecce,
2875 2696 3048 2764 inquit
3068 2735 3082 2758 ,
3123 2694 3350 2764 populus
3387 2695 3526 2749 sicut
3557 2701 3714 2749 catu-

2139 2787 2222 2842 lus
2259 2787 2432 2842 leonis
2468 2794 2724 2857 exsurget
2753 2807 2768 2851 ,
2799 2795 2853 2840 et
2881 2788 3025 2841 sicut
3052 2786 3138 2841 leo
3171 2785 3462 2841 exsultabit
3480 2785 3549 2841 ”.
3597 2804 3616 2837 ι
3647 2785 3706 2841 in

2139 2879 2206 2932 iis
2233 2878 2365 2932 mihi
2397 2878 2606 2932 videtur
2635 2877 3015 2933 confidentiam
3039 2877 3218 2946 populi
3250 2876 3559 2932 describere
3592 2890 3712 2929 ere-

2139 2964 2314 3017 dentis
2353 2963 2404 3017 in
2440 2965 2677 3030 Christo,
2705 2964 3081 3018 etlibertatem
3107 2979 3265 3032 quam
3296 2965 3455 3018 habet
3499 2965 3551 3018 in
3589 2965 3709 3028 fide,

2140 3062 2193 3107 et
2228 3055 2644 3108 exsultationem
2689 3069 2850 3124 quam
2905 3057 3047 3127 gerit
3089 3055 3140 3108 in
3197 3068 3313 3122 5pc.
3358 3054 3712 3125 Comparatur

2140 3145 2279 3197 enim
2325 3145 2502 3199 catulo
2552 3145 2748 3212 leonis,
2806 3161 2926 3200 eum
2984 3145 3154 3199 tendit
3203 3148 3270 3202 ad
3326 3149 3701 3216 perfectionem

2141 3233 2314 3297 lartus,
2344 3243 2396 3288 et
2422 3233 2574 3288 velox
2604 3254 2616 3289 :
2644 3235 2779 3290 leoni
2817 3250 2946 3289 vero
2985 3238 3281 3300 confertur,
3313 3251 3434 3289 cum
3473 3235 3582 3304 jam
3608 3238 3707 3291 ob-

2141 3322 2275 3374 tinet
2307 3339 2425 3390 quzn
2457 3323 2692 3391 perfecta
2726 3334 2872 3382 sunt.
2927 3327 3077 3382 Sicut
3108 3329 3246 3381 enim
3289 3327 3371 3381 leo
3402 3336 3460 3380 et
3502 3327 3712 3382 catulus

2139 3411 2310 3467 leonis
2342 3413 2542 3467 nullum
2597 3414 2817 3479 animal,
2863 3416 3064 3469 nullam
3105 3417 3330 3472 bestiam
3373 3417 3586 3481 timent,
3621 3418 3712 3470 sed

2139 3512 2262 3556 sunt
2306 3504 2384 3557 eis
2427 3515 2618 3558 cuneta
2675 3504 2922 3574 subjeCLa
2974 3527 2985 3562 :
3046 3508 3121 3561 ita
3164 3517 3219 3561 et
3264 3507 3505 3577 perfecto
3551 3507 3716 3579 335

2139 3593 2486 3660 Christiano,
2523 3595 2616 3664 qui
2644 3595 2784 3650 tollit
2809 3611 3027 3651 crucem
3059 3612 3209 3652 suam
3231 3600 3542 3667 etsequitur
3562 3600 3714 3653 Chri-

2139 3693 2304 3760 stum,
2337 3685 2426 3754 qui
2448 3696 2626 3756 potest
2650 3689 2850 3754 dicere,
2893 3707 2911 3740 ι
2948 3689 3076 3744 Mihi
3104 3691 3250 3747 enim
3281 3691 3512 3744 mundus
3539 3693 3712 3745 cruci-

2096 3787 2100 3791 '
2139 3777 2277 3830 ﬁxus
2298 3789 2403 3842 est,
2419 3787 2480 3832 'et
2499 3794 2602 3850 ego
2627 3779 2826 3834 mundo
2847 3781 2912 3845 δ”,
2939 3799 2957 3833 ι
2976 3793 3167 3836 cuncta
3197 3782 3500 3847 calcantur,
3522 3792 3710 3836 cuncta

2139 3868 2374 3935 subjecta
2391 3879 2538 3928 sunt.
2561 3871 2794 3940 Despicit
2813 3873 2956 3928 enim
2974 3874 3340 3929 etcoutemnit
3360 3875 3564 3939 omnia,
3594 3891 3711 3942 qua:

2142 3960 2193 4013 in
2227 3959 2328 4016 hoc
2355 3962 2553 4015 mundo
2572 3971 2719 4028 sunt,
2750 3972 2806 4018 et
2835 3963 3076 4018 imitatur
3096 3979 3216 4020 eum
3252 3965 3340 4034 qui
3374 3967 3457 4020 leo
3479 3967 3543 4020 de
3573 3964 3712 4018 tribu

2138 4050 2272 4106 Juda
2300 4051 2518 4119 dicitur,
2541 4061 2594 4109 et
2622 4053 2834 4107 catulus
2864 4053 3036 4110 leonis
3059 4055 3277 4121 dicitur,
3297 4056 3424 4125 quia
3453 4055 3594 4110 sicut
3620 4054 3711 4108 lux

2138 4152 2219 4197 est
2261 4143 2465 4211 mundi,
2488 4153 2542 4198 et
2573 4145 2849 4213 discipulis
2882 4147 2994 4201 suis
3019 4147 3166 4202 dedit
3195 4158 3251 4200 ut
3291 4157 3343 4201 et
3380 4146 3483 4216 ipsi
3530 4155 3711 4200 essent

2139 4233 2227 4288 lux
2259 4235 2418 4304 hujus
2451 4237 2654 4302 mundi,
2687 4238 2757 4291 ita
2787 4248 2841 4292 et
2873 4255 2998 4294 eum
3024 4240 3138 4308 ipse
3162 4240 3233 4293 sit
3266 4241 3373 4304 leo,
3399 4252 3453 4295 et
3492 4239 3707 4294 catulus

2140 4324 2333 4390 leonis,
2374 4325 2722 4381 credentibus
2762 4328 2813 4380 in
2848 4344 2907 4383 se
2947 4343 3140 4382 nomen
3197 4328 3387 4394 leonis,
3432 4339 3489 4382 et
3545 4327 3704 4383 catuli

470 4429 594 4468 vero
624 4429 727 4468 non
759 4419 1037 4482 dicuntur,
1080 4434 1256 4488 neque
1299 4419 1714 4486 dcnuntiantur,
1746 4421 1882 4475 scito
1913 4421 2034 4490 quia
2070 4411 2113 4464 Ι)
2144 4416 2313 4470 leonis
2340 4416 2605 4486 ascripsit.
2643 4417 2775 4472 Vide
2803 4429 2980 4473 autem
3004 4433 3164 4486 quam
3193 4420 3470 4474 evidenter
3490 4435 3595 4474 non
3638 4420 3704 4474 de

469 4519 574 4557 non
621 4504 778 4559 nobis
833 4507 1051 4576 expedit
1112 4517 1335 4560 ventura
1385 4523 1743 4576 przenoscere.
1789 4507 1941 4573 Quod
1991 4507 2036 4561 si

469 4595 674 4651 idcirco
710 4612 815 4650 non
845 4599 1096 4652 dicuntur
1127 4599 1302 4664 nobis,
1332 4601 1454 4667 quia
1480 4601 1637 4653 nobis
1665 4615 1726 4655 ea
1759 4601 1898 4655 scire
1931 4616 2036 4654 non

469 4691 705 4759 expedit,
735 4691 825 4760 qui
860 4691 1088 4746 diversis
1126 4693 1355 4753 artibus,
1392 4702 1446 4748 et
1468 4694 1772 4748 daemonum
1816 4694 2036 4750 invoca-

473 4780 708 4836 tionibus
735 4782 973 4852 gestiunt
1001 4783 1179 4837 futura
1216 4799 1581 4852 prmnoscere,
1615 4785 1749 4838 nihil
1788 4785 1929 4840 aliud
1956 4788 2036 4840 fa-

470 4871 638 4936 ciunt,
673 4872 774 4926 nisi
806 4888 867 4926 ea
908 4875 1124 4944 cupiant
1181 4875 1413 4941 discere,
1453 4891 1572 4946 quae
1617 4876 1716 4930 sibi
1764 4877 1902 4931 scire
1933 4894 2036 4933 non

471 4966 706 5033 expedit.
752 4963 919 5020 Jacob
967 4975 1147 5019 autem
1196 4967 1249 5020 in
1295 4967 1363 5022 iis
1398 4968 1500 5022 diei
1535 4966 1914 5038 intelligendus
1957 4977 2040 5024 est

471 5057 648 5112 omnis
703 5058 788 5112 cui
847 5057 1119 5115 luctamen
1176 5066 1260 5114 est
1304 5059 1564 5114 adversus
1617 5060 1950 5128 principatus
1985 5071 2040 5114 et

473 5155 794 5212 potestates,
844 5158 899 5203 et
940 5151 1200 5205 adversus
1245 5147 1403 5217 hujus
1441 5150 1624 5203 mundi
1681 5159 1939 5204 rectores.
1979 5149 2044 5203 Et

475 5234 724 5292 lsraelem
744 5237 984 5307 intellige
1001 5255 1238 5305 omnem,
1257 5240 1348 5309 qui
1373 5255 1468 5309 per
1495 5239 1617 5294 fidei
1643 5239 1955 5308 puritatem,
1991 5248 2046 5293 et

476 5328 793 5383 munditiam
841 5331 1038 5386 mentis
1065 5333 1208 5386 videt
1237 5332 1425 5386 Deum.
1476 5330 1580 5385 Sed
1630 5341 1804 5400 potest
1851 5331 2048 5400 aliquis

473 5424 674 5490 dicere,
699 5425 752 5482 Si
789 5443 817 5480 a
849 5425 963 5482 solo
1000 5427 1107 5480 Deo
1153 5427 1411 5482 debemus
1473 5426 1678 5481 discere
1719 5427 1784 5482 de
1832 5427 2041 5485 futuris.

474 5524 530 5566 et
568 5530 741 5582 neque
784 5516 1050 5580 divinum,
1107 5529 1280 5584 neque
1335 5529 1610 5584 augurem,
1677 5532 1850 5584 neque
1903 5517 2045 5568 aliud

1087 5635 1130 5667 ⁷⁸
1165 5634 1328 5688 Marc.
1360 5652 1397 5696 I,
1432 5634 1520 5687 25.

1014 5705 1056 5734 ⁸³
1093 5704 1248 5756 Num.
1287 5720 1438 5766 xxiii,
1466 5705 1558 5756 Ἡ.

535 5632 580 5662 ’⁷⁸
613 5631 714 5686 lsa.
748 5650 898 5696 xxix,
924 5636 974 5689 ι.

476 5702 524 5733 ⁸⁸
557 5702 675 5756 Gal.
707 5717 778 5766 vr,
813 5704 896 5756 H.

1629 5636 1672 5665 ⁸ο
1710 5637 1821 5689 Aet.
1865 5653 1972 5697 xvi,
2013 5635 2092 5688 l8.

1636 5706 1679 5736 εδ
1707 5705 1843 5759 l'sal.
1883 5721 2014 5769 Mill,
2035 5706 2123 5759 32.

2146 4507 2234 4562 illo
2261 4509 2352 4578 qui
2383 4519 2506 4564 tunc
2553 4518 2690 4575 erat,
2727 4510 2941 4580 populo,
2981 4512 3076 4566 sed
3121 4513 3186 4566 de
3227 4513 3326 4566 hoc
3369 4512 3462 4581 qui
3499 4513 3710 4566 futurus

2143 4607 2281 4666 erat,
2306 4599 2408 4654 ista
2436 4599 2708 4655 dicuntur.
2739 4601 2830 4653 Ait
2865 4601 3006 4662 enim
3044 4615 3060 4654 :
3094 4620 3112 4652 ι
3143 4601 3280 4656 Ecce
3310 4602 3533 4672 populus
3572 4601 3712 4656 sicut

2143 4691 2358 4746 catulus
2393 4691 2563 4746 leonis
2591 4699 2863 4761 exsurget,
2887 4699 2940 4745 et
2981 4691 3124 4747 sicut
3162 4693 3245 4748 leo
3269 4694 3559 4749 exsultabit
3584 4695 3652 4746 ⁸³.
3688 4713 3705 4745 ι

2146 4780 2596 4837 Exsurrecturum
2634 4782 2766 4836 dicit
2813 4782 3065 4853 populum
3122 4784 3307 4854 utique
3355 4785 3444 4853 qui
3502 4785 3714 4840 futurus

2145 4883 2289 4928 erat.
2329 4870 2464 4925 Nam
2495 4871 2542 4926 si
2571 4874 2636 4926 de
2666 4886 2730 4928 eo
2751 4873 2956 4927 diceret
2987 4889 3146 4942 quem
3202 4874 3441 4940 videbat,
3494 4875 3715 4931 dixisset

2147 4963 2262 5017 sine
2292 4962 2476 5031 dubio,
2490 4964 2625 5017 Ecce
2650 4963 2875 5033 populus
2907 4964 3047 5018 sicut
3075 4964 3285 5020 catulus
3319 4967 3490 5022 leonis
3519 4982 3715 5021 exsur-

2152 5053 2309 5107 rexit.
2338 5053 2444 5108 Sed
2468 5051 2786 5108 eertum'est
2818 5055 2944 5123 quia
2979 5053 3046 5110 de
3079 5053 3172 5108 illo
3210 5056 3404 5126 pepulo
3451 5058 3619 5121 dicat,
3651 5057 3718 5111 de

2152 5161 2259 5215 quo
2282 5145 2335 5200 in
2354 5145 2581 5203 Psalmis
2610 5146 2869 5216 scriptum
2899 5156 3016 5201 est:
3043 5165 3061 5198 ι
3083 5146 3149 5202 Ει
3175 5149 3569 5204 annuntiabunt
3592 5151 3714 5205 cali

2148 5240 2416 5308 justitiam
2441 5242 2560 5312 ejus
2594 5243 2787 5312 populo
2823 5244 2917 5312 qui
2959 5253 3234 5311 nascetur,
3273 5259 3430 5313 quem
3460 5245 3583 5301 fecit
3615 5248 3718 5301 Do.

2152 5333 2334 5388 minus
2355 5333 2422 5387 ³⁸.
2460 5351 2480 5387 ι
2517 5334 2610 5389 Est
2638 5350 2766 5404 ergo
2783 5336 3013 5404 populus
3033 5336 3118 5390 hic
3146 5338 3356 5392 catulus
3373 5337 3570 5405 leonis,
3591 5338 3714 5392 dum

2152 5425 2325 5478 adhuc
2353 5433 2604 5492 tanquam
2637 5441 2803 5494 nuper
2826 5427 2990 5495 geniti
3030 5426 3287 5492 infantes,
3320 5428 3638 5482 rationabile
3661 5436 3712 5483 et

2153 5515 2270 5568 sine
2317 5514 2436 5568 dolo
2487 5515 2570 5570 lac
2623 5517 2844 5586 cupiunt
2897 5518 2962 5570 ⁸⁷.
3018 5518 3125 5573 Leo
3183 5530 3362 5575 autem
3417 5520 3714 5585 exsultans,

2215 5635 2254 5708 “_‘
2284 5635 2414 5708 ibid.
2444 5635 2526 5700 l7,
2570 5637 2650 5708 l8.
2752 5639 2793 5669 "
2835 5637 2991 5694 Num.
3017 5653 3172 5708 xxiii,
3204 5640 3292 5698 25.
3396 5641 3439 5672 ⁸³
3463 5641 3591 5697 ibid.
3623 5640 3714 5696 ‘25.

2199 5705 2242 5736 ⁸⁷
2283 5705 2298 5758 l
2334 5705 2473 5760 Pctr.
2512 5722 2568 5770 ll,
2601 5706 2654 5760 2.
