4086 6218
317 363 430 420 701

1429 368 1495 422 ΙΝ
1525 366 1859 422 NUMEROS
1901 365 2190 421 IIOMILIA
2233 366 2390 423 XVII.

3492 381 3589 434 70?

307 497 460 538 cum
523 481 606 534 vir
651 479 954 551 perfectus,
1008 497 1126 553 quae
1170 485 1380 552 parvuli
1428 495 1586 538 erant
1634 484 1898 554 deposuit.
1936 487 1981 542 Α
2012 481 2099 535 hic
2121 495 2251 550 ergo
2280 482 2500 550 sanguis
2531 485 2620 550 qui
2669 485 2978 543 nominatur
3025 504 3160 551 uvm,
3191 491 3334 546 illius
3371 509 3485 547 uvae
3509 512 3589 553 es:

401 571 456 628 9.
509 588 531 622 ι
587 569 703 625 Non
769 571 1003 627 dormiet
1053 571 1227 627 donec
1275 575 1526 629 comedat
1564 577 1820 642 praedam,
1859 584 1913 628 et

314 664 654 732 sanguinem
697 666 1098 721 vulneratorum
1151 667 1300 721 bibat
1336 665 1405 722 ⁸⁸.
1445 687 1464 720 ι
1501 666 1557 722 lu
1602 668 1684 722 his
1736 669 1913 723 verbis

314 755 462 824 quis
499 753 569 808 ita
601 756 707 810 erit
743 755 1019 813 historica:
1063 759 1390 814 narrationis
1422 762 1792 815 contentiosus
1825 776 1914 815 as-

313 856 536 914 sertor,
570 846 680 902 imo
705 848 828 917 quis
861 848 933 904 ita
959 849 1152 905 brutus
1193 848 1307 922 (70)
1351 851 1644 915 invenitur,
1679 853 1766 920 qui
1808 867 1911 907 non

316 941 664 997 horrescens
692 956 881 997 sonum
908 943 1125 1012 litterte,
1160 946 1224 1000 ad
1257 946 1525 1017 allegoria:
1568 945 1910 1000 dulcedinem

313 1032 448 1102 ipsa
483 1034 810 1089 necessitate
843 1031 1159 1106 confugiat?
1188 1036 1466 1104 Quomodo
1510 1037 1656 1090 enini
1692 1037 1792 1092 iste
1820 1051 1914 1105 po-

309 1127 494 1194 pulus
529 1138 634 1182 tam
669 1127 970 1194 laudabilis,
1004 1140 1112 1185 tam
1139 1131 1473 1200 magnificus,
1514 1131 1581 1184 de
1625 1145 1732 1198 quo
1765 1138 1907 1182 tanta

308 1215 607 1280 praeconia
637 1229 821 1271 sermo
855 1215 946 1270 Dei
988 1226 1290 1283 enumerat,
1353 1219 1406 1272 in
1460 1218 1563 1272 hoc
1618 1217 1815 1281 veniet,
1858 1225 1916 1269 ut

307 1310 650 1380 sanguinem
681 1309 1086 1366 vulneratorum
1142 1310 1335 1366 bibat?
1387 1311 1523 1367 Cum
1579 1320 1687 1365 tam
1721 1310 1914 1366 validis

314 1403 620 1472 pra-ceptis
674 1402 831 1458 cibus
887 1403 1169 1472 sanguinis
1225 1403 1581 1458 iuterdicatur
1628 1418 1656 1456 a
1696 1402 1825 1462 Deo,
1857 1409 1914 1455 ut

317 1492 506 1548 etiam
533 1509 631 1549 nos
665 1495 755 1565 qui
788 1510 851 1549 ex
889 1495 1142 1564 gentibus
1172 1495 1345 1551 vocati
1382 1509 1570 1550 sumus
1611 1494 1677 1560 δ’,
1719 1508 1911 1548 ncces-

314 1587 484 1641 sario
506 1585 794 1654 jubeamur
822 1586 1120 1648 abstinere.
1154 1585 1293 1642 sicut
1348 1587 1413 1641 iis
1458 1602 1578 1655 qua:
1628 1585 1786 1640 idolis
1813 1587 1913 1639 im-

313 1681 625 1742 molantur,
675 1677 752 1730 ita
800 1685 854 1732 et
907 1692 936 1730 a
989 1676 1273 1747 sanguine.
1311 1675 1502 1732 Dicant
1544 1691 1676 1746 ergo
1731 1675 1908 1742 nobis,

311 1768 454 1836 quis
481 1768 690 1823 estiste
721 1767 970 1836 populus,
1011 1767 1104 1837 qui
1146 1768 1200 1822 in
1237 1783 1335 1822 usu
1381 1768 1550 1822 habet
1589 1770 1906 1838 sanguinem

2018 589 2138 642 qua:
2190 575 2434 630 nascitur
2472 593 2534 630 ex
2581 578 2667 632 illa
2711 579 2839 645 vite,
2885 582 2951 636 de
2984 599 3088 651 qua
3123 583 3371 640 Salvator
3415 588 3589 645 dicit:

2023 687 2041 719 ι
2083 668 2194 736 Ego
2231 683 2347 721 sum
2381 667 2504 723 vilis
2533 685 2682 734 vera,
2733 689 2752 722 ι
2792 671 3039 741 discipuli
3080 690 3204 728 vero
3255 698 3272 726 ι
3326 672 3617 746 palmites.-

2016 757 2178 812 Pater
2207 765 2384 810 autem
2417 759 2650 828 agricola
2687 770 2771 814 est
2799 764 2867 827 “,
2925 781 2944 813 ι
2995 764 3088 832 qui
3131 776 3322 833 purgat
3379 782 3493 833 eos,
3533 780 3591 822 ut

2017 841 2248 895 fructum
2281 843 2568 910 plurituunt
2608 844 2852 904 afferant.
2878 848 2954 902 Tu
2987 864 3118 921 ergo
3145 867 3201 906 cs
3228 868 3387 907 verus
3417 870 3588 925 popu-

2016 932 2298 997 Iuslsrael,
2323 935 2412 1003 qui
2435 937 2541 990 scis
2558 940 2876 1005 sanguinem
2903 939 3106 1006 bibere,
3131 953 3185 996 et
3211 945 3346 998 nosti
3373 959 3589 1001 carnem

2019 1023 2184 1077 Verbi
2209 1023 2300 1078 Dei
2325 1027 2689 1092 comedere,et
2709 1028 3026 1096 sanguinem
3049 1031 3252 1097 bibere,
3270 1043 3324 1087 et
3343 1050 3457 1088 uvae
3475 1049 3590 1089 san-

2016 1112 2230 1182 guinem
2259 1112 2400 1167 illius
2430 1129 2548 1183 qua:
2569 1125 2740 1170 estex
2768 1131 2895 1171 vera
2927 1118 3032 1173 vite
3059 1129 3113 1173 et
3145 1119 3249 1174 illis
3283 1122 3590 1191 palmitibus

2016 1219 2150 1270 quos
2163 1208 2315 1260 Pater
2327 1216 2538 1276 purgat,
2553 1207 2789 1263 haurire.
2804 1210 3043 1277 Quorum
3062 1211 3341 1281 palmitum
3362 1216 3386 1266 f
3387 1225 3587 1279 ructus,

2016 1293 2416 1349 vulneratorum
2433 1297 2652 1366 sanguis
2680 1299 2874 1353 merito
2905 1300 3121 1367 dicitur,
3145 1318 3303 1373 quem
3326 1319 3390 1357 ex
3414 1308 3589 1361 verbis

2013 1400 2200 1441 eorum
2225 1398 2278 1443 et
2301 1389 2544 1442 doctrina
2583 1389 2843 1455 bibimus,
2872 1392 2916 1446 si
2943 1402 3122 1448 tamen
3157 1396 3327 1452 simus
3347 1406 3404 1451 ut
3429 1399 3589 1453 catuli

2017 1475 2186 1531 leonis
2201 1488 2576 1549 exsurgentes,
2595 1489 2648 1534 et
2671 1491 2727 1533 ut
2752 1480 2834 1535 leo
2851 1484 3206 1540 exsultantes.
3229 1484 3352 1542 Ilaec
3374 1488 3588 1542 interim

2013 1569 2083 1624 de
2111 1573 2348 1624 secunda
2391 1571 2599 1626 visione
2629 1573 2845 1626 Balaam
2869 1573 3012 1628 dicta
3043 1575 3328 1632 sufliciant.
3363 1581 3592 1635 Oremus

2014 1667 2196 1714 autem
2224 1660 2508 1715 Dominum
2551 1672 2610 1716 ut
2639 1663 2794 1718 nobis
2823 1665 2986 1718 etiam
3017 1665 3084 1720 ad
3115 1674 3332 1732 caetera,
3375 1682 3495 1736 qua:
3522 1671 3592 1722 ab

2013 1768 2078 1809 eo
2109 1754 2425 1824 prophetata
2453 1767 2602 1822 sunt,
2634 1757 2989 1828 intelligenda
3034 1759 3323 1815 lucidiores
3349 1775 3592 1831 quosque

312 1830 538 1909 bibere.
577 1854 700 1910 Iltec
721 1830 888 1910 erant
912 1830 1115 1924 quaeet
1151 1856 1202 1910 in
1235 1854 1530 1925 Erangelio
1561 1830 1838 1909 audientes
1869 1855 1903 1909 ii
1942 1830 1984 1884 Β
2012 1855 2067 1898 ει
2100 1845 2313 1899 veritati
2342 1847 2620 1915 proximos
2645 1863 2842 1904 sensus
2884 1849 3100 1920 aperire
3128 1851 3398 1921 dignetur,
3443 1830 3588 1907 utin

315 1945 427 2014 qui
457 1947 521 1998 ex
566 1941 763 2000 Iudaeis
795 1943 1076 1998 Dominum
1123 1945 1506 2012 sequebantur,
1557 1943 1905 1998 scandalizati

319 2046 484 2102 sunt,
519 2047 568 2091 et
593 2037 843 2091 dixerunt
874 2035 1044 2103 :Quis
1076 2045 1250 2104 potest
1295 2035 1622 2090 manducare
1661 2051 1906 2101 carnem,

315 2137 380 2182 ct
416 2128 732 2197 sanguinem
763 2127 984 2181 bibere?
1017 2125 1122 2181 Sed
1151 2125 1382 2196 pepulus
1411 2126 1780 2192 Christianus,
1805 2141 1906 2196 po-

311 2219 486 2289 pulus
519 2219 691 2274 fidelis
723 2217 873 2273 audit
895 2217 1028 2282 haec,
1063 2226 1118 2272 et
1164 2217 1528 2286 amplectitur,
1571 2227 1628 2272 et
1664 2217 1911 2287 sequitur

312 2327 452 2366 cum
477 2312 568 2380 qui
595 2310 725 2365 dicit
749 2327 762 2362 :
798 2329 815 2362 ι
847 2308 960 2364 Nisi
987 2307 1442 2363 manducaveritis
1465 2301 1688 2362 carnen't
1705 2323 1903 2372 meam,

313 2409 376 2454 et
420 2399 669 2453 biberitis
698 2397 1018 2467 sanguinem
1044 2411 1247 2464 meum,
1277 2413 1383 2452 non
1417 2397 1685 2452 habebitis
1738 2396 1904 2450 vitam

315 2492 375 2544 in
403 2491 558 2544 vobis
593 2489 766 2560 ipsis;
829 2490 954 2559 quia
995 2503 1123 2544 caro
1175 2504 1293 2544 mea
1330 2504 1459 2544 vere
1514 2488 1669 2544 cibus
1719 2497 1822 2553 est,
1855 2498 1910 2541 et

311 2585 549 2655 sanguis
584 2599 735 2638 mens
759 2599 886 2638 vere
934 2591 1015 2638 est
1065 2595 1224 2651 potus
1256 2583 1326 2635 9°.
1389 2602 1407 2635 ι
1459 2581 1525 2636 Ει
1583 2581 1766 2649 utique
1811 2581 1902 2651 qui

313 2681 442 2731 lucc
469 2675 684 2731 dicebat
719 2674 1035 2730 vulneratus
1065 2684 1147 2729 est
1179 2689 1280 2744 pro
1303 2673 1612 2729 hominibus
1640 2674 1906 2745 (7i),ipse

309 2771 472 2824 enim
510 2786 530 2820 ι
565 2768 879 2824 vulneratus
937 2777 1021 2823 est
1071 2783 1166 2838 pro
1220 2768 1461 2836 peccatis
1523 2767 1722 2823 nostris
1772 2767 1838 2831 οι,
1882 2785 1899 2817 ι

312 2862 471 2917 sicut
501 2860 664 2916 Isaias
690 2858 841 2915 dicit.
877 2859 1068 2913 Bibere
1095 2867 1273 2913 autem
1314 2859 1550 2914 dicimur
1585 2860 1904 2926 sanguinem

319 2953 560 3017 Christi,
593 2967 696 3008 non
725 2950 898 3006 solum
919 2958 1387 3004 sacramentorum
1428 2948 1562 3013 ritu,
1584 2948 1676 3003 sed
1703 2956 1756 3001 et
1781 2962 1904 3000 cum

313 3059 607 3099 sermones
629 3044 743 3112 ejus
767 3041 1082 3110 recipimus,
1125 3041 1177 3093 in
1228 3039 1426 3110 quibus
1475 3039 1581 3091 vita
1631 3037 1902 3099 consistit,

2013 1934 2217 2004 Spiritu
2247 1945 2437 1991 sancto
2468 1936 2581 2009 (72)
2611 1939 3021 1995 considerantes
3061 1956 3179 2010 quae
3211 1957 3308 2011 per
3331 1942 3588 2012 spiritum

2010 2028 2212 2096 scripta
2238 2036 2388 2090 sunt,
2415 2036 2471 2082 et
2501 2029 2836 2096 spiritalibus
2875 2031 3141 2100 Spiritalia
3182 2047 3589 2102 comparantes,

2011 2117 2168 2187 digne
2203 2119 2308 2172 Deo
2345 2126 2400 2172 et
2451 2128 2640 2173 sancto
2689 2119 2893 2189 Spiritu
2919 2161 2936 2186 ,
2974 2122 3066 2190 qui
3112 2126 3227 2176 haec
3284 2122 3589 2191 inspiravit,

2010 2221 2128 2275 quin
2149 2209 2353 2276 scripta
2385 2216 2510 2262 sunt
2538 2209 2893 2278 explicemus,
2921 2212 2975 2267 in
3011 2213 3234 2268 Christo
3253 2213 3378 2270 Jesu
3404 2215 3589 2271 Domi-

2010 2316 2080 2355 no
2111 2311 2314 2365 nostro,
2346 2301 2430 2356 cui
2455 2312 2544 2356 est
2572 2302 2746 2373 gloria
2779 2312 2834 2360 et
2863 2305 3150 2376 imperium
3175 2307 3227 2362 iu
3263 2307 3459 2363 saecula
3486 2323 3588 2363 sa:-

2009 2392 2273 2447 culorum.
2299 2392 2491 2447 Amen.

2562 2482 2844 2540 IIOMILIA
2882 2486 3043 2541 XVII.

2366 2575 2442 2630 De
2475 2575 2714 2645 ejusdem
2739 2578 2894 2630 tertia
2929 2577 3231 2646 prophetia.

2081 2672 2133 2726 I.
2166 2669 2404 2724 Tertiam
2455 2682 2598 2722 nunc
2640 2670 2982 2738 prophetiam
3025 2684 3090 2724 ex
3136 2671 3202 2725 iis
3232 2685 3352 2740 quae
3411 2686 3592 2727 sermo

2011 2761 2101 2816 Dei
2138 2775 2234 2830 per
2261 2759 2482 2814 Balaam
2525 2759 2770 2830 protulit,
2808 2760 3073 2815 habemus
3120 2760 3172 2814 in
3230 2762 3483 2816 manibus
3536 2773 3592 2815 ut

2006 2853 2171 2907 etiam
2224 2853 2290 2908 de
2342 2853 2456 2922 ipsa
2517 2852 2714 2923 (prout
2773 2852 3036 2907 Dominus
3101 2851 3348 2923 dederit)
3409 2853 3590 2922 aliqua

2008 2943 2359 2999 disseramus.
2413 2942 2627 2998 Etenim
2683 2943 2870 2997 infelix
2951 2944 3054 2998 iste
3121 2943 3322 2998 Balach
3398 2953 3592 3012 putans

2007 3034 2149 3102 quod
2206 3033 2424 3087 Balaam
2484 3033 2669 3087 divino
2727 3034 2794 3088 ad
2846 3033 3275 3088 maledicendum
3329 3034 3435 3090 loci
3495 3049 3594 3105 0p-

317 3133 470 3186 sicut
499 3141 551 3185 et
577 3131 690 3200 ipse
724 3130 854 3184 dicit
889 3146 902 3183 :
937 3146 956 3180 ι
991 3127 1167 3182 Verba
1204 3142 1330 3196 qure
1374 3126 1586 3181 locutus
1614 3141 1759 3191 sunt,
1795 3124 1904 3193 spi-
1933 3174 1976 3236 Ο
2009 3124 2310 3194 portunitas
2373 3121 2542 3192 magis
2598 3121 2830 3178 defuerit
2889 3138 3055 3192 quam
3127 3125 3412 3190 voluntas,
3483 3127 3594 3181 uti-

355 3225 368 3234 .
528 3233 538 3236 -
613 3223 644 3236 --
782 3231 794 3236 -
825 3221 870 3236 ι..
979 3219 1068 3236 η.
1111 3234 1120 3236 _
2287 3224 2430 3236 μμ--
2462 3215 2503 3236 ,ε
2536 3224 2762 3236 _____.-_-.
2794 3215 2966 3236 .--ω
3003 3233 3014 3236 ,
3056 3235 3062 3236 ,
3108 3215 3240 3236 u-_,.
3523 3219 3568 3236 ..

319 3225 468 3279 ritus
489 3233 546 3278 et
574 3223 685 3276 vita
718 3231 800 3276 est
825 3221 891 3273 ⁸⁸.
927 3239 948 3272 ι
979 3219 1075 3273 Est
1097 3234 1229 3288 ergo
1249 3219 1364 3287 ipse
1390 3217 1721 3282 vulneratus,
1747 3218 1905 3287 cujus

317 3331 432 3370 nos
459 3315 773 3385 sanguinem
805 3315 1063 3380 bibimus,
1092 3313 1144 3367 id
1176 3321 1280 3377 est,
1313 3311 1573 3366 doctrinae
1598 3312 1713 3376 ejus
1733 3314 1902 3367 verba

319 3406 676 3473 suscipiuuts.
711 3403 817 3459 Sed
855 3413 911 3458 et.
951 3404 1024 3457 illi
1058 3403 1406 3457 nihilominus
1449 3401 1719 3456 vulnerati
1776 3410 1907 3456 sunt

322 3497 423 3564 qui
459 3494 612 3548 nobis
633 3493 855 3547 verbum
885 3492 1002 3561 ejus
1031 3491 1418 3562 przedicarunt.
1457 3491 1701 3560 Ipsorum
1731 3490 1902 3552 enim,

325 3589 382 3642 id
418 3595 522 3648 est,
549 3583 912 3653 apostolorum
946 3583 1066 3653 ejus
1101 3582 1263 3636 verba
1283 3596 1408 3635 cum
1439 3581 1694 3651 legimus,
1730 3589 1786 3635 et
1829 3581 1907 3634 vi-

327 3693 445 3734 tatu
470 3695 536 3733 es
574 3676 656 3732 eis
691 3675 1098 3745 consequimur,
1133 3672 1534 3727 vulneratorum
1588 3671 1904 3741 sanguinem

329 3772 587 3826 hiloitnus.
632 3788 652 3822 ς
699 3766 814 3822 Non
847 3782 1012 3837 ergo,
1068 3765 1243 3833 inquit
1296 3763 1362 3828 ³³,
1421 3763 1690 3828 dormiet,
1736 3763 1908 3818 donec

327 3864 581 3919 comedat
611 3860 867 3931 przedam.
905 3878 924 3911 ι
971 3857 1078 3914 Iste
1128 3857 1274 3912 enim
1326 3855 1555 3926 pepulus
1604 3854 1695 3922 qui
1727 3854 1907 3909 catulo

326 3955 528 4017 leonis,
567 3952 652 4008 vel
702 3952 842 4006 leoni
904 3957 1272 4018 comparatur,
1331 3961 1436 3999 non
1474 3945 1742 4013 quiescet,
1808 3958 1907 4030 nec

327 4046 565 4101 dormiet
601 4045 772 4098 donec
807 4041 980 4114 rapiat
1030 4039 1286 4109 praedam,
1315 4037 1367 4091 id
1399 4044 1500 4101 est,
1531 4036 1704 4089 donec
1735 4035 1910 4104 rapiat

333 4151 556 4204 regnum
583 4133 883 4196 cmlorum;
912 4130 1038 4202 quia
1081 4147 1099 4181 ι
1145 4143 1174 4181 a
1212 4127 1404 4180 diebus
1434 4123 1658 4180 Joannis
1683 4139 1907 4194 regnum

329 4226 596 4280 coclorum
624 4227 728 4276 vim
763 4225 980 4293 patitur,
1009 4231 1064 4276 et
1103 4219 1210 4272 vim
1253 4217 1512 4272 facientes
1561 4216 1822 4286 diripiunt
1849 4217 1909 4270 il-

330 4317 423 4369 lud
459 4316 525 4368 ".
573 4334 592 4368 ι
636 4313 705 4368 Ut
751 4321 931 4367 autem
995 4309 1298 4366 evidentius
1361 4321 1656 4378 cognoscas
1707 4308 1820 4364 haec
1844 4307 1909 4362 de

331 4418 526 4463 nostro
548 4407 763 4477 pepulo,
798 4405 889 4476 qui
922 4405 972 4458 in
1011 4402 1370 4459 sacramentis
1398 4400 1601 4455 Christi
1631 4399 1907 4458 confoede-

2009 3218 2113 3271 lius
2139 3231 2259 3271 esse
2287 3224 2434 3268 ratus
2459 3215 2504 3269 si
2536 3224 2769 3270 mutaret
2793 3215 2968 3269 locum
3003 3233 3016 3269 :
3046 3235 3064 3267 ι
3108 3215 3266 3281 Veni,
3309 3218 3484 3286 inquit
3523 3219 3590 3280 ’⁷,

2009 3314 2063 3358 ct
2101 3305 2325 3360 educam
2367 3315 2417 3359 te
2458 3303 2512 3357 in
2537 3305 2709 3358 locum
2735 3305 2983 3373 alium,si
3003 3305 3176 3374 placet
3201 3306 3328 3370 Deo,
3355 3317 3409 3359 et
3429 3307 3593 3360 male-

2009 3396 2159 3449 dices
2189 3409 2311 3448 eum
2344 3393 2492 3458 inde,
2523 3403 2578 3448 et
2619 3397 2916 3464 assumpsit
2945 3397 3140 3451 Balach
3169 3397 3342 3466 ipsum
3365 3396 3591 3453 Balaam

2007 3485 2169 3556 335
2215 3487 2270 3539 in
2303 3486 2567 3541 verticem
2611 3487 2810 3541 montis
2852 3487 3048 3556 Fogor,
3083 3489 3175 3558 qui
3204 3489 3377 3544 tendit
3413 3489 3469 3543 in
3496 3490 3594 3545 ἀρ..

2006 3586 2236 3633 sertum.
2267 3596 2284 3628 ι
2331 3578 2436 3632 Eos
2461 3578 2682 3646 quidem
2714 3593 2850 3648 quos
2895 3580 3039 3634 Dens
3067 3588 3243 3644 vocat,
3277 3579 3505 3650 imponit
3538 3581 3600 3636 ita

2008 3669 2271 3725 verticem
2311 3671 2511 3725 montis
2559 3669 2688 3726 Sina
2724 3686 2739 3724 :
2770 3671 2858 3724 hic
2894 3679 3076 3725 autem
3107 3670 3333 3738 Balach,
3361 3672 3454 3742 qui
3484 3673 3603 3727 Deo-

2004 3764 2310 3819 contrarius
2339 3770 2423 3815 est
2441 3801 2454 3825 ,
2485 3761 2716 3829 imponit
2745 3758 2960 3813 Balaam
3000 3759 3056 3813 in
3103 3759 3361 3815 verticem
3388 3761 3601 3816 montis

2009 3854 2203 3923 Fogor.
2255 3851 2430 3922 Fogor
2479 3860 2660 3905 autem
2701 3851 3092 3920 interpretatur
3136 3850 3414 3904 delectatio
3453 3852 3596 3921 (73)-

2007 3945 2067 3999 In
2103 3943 2361 3998 verticem
2413 3959 2542 4014 ergo
2590 3942 2970 3998 delectationis
3002 3950 3058 3996 et
3097 3943 3336 3998 libidinis
3361 3944 3594 4014 imponit

2008 4037 2259 4092 homines
2307 4037 2408 4091 iste
2452 4036 2666 4091 Balach.
2713 4036 2942 4090 Amator
2980 4034 3131 4089 enim
3176 4045 3261 4091 est
3302 4036 3594 4106 voluptatis

2007 4130 2179 4200 magis
2214 4145 2377 4199 quam
2421 4128 2551 4194 Dei,
2595 4138 2650 4183 et
2699 4128 2900 4182 idcirco
2929 4126 3159 4198 imponit
3199 4143 3296 4182 eos
3337 4128 3390 4181 in
3439 4144 3597 4183 sum-

2009 4221 2252 4276 mitatem
2287 4229 2344 4275 et
2387 4221 2646 4275 verticem
2686 4221 3000 4292 voluptatis,
3033 4229 3094 4275 ut
3133 4221 3380 4276 excludat
3427 4238 3522 4276 eos
3561 4239 3592 4276 a

2008 4313 2140 4368 Deo.
2205 4312 2498 4366 Ea'cludens
2555 4312 2699 4367 enim
2762 4321 2818 4367 et.
2881 4313 3151 4367 devoratio
3204 4307 3598 4381 interpretatur

2010 4402 2209 4457 Balach
2238 4402 2372 4473 (74).
2413 4403 2535 4457 Ideo
2566 4403 2804 4471 denique
2837 4410 2892 4456 et
2918 4403 2972 4458 in
3006 4417 3251 4458 eremum
3287 4401 3459 4457 tendit
3489 4401 3596 4457 Fo-

333 4513 490 4555 ratus
519 4510 621 4565 est,
653 4499 838 4562 scribi,
869 4497 992 4552 audi
1024 4497 1295 4566 quomodo
1338 4502 1394 4549 et
1435 4494 1486 4548 in
1533 4493 1654 4547 aliis
1693 4493 1906 4564 Moyses
1938 4511 1982 4565 ι)
2010 4507 2127 4563 gor,
2163 4495 2216 4548 id
2265 4504 2366 4558 est,
2400 4495 2465 4548 ad
2507 4509 2568 4549 ea
2625 4509 2745 4562 qum
2783 4495 2837 4547 in
2891 4509 3074 4550 eremo
3107 4503 3254 4558 sunt,
3293 4502 3350 4548 et
3381 4493 3594 4547 deserta

330 4593 532 4647 similia
573 4593 884 4654 pronuntiat
935 4589 1119 4644 dicens
1165 4603 1180 4642 :
1234 4603 1254 4638 ι
1301 4585 1561 4656 Butyrum
1602 4587 1806 4652 boum,
1851 4597 1909 4640 et

333 4687 418 4741 lac
453 4689 656 4750 ovium,
685 4701 808 4739 cum
849 4685 1005 4753 adipe
1055 4695 1342 4751 agnorum,
1383 4689 1440 4734 et
1471 4679 1723 4744 arietum,
1774 4680 1910 4734 filio-

337 4794 456 4832 rnm
493 4787 770 4831 taurorum
818 4786 870 4830 et
925 4775 1223 4837 hircorum,
1281 4787 1406 4826 cum
1467 4772 1624 4840 adipe
1675 4771 1907 4835 rcninm,

337 4868 612 4934 frumenti,
645 4877 699 4923 et
721 4865 1035 4936 sanguinem
1082 4879 1199 4918 ιιι-ω
1233 4862 1420 4918 bibent
1465 4863 1647 4914 viuum
1676 4860 1742 4914 “'.
1785 4877 1806 4912 ι
1847 4859 1913 4914 Ει

404 5046 452 5076 ⁸⁸
474 5042 634 5099 Num.
673 5061 829 5108 χχιιι,
858 5043 949 5098 24.
1049 5042 1092 5074 ⁸³
1125 5041 1243 5098 Act.
1278 5055 1366 5094 xv.
1441 5037 1487 5067 ’°
1517 5035 1669 5108 Joan.
1703 5052 1776 5096 vt.
1810 5034 1899 5089 54.

337 5118 380 5148 ⁸⁸
410 5115 600 5169 Matth.
635 5133 709 5183 xi,
753 5117 840 5168 12.
916 5114 961 5144 ⁸⁵
990 5111 1146 5166 Deut.
1177 5126 1348 5176 axx",
1383 5108 1468 5162 M.

410 5279 521 5352 (70)
565 5278 649 5334 Ita
692 5278 898 5352 brutus.
954 5276 1046 5352 Sic
1091 5275 1297 5352 habent
1351 5288 1479 5352 mss.
1541 5272 1712 5352 Alias,
1759 5236 1793 5323 CI
1824 5271 1904 5326 sic

347 5343 627 5419 abruptus.
659 5367 686 5419 ιν
713 5346 853 5400 Infra
884 5349 1056 5399 codex
1085 5343 1447 5408 Corbeiensis,
1485 5359 1505 5393 ι
1544 5351 1688 5396 tanta
1710 5356 1902 5410 prteco-

347 5422 429 5473 uia
458 5418 638 5474 sermo
662 5418 994 5472 dinumerat.
1031 5433 1050 5465 ι

413 5489 525 5560 (71)
563 5488 713 5551 Mss,
761 5504 779 5536 ι
828 5484 1153 5542 heminibus.
1199 5500 1216 5532 ι
1260 5479 1414 5535 Libb.
1475 5482 1625 5543 editi,
1678 5501 1697 5534 ι
1737 5481 1913 5536 omni-

345 5557 524 5697 Ιωῗῆέ)
554 5629 610 5682 lu
648 5643 778 5682 mss.
835 5621 1145 5681 Corbeiensi
1195 5630 1251 5676 et
1289 5619 1602 5676 Bclvacensi
1648 5621 1916 5675 omittitur

426 5715 603 5752 MICIO.

426 5716 451 5747 3|
511 5715 522 5730 ‘
590 5739 603 5752 ,

352 5715 368 5747 ‹
397 5709 747 5838 s(‘l|2.5L)m'Fo.gor
775 5776 946 5821 autem
994 5765 1367 5829 interpretatur
1385 5773 1736 5813 DELEC’I‘ATIO.
1757 5759 1912 5816 Unde

1993 5039 2034 5069 ⁹¹
2067 5037 2169 5093 lsa.
2197 5055 2310 5097 LIII.
2361 5041 2416 5095 5.

1562 5107 1608 5137 ⁹⁶
1639 5104 1796 5161 Jaau.
1833 5121 1922 5172 xv,
1950 5107 2002 5173 I,
2035 5108 2067 5162 5
2088 5119 2140 5161 et
2173 5108 2226 5165 8.
2305 5111 2349 5143 ’⁷
2379 5110 2535 5165 Νιιιη.
2563 5124 2719 5174 xxnt,
2744 5107 2975 5188 27,28...

2017 4587 2124 4640 Deo
2163 4587 2403 4658 negotia.
2451 4605 2468 4638 ι
2501 4587 2567 4640 Et
2610 4587 2748 4640 dixit
2787 4585 3008 4640 Balaam
3051 4587 3119 4640 ad
3169 4585 3366 4640 Balach
3403 4603 3416 4638 :
3455 4585 3594 4640 Con-

2016 4687 2167 4732 strue
2197 4679 2330 4732 mihi
2358 4679 2445 4734 hic
2474 4688 2684 4747 septem
2711 4687 2956 4750 aras,.et
2991 4677 3077 4732 fac
3109 4678 3238 4732 mihi
3273 4677 3361 4731 hic
3388 4684 3595 4744 septem

2021 4770 2240 4837 vitulos,
2289 4781 2347 4826 et
2397 4785 2601 4843 septem
2643 4773 2845 4828 arietes
2884 4790 2897 4826 :
2933 4780 2983 4826 et
3037 4771 3162 4825 fecit
3211 4768 3410 4822 Balaeh
3455 4768 3597 4821 sicut

2021 4863 2161 4918 dixit
2186 4866 2235 4919 ei
2262 4865 2503 4932 Balaam,
2537 4877 2592 4920 et
2637 4865 2836 4921 obtulit
2863 4863 3114 4927 vitulum,
3170 4871 3224 4915 et
3255 4859 3481 4914 arietem
3508 4872 3600 4911 su-

2503 5042 2548 5073 "
2573 5038 2729 5094 .loan.
2764 5055 2838 5104 νι,
2866 5037 2955 5091 GI.
3033 5038 3078 5070 ”
3103 5035 3260 5091 Num.
3306 5051 3462 5102 xxut,
3503 5034 3596 5089 24.

2014 5273 2193 5343 Fogor
2231 5277 2614 5345 interpretetur
2647 5275 2973 5345 delectatio,
3012 5273 3186 5328 fateor
3243 5285 3328 5326 me
3361 5273 3595 5328 nescire.

2019 5341 2182 5410 ἰ’-ἠῶ
2209 5350 2355 5400 enim
2374 5341 2617 5401 radicem
2644 5347 2845 5399 habere
2890 5341 3103 5398 videtur
3137 5350 3256 5407 ay}:
3289 5359 3310 5392 ι
3361 5345 3597 5409 aperuit,

2023 5414 2304 5485 distendit,
2350 5434 2369 5467 ι
2405 5417 2548 5485 quod
2601 5416 2802 5470 nullam
2846 5414 3012 5470 habet
3057 5429 3180 5467 cum
3238 5411 3601 5470 delectatione

2027 5484 2368 5538 allinitatcm.

2094 5575 2208 5646 (74)
2266 5577 2579 5646 lﬂxtzwness
2615 5577 2755 5628 enim
2799 5585 2846 5628 et
2888 5587 3196 5628 DEVOIIATIO
3229 5572 3602 5642 interpretatur

2025 5645 2244 5715 Balach.
2299 5658 2390 5712 Vel
2427 5673 2453 5711 a
2504 5645 2633 5740 p53,
2674 5677 2690 5708 ι
2737 5658 3038 5712 exinanivit
3087 5675 3104 5708 ι
3135 5657 3216 5714 vel
3255 5674 3281 5711 a
3313 5645 3420 5720 νδέ
3460 5677 3477 5710 ι
3507 5658 3601 5710 ab-

2026 5745 2248 5812 sorpsit,
2285 5741 2587 5804 devoravit,
2622 5758 2638 5790 ι
2677 5750 2780 5794 etc.

3633 5835 3667 5863 _J
