4086 6218
1941 245 2083 262 ..—_._¢t.'

520 317 623 373 705

2003 321 2324 380 ORIGENIS

3697 336 3812 392 704

517 450 614 505 per
661 451 809 491 aram
835 438 903 493 ⁸⁸.
931 456 950 488 ι
1012 437 1214 507 Aperta
1267 437 1487 506 quidem
1539 439 1786 510 Apostoli
1837 443 2108 496 sententia
2140 445 2184 499 Α
2217 441 2554 494 contrariam
2593 451 2913 510 potestatem
2959 443 3197 502 victimis
3247 448 3361 504 suis
3411 449 3668 508 assistere
3705 472 3813 511 au-

517 536 601 580 est
627 527 858 582 dicentis
883 532 928 565 9°
965 546 980 582 :
1021 548 1038 580 ι
1065 528 1194 595 Qum
1226 530 1371 584 enim
1404 531 1724 586 sacriﬁcant
1752 543 1964 600 gentes,
1993 533 2103 586 dm—

520 617 745 677 tnoniis,
797 627 849 672 et
880 634 985 673 non
1023 618 1132 672 Deo
1180 619 1515 676 sacriﬁcant.
1546 640 1564 673 ι
1609 620 1716 676 Sed
1755 633 1808 676 et
1841 622 2101 692 propheta

515 707 764 763 similiter
795 710 923 764 dicit
951 711 967 742 ⁸
999 728 1012 764 :
1045 730 1063 762 ι
1095 712 1557 770 Sacriﬁcaverunt
1581 717 1882 782 daemoniis,
1908 726 1960 770 et
1994 733 2099 770 nou

516 799 643 853 Deo.
675 818 692 849 ι
751 800 956 856 Tamen
1010 811 1269 871 quoniam
1309 816 1363 860 et
1409 793 1493 862 lex
1545 809 1637 862 Dei
1695 810 1760 862 de
1816 810 2100 865 sacriﬁciis

512 893 778 961 prmeipit,
827 905 881 949 et
929 897 1091 950 ritum
1142 899 1486 954 sacriﬁcandi
1535 903 1701 957 tradit
1734 904 1858 957 ﬁliis
1909 904 2095 972 Israel,

512 982 820 1046 requiratur
849 985 1124 1053 fortassis,
1170 1005 1269 1042 cur
1300 991 1412 1046 hmc
1445 1009 1567 1047 cum
1609 996 1889 1051 tlaunoniis
1919 997 2096 1052 dicata

512 1074 819 1141 videantur,
858 1079 1022 1131 etiam
1056 1079 1163 1134 Deo
1185 1080 1478 1148 jubeautur
1511 1086 1717 1144 oli'erri.
1761 1089 1825 1144 Et
1851 1091 1956 1144 erit
1984 1092 2099 1160 qui-

509 1166 630 1219 detn
688 1167 917 1236 simplex
959 1181 1012 1224 et
1050 1183 1156 1226 etta
1206 1179 1506 1245 responsio,
1543 1190 1599 1234 ttt
1638 1186 2092 1252 quemadmodum

510 1257 563 1309 in
597 1256 718 1311 aliis
759 1261 1118 1330 ostendimus,
1148 1267 1289 1333 quod
1321 1266 1559 1324 libellum
1597 1273 1804 1340 repudii
1835 1277 1951 1329 dari
1985 1291 2092 1329 non

505 1347 601 1402 Dei
642 1350 940 1407 voluntatis
990 1354 1104 1419 fuit,
1170 1359 1260 1428 qui
1313 1363 1456 1430 quod
1511 1365 1872 1435 conjunxerat
1920 1369 2094 1424 noluit

506 1443 774 1510 separari,
810 1446 906 1500 sed
937 1447 1147 1519 Moyses
1178 1452 1291 1506 haec
1323 1457 1542 1525 proprie
1576 1460 1640 1511 ad
1676 1460 1932 1515 duritiam
1971 1478 2093 1517 cor-

504 1533 590 1586 dis
620 1532 931 1592 Juda-orunt
963 1543 1189 1610 scripsit
1227 1563 1239 1598 :
1287 1547 1356 1599 ita
1396 1550 1558 1603 etiam
1592 1561 1647 1604 et
1681 1554 1746 1605 de
1787 1555 1889 1608 hoc
1920 1556 2088 1611 videri

504 1627 696 1694 possit,
751 1630 875 1698 quia
914 1631 1077 1698 Deus,
1130 1635 1273 1690 sicut
1307 1653 1404 1705 per
1446 1640 1609 1694 alium
1640 1641 1970 1712 Proph‘etatn
2003 1648 2087 1700 di-

503 1717 580 1771 cit
603 1720 646 1783 ¹,
686 1734 790 1772 non
830 1723 1123 1778 manducat
1174 1741 1372 1782 carnes
1407 1738 1704 1798 taurorum,
1736 1749 1836 1789 nec
1871 1738 2088 1808 sangui-

2209 525 2448 590 dcntem,
2508 527 2759 583 exclusos
2809 545 2930 586 esse
2986 549 3178 590 omnes
3229 536 3446 594 malitia
3497 541 3807 610 ministros,

2207 618 2406 684 quibus
2440 620 2519 672 uti
2554 623 2619 675 ad
2655 623 3086 678 maledieemlum
3137 627 3370 695 solebat,
3416 633 3593 700 potuit
3616 648 3684 688 ex
3715 635 3809 690 his

2207 709 2569 775 intellexisse,
2601 714 2728 783 quia
2767 716 2964 770 bonum
2995 727 3138 773 esset
3167 720 3220 773 in
3254 733 3547 790 conspectu
3583 724 3806 781 Domini

2205 800 2533 856 benedicere
2571 803 2758 861 Israel.
2801 806 2914 878 Ego
2947 798 3131 864 tamen
3168 811 3340 881 magis
3373 813 3502 869 illud
3529 815 3803 889 intelligo,

2202 895 2345 963 quod
2402 898 2635 965 populus
2675 899 2783 966 ille,
2827 901 2920 970 qui
2957 917 3101 956 nunc
3139 918 3312 958 vanus
3358 915 3462 972 est,
3497 917 3552 962 et
3592 909 3666 963 illi
3697 912 3806 966 do-

2203 995 2401 1049 ctores,
2433 987 2527 1053 qui
2562 987 2778 1042 Christo
2813 1005 2916 1044 non
2955 994 3241 1047 credentes
3271 995 3323 1048 in
3357 998 3598 1054 vanitate
3626 1017 3806 1072 popu-

2200 1076 2309 1131 lum
2340 1077 2611 1144 detinent,
2663 1081 2956 1150 aliquando
2991 1085 3160 1140 visuri
3192 1096 3336 1153 sunt,
3379 1089 3429 1142 id
3461 1100 3566 1155 est,
3603 1093 3656 1146 in
3692 1110 3802 1148 no-

2199 1168 2438 1224 vissimis
2493 1171 2705 1238 diebus,
2759 1190 2881 1228 cum
2918 1175 3198 1245 plenitudo
3227 1181 3466 1249 gentium
3497 1182 3798 1252 introierit,

2197 1267 2250 1312 ει
2288 1260 2466 1314 omnis
2520 1259 2681 1316 Israel
2735 1263 2927 1319 venire
2957 1268 3192 1335 coeperit
3240 1269 3307 1321 ad
3356 1269 3516 1325 ﬁdem
3561 1272 3798 1341 Christi,

2198 1349 2295 1414 illi,
2335 1351 2582 1420 inquam,
2625 1354 2716 1422 qui
2749 1370 2896 1410 nunc
2935 1357 3124 1413 oculos
3153 1359 3417 1416 habentes
3447 1378 3552 1417 non
3583 1365 3797 1430 vident,

2199 1448 2328 1494 tunc
2359 1441 2642 1497 videbunt.
2669 1444 2973 1501 Elevabunt
2997 1448 3141 1503 enim
3169 1450 3355 1506 oculos
3382 1468 3510 1510 suos
3535 1458 3604 1510 ad
3634 1457 3799 1512 altio-

2197 1545 2284 1585 res
2316 1541 2372 1585 et
2420 1534 2694 1601 spiritales
2724 1551 2943 1602 sensus,
2979 1548 3033 1593 et
3072 1539 3354 1609 videbunt,
3385 1554 3438 1598 et
3491 1546 3799 1616 intelligent

2191 1622 2320 1690 quia
2369 1624 2567 1678 bonum
2617 1637 2701 1682 est
2749 1628 2800 1683 in
2849 1641 3149 1700 conspectu
3192 1633 3405 1690 Domini
3460 1636 3794 1693 benedicere

2192 1713 2490 1782 spiritalem
2526 1718 2715 1773 Israel.
2769 1705 3039 1777 Videbunt
3086 1725 3230 1780 enim
3288 1741 3412 1782 eum
3457 1729 3790 1800 dispositum

504 1821 627 1860 nem
675 1807 950 1864 hircorum
1006 1825 1176 1882 potat.
1245 1817 1307 1870 Et
1362 1819 1491 1874 item
1541 1832 1599 1876 ut
1645 1825 1771 1879 alibi
1825 1802 2086 1898 scripium
2123 1802 2162 1856 Β
2196 1820 2292 1872 per
2327 1808 2520 1872 "ibus'
2561 1821 2613 1864 θί
2647 1826 2744 1880 per
2775 1812 2990 1881 domos’
3020 1823 3074 1868 et
3103 1830 3200 1886 per
3221 1817 3474 1884 familias’
3504 1831 3559 1876 θι
3587 1838 3794 1877 “""m'

502 1899 652 1962 est“,
709 1902 832 1970 quia
896 1921 1044 1960 tuon
1099 1911 1349 1965 mandavi
1404 1915 1496 1968 tibi
1529 1916 1592 1970 de
1640 1920 1950 1988 sacriﬁciis,
2007 1925 2086 1980 vel

501 1991 759 2057 victimis,
798 1995 850 2049 in
881 1998 968 2052 die
1013 2015 1117 2069 qua
1172 2003 1330 2058 eduxi
1390 2015 1441 2060 te
1489 2009 1553 2062 de
1601 2020 1743 2066 terra
1792 2014 2032 2088 Egypti.
2063 2039 2082 2072 ι

502 2080 609 2136 Sed
640 2082 852 2156 Moyses
880 2088 992 2143 hmc
1021 2091 1088 2144 ad
1114 2092 1370 2149 duritiam
1401 2100 1580 2155 cordis
1603 2117 1789 2157 eorum
1825 2123 1922 2175 pro
1959 2125 2088 2164 cou-

503 2174 795 2230 suetudiue
829 2180 1061 2246 pessima
1114 2198 1220 2269 qua
1258 2185 1446 2240 imbuti
1497 2188 1715 2247 fuerant
1744 2195 1794 2249 in
1826 2196 2082 2270 Egypto,

497 2265 884 2324 mandaviteis
940 2289 953 2326 :
989 2282 1048 2328 ut
1078 2262 1165 2344 qui
1203 2276 1481 2336 abstinere
1529 2297 1588 2337 se
1628 2301 1734 2340 non
1767 2302 1986 2356 possent
2017 2297 2084 2348 ab

497 2355 852 2426 immolando,
889 2364 998 2419 Deo
1029 2367 1242 2433 saltem,
1275 2381 1328 2424 ct
1375 2388 1480 2428 non
1515 2376 1796 2434 daemoniis
1837 2382 2083 2440 immola-

497 2457 640 2503 rent.
685 2450 989 2506 Videndum
1025 2466 1207 2511 tamen
1250 2470 1353 2524 est,
1409 2481 1477 2519 ne
1517 2465 1654 2523 forte
1688 2471 1763 2524 sit
1814 2482 1868 2528 et
1899 2475 2079 2545 aliqua

492 2540 838 2596 sacriﬁcandi
892 2544 1003 2599 Deo
1050 2549 1316 2606 occultior
1381 2569 1446 2610 ac
1497 2561 1760 2616 secretior
1789 2567 1942 2618 ratio.
1992 2540 2082 2624 'Ne

493 2631 654 2698 forte,
706 2635 950 2705 inquam,
1003 2642 1274 2698 sacriﬁcia
1334 2662 1454 2716 qua:
1507 2652 1615 2706 Deo
1652 2653 1975 2724 oﬁ'eruutur,
2010 2661 2076 2714 ad

491 2723 924 2784 destructionem
978 2732 1110 2788 ﬁant
1137 2749 1325 2790 eorum
1362 2740 1788 2811 sacriﬁciorum,
1823 2763 1944 2816 qua:
1971 2751 2079 2805 da:-

491 2817 746 2874 monibus
797 2821 1152 2880 immolantur
1196 2846 1210 2882 :
1252 2839 1308 2884 ut
1359 2834 1488 2901 quia
1525 2849 1622 2903 per
1656 2837 1745 2891 illa
1775 2838 2076 2897 vulneran-

490 2916 578 2960 tur
606 2909 824 2975 auima',
877 2929 975 2983 per
1026 2916 1130 2972 ista
1175 2932 1476 2990 sanentur;
1533 2926 1674 2981 sicut
1719 2940 1773 2984 et
1801 2930 1838 2986 ii
1873 2936 2075 2990 conﬁr-

487 3009 662 3062 mant,
703 3002 794 3070 qui
848 3005 1132 3062 medicinm
1183 3012 1435 3080 peritiam
1479 3027 1698 3084 gerunt.
1744 3020 2068 3091 Serpentum

487 3104 724 3160 namque
771 3110 977 3152 venena
1012 3100 1205 3170 depelli
1261 3107 1673 3168 medicamentis
1702 3114 2072 3176 'nihilomintts
2103 3146 2144 3203 ο

493 3183 746 3203 --φημί
1110 3196 1141 3203 --

486 3183 755 3240 confectis
785 3203 851 3242 ex
885 3196 1251 3263 serpentibus,
1281 3200 1592 3267 perhibent.
1647 3205 1724 3260 Ita
1753 3223 1880 3279 ergo
1908 3222 1963 3267 ct
1989 3230 2075 3269 sa—

485 3274 817 3331 criﬁciorum
851 3280 1285 3342 darmonicorum
1320 3292 1475 3348 virus
1530 3310 1628 3363 per
1665 3301 1935 3358 sacriﬁcia
1968 3307 2077 3361 Deo

481 3367 661 3423 oblata
698 3371 1002 3441 depellitur,
1054 3381 1195 3434 sicut
1224 3391 1279 3436 et
1329 3399 1474 3440 mors
1517 3386 1646 3442 Jestt
1677 3405 1906 3451 mortem
1957 3415 2078 3469 pec—

483 3458 589 3511 cati
626 3462 973 3519 credentibus
1006 3483 1112 3524 non
1144 3471 1272 3526 sinit
1301 3473 1593 3533 dominari.
1633 3481 1694 3537 Et
1729 3458 2076 3554 quidem'do-

484 3562 586 3602 nec
619 3557 831 3621 tempus
861 3557 1192 3625 patiebatur,
1224 3563 1497 3620 sacriﬁcia
1522 3571 1810 3631 sacriﬁciis
1837 3593 2077 3649 oppone-

483 3638 727 3696 bantur:
781 3646 870 3700 ubi
923 3663 1055 3704 vero
1087 3651 1240 3706 venit
1275 3654 1522 3724 perfecta
1572 3659 1778 3729 hostia,
1811 3638 2072 3738 et-agnus

485 3724 882 3799 immaculatus,
941 3737 1030 3805 qui
1090 3741 1256 3796 totius
1297 3747 1483 3800 mumli
1522 3749 1736 3808 tolleret
1765 3724 2068 3831 peccatum,

482 3821 762 3878 sacriﬁcia
789 3825 879 3880 illa
909 3842 1030 3896 qua:
1051 3832 1368 3902 singillatim
1397 3821 1778 3901 oﬁ’erebantur
1801 3851 1927 3915 Deo,
1954 3821 2067 3920 jam

480 3911 752 3981 superﬂua
790 3919 903 3970 visa
957 3929 1103 3984 sunt,
1141 3938 1260 3976 cum
1299 3941 1405 3981 una
1439 3930 1617 3988 hostia
1648 3940 1829 3995 omnis
1871 3942 2071 4000 daemo-

481 4017 608 4058 num
638 4006 850 4062 cultura
884 4009 1109 4078 depulsa
1157 4014 1252 4068 sit.
1310 4015 1512 4074 Verum
1546 4021 1767 4082 Balaam
1803 4031 1926 4097 iste,
1955 4035 2070 4092 sive

478 4096 775 4150 secundum
805 4101 990 4155 cordis
1017 4103 1099 4156 stti
1140 4109 1478 4176 propositum
1507 4117 1650 4182 quod
1677 4135 1782 4175 nott
1812 4128 2068 4181 emenda-

479 4194 653 4250 verat,
711 4187 827 4242 sive
876 4195 1177 4250 secundum
1211 4197 1363 4254 illam
1411 4201 1660 4276 ﬁguram,
1698 4226 1804 4281 qua
1829 4215 2066 4276 diximus

477 4291 600 4331 eum
656 4287 846 4336 tenere
881 4299 1172 4352 personam
1217 4289 1526 4360 doctorum,
1573 4312 1634 4354 ac
1661 4299 2062 4366 Pharisaeorum

478 4368 654 4438 plebis
709 4373 1026 4445 incredulae,
1075 4381 1343 4440 instaurat
1373 4387 1550 4446 adhuc
1582 4392 1812 4465 hostias,
1842 4413 1896 4456 et
1921 4417 2062 4472 prac-

2193 1908 2469 1964 quemque
2498 1899 2550 1950 in
2583 1915 2681 1953 suo
2709 1902 2906 1958 ordine
2938 1909 3363 1964 resurrectionis
3402 1909 3632 1979 gloriam
3660 1915 3789 1968 ade-

2193 1995 2438 2054 pturtun,
2477 1999 2532 2043 et
2569 2001 2848 2061 assumpta
2885 1995 3147 2063 parabola
3200 2014 3296 2054 sua
3334 2000 3633 2072 intelligent
3664 2020 3788 2074 quae

2193 2076 2246 2130 in
2283 2080 2559 2147 parabolis
2608 2084 2812 2152 scripta
2845 2095 2973 2140 sunt
3008 2105 3021 2141 :
3053 2103 3176 2156 quae
3207 2106 3350 2146 nunc
3381 2105 3602 2165 prepter
3630 2097 3786 2153 vcla-

2191 2186 2311 2223 meu
2337 2174 2482 2240 quod
2510 2176 2750 2243 positum
2782 2182 2866 2230 est
2896 2191 3062 2247 super
3090 2195 3186 2236 cor
3219 2198 3432 2250 eorum,
3487 2201 3667 2256 neque
3695 2191 3784 2243 vi-

2188 2263 2336 2329 dent,
2377 2279 2554 2333 neque
2601 2267 2930 2340 intelligunt.
2983 2272 3249 2350 Denique,
3286 2292 3306 2325 ι
3350 2291 3456 2330 non
3488 2278 3666 2342 abiit,
3697 2282 3781 2334 in-

2184 2355 2342 2423 quit,
2383 2371 2450 2411 ex
2489 2373 2639 2413 more
2671 2360 2722 2414 in
2761 2376 3049 2417 occursum
3081 2366 3364 2434 auspiciis.
3409 2387 3428 2420 ι
3471 2369 3588 2428 Non
3629 2374 3777 2427 enim

2185 2462 2337 2502 more
2365 2448 2469 2503 sibi
2501 2449 2682 2516 solito,
2722 2452 2902 2509 stultis
2932 2463 2985 2508 et
3013 2455 3272 2512 inanimis
3319 2461 3569 2517 sensibus
3601 2465 3776 2534 rapic-

2184 2547 2289 2602 tur,
2325 2539 2650 2596 animalibus
2678 2545 2840 2600 mutis
2872 2555 2926 2600 ct
2958 2549 3262 2616 pecudibus
3290 2550 3392 2606 Dei
3423 2555 3776 2610 considerans

2185 2629 2546 2698 voluntatem,
2596 2636 2740 2691 sicut
2784 2638 2844 2702 ii,
2880 2640 2976 2708 qui
3021 2655 3090 2694 ex
3127 2641 3246 2697 istis
3287 2643 3492 2700 talibus
3527 2649 3770 2717 auspicia

2181 2722 2446 2793 colligunt
2481 2741 2496 2779 :
2533 2729 2630 2782 sed
2663 2741 2925 2798 agnoscet
2969 2732 3135 2786 etiam
3174 2733 3313 2801 ipse,
3341 2737 3466 2804 quia
3497 2755 3673 2809 neque
3705 2741 3774 2795 de

2180 2814 2353 2869 bobus
2409 2831 2541 2871 cura
2596 2830 2680 2874 est
2715 2821 2852 2887 Deo,
2909 2823 3163 2879 similiter
3211 2842 3390 2897 neque
3439 2830 3506 2885 de
3557 2832 3772 2898 ovibus,

2180 2920 2356 2975 neque
2408 2907 2473 2962 de
2503 2910 2717 2976 avibus,
2769 2912 3004 2982 aliisque
3048 2916 3404 2981 animalibus,
3435 2923 3528 2974 sed
3563 2921 3606 2976 si
3655 2939 3763 2991 qua

2190 2996 2258 3051 de
2312 2998 2396 3053 his
2463 3001 2666 3071 scripta
2717 3013 2867 3072 sunt,
2927 3019 3150 3078 propter
3207 3011 3456 3068 homines
3508 3014 3768 3086 intelliget

2185 3090 2416 3160 scripta.

2254 3205 2306 3258 5.
2343 3204 2448 3260 Sed
2478 3206 2758 3264 videamus
2780 3209 2891 3278 jam
2921 3228 3044 3282 qua:
3073 3213 3180 3271 sint
3213 3231 3333 3288 quae
3364 3219 3416 3273 in
3449 3224 3605 3274 tertia
3635 3236 3764 3291 pro-

2180 3297 2366 3366 phetia
2418 3301 2777 3370 proloquatur
2828 3304 3068 3360 Balaam.
3132 3328 3150 3360 ι
3185 3309 3350 3374 Dixit,
3385 3314 3626 3384 inquit",
3661 3317 3762 3370 Ba-

2182 3389 2321 3442 laam
2355 3388 2497 3445 ﬁlius
2529 3391 2688 3459 Bcor,
2718 3394 2884 3450 homo
2919 3413 3050 3453 vere
3095 3401 3303 3465 videns,
3331 3404 3486 3470 dixit,
3535 3408 3764 3461 audiens

2179 3478 2346 3534 verba
2385 3479 2562 3547 l‘ortis,
2617 3483 2710 3552 qui
2747 3484 2922 3540 visum
2962 3486 3057 3542 Dei
3092 3489 3223 3546 vidit
3260 3493 3311 3547 in
3344 3497 3572 3562 somnis,
3609 3514 3766 3552 reve-

2179 3571 2271 3624 lati
2304 3571 2447 3626 oculi
2479 3573 2620 3642 ejus.
2649 3593 2669 3627 ι
2716 3573 2910 3630 Mirum
2943 3578 3192 3647 profecto
3227 3593 3310 3639 est
3337 3585 3502 3658 336
3533 3604 3763 3656 quomoa

2176 3661 2245 3715 do
2280 3671 2446 3718 tanta:
2481 3664 2654 3720 laudis
2696 3667 2895 3736 dignus
2942 3670 3215 3728 habeatur
3249 3675 3494 3746 Balaam,
3525 3681 3619 3749 qui
3667 3697 3760 3736 ac-

2175 3764 2331 3824 cepta
2371 3759 2627 3827 parabola
2663 3775 2786 3829 sua,
2817 3763 2934 3820 haec
2962 3766 3028 3821 de
3080 3772 3372 3840 semetipso
3415 3777 3757 3842 pronuntiat.

2175 3844 2458 3911 Quomodo
2502 3851 2647 3904 enim
2702 3852 2866 3909 homo
2897 3871 3045 3916 ,νει-ε
3073 3860 3260 3916 videns
3287 3862 3507 3918 Balaam
3541 3866 3632 3933 sit,
3663 3867 3756 3937 qui

2175 3935 2778 4010 divinationi,auguriis
2809 3957 3031 4014 Operam
3061 3950 3292 4017 dederit,
3323 3954 3412 4022 qui
3439 3955 3602 4009 etiam
3643 3935 3760 4010 nia-

2173 4030 2309 4098 gica:
2332 4032 2625 4100 studuerit,
2684 4037 2826 4092 sicut
2855 4053 3022 4106 supra
3071 4043 3432 4110 ostendimus,
3470 4047 3625 4103 valde
3653 4050 3758 4103 mi-

2172 4137 2289 4174 rutn
2327 4131 2431 4187 est,
2477 4125 2580 4178 nisi
2611 4124 2752 4181 forte
2786 4143 2886 4196 pro
2918 4143 3005 4196 eo,
3049 4134 3192 4200 quod
3221 4151 3386 4205 supra
3414 4138 3616 4193 dictum
3646 4150 3759 4207 est,

2169 4209 2296 4274 quia
2328 4211 2552 4280 spiritus
2587 4215 2680 4268 Dei
2711 4215 2888 4274 factus
2916 4220 3078 4276 fuerit
3110 4222 3162 4277 iu
3199 4223 3336 4295 ipso,
3369 4237 3426 4282 et
3464 4231 3588 4298 quia
3629 4245 3752 4285 ver-

2167 4300 2296 4356 bum
2327 4302 2421 4357 Dei
2451 4307 2688 4374 positum
2725 4309 2792 4364 sit
2826 4310 2877 4364 in
2905 4325 3002 4366 ore
3029 4311 3164 4382 ejus,
3213 4317 3328 4372 haec
3361 4320 3428 4374 de
3459 4335 3524 4377 eo
3555 4332 3750 4391 puten-

2170 4395 2259 4442 tur
2310 4399 2415 4444 tatn
2495 4409 2687 4465 magna
2742 4400 3052 4470 conscripta
3108 4416 3231 4459 esse
3279 4412 3574 4476 praeconia.
3641 4413 3751 4470 Nec

477 4463 660 4528 parari
690 4468 963 4524 sacriﬁcia
1008 4470 1184 4539 jubet,
1245 4479 1298 4533 ιη
1345 4483 1432 4539 ωε
1481 4487 1628 4541 enim
1665 4463 1879 4547 οιηηέη,
1912 4463 2061 4565 gpem
2096 4496 2144 4556 υ
2172 4480 2379 4553 Moyses
2432 4486 2601 4553 enim,
2661 4505 2760 4545 nec
2815 4491 2957 4548 alius
3006 4495 3126 4564 quis
3161 4500 3549 4567 prophetarum
3594 4505 3750 4561 facile

475 4566 670 4620 gerunt
701 4557 758 4622 ii,
794 4575 1032 4629 quorum
1065 4580 1162 4623 cor
1193 4586 1300 4626 non
1335 4576 1528 4646 recipit
1569 4580 1728 4635 ﬁdem
1758 4557 1986 4645 Christi.

545 4647 601 4702 2.
637 4648 745 4704 Sed
779 4653 908 4720 quid
947 4656 1234 4724 sequitur?
1279 4679 1300 4713 ι
1335 4665 1400 4721 Ει
1419 4667 1630 4736 videns,
1661 4673 1836 4744 inquit
1870 4679 1912 4746 ⁸,
1954 4680 2060 4737 Ba-

474 4739 640 4805 laam,
695 4743 821 4813 quia
858 4746 1057 4802 bonum
1088 4761 1172 4806 est
1202 4754 1255 4808 in
1289 4770 1587 4828 conspectu
1631 4739 1841 4823 Domini
1890 4739 2060 4828 bene-

471 4829 659 4887 dicere
693 4832 879 4904 lsrael,
913 4852 1019 4894 non
1041 4840 1259 4899 abiitex
1292 4862 1443 4904 more
1471 4850 1522 4904 in
1555 4867 1843 4912 occursum
1873 4864 2060 4931 auspi-

471 4923 597 4987 ciis,
634 4925 730 4981 sed
777 4931 1051 4987 convertit
1100 4933 1293 4990 faciem
1334 4954 1488 4994 suam
1540 4943 1591 4998 in
1643 4945 1914 5007 desertum
1951 4972 1964 5008 :
2002 4966 2058 5011 ει

473 5015 692 5073 elevans
743 5017 961 5076 Balaam
1009 5025 1194 5082 oculos
1223 5043 1351 5086 suos
1403 5032 1644 5091 intuetur
1687 5039 2056 5103 lsraelcastra

471 5110 825 5166 constituisse
875 5127 972 5183 per
1029 5117 1228 5186 tribus,
1279 5131 1335 5177 et
1383 5121 1560 5183 factus
1602 5140 1687 5185 est
1735 5148 1898 5204 super
1931 5153 2056 5194 eum

471 5199 700 5269 spiritus
753 5203 871 5291 Dei,
918 5215 976 5262 et
1012 5221 1287 5280 assumpta
1329 5219 1584 5284 parabola
1618 5236 1738 5291 sua,
1769 5199 1862 5281 ait.
1888 5247 1906 5280 ι
1953 5229 2056 5285 Re-

471 5289 720 5356 quiratur
767 5290 1002 5351 fortasse
1044 5301 1192 5357 unde
1223 5303 1355 5359 vidit
1388 5306 1628 5375 Balaam,
1680 5289 1808 5384 quia
1854 5318 2054 5376 bonmn

449 5375 554 5434 est
584 5381 638 5436 itt
669 5397 963 5456 conspectu
1000 5388 1210 5447 Domini
1239 5396 1562 5461 benedicere
1594 5375 1778 5473 lsra'el,
1818 5419 1872 5464 et
1900 5421 2058 5480 puta-

473 5472 620 5528 bitur
654 5491 720 5530 ex
775 5480 1064 5539 sacriﬁciis
1115 5485 1454 5551 intellexisse
1505 5512 1628 5568 qua:
1655 5500 2053 5559 immolaverat.

477 5562 576 5620 Ubi
629 5569 773 5624 enim
808 5571 941 5628 vidit
990 5576 1194 5634 nullum
1225 5583 1420 5642 adesse
1450 5589 1799 5659 daemonium,
1850 5595 2051 5651 nullam

543 5681 588 5712 ’⁸
607 5678 766 5766 Nini};
801 5700 955 5766 ξκιιιε
977 5689 1186 5766 29,39.
1233 5698 1308 5766 7"
1334 5699 1349 5754 Ι
1375 5701 1502 5761 Cor.
1531 5722 1585 5766 κ,
1609 5707 1698 5760 20.

476 5767 624 5822 ιχιν,
649 5753 778 5820 1,2,
804 5753 857 5808 3.
934 5758 953 5788 υ
982 5753 1110 5814 ibid.
1139 5762 1190 5829 δ,
1218 5765 1268 5820 ι.
1337 5753 1585 5831 41).;de
1611 5753 1780 5833 ἕῐὶυιι.

1783 5710 1797 5738 ¹
1845 5709 1996 5767 Deut.
2044 5728 2216 5780 min,
2259 5711 2345 5768 17.

2174 4574 2486 4632 invenietur
2538 4582 2705 4638 tantis
2757 4584 3004 4643 laudibus
3053 4587 3322 4648 elevatus.
3385 4593 3538 4651 Unde
3575 4599 3748 4670 magis

2169 4666 2302 4721 mihi
2336 4670 2550 4726 videtur
2579 4673 2694 4729 haec
2724 4675 2800 4732 illi
2834 4680 3036 4749 populo
3067 4687 3358 4742 convenire
3387 4702 3454 4743 eo
3482 4697 3748 4760 tempore,

2165 4770 2274 4826 quo
2296 4760 2408 4826 jam
2441 4777 2740 4822 conversus
2767 4770 2833 4824 ad
2862 4769 3177 4842 Dominum,
3207 4777 3456 4846 deposuit
3481 4779 3744 4849 velamen,

2167 4852 2310 4920 quod
2341 4863 2462 4908 erat
2508 4871 2674 4926 super
2703 4874 2801 4915 cor
2846 4879 3028 4919 suttm.
3089 4865 3349 4925 Dominus
3384 4871 3606 4940 spiritus
3638 4885 3744 4932 cst.

2167 4943 2380 5002 Idcirco
2410 4949 2645 5018 denique
2675 4951 2831 5018 dicit,
2888 4973 2907 5008 ι
2936 4958 3158 5014 revelati
3193 4962 3332 5018 oculi
3371 4965 3510 5035 ejus,
3534 4983 3553 5017 ι
3591 4967 3747 5037 quasi

2164 5038 2254 5107 qui
2309 5055 2453 5096 nunc
2499 5058 2668 5112 usque
2711 5046 2880 5102 clausi
2915 5050 3140 5119 fuerint,
3176 5062 3234 5110 ct
3283 5073 3426 5112 nunc
3461 5074 3556 5128 per
3589 5060 3749 5130 spiri-

2165 5138 2276 5184 tum
2307 5131 2420 5198 Dei,
2449 5135 2540 5203 qui
2571 5151 2735 5206 super
2765 5153 2886 5193 eum
2921 5141 3099 5198 factus
3128 5154 3232 5211 est,
3264 5146 3447 5204 ablato
3479 5150 3747 5206 velamine

2166 5224 2505 5282 revelentur.
2548 5227 2705 5283 Nunc
2755 5245 2887 5302 ergo
2939 5243 3022 5288 est
3066 5238 3283 5304 quando
3315 5253 3440 5296 vere
3485 5242 3651 5308 videt,
3689 5258 3744 5298 et

2164 5331 2293 5376 vere
2329 5319 2483 5373 audit
2507 5321 2673 5375 verba
2711 5321 2886 5388 fortis,
2920 5334 2973 5379 et
3002 5327 3175 5382 visum
3211 5331 3307 5386 Dei
3336 5333 3478 5388 videt
3510 5334 3561 5388 in
3595 5349 3744 5389 somn

2160 5412 2245 5466 nis
2299 5430 2312 5468 :
2369 5413 2420 5468 id
2468 5424 2570 5480 est,
2620 5430 2683 5469 ca
2731 5433 2850 5486 qua:
2898 5421 2952 5475 in
2982 5423 3188 5480 somnis
3226 5425 3431 5482 Danieli
3463 5429 3741 5498 prophetae

2163 5513 2406 5574 tempora
2463 5507 2744 5576 designata
2797 5514 2990 5580 sunt“,
3042 5516 3248 5572 videbit
3279 5517 3496 5588 impleta
3534 5538 3549 5577 :
3582 5523 3742 5576 etvi-

2159 5596 2341 5652 siones
2395 5598 2538 5665 illas,
2565 5616 2710 5670 ,qnze
2765 5602 2820 5657 in
2851 5607 3061 5662 somnis
3091 5608 3154 5662 ad
3188 5608 3341 5664 illum
3372 5610 3563 5668 delata
3589 5623 3738 5680 sunt,

2422 5715 2442 5746 ³
2467 5713 2609 5770 Psal.
2641 5731 2786 5787 χιιι,
2817 5718 2901 5776 15.
2981 5719 3000 5752 ³
3023 5719 3225 5778 Jerem.
3253 5738 3348 5793 vn,
3372 5726 3426 5782 ‘2.
3530 5729 3549 5758 ⁵
3573 5726 3732 5782 Num.
