4086 6218
378 220 481 275 705

1464 222 1527 275 IN
1570 219 1907 277 NUMEROS
1949 219 2235 277 HOMILIA
2282 223 2447 281 XVII.

3532 246 3639 301 706

379 338 585 394 videbit
619 339 769 393 :hoc
817 349 902 394 est
947 340 1233 408 intelliget,
1268 351 1325 397 et
1359 354 1617 412 agnoscet
1646 343 1823 397 oculis
1874 358 1956 395 re—
1988 346 2032 401 Α
2064 341 2200 396 laam
2231 359 2327 413 pro
2376 360 2440 400 eo
2474 346 2617 416 quod
2651 348 2877 404 revclati
2934 351 3149 408 fuerant
3206 356 3346 411 oculi
3387 359 3522 428 ejus,
3559 361 3643 414 di-

377 431 596 485 velatis.
658 429 932 485 Eﬂieietur
974 430 1117 485 enim
1158 432 1351 487 similis
1386 434 1477 497 iis,
1527 434 1617 502 qui
1657 433 1952 486 dicebant:

382 543 401 575 ι
434 524 544 577 Nos
576 532 759 577 autem
789 538 982 577 omnes
1031 523 1261 579 revelata
1313 525 1449 579 facie
1477 524 1706 594 gloriam
1741 524 1954 578 Domini

374 612 728 682 speculamur
759 614 949 668 eadem
987 614 1223 683 imagine
1247 614 1358 684 ('75)
1389 614 1753 669 transformati
1786 631 1815 667 a
1843 614 1956 682 glo-

375 706 456 758 ria
490 706 542 757 in
576 703 830 773 gloriam,
868 713 1124 773 tanquam
1161 721 1188 756 a
1223 705 1435 760 Domini
1485 705 1677 775 spiritu
1704 705 1747 757 ⁷.
1780 722 1798 756 ι
1848 702 1952 758 Vc-

375 798 467 851 lim
520 807 698 851 tamen
738 797 1036 866 requirere,
1091 797 1180 866 qui
1212 808 1339 853 sunt
1368 798 1455 852 isti
1504 798 1646 853 oculi
1684 798 1822 866 ejus,
1861 797 1949 865 qni

375 889 599 944 revelati
636 890 894 944 dicuntur
946 907 961 944 :
1016 904 1083 945 ne
1116 891 1255 945 forte
1292 890 1392 957 ipsi
1446 889 1575 953 sint,
1626 889 1717 957 qui
1751 889 1800 941 in
1833 887 1951 941 aliis

375 980 675 1051 Scriptura:
705 981 857 1045 locis,
913 992 972 1035 ut
1017 981 1068 1034 in
1096 982 1413 1052 quibusdam
1444 978 1843 1049 exemplaribus
1870 979 1947 1033 Ie-

372 1074 573 1143 gimus,
608 1074 750 1129 oculi
792 1082 949 1128 terra:
982 1072 1341 1143 appellantur,
1387 1083 1439 1125 ct
1477 1071 1587 1137 illc,
1618 1086 1776 1139 quem
1812 1070 1949 1123 Patr-

372 1166 456 1216 lns
513 1178 734 1218 sensum
784 1164 965 1217 carnis
1019 1163 1170 1225 dicit,
1223 1177 1346 1216 cum
1405 1162 1486 1216 ait
1531 1161 1595 1215 dc
1645 1159 1946 1229 quodam“,

376 1256 643 1310 rFrustra
698 1254 913 1309 inﬂatus
950 1270 978 1306 a
1033 1267 1194 1308 sensu
1242 1255 1421 1310 carnis
1470 1270 1600 1309 suae.
1629 1273 1647 1306 ι
1709 1255 1781 1306 De
1831 1251 1948 1306 istis

372 1348 539 1400 credo
571 1346 767 1409 oculis,
801 1345 964 1399 etiam
996 1361 1221 1415 serpens
1259 1345 1457 1399 dixerit
1493 1345 1557 1398 ad
1598 1344 1785 1407 Evam,
1820 1342 1945 1410 quia

374 1440 586 1492 sciebat
618 1438 879 1491 Dominus
934 1454 952 1487 ι
975 1439 1117 1507 quod
1147 1439 1199 1492 in
1247 1452 1569 1505 quacunque
1603 1436 1688 1490 die
1720 1434 1947 1488 mandu-

369 1529 624 1583 caveritis
654 1543 719 1582 ex
749 1543 838 1592 eo,
876 1529 1187 1597 aperientur
1217 1528 1359 1584 oculi
1394 1529 1556 1583 vestri
1581 1529 1623 1584 ’.
1653 1547 1672 1580 ι
1716 1527 1783 1581 Ει
1815 1542 1946 1597 pau-

371 1621 421 1674 lo
445 1630 564 1687 post
600 1619 644 1651 ¹⁰
682 1637 695 1673 :
731 1638 750 1670 ι
780 1619 845 1673 Ει
882 1620 1386 1680 manducavcrunt,
1427 1620 1637 1688 inquit,
1673 1628 1728 1672 et
1768 1618 1940 1687 aperti

2066 449 2191 489 ccrc
2221 436 2288 489 de
2322 439 2615 507 semetipso
2642 440 2709 503 ³⁸,
2769 458 2788 491 t
2810 442 2970 495 homo
3006 459 3129 499 vere
3159 447 3381 512 videns;
3410 468 3428 500 ι
3480 460 3535 504 et
3562 452 3643 505 di-

2064 541 2211 591 cere,
2263 528 2443 582 «dixit
2492 530 2717 584 audiens
2771 534 2931 587 verba
2970 534 3148 589 fortis.
3181 556 3200 588 ι
3267 539 3467 594 Eodem
3496 542 3640 595 enim

2062 616 2252 671 ordine
2282 634 2388 685 quo
2421 618 2511 672 alii
2542 619 2684 674 oculi
2711 622 3059 690 clauduntur,
3096 627 3257 680 ctalii
3293 630 3640 696 aperiuntur,

2060 707 2224 760 etiam
2254 724 2414 765 aures
2452 711 2570 765 alia:
2598 712 2936 777 claudendm,
2985 727 3039 769 et
3068 718 3187 771 alite
3218 721 3526 788 aperiendae
3555 722 3640 774 in-

2063 798 2405 866 telliguntur.
2475 800 2670 855 Verum
2718 804 2763 856 si
2816 806 2937 873 quis
2986 808 3100 862 haec
3125 810 3287 863 etiam
3340 813 3637 865 secundum

2060 888 2341 942 historiam
2376 890 2506 944 velit
2544 892 2689 944 dicta
2718 894 3017 964 suscipere,
3066 908 3242 966 potest
3272 900 3473 965 dicere,
3509 902 3634 970 quia

2060 978 2112 1030 in
2161 992 2225 1032 eo
2275 980 2417 1047 quod
2462 981 2595 1035 vidit
2629 983 2843 1037 Balaam
2892 987 3034 1053 quod
3078 989 3274 1042 bonum
3305 1002 3386 1045 est
3422 993 3475 1045 in
3504 1009 3638 1048 con-

2057 1078 2245 1137 spectu
2283 1069 2494 1124 Domini
2530 1072 2856 1129 benedicere
2879 1075 3063 1142 Israel,
3095 1082 3452 1134 ostenduntur
3484 1098 3636 1137 reve-

2058 1158 2317 1213 latinculi
2374 1162 2510 1229 ejus,
2564 1172 2617 1216 et
2672 1164 2850 1220 facltlS
2904 1183 3025 1221 esse
3074 1168 3234 1222 homo
3266 1186 3392 1225 vere
3423 1173 3630 1231 videns.

2057 1251 2196 1305 Vere
2220 1251 2364 1305 enim
2398 1254 2529 1306 vidit
2568 1270 2687 1323 quae
2722 1256 2900 1312 futura
2930 1270 3087 1314 erant
3112 1242 3183 1314 ide
3217 1261 3398 1326 Israel,
3429 1266 3508 1318 vel
3540 1266 3631 1320 Ja-

2055 1343 2177 1395 cob.
2220 1343 2450 1396 Audisse
2503 1360 2723 1414 quoque
2750 1363 2870 1402 eum
2922 1352 3086 1405 verba
3122 1350 3275 1407 fortis
3302 1354 3433 1408 dicit
3467 1356 3514 1407 in
3546 1370 3631 1423 eo,

2053 1444 2174 1483 cum
2230 1432 2383 1484 venit
2436 1434 2503 1485 ad
2554 1448 2675 1486 eum
2731 1435 2894 1501 Deus,
2951 1447 3005 1491 et
3041 1438 3175 1490 dixit
3210 1439 3261 1491 in
3313 1442 3516 1494 somnis
3542 1442 3628 1495 ¹⁶ε

2058 1539 2075 1570 ι
2102 1519 2336 1575 Verbum
2384 1524 2528 1591 quod
2560 1526 2763 1579 dedero
2797 1528 2851 1579 in
2900 1542 2997 1582 ore
3030 1537 3143 1592 tuo,
3178 1530 3279 1584 hoc
3311 1534 3538 1585 observa
3574 1543 3633 1586 ut

2053 1609 2321 1681 loquaris;
2352 1633 2369 1663 ι
2423 1602 2477 1668 et
2531 1614 2632 1668 hoc
2683 1626 2800 1670 erat
2847 1620 3021 1672 visum
3050 1618 3166 1685 Dei,
3220 1623 3361 1689 quod
3397 1623 3529 1676 vidit
3576 1625 3627 1677 in
3683 1656 3688 1661 ·

368 1722 497 1766 sunt
545 1710 686 1766 oculi
728 1726 936 1766 eorum.
963 1729 982 1762 ι
1044 1711 1160 1765 Nisi
1210 1712 1352 1765 enim
1398 1720 1580 1767 essent
1627 1709 1942 1767 ditlcrentiae
1972 1694 2015 1747 Β
2046 1704 2268 1770 SOIImiS,
2302 1715 2357 1760 ct
2390 1720 2485 1774 per
2526 1705 2638 1759 haec
2672 1709 2939 1764 rcvclatos
2966 1725 3086 1764 esse
3117 1713 3305 1766 oculos
3332 1713 3447 1780 ejus
3478 1729 3626 1766 asse-

366 1800 678 1867 oculorum,
732 1810 787 1853 et
832 1798 923 1853 alii
955 1810 1139 1855 essent
1184 1802 1276 1870 qui
1309 1816 1405 1871 per
1434 1801 1940 1870 praevaricationem

364 1892 705 1960 aperientur,
756 1899 808 1944 et
853 1890 943 1944 alii
973 1891 1170 1960 quibus
1202 1892 1462 1947 videbant
1492 1892 1660 1947 Adam
1718 1902 1772 1948 et
1808 1894 1939 1958 Eva,

366 1992 662 2052 antequam
718 1984 802 2037 isti
841 1984 1203 2052 aperirentur,
1263 2000 1538 2054 nunquam
1570 1986 1753 2055 utique
1788 1983 1939 2040 Scri-

365 2084 522 2144 ptura
582 2074 825 2128 nondum
876 2075 1078 2144 apertis
1118 2076 1290 2132 oculis
1338 2092 1545 2142 eorum,
1596 2078 1699 2132 illis
1735 2079 1825 2147 qui
1872 2093 1937 2132 ex

359 2166 807 2238 praevaricatione
833 2168 1084 2238 patefacti
1115 2180 1261 2233 sunt,
1294 2170 1500 2225 diceret
1524 2171 1565 2201 “
1604 2188 1618 2224 :
1663 2189 1680 2222 ι
1710 2170 1775 2224 Ει
1804 2171 1941 2225 vidit

362 2256 565 2311 mulier
597 2259 722 2327 quia
762 2258 961 2313 bonum
982 2269 1079 2316 est
1129 2261 1334 2332 lignum
1381 2264 1448 2315 ad
1480 2263 1936 2327 manducandum,

362 2358 421 2401 et
452 2357 666 2416 gratum
696 2348 867 2404 oculis
898 2352 966 2405 ad
994 2350 1305 2416 videndum,
1338 2359 1392 2406 et
1419 2356 1725 2421 speciosum
1757 2361 1839 2407 est
1868 2354 1935 2406 ad

361 2439 849 2508 considerandum,
902 2452 957 2495 et
992 2442 1272 2512 accipiens
1302 2445 1366 2497 de
1398 2442 1539 2513 ligno
1568 2443 1935 2506 manducavit,

361 2540 418 2584 et
457 2530 605 2585 dedit
656 2532 775 2585 viro
825 2546 923 2586 suo
978 2547 1184 2598 secum,
1234 2544 1289 2589 et
1337 2536 1816 2595 manducavcrunt,
1882 2542 1937 2589 et

364 2620 539 2688 aperti
596 2629 722 2674 sunt
769 2621 909 2675 oculi
964 2624 1274 2677 amborum.
1302 2642 1321 2675 ι
1385 2622 1665 2689 Quomodo
1699 2624 1843 2676 enim
1890 2624 1933 2676 si

360 2713 597 2766 nondum
625 2712 799 2781 aperti
830 2712 1042 2768 fuerant
1074 2714 1214 2769 oculi
1240 2716 1546 2779 amborum,
1581 2716 1711 2769 vidit
1741 2715 1938 2770 mulier

360 2804 485 2872 quia
536 2803 737 2858 bonum
791 2815 936 2860 esset
993 2805 1198 2875 lignum
1242 2806 1309 2860 ad
1368 2808 1824 2874 manducandum,
1882 2817 1936 2864 et

360 2904 575 2963 gratum
604 2894 779 2950 oculis
805 2896 871 2950 ad
908 2896 1240 2950 videndum?
1278 2897 1580 2967 quibusque
1607 2898 1774 2953 etiam
1802 2912 1935 2953 ocu-

2050 1793 2138 1859 rit,
2172 1796 2298 1863 quia
2335 1798 2510 1864 potuit
2567 1798 2753 1854 videre
2805 1816 2925 1864 qua:
2955 1802 3107 1856 vidit.
3152 1802 3274 1859 Haac
3310 1807 3525 1873 quidem
3558 1809 3624 1861 de

2046 1887 2109 1939 iis
2142 1903 2259 1956 qua:
2314 1891 2365 1944 in
2414 1893 2728 1961 prchatione
2777 1909 2876 1948 sua
2914 1892 3132 1949 Balaam
3181 1897 3234 1950 in
3273 1900 3625 1968 semetipsum

2043 1978 2193 2032 visus
2219 1990 2302 2034 est
2337 1985 2692 2052 prophetare.

2111 2070 2165 2124 4.
2208 2069 2360 2126 Nunc
2408 2074 2518 2140 jam
2565 2076 2843 2131 videamus
2876 2093 2994 2146 qua:
3046 2087 3193 2141 sunt,
3245 2095 3364 2147 quae
3392 2080 3442 2133 in
3490 2098 3622 2136 con-

2043 2163 2397 2230 sequentibus
2427 2166 2601 2219 dicit:
2646 2185 2664 2217 σ
2708 2166 2883 2233 Quam
2923 2169 3110 2231 bonaa,
3168 2169 3340 2238 inquit
3396 2173 3468 2234 ιτ,
3520 2173 3619 2225 d0-

2041 2270 2160 2309 tnus
2195 2254 2519 2323 tuchacob,
2550 2257 2892 2312 tabernacula
2922 2268 3032 2325 tua,
3072 2259 3269 2315 lsrael!
3299 2262 3366 2315 Ut
3400 2278 3618 2317 nemora

2041 2348 2368 2414 umbrantia,
2428 2356 2489 2401 ut
2516 2348 2750 2415 paradisi
2786 2364 2950 2417 super
2982 2350 3227 2418 flumina,
3262 2364 3318 2406 et
3364 2355 3505 2407 sicut
3536 2365 3619 2406 ta-

2040 2435 2331 2489 bernacula
2373 2451 2493 2505 quae
2557 2436 2675 2489 fixit
2741 2436 3023 2503 Dominus,
3080 2440 3218 2493 sicut
3269 2443 3417 2495 cedri
3463 2442 3619 2510 juvia

2038 2541 2229 2596 aquas.
2257 2546 2276 2578 ι
2315 2527 2491 2581 Bonas
2530 2542 2667 2595 quas
2716 2528 2848 2582 dicit
2885 2530 3076 2585 domus
3106 2529 3294 2599 Jacob,
3350 2551 3455 2589 non
3490 2547 3619 2604 puto

2038 2619 2180 2687 quod
2237 2619 2506 2673 domicilia
2556 2634 2744 2673 eorum
2801 2621 3074 2678 collaudet
3126 2635 3365 2693 terrena,
3439 2643 3619 2697 neque

2036 2713 2179 2765 enim
2218 2710 2322 2765 tale
2376 2711 2579 2780 aliquid
2621 2712 2788 2769 fuisse
2841 2715 2985 2784 apud
3025 2732 3118 2772 eos
3175 2730 3374 2788 printer
3428 2731 3616 2790 gentes

2042 2811 2267 2858 ctcteras
2309 2814 2663 2858 memoratur.
2706 2804 2811 2860 Sed
2851 2808 3132 2864 videamus
3173 2824 3240 2864 ne
3275 2811 3433 2875 forte,
3474 2828 3612 2879 quo-

2036 2897 2182 2950 niam
2222 2896 2451 2966 populus
2491 2912 2587 2966 per
2628 2899 2798 2953 tribus
2833 2911 2951 2953 erat
2994 2902 3220 2967 divisus,
3260 2914 3311 2959 et
3352 2920 3610 2973 unaqnm-

363 2987 428 3040 Iis
458 2987 761 3056 speciosum
794 2987 994 3042 dicitur
1016 2986 1181 3043 fuisse
1210 2989 1273 3043 ad
1306 2989 1793 3043 considerandum?
1826 2989 1929 3043 Sed
1960 3026 2002 3082 Ο
2036 3002 2143 3056 que
2176 2989 2346 3043 tribus
2376 3004 2475 3058 per
2505 2991 2717 3059 plebes,
2758 3000 2813 3044 et
2855 2992 3045 3045 iterum
3082 2992 3261 3060 plebes
3296 3010 3391 3063 per
3418 3010 3617 3066 cogna-

358 3094 458 3148 cgo
492 3080 717 3134 audiens
762 3095 951 3135 vocem
1005 3081 1217 3136 Domini
1277 3082 1381 3135 mei
1427 3080 1552 3136 Jesu
1606 3081 1829 3144 Christi,
1880 3093 1935 3137 et

360 3171 615 3224 virtutem
646 3171 908 3225 bonitatis
938 3171 1052 3239 ejus
1087 3171 1415 3241 intelligens,
1447 3172 1520 3225 ita
1550 3171 1775 3228 adverto
1804 3172 1933 3227 illud

358 3262 505 3328 quod
532 3260 661 3315 dicit
686 3261 731 3292 ¹²
763 3280 777 3315 :
812 3280 831 3313 ί
852 3262 907 3316 In
931 3261 1193 3331 judicium
1232 3277 1332 3333 ego
1363 3264 1482 3318 veni
1520 3265 1571 3317 in
1606 3264 1746 3319 hunc
1776 3280 1932 3319 mun-

359 3352 512 3416 dum,
565 3361 622 3406 ut
675 3368 778 3407 non
827 3354 1071 3409 videntes
1119 3356 1359 3421 videant,
1408 3365 1464 3409 et
1513 3355 1757 3410 videntes
1804 3356 1930 3409 caici

361 3444 523 3509 liant;
552 3462 571 3496 ι
605 3445 746 3513 quod
792 3445 844 3499 in
873 3446 1249 3516 peccatoribus
1282 3461 1385 3500 non
1432 3447 1614 3501 vident
1657 3446 1733 3499 illi
1764 3445 1926 3511 oeuli,

356 3533 450 3602 qui
484 3532 738 3588 meliores
765 3544 929 3597 sunt;
965 3532 1059 3587 sed
1088 3532 1149 3598 ii,
1182 3532 1273 3602 qui
1308 3547 1498 3588 sensus
1530 3532 1713 3586 carnis
1744 3529 1929 3599 appel-

356 3623 553 3688 lantur,
592 3636 645 3681 et
674 3626 765 3695 qui
796 3627 1032 3682 consilio
1078 3626 1350 3694 serpentis
1393 3624 1565 3694 aperti
1597 3631 1743 3677 sunt.
1783 3621 1928 3692 Opus

354 3731 489 3787 ergo
540 3720 889 3788 magnificum
919 3719 1218 3774 Salvator-is
1254 3720 1424 3772 nostri
1470 3716 1682 3771 Domini
1718 3725 1820 3781 εει,
1868 3726 1927 3770 ut

353 3808 412 3875 ii,
447 3809 537 3878 qui
570 3824 678 3863 non
705 3810 889 3865 vident
924 3811 1238 3865 melioribus
1266 3808 1438 3863 oculis
1465 3822 1586 3877 quae
1610 3807 1749 3862 bona
1781 3816 1924 3871 sunt,

353 3900 449 3953 sed
482 3899 589 3955 illis
641 3902 731 3969 qui
782 3902 1011 3958 consilio
1062 3902 1333 3972 serpentis
1385 3898 1637 3971 patefacti
1676 3910 1823 3964 sunt,
1872 3907 1926 3953 et

352 4005 472 4059 qua:
501 3992 641 4047 mala
695 4003 825 4048 sunt
856 3994 1157 4059 intuentur,
1191 3993 1320 4049 czeci
1376 3992 1507 4046 ﬁant
1543 4008 1557 4045 :
1587 3999 1641 4044 et
1669 3991 1762 4059 qui
1796 3989 1925 4045 ca:ci

352 4080 558 4136 fuerint
587 4084 693 4139 illis
740 4085 938 4150 oculis,
997 4101 1131 4155 quos
1166 4086 1445 4153 persuasio
1486 4083 1751 4151 serpentis
1793 4097 1922 4151 ape-

352 4173 483 4236 ruit,
520 4174 740 4228 videant
787 4175 925 4228 bona
976 4176 1185 4229 Domini
1234 4175 1318 4228 his
1364 4173 1555 4237 oculis,
1607 4188 1742 4241 quos
1769 4171 1924 4228 Jesus

352 4258 600 4315 Salvator
632 4272 819 4316 noster
848 4265 994 4316 venit
1030 4264 1261 4332 aperire.
1304 4262 1416 4317 Nisi
1449 4264 1595 4317 enim
1626 4262 1773 4332 prius
1808 4279 1923 4317 ma-

2042 3078 2238 3144 tiones,
2282 3088 2336 3133 et
2378 3082 2733 3150 cognationes
2767 3094 2867 3151 per
2917 3084 3106 3137 domos
3158 3084 3510 3152 familiarum,
3558 3098 3615 3143 et

2038 3183 2255 3223 rursum
2317 3169 2512 3224 domus
2572 3169 2900 3224 familiarum
2953 3188 3050 3242 per
3106 3188 3390 3229 numerum
3434 3180 3613 3230 nomi-

2035 3275 2183 3319 num.
2227 3269 2280 3313 et
2333 3275 2432 3329 per
2471 3266 2650 3331 capita
2693 3268 3122 3321 numerabantur
3162 3279 3178 3321 :
3220 3269 3319 3320 hoc
3370 3278 3455 3320 est
3493 3284 3611 3320 om-

2035 3352 2118 3404 nis
2156 3351 2245 3419 qni
2287 3362 2406 3407 erat
2444 3368 2473 3406 a
2508 3356 2697 3424 viginti
2731 3357 2886 3410 annis
2913 3368 2967 3412 et
3000 3374 3181 3427 supra,
3224 3358 3494 3412 masculus
3518 3359 3611 3428 qui

2031 3443 2325 3509 procedere
2366 3444 2566 3511 poterit
2605 3447 2672 3499 ad
2713 3445 2909 3500 bellum
2966 3465 2979 3499 :
3023 3449 3120 3500 has
3160 3448 3351 3501 domus
3392 3447 3608 3501 Balaam

2032 3533 2085 3587 in
2143 3535 2339 3603 spiritu
2397 3547 2665 3592 contuens
2715 3536 3021 3607 magniﬁeet
3073 3548 3123 3591 et
3179 3539 3419 3593 extollat.
3502 3539 3608 3593 Sed

2031 3640 2139 3678 non
2189 3627 2241 3679 in
2283 3625 2367 3682 his
2405 3628 2575 3683 solius
2615 3629 2811 3684 littera:
2850 3628 3151 3682 contuenda
3194 3630 3460 3685 δειιιυηιὶει
3501 3640 3605 3693 cst,

2030 3720 2286 3785 quoniam
2328 3720 2545 3788 quidem
2598 3736 2719 3790 quae
2765 3721 3003 3791 loquitur
3040 3720 3283 3785 Balaam,
3327 3732 3603 3788 assumpta

2026 3809 2189 3881 337
2216 3812 2470 3881 parabola
2526 3827 2621 3866 sua
2655 3812 2913 3882 loquitur.
2969 3812 3024 3865 In
3060 3810 3333 3879 parabolis
3376 3826 3505 3878 ergo
3548 3822 3608 3865 et

2029 3920 2127 3957 nos
2156 3906 2300 3974 quod
2331 3904 2529 3958 dicitur
2557 3906 2863 3960 audiamus.
2896 3903 2952 3958 Si
2997 3903 3140 3958 enim
3174 3903 3489 3958 consideres
3520 3903 3608 3954 di-

2027 3994 2268 4049 visiones
2303 3996 2442 4061 illas,
2477 4005 2531 4048 et
2569 3995 2789 4049 ordines
2831 3992 3150 4062 p0pulorum
3189 3991 3279 4060 qui
3316 3992 3368 4044 in
3419 4006 3607 4045 resur—

2026 4086 2271 4141 rectione
2300 4085 2641 4140 habebuntur
2675 4086 2725 4138 in
2768 4085 2963 4154 populo
3011 4085 3120 4138 veri
3171 4082 3357 4147 Israel,
3391 4083 3606 4150 quando

2026 4178 2398 4246 unusquisque
2427 4186 2675 4246 resurget
2702 4177 2752 4229 in
2795 4192 2893 4229 suo
2923 4175 3117 4230 ordine
3145 4173 3188 4206 ⁸⁸
3219 4189 3234 4226 :
3267 4174 3311 4228 si
3338 4186 3488 4241 potes
3520 4173 3605 4225 in-

2028 4271 2164 4326 tueri
2201 4270 2377 4324 tribus
2420 4269 2538 4322 illas
2572 4279 2626 4322 et
2656 4267 2836 4335 plebes
2858 4307 2874 4331 ,
2904 4276 2957 4321 et
2992 4265 3367 4333 cognationes,
3398 4265 3450 4318 in
3483 4264 3606 4333 qui-

352 4351 531 4407 lorum
564 4353 713 4407 visus
739 4353 1049 4421 claudatur,
1082 4356 1345 4409 bonorum
1380 4370 1485 4408 non
1519 4355 1722 4424 patebit
1751 4355 1914 4408 intni-
1948 4352 1992 4407 Ι)
2023 4360 2122 4415 bus
2145 4375 2253 4413 non
2288 4369 2397 4412 tam
2432 4359 2614 4412 carnis
2642 4367 2697 4411 et
2730 4357 3013 4424 sanguinis
3041 4366 3124 4409 est
3150 4356 3420 4423 cognatio,
3440 4368 3601 4423 quam

352 4453 455 4497 tus.
516 4442 608 4496 Sic
635 4457 766 4512 ergo
795 4444 960 4497 etiam
996 4443 1121 4497 illud
1155 4443 1280 4498 boni
1330 4443 1423 4498 Dei
1451 4444 1657 4498 dictum
1688 4443 1915 4511 accipio,

348 4534 493 4604 quod
526 4534 662 4587 dixit
687 4535 730 4566 "
763 4553 779 4593 :
823 4554 842 4588 ι
869 4535 1001 4601 Quis
1055 4535 1183 4590 fecit
1215 4535 1512 4598 videntem,
1546 4544 1598 4591 et
1632 4534 1867 4589 Caecum?
1892 4554 1910 4587 ι

348 4625 619 4679 videntem
652 4628 870 4699 quidem
898 4628 1194 4684 secundum
1224 4628 1517 4691 Christum,
1563 4643 1764 4683 caecum
1791 4642 1918 4683 vero

348 4720 644 4775 secundum
679 4722 963 4777 consilium
1013 4722 1303 4790 serpentis.
1369 4720 1491 4774 Haec.
1540 4731 1720 4773 autem
1773 4734 1919 4773 com-

346 4812 679 4879 monuimus,
712 4826 771 4870 ut
797 4818 1101 4872 evidentius
1122 4817 1457 4871 elucesecret
1485 4815 1575 4884 qui
1610 4824 1738 4869 sunt
1771 4814 1913 4869 oculi

344 4904 436 4973 qui
472 4905 813 4973 claudantur,
850 4920 904 4963 et
937 4909 1029 4978 qui
1065 4919 1192 4962 sunt
1233 4907 1372 4961 oculi
1412 4907 1505 4975 qui
1560 4906 1867 4961 revelentur
1899 4923 1912 4958 :

344 4995 505 5049 simul
558 5010 616 5050 ut
648 5009 703 5052 et
734 4999 865 5053 illud
916 5014 983 5054 ex
1033 4999 1117 5053 his
1144 4998 1498 5066 intelligatur,
1530 4997 1673 5065 quod
1709 4997 1759 5050 in
1789 5012 1916 5066 pro-

343 5085 504 5153 pheta
536 5088 795 5157 scriptum
835 5098 920 5143 est
944 5089 987 5120 ⁸⁸
1028 5107 1043 5144 :
1092 5107 1111 5142 ι
1141 5087 1397 5143 Videntes
1431 5088 1698 5151 videbitis,
1722 5099 1775 5141 et
1810 5102 1913 5141 non

342 5176 631 5247 videbitis;
662 5198 684 5233 ι
718 5190 776 5235 ut
802 5182 1037 5236 sciamus
1060 5181 1254 5248 quibus
1283 5180 1452 5234 oculis
1474 5180 1680 5244 vident,
1718 5188 1771 5232 ct
1797 5180 1917 5247 qui-

342 5266 441 5323 bus
466 5270 716 5329 videntes
747 5288 852 5329 non
888 5273 1091 5327 vident.
1131 5273 1369 5341 Apparet
1400 5284 1529 5340 ergo
1558 5278 1613 5324 et
1647 5271 1790 5325 hunc
1816 5270 1917 5323 Ba-

1006 5414 1028 5446 ⁸
1050 5414 1259 5469 Coloss.
1280 5428 1339 5479 ιι,
1364 5413 1449 5468 IS.
1526 5411 1547 5443 ⁸
1570 5410 1765 5466 Genes.
1794 5428 1875 5479 ιιι,
1900 5412 1953 5466 5.

451 5414 471 5444 '
499 5415 538 5470 Il
563 5418 688 5473 Cor.
714 5432 798 5479 tn,
825 5417 910 5472 I8.

2026 4451 2224 4504 mentis
2257 4456 2310 4502 et
2340 4447 2506 4501 animi
2547 4464 2561 4503 :
2609 4458 2734 4502 tunc
2778 4447 3048 4515 intelliges
3080 4461 3243 4514 quam
3286 4445 3439 4498 bona:
3473 4453 3601 4497 sunt

2024 4544 2219 4596 domus
2278 4539 2477 4603 Jacob,
2510 4551 2565 4593 et
2615 4552 2775 4608 quam
2826 4538 2965 4592 bona
3014 4535 3364 4591 tabernacula
3410 4534 3598 4589 Israel.

2023 4633 2177 4702 Quod
2222 4633 2267 4686 si
2314 4640 2369 4685 et
2399 4630 2735 4686 differentias
2786 4631 3104 4693 domorum,
3138 4638 3193 4683 et
3227 4628 3603 4683 tabernaculo-

2025 4740 2143 4779 rum
2178 4724 2445 4792 requiras,
2478 4732 2531 4777 et
2559 4720 2727 4777 Jacob
2779 4732 2942 4790 atque
2986 4719 3153 4774 Israel
3203 4719 3596 4780 diversitatem,

2023 4817 2186 4871 etiam
2220 4816 2284 4870 de
2313 4816 2413 4868 hoc
2444 4814 2566 4868 talis
2606 4814 2852 4881 quazdam
2890 4811 3134 4865 habenda
3184 4806 3460 4863 distinetio
3491 4814 3590 4856 est.

2024 4907 2222 4961 Domus
2264 4920 2350 4960 res
2386 4914 2469 4959 est
2510 4904 2751 4965 fundata,
2802 4919 2865 4955 ac
2904 4901 3132 4963 stabilis,
3185 4908 3239 4951 et
3281 4899 3444 4950 certis
3489 4907 3597 4947 ter-

2025 4998 2184 5051 minis
2213 5009 2385 5065 septa.
2411 4992 2782 5049 Tabernacula
2816 5005 2945 5044 vero
2963 5001 3089 5044 sunt
3116 4984 3421 5041 habitacula
3449 4998 3597 5052 qua:-

2024 5090 2145 5143 dam
2182 5085 2501 5154 eorum,qui
2536 5098 2749 5151 semper
2783 5082 2833 5134 in
2870 5081 2955 5133 via
2989 5087 3210 5141 sunt,et
3247 5089 3457 5143 semper
3484 5089 3596 5127 am-

2022 5178 2229 5242 bulant,
2256 5191 2353 5230 nec
2390 5174 2601 5228 itineris
2630 5172 2711 5227 sui
2744 5171 3029 5225 terminum
3059 5173 3394 5235 repererunt.
3432 5163 3597 5233 Igitur

2021 5271 2190 5327 Jacob
2224 5268 2505 5323 habendus
2534 5274 2619 5321 est
2646 5265 2697 5318 in
2737 5276 2926 5318 eorum
2958 5259 3224 5331 personis,
3250 5257 3340 5327 qui
3382 5256 3434 5309 in
3467 5254 3597 5308 aetio

2390 5407 2431 5438 ί*
2460 5406 2591 5459 ibid.
2620 5403 2673 5469 6,
2700 5402 2751 5458 7.
2831 5402 2874 5432 ”
2896 5400 3050 5454 Joan.
3084 5415 3160 5460 ιχ.
3184 5397 3275 5452 '59.
3354 5396 3398 5429 "
3423 5393 3593 5453 Exod.

2032 5414 2074 5444 ¹⁰
2103 5409 2232 5464 ibid.
2259 5410 2313 5461 7.

342 5500 414 5549 tv,
442 5488 528 5544 II.
578 5472 652 5521 7“
684 5472 805 5543 Isai'.
831 5502 904 5553 γι,
926 5487 980 5543 9.
1060 5485 1103 5517 ¹¹
1124 5484 1284 5539 Num.
1308 5472 1456 5551 ixtv,
1482 5481 1573 5537 54.
1649 5484 1692 5514 ¹⁶
1714 5472 1873 5537 Num.
1898 5500 1930 5537 Χ

2060 5482 2148 5535 55.
2226 5480 2267 5514 ¹⁷
2293 5476 2452 5533 Num.
2480 5490 2628 5541 xxiv,
2658 5477 2710 5542 5,
2740 5473 2795 5529 6.
2876 5472 2960 5526 “‘I
2991 5473 3113 5526 Cor.
3152 5484 3240 5523 xv.

409 5651 523 5725 (75)
557 5653 812 5727 lmagine.
854 5653 945 5712 Sic
975 5668 1105 5712 mss.
1134 5654 1290 5710 Libb.
1316 5652 1470 5720 editi,
1509 5671 1527 5703 ι
1560 5650 1975 5721 imaginatione.
2010 5669 2028 5702 ι
