4086 6218
517 246 612 300 707

1981 243 2299 299 ΟΜΟῐίΝῶ

3657 246 3771 298 708

511 360 613 413 bus
650 368 703 412 ct
742 372 905 426 opere
935 358 1157 428 perfecti
1191 372 1319 413 sunt
1358 378 1371 413 :
1406 360 1570 414 Israel
1613 374 1739 413 vero
1778 358 1851 413 illi
1884 359 2077 412 intelli-
2111 375 2153 424 Α
2186 366 2404 411 sanctus
2439 373 2544 409 non
2576 356 2748 411 solum
2775 356 2889 424 ipse
2919 353 3115 409 fluvius
3144 354 3232 419 sit,
3264 355 3356 409 sed
3394 364 3447 408 et
3477 354 3543 408 iis
3568 355 3763 424 quibus

509 454 667 521 gendi
703 464 843 515 sunt,
878 455 967 521 qui
1000 452 1235 507 studium
1279 468 1403 523 erga
1440 453 1763 523 sapientiam
1797 468 1862 506 ac
1902 452 2077 506 scien-

516 547 644 597 tiam
671 554 885 614 gerunt.
926 544 1060 609 Quia
1094 559 1225 612 ergo
1250 560 1471 611 opermn
1509 554 1895 613 gestorumque
1921 558 2077 598 exer-

510 634 639 687 citia
668 642 815 686 certo
850 633 955 686 fine
1008 633 1337 686 clauduntur
1385 638 1586 702 (neque
1620 635 1762 687 enim
1820 634 1938 689 sine
1971 632 2078 687 fine

511 735 593 776 est
628 738 849 791 operum
882 723 1185 792 perfectio),
1214 724 1301 776 ubi
1338 724 1712 791 adimpleverit
1740 726 1859 792 quis
1898 724 2076 777 omnia

510 830 628 880 qua:
654 814 829 868 facere
865 815 1068 877 debuit,
1100 824 1155 868 et
1189 817 1255 867 ad
1288 815 1447 867 finem
1478 814 1830 883 perfectionis
1854 830 2076 882 operum

510 905 739 967 venerit,
789 905 1053 973 perfectio
1089 906 1202 973 ipsa
1244 921 1500 974 operum,
1533 906 1672 957 bona
1723 906 1911 958 donius
1958 905 2078 973 ejus

510 1010 633 1049 esse
659 995 887 1047 dicetur.
921 996 1119 1048 Eorum
1150 1010 1276 1048 vero
1309 996 1401 1063 qui
1437 995 1715 1061 sapientia:
1745 1005 1798 1048 et
1836 995 2078 1049 scientiae

509 1103 731 1155 operam
766 1088 917 1149 dant,
967 1088 1221 1153 quoniam
1273 1086 1396 1138 finis
1442 1086 1621 1139 nullus
1652 1095 1736 1137 est
1763 1086 1905 1154 (quis
1930 1085 2075 1138 enim

512 1180 771 1233 terminus
808 1179 897 1229 Dei
936 1178 1213 1245 sapientia:
1258 1178 1361 1230 erit
1405 1179 1544 1231 ?uhi
1595 1188 1796 1245 quanto
1847 1178 2077 1244 amplius

508 1271 631 1338 quis
661 1269 966 1329 accesserit,
1004 1277 1151 1320 tanto
1183 1267 1533 1336 profundiora
1565 1268 1889 1328 iuvcniel,et
1914 1282 2078 1333 quan-

510 1372 564 1413 to
600 1360 770 1429 magis
794 1369 1067 1413 scrutatus
1095 1359 1279 1423 fuerit,
1308 1370 1459 1412 tanto
1514 1375 1575 1412 ea
1621 1358 1970 1411 incliabiliora
2024 1367 2077 1410 et

510 1450 1137 1518 incomprehensibiliora
1178 1450 1569 1517 deprehendet,
1608 1449 2075 1516 incomprehensi-

510 1544 631 1595 bilis
656 1543 865 1595 enimet
886 1541 1278 1595 inaestimabilis
1312 1551 1395 1595 est
1416 1541 1505 1595 Dei
1531 1541 1838 1610 sapientia),
1872 1540 2075 1595 idcirco

507 1645 695 1683 eorum
754 1632 843 1697 qui
886 1630 989 1683 iter
1044 1629 1324 1696 sapientia:
1369 1628 1459 1682 Dei
1508 1630 1791 1690 incedunt,
1835 1644 1939 1680 non
1977 1628 2073 1681 do-

2193 452 2349 503 datus
2376 449 2560 511 fuerit,
2596 449 2813 502 [Iuntina
2859 449 2925 503 de
2956 458 3151 501 ventre
3189 462 3380 502 eorum
3420 450 3709 517 procedant
3742 464 3765 502 :

2188 548 2236 591 et
2270 539 2409 592 Deus
2443 536 2607 592 Pater
2639 538 2781 593 dicat
2806 538 2850 569 ²⁰
2886 553 2895 587 :
2925 556 2941 587 ι
2986 534 3069 589 Me
3095 536 3507 605 dercliquerunt
3558 536 3768 591 fontem

2185 644 2338 696 aqua:
2370 631 2523 692 vivar,
2551 650 2566 680 ι
2596 645 2661 682 ex
2686 643 2791 697 quo
2826 630 3033 684 scilicet
3060 630 3210 685 fonte
3250 628 3471 683 ﬂumina
3506 630 3607 685 ista
3636 645 3769 699 pro-

2184 722 2402 773 cedunt.
2438 719 2531 772 llis
2568 719 2727 786 igitur
2762 721 3015 774 inundata
3062 722 3377 775 fluminibus
3411 722 3767 775 tabernacula

2188 811 2374 873 Israel,
2405 812 2537 863 fiunt
2589 810 2938 866 tabernacula
2984 813 3129 868 sicut
3188 823 3310 869 sunt
3347 813 3435 867 illa
3478 828 3598 882 qua:
3643 814 3773 866 fixit

2188 901 2467 954 Dominus.
2513 900 2617 955 Sed
2665 902 2930 954 intentmn
2990 900 3244 958 fortassis
3297 918 3515 957 movere
3560 906 3772 972 poterit

2186 992 2505 1053 auditorem,
2541 992 2680 1058 quod
2713 994 2846 1047 duas
2874 994 3135 1061 quasdam
3181 993 3390 1061 species
3434 993 3769 1047 tabernacu-

2186 1081 2357 1134 lorum
2397 1096 2637 1148 pnesens
2689 1095 2868 1136 sermo
2903 1093 3315 1137 commemorat.
3363 1083 3451 1136 Ait
3484 1085 3627 1136 enim
3656 1083 3701 1113 ’ί
3747 1101 3763 1135 :

2190 1194 2205 1226 ι
2248 1174 2420 1237 Onam
2472 1175 2623 1226 home
2672 1174 2863 1228 domus
2904 1173 3237 1238 tnmJacob,
3283 1174 3771 1231 tabernaculatua,

2186 1265 2379 1317 Israel!
2416 1264 2478 1318 Ut
2520 1280 2745 1318 nemora
2782 1265 3112 1333 umbrantia,
3142 1276 3197 1319 et
3228 1274 3281 1319 ul
3315 1267 3551 1334 paradi~i
3595 1282 3764 1333 super

2185 1356 2425 1410 Ilumina.
2453 1376 2470 1407 ι
2499 1358 2563 1410 lit
2590 1373 2801 1411 rursum
2836 1358 3183 1411 tabernacula
3215 1359 3582 1413 tabernaculis
3608 1373 3765 1411 com-

2184 1458 2432 1515 parat,et
2467 1449 2595 1502 dicit
2630 1467 2685 1504 ει
2718 1449 2783 1502 Ει
2811 1450 2953 1503 sicut
2980 1451 3324 1504 tabernacula
3352 1467 3470 1518 quae
3503 1450 3617 1503 ﬁxit
3654 1451 3767 1504 Do-

2186 1542 2385 1593 minus.
2432 1560 2449 1591 ι
2484 1541 2667 1595 Potest
2701 1558 2829 1612 ergo
2855 1552 2908 1596 et
2941 1543 3046 1595 alia
3095 1554 3213 1611 post
3245 1544 3363 1599 illas
3405 1560 3540 1613 quas
3594 1559 3766 1613 supra

2185 1633 2531 1699 protulimus,
2569 1636 2731 1704 recipi
2765 1636 3049 1704 expositio,
3088 1645 3145 1689 nt
3172 1637 3415 1691 dicamus
3442 1636 3635 1691 domus
3663 1636 3766 1688 Ja-

510 1738 624 1775 mos
664 1721 865 1783 laudat,
893 1736 998 1773 non
1036 1721 1178 1771 enim
1231 1728 1593 1786 pervenerunt
1642 1718 1705 1770 ad
1759 1718 1951 1781 linem,
1988 1720 2079 1772 sed
2112 1724 2154 1777 Β
2184 1724 2285 1777 cob
2334 1740 2453 1779 esse
2511 1726 2703 1795 legem,
2742 1739 2797 1782 et
2836 1726 3181 1782 tabernacula
3225 1728 3388 1783 Israel
3442 1731 3764 1798 prophetas.

508 1812 862 1866 tabernacula
915 1812 1164 1874 miratur,
1192 1811 1244 1862 iu
1288 1810 1483 1877 quibus
1536 1824 1749 1878 semper
1776 1810 2077 1875 ambulant,

508 1915 563 1958 et
615 1918 829 1971 semper
881 1902 1191 1971 proficiunt,
1226 1910 1281 1955 et
1308 1910 1513 1969 quanto
1562 1902 1735 1967 magis
1766 1902 2077 1970 proficiunt,

509 2008 661 2048 tanto
693 1996 771 2049 eis
810 1994 1124 2064 proficit-udi
1157 1995 1235 2046 via
1267 2003 1512 2062 augetur,
1540 2002 1593 2046 et
1628 1994 1947 2046 immensum
1974 2004 2083 2046 ten-

508 2089 690 2151 ditur;
726 2098 779 2141 et
818 2088 938 2140 ideo
969 2087 1099 2140 istos
1139 2084 1285 2153 ipsos
1324 2086 1597 2153 profectus
1632 2100 1817 2138 eorum
1858 2100 1952 2151 per
1976 2085 2080 2152 spi-

510 2180 666 2231 ritum
706 2188 989 2237 contuens,
1037 2176 1385 2230 tabernacula
1425 2190 1486 2228 ea
1532 2176 1773 2229 nominat
1807 2176 1988 2230 Israel.
2016 2176 2083 2230 Et

505 2286 629 2323 vere
653 2271 695 2323 si
726 2270 847 2339 quis
875 2269 1114 2322 scientia:
1160 2267 1307 2335 capit
1334 2267 1543 2335 aliquos
1576 2268 1874 2334 profectus,
1904 2279 1956 2322 et
1987 2284 2082 2322 cx-

506 2362 785 2428 perimenti
813 2361 1011 2429 aliquid
1057 2362 1109 2412 in
1163 2358 1355 2411 talibus
1402 2362 1669 2425 sumpsit,
1702 2362 1804 2413 scit
1840 2361 2082 2427 profecto

505 2453 646 2520 quod
680 2453 766 2504 ubi
819 2453 885 2503 ad
925 2451 1161 2518 aliquam
1219 2461 1435 2504 ventum
1485 2450 1647 2504 fuerit
1704 2453 1991 2515 theoriam,
2026 2463 2083 2506 et

505 2543 831 2611 agnitionem
862 2544 1239 2611 mysteriorum
1264 2543 1609 2611 spiritalium,
1634 2543 1705 2596 ibi
1738 2544 1917 2595 anima
1942 2558 2079 2612 qua-

506 2634 548 2687 si
584 2634 636 2686 in
670 2634 901 2701 quodam
942 2633 1295 2686 tabernaculo
1325 2634 1659 2687 demoratur.
1696 2634 1829 2687 Cum
1859 2649 1987 2688 vero
2011 2648 2079 2688 ex

507 2725 589 2777 his
624 2740 742 2793 qua:
771 2725 993 2793 reperit,
1019 2725 1122 2778 alia
1150 2740 1337 2779 rursus
1361 2728 1610 2787 rimatur,
1632 2732 1684 2779 et
1705 2726 1770 2777 ad
1799 2725 1933 2778 alios
1956 2741 2081 2794 pro-

507 2816 617 2871 ftcit
649 2817 973 2882 intellectus,
1000 2818 1120 2871 inde
1158 2822 1310 2887 quasi
1335 2818 1546 2872 elevato
1575 2817 1921 2871 tabernaculo
1960 2828 2081 2871 ten~

506 2910 584 2963 dit
613 2914 678 2963 ad
719 2910 1023 2978 superiora,
1067 2917 1122 2963 et
1154 2910 1223 2963 ibi
1272 2910 1503 2964 collocat
1529 2908 1694 2962 animi
1735 2910 2084 2974 sedem,sen-

506 3018 662 3056 suum
694 3002 992 3055 stabilitate
1028 3001 1301 3056 confixam
1338 3020 1350 3055 :
1384 3012 1438 3056 et
1468 3000 1591 3055 inde
1626 3002 1819 3055 iterum
1852 3016 1916 3054 ex
1950 3003 2082 3071 ipsis

505 3092 640 3147 alios
692 3091 901 3145 invenit
945 3091 1219 3160 spiritales
1269 3107 1485 3156 sensus,
1528 3108 1663 3160 quos
1697 3092 1934 3160 priorum
1964 3092 2082 3146 sine

507 3184 669 3238 dubio
689 3198 950 3238 sensuum
982 3185 1363 3252 consequentia
1393 3184 1713 3253 patefecerit
1738 3204 1748 3238 :
1771 3193 1821 3238 et
1846 3184 1917 3237 ita
1939 3199 2074 3238 sem-

503 3290 599 3344 per
632 3290 692 3329 se
723 3275 789 3328 ad
842 3276 1024 3343 priora
1060 3277 1393 3339 extendens,
1447 3277 1803 3331 tabernaculis
1852 3276 2083 3344 quibus-

504 3367 627 3420 dam
662 3367 876 3420 videtur
915 3367 1189 3421 incedere.
1223 3366 1508 3437 Nunquam
1552 3378 1633 3423 est
1674 3368 1822 3421 enim
1864 3368 2082 3436 quando

505 3460 686 3513 anima
743 3459 985 3514 scientia:
1041 3446 1278 3530 igniculo
1315 3475 1575 3515 succensa
1625 3461 1786 3515 otiari
1837 3462 2001 3523 possit
2026 3470 2082 3515 et

506 3551 808 3618 quiescere,
828 3550 922 3605 sed
956 3565 1172 3618 semper
1198 3565 1227 3603 a
1252 3551 1409 3607 bonis
1437 3554 1504 3606 ad
1537 3552 1783 3617 meliora,
1805 3564 1862 3607 et
1890 3555 2080 3608 iterum

505 3642 573 3695 ad
605 3642 887 3711 superiora
915 3658 943 3696 a
976 3644 1292 3699 melioribus
1320 3656 1674 3713 provocatur.
1702 3644 1815 3699 lloc
1844 3660 1971 3715 ergo
2003 3660 2088 3700 sa-

507 3734 722 3802 pientiae
749 3734 841 3788 Dei
892 3735 994 3789 iter
1036 3744 1189 3804 grate
1237 3737 1389 3801 satis,
1415 3746 1469 3791 et
1501 3752 1621 3791 cum
1666 3738 1832 3791 multo
1888 3738 2083 3791 decore

507 3826 795 3896 descripsit
824 3812 1013 3881 dicens
1043 3827 1085 3857 ¹⁹
1119 3843 1132 3878 ;
1161 3845 1179 3878 ι
1218 3826 1286 3881 Ut
1327 3843 1548 3882 nemora
1596 3827 1998 3895 obumbrantia,
2031 3835 2085 3881 et

507 3926 567 3971 ut
595 3917 831 3987 paradisi
861 3933 1028 3988 super
1054 3916 1298 3980 flumina,
1326 3927 1382 3972 et
1409 3920 1551 3973 sicut
1582 3920 1927 3973 tabernacula
1964 3935 2086 3988 qua:

510 4009 624 4062 fixit
658 4010 941 4075 Dominus,
976 4010 1117 4063 sicut
1150 4010 1297 4065 cedri
1330 4009 1480 4076 juxta
1519 4026 1705 4078 aquas.
1751 4030 1771 4062 ι
1804 4012 1905 4076 Qui
1939 4012 2082 4064 enim

508 4101 762 4153 incedunt
813 4102 915 4153 hac
962 4102 1081 4164 via,
1114 4117 1208 4168 per
1249 4116 1469 4153 nemora
1524 4101 1904 4153 obumbrantia
1944 4102 2088 4154 ince-

509 4191 662 4242 dunt.
690 4188 917 4243 Nemora
948 4190 1092 4243 enim
1121 4200 1247 4244 sunt
1268 4191 1349 4245 eis
1373 4190 1775 4255 obumbrantia,
1802 4193 1981 4245 omnis
2000 4191 2087 4260 ju-

508 4293 717 4337 storum
751 4294 957 4351 conus,
994 4296 1049 4340 et
1087 4296 1395 4341 sanctorum
1444 4286 1831 4354 prophetarum
1866 4286 2085 4340 chorus.

2183 1814 2300 1867 Non
2328 1817 2471 1869 enim
2502 1817 2675 1884 ipsum
2707 1818 2894 1883 Jacob,
2924 1820 3019 1873 sed
3049 1820 3240 1875 domus
3260 1820 3373 1889 ejus
3396 1822 3583 1876 laudat
3615 1839 3628 1874 :
3660 1837 3768 1876 nec

2181 1906 2352 1971 ipsum
2380 1906 2566 1971 Israel,
2594 1911 2687 1963 sed
2746 1910 3095 1965 tabernacula
3125 1912 3261 1979 ejus,
3308 1923 3362 1967 et
3397 1923 3523 1966 tunc
3554 1928 3616 1965 ea
3647 1912 3767 1965 lau—

2181 1996 2295 2061 dat,
2320 2013 2440 2052 cum
2470 2000 2691 2053 revelati
2722 2004 3010 2056 sur-loculi
3044 2004 3178 2069 ejus.
3210 2004 3458 2070 Quandiu
3494 2005 3638 2058 enim
3667 2019 3765 2056 ve-

2183 2088 2355 2142 lamen
2420 2092 2653 2158 positum
2691 2100 2776 2145 est
2829 2108 2993 2161 super
3040 2095 3329 2149 lectionem
3368 2094 3500 2163 legis
3543 2104 3597 2147 et
3632 2110 3760 2162 pro-

2182 2180 2489 2247 phetarum,
2521 2199 2623 2236 non
2666 2184 2913 2238 videntur
2941 2186 3078 2239 bona
3108 2186 3477 2249 tabernacula,
3509 2201 3607 2239 nec
3640 2186 3764 2238 Iau-

2184 2270 2390 2325 dabiles
2422 2271 2631 2325 domus.
2676 2272 2772 2327 Ubi
2806 2284 2987 2328 autem
3032 2275 3268 2329 ablatura
3300 2274 3464 2329 fuerit
3492 2274 3760 2338 velamen,

2182 2371 2233 2415 et
2276 2362 2499 2431 intelligi
2550 2365 2779 2432 coeperit
2833 2365 2915 2421 lex
2954 2366 3079 2434 quia
3137 2366 3398 2436 spiritalis
3429 2373 3606 2423 est.et
3636 2380 3766 2432 pro-

2186 2456 2358 2522 pheta:
2394 2471 2407 2506 :
2441 2466 2565 2509 tunc
2601 2458 2753 2509 home
2787 2468 2839 2511 et
2875 2459 3225 2513 admirabiles
3268 2460 3458 2514 domus
3489 2458 3676 2521 Iacob,
3706 2468 3765 2511 et

2184 2557 2310 2601 tunc
2372 2547 2692 2601 admiranda
2748 2558 2910 2601 erunt
2966 2549 3318 2604 tabernacula
3379 2549 3583 2614 Israel,
3634 2565 3760 2604 cum

2185 2648 2358 2692 amota
2386 2638 2564 2693 littera
2591 2654 2712 2708 qua:
2745 2640 2967 2705 occidit,
2991 2640 3354 2695 vivificantem
3378 2658 3441 2696 ex
3471 2643 3550 2695 eis
3585 2643 3764 2710 perci-

2184 2742 2311 2795 pere
2356 2728 2608 2796 spiritum
2648 2729 2901 2795 caaperis.
2942 2727 3126 2783 Potest
3162 2728 3337 2782 adhuc
3376 2737 3430 2781 et
3461 2727 3568 2781 alio
3600 2726 3762 2781 modo

2184 2817 2430 2887 intelligi,
2458 2828 2515 2871 ιιι
2546 2820 2723 2888 pepuli
2745 2820 3017 2873 credentis
3040 2827 3095 2874 et
3117 2817 3337 2887 perfecti
3365 2818 3545 2889 hujus,
3574 2818 3665 2888 qui
3693 2818 3759 2870 ad

2183 2906 2458 2965 Christum
2488 2926 2552 2965 ex
2581 2914 2831 2981 gentibus
2875 2921 3233 2982 congregatus
3275 2920 3358 2965 est
3380 2952 3393 2974 ,
3425 2926 3656 2981 corpora
3685 2912 3763 2964 si-

2189 3006 2297 3059 mul
2332 3005 2531 3059 laudari
2561 3007 2846 3061 videantur
2881 3016 2935 3060 et
2973 3008 3168 3060 animae
3199 3022 3213 3059 :
3244 3014 3299 3059 et
3336 3003 3506 3059 Iacob
3539 3006 3757 3074 quidem

2186 3098 2377 3151 domus
2412 3098 2476 3151 de
2533 3099 2852 3167 corporibus
2909 3099 3156 3164 dicatur,
3189 3099 3332 3153 sicut
3372 3109 3426 3153 et
3479 3099 3530 3153 in
3578 3099 3757 3154 libello

2183 3191 2412 3259 quodam
2448 3190 2664 3258 legitur,
2695 3193 2820 3260 quia
2866 3192 3040 3247 Iacob
3070 3194 3259 3247 domus
3291 3193 3363 3247 sit
3400 3192 3566 3247 Israel
3595 3210 3610 3245 :
3657 3193 3759 3247 hoc

2183 3291 2289 3348 est,
2313 3299 2508 3353 corpus
2526 3282 2641 3350 ejus
2656 3280 2824 3337 Jacob
2854 3283 3088 3351 dicatur,
3113 3292 3166 3338 et
3188 3284 3366 3337 anima
3390 3282 3572 3338 Israel.
3599 3282 3764 3337 Simi-

2186 3372 2384 3427 militer
2434 3388 2563 3442 ergo
2607 3382 2662 3427 et
2707 3372 3071 3442 perfectorem
3129 3386 3473 3441 quorumque
3532 3387 3762 3442 corpora

2187 3461 2485 3517 laudabiles
2506 3463 2696 3516 domus
2722 3477 2842 3517 esse
2869 3462 3139 3515 dicantur.
3157 3462 3325 3519 Iacob
3355 3473 3440 3519 est
3468 3465 3613 3519 enim
3640 3476 3766 3517 cor-

2185 3573 2285 3629 pus
2333 3556 2620 3619 laudabile,
2653 3572 2777 3611 cum
2819 3556 3185 3622 continentia,
3216 3566 3271 3611 et
3321 3558 3594 3619 castitate,
3625 3569 3762 3608 non-

2190 3665 2460 3719 nunquam
2488 3658 2669 3703 autem
2695 3649 2858 3703 etiam
2896 3661 3021 3701 cum
3054 3647 3220 3717 338
3250 3648 3510 3718 martyrio
3540 3647 3765 3701 decora-

2192 3752 2300 3799 tur.
2332 3740 2705 3795 Tabernacula
2742 3755 2874 3795 vero
2916 3740 2982 3794 ad
3028 3742 3238 3793 animas
3265 3737 3537 3808 perfectas
3572 3736 3760 3792 referri

2190 3843 2438 3903 possunt,
2466 3833 2663 3902 quibus
2689 3842 2743 3887 et
2784 3845 2979 3885 nomen
3005 3846 3032 3884 a
3060 3830 3292 3885 videndo
3324 3829 3489 3883 Deum
3508 3828 3764 3883 convenit

2191 3926 2397 3980 Israeli.
2428 3926 2533 3979 Ista
2569 3934 2749 3978 autem
2781 3922 3131 3977 tabernacula
3155 3930 3301 3987 sunt,
3334 3920 3529 3990 inquit,
3570 3937 3589 3970 ι
3624 3919 3766 3973 sicut

2190 4032 2409 4071 nemora
2445 4016 2849 4081 umbrantia,et
2884 4015 3026 4069 sicut
3058 4013 3297 4084 paradisi
3323 4027 3485 4081 super
3512 4010 3763 4075 flumina,

2188 4119 2240 4161 et
2270 4110 2411 4161 sicut
2440 4107 2791 4161 tabernacula
2824 4121 2944 4175 quae
2976 4105 3091 4159 fixit
3125 4106 3285 4159 Deus.
3321 4122 3339 4156 ι
3376 4104 3495 4157 Alia
3526 4118 3655 4171 ergo
3680 4113 3766 4155 ta-

2191 4198 2473 4251 bernacula
2502 4198 2739 4252 ostendit
2776 4211 2899 4252 esse
2944 4211 3065 4264 qua:
3106 4195 3221 4249 fixit
3257 4195 3537 4256 Dominus,
3568 4194 3766 4262 quibus

2190 4290 2298 4344 sint
2325 4289 2519 4343 similia
2555 4288 2902 4343 tabernacula
2932 4287 3111 4341 Israel.
3145 4285 3308 4339 Extra
3340 4286 3485 4339 hunc
3509 4283 3763 4337 mundum

510 4377 622 4431 Sub
654 4379 841 4431 umbra
864 4380 1007 4433 enim
1039 4395 1321 4445 sensuum,
1356 4395 1495 4450 quos
1526 4378 1666 4448 apud
1704 4378 1823 4433 illos
1852 4380 2084 4449 scriptos
2119 4406 2159 4460 υ
2194 4398 2278 4435 me
2312 4380 2557 4451 progredi
2592 4381 2863 4442 convenit,
2895 4388 2953 4433 nt
2980 4378 3192 4431 videam
3220 4392 3341 4447 quze
3371 4376 3481 4431 sint
3512 4376 3766 4430 taberna-

511 4468 814 4534 inveniunt,
869 4470 1264 4540 refrigerantur
1300 4472 1495 4525 anima:
1530 4470 1787 4539 ipsorum,
1816 4479 1872 4525 et
1916 4471 1969 4523 in
1997 4471 2089 4524 do-

509 4560 700 4613 ctrinis
741 4576 929 4615 eorum
971 4563 1128 4630 quasi
1186 4562 1500 4617 incedentes
1542 4578 1636 4631 per
1688 4577 1854 4631 opaca
1902 4576 2091 4615 nemo-

514 4667 631 4705 rum
686 4651 1048 4717 delectantur,
1095 4662 1151 4708 et
1192 4654 1333 4707 sicut
1382 4655 1619 4723 paradisi
1671 4668 1833 4722 super
1866 4654 2086 4707 flumina

512 4740 877 4795 Inveniuntur.
914 4742 1002 4795 Isti
1044 4741 1191 4796 enim
1239 4743 1475 4810 paradisi
1512 4758 1674 4810 super
1724 4742 1975 4809 flumina,
2012 4745 2089 4796 si-

514 4832 665 4887 miles
683 4835 964 4903 etcognati
986 4845 1111 4889 sunt
1133 4835 1205 4889 illi
1232 4836 1483 4903 paradiso
1517 4836 1567 4889 in
1597 4850 1704 4905 quo
1736 4835 1936 4906 lignum
1965 4837 2088 4889 vita:

513 4934 617 4978 est.
665 4925 910 4979 Flumina
961 4941 1087 4981 vero
1119 4941 1405 4995 possumus
1439 4927 1524 4982 vel
1573 4928 1887 4996 Scripturas
1921 4942 2087 4981 evan-

515 5018 713 5086 gelicas
756 5027 918 5089 atque
960 5019 1286 5088 ap;:stolicas
1309 5021 1577 5088 accipere,
1616 5019 1703 5071 vel
1729 5018 1889 5071 etiam
1922 5032 2087 5085 ange-

516 5110 712 5172 lorum,
746 5111 826 5164 vel
860 5112 1163 5166 cmlestium
1197 5112 1456 5165 virtutum
1482 5126 1607 5178 erga
1639 5108 1944 5175 hujusmodi
1970 5106 2089 5160 aui-

516 5217 631 5255 mas
663 5201 926 5269 adjutoria
966 5218 980 5254 :
1029 5204 1272 5274 rigantur
1305 5205 1449 5258 enim
1488 5204 1555 5257 ab
1587 5202 1692 5256 illis
1719 5211 1775 5254 et
1818 5202 2077 5254 inundau-

518 5300 623 5358 tur,
643 5304 803 5360 atque
827 5294 890 5347 ad
920 5310 1135 5349 onmem
1160 5295 1449 5349 scientiam
1472 5306 1526 5349 et
1549 5294 1879 5363 agnitionem
1906 5306 2084 5345 rerum

514 5384 815 5438 caelestium
843 5388 1158 5441 tmtriunlur
1191 5404 1205 5441 :
1236 5386 1486 5455 quamvis
1525 5396 1577 5439 et
1611 5386 1865 5439 Salvator
1903 5392 2087 5438 noster

516 5474 707 5529 fluvius
741 5477 811 5531 sit
855 5478 945 5545 qui
984 5477 1222 5535 lzetilicat
1266 5479 1545 5532 civitatem
1588 5478 1680 5532 Dei
1714 5490 1730 5529 :
1760 5484 1813 5530 ct
1846 5474 2087 5543 Spiritus

592 5634 631 5663 ¹⁹
667 5634 822 5691 Num.
856 5654 999 5705 xxiv,
1037 5642 1088 5694 6.
1166 5642 1339 5695 ’"Jet'.
1376 5659 1433 5708 ιι,
1466 5644 1546 5697 I3.

1626 5644 1667 5673 ²¹
1695 5642 1830 5697 Num
1862 5657 2003 5705 xxiv,
2034 5641 2086 5707 5,
2131 5641 2182 5691 li.

2193 4474 2314 4527 cula
2354 4488 2476 4542 quae
2526 4471 2642 4525 fixit
2689 4472 2967 4526 Dominus.
3004 4469 3093 4523 Illa
3144 4469 3397 4523 nimirum
3453 4477 3600 4531 sunt,
3650 4482 3769 4536 quae

2193 4566 2434 4619 ostendit
2476 4563 2645 4635 Moysi
2691 4578 2813 4617 cum
2855 4562 3273 4617 tabernaculum
3322 4569 3669 4615 construeret
3714 4561 3766 4613 in

2193 4656 2435 4719 deserto,
2475 4656 2661 4709 dicens
2689 4657 2755 4709 ad
2779 4670 2934 4710 eum:
2965 4673 2983 4705 ι
3015 4653 3165 4717 Vide,
3205 4653 3380 4722 inquit
3404 4653 3473 4718 ",
3500 4661 3560 4705 ut
3600 4651 3768 4705 facias

2193 4749 2375 4801 oumia
2410 4748 2705 4801 secundum
2765 4758 2946 4817 typum
3005 4747 3095 4815 qui
3154 4754 3409 4801 ostensus
3455 4754 3540 4798 est
3584 4743 3679 4797 tibi
3716 4743 3766 4797 in

2196 4848 2398 4893 monte.
2440 4857 2457 4889 ι
2504 4837 2581 4891 Ad
2616 4838 2977 4892 imitationem
3007 4851 3144 4905 ergo
3185 4837 3414 4891 istorum
3442 4835 3771 4889 tabernacu-

2195 4932 2364 4983 lorum
2390 4946 2506 4997 quae
2535 4930 2651 4983 fixit
2681 4930 2938 4985 Dominus
2970 4928 3159 4994 Israel,
3183 4929 3446 4998 jubentur
3469 4928 3655 4982 facere
3688 4936 3770 4979 ta-

2196 5022 2510 5085 bernacula,
2536 5031 2591 5075 et
2618 5022 2985 5090 unusquisque
3017 5030 3265 5074 nostrum
3295 5019 3573 5087 expedire,
3607 5026 3662 5071 et
3683 5015 3767 5070 fa-

2198 5115 2411 5167 bricare
2438 5114 2847 5167 tabernaculmn
2879 5128 3056 5166 suum.
3077 5110 3230 5166 Unde
3261 5110 3392 5164 mihi
3418 5110 3635 5164 videtur
3663 5123 3771 5162 non

2198 5205 2420 5257 fortuitu
2446 5205 2777 5272 contigisse,
2804 5213 2863 5257 ut
2896 5203 3087 5259 Petrus
3132 5201 3375 5271 quidem,
3412 5210 3468 5255 et
3502 5201 3771 5264 Andreas,

2194 5305 2248 5348 et
2278 5294 2368 5347 filii
2407 5294 2677 5357 Zebedmi,
2707 5303 2827 5348 arte
2862 5296 3165 5364 piscatores
3205 5293 3596 5355 invenirentur,
3629 5289 3771 5344 Pau-

2196 5386 2280 5439 lus
2305 5400 2437 5440 vero
2477 5396 2595 5441 arte
2625 5387 2775 5441 faber
2807 5387 3300 5441 tabernaculorum.
3330 5385 3394 5438 Et
3420 5384 3547 5453 quia
3574 5382 3650 5436 illi
3681 5394 3771 5435 vo-

2197 5476 2302 5529 cati
2354 5477 2421 5529 ab
2462 5486 2582 5529 arte
2634 5474 3022 5545 capiendorum
3078 5474 3345 5543 piscium,
3386 5478 3669 5526 mutantur
3716 5473 3778 5521 ct

2271 5642 2313 5670 "
2342 5639 2512 5693 Exod.
2544 5639 2765 5701 xxv,I0.
