4086 6218
377 171 475 224 ἳυε)

1481 167 1547 220 IN
1588 166 1922 221 NUMEllOS
1959 165 2242 222 llOMll.l.-\
2277 167 2444 225 XVII.

3540 182 3642 236 710

377 289 510 338 tium
540 282 837 351 piseanres
867 279 1170 346 hominum,
1203 279 1416 336 dicente
1444 281 1670 337 Domino
1696 284 1740 314 ’³
1766 303 1777 337 :
1809 302 1826 334 ι
1855 283 1956 336 Ve-
1990 288 2030 342 Α
2066 285 2227 337 homo
2250 287 2314 340 de
2349 288 2556 342 semine
2596 287 2712 358 ejus
2737 299 2788 343 et
2813 291 3183 348 dominabitur
3213 296 3466 366 gentibus
3504 303 3641 354 mul-

375 379 488 432 nite
519 384 642 445 post
665 384 826 434 me,et
867 373 1058 426 faciam
1094 386 1190 424 vos
1236 373 1536 441 piscatores
1573 376 1892 442 hominum;
1930 395 1946 426 ι

375 484 483 521 non
519 467 740 522 dubium
767 466 897 535 quin
934 475 988 517 et
1016 459 1230 521 Paulus,
1258 466 1383 532 quia
1420 475 1473 519 et
1503 466 1616 536 ipse
1651 481 1748 534 per
1781 466 1957 519 Domi-

375 575 507 612 num
559 569 804 613 nostrum
856 558 1041 612 Jesum
1087 560 1361 614 Christum
1414 557 1641 613 vocatus
1678 559 1957 628 apostolus

373 661 483 716 est,
517 651 680 706 simili
713 651 848 705 artis
898 666 1008 705 sua:
1041 649 1523 705 transformatione
1564 660 1799 704 mutatus
1837 650 1909 704 sit
1938 666 1953 703 :

375 753 436 795 ut
462 743 602 796 sicut
634 742 706 795 illi
738 757 803 795 ex
847 742 1207 811 piscatoribus
1237 741 1462 810 piscium
1509 740 1808 810 piscatores
1852 738 1953 792 ho-

379 834 584 888 minum
614 833 739 888 facti
767 844 918 896 sunt,
945 834 1014 887 ita
1040 842 1093 886 et
1120 834 1221 887 iste
1247 848 1276 886 a
1324 832 1588 887 faciendis
1626 833 1953 886 tabernacu—

381 927 446 980 lis
477 926 730 990 terrenis,
784 927 849 979 ad
897 924 1140 980 etclestia
1193 925 1539 980 tabernacula
1587 927 1950 982 construenda

381 1018 681 1073 translatus
707 1018 798 1074 sit.
831 1018 1106 1074 Coustruit
1151 1021 1294 1074 enim
1328 1019 1571 1098 emlestia
1602 1021 1951 1076 tabernacula

377 1110 579 1164 docens
623 1123 1061 1179 unumquemque
1100 1109 1236 1164 viam
1266 1110 1476 1175 salutis,
1504 1119 1560 1165 et
1586 1112 1865 1166 beatarum
1897 1113 1948 1164 in

377 1193 694 1248 caelestibus
729 1194 1073 1249 mansionum
1113 1196 1215 1250 iter
1245 1199 1556 1252 ostendens.
1583 1199 1734 1254 Facit
1772 1201 1951 1254 taber—

378 1288 568 1341 nacula
604 1287 801 1342 Paulus
824 1298 878 1343 ct
904 1303 1026 1342 eum
1054 1287 1121 1342 ab
1146 1287 1483 1344 llierusalem
1516 1291 1567 1344 in
1599 1293 1827 1346 circuitu
1856 1308 1947 1346 us-

377 1394 487 1448 que
516 1381 581 1434 ad
619 1380 887 1451 Illyricum
925 1383 1098 1452 replet
1143 1381 1494 1450 Evangelium
1535 1383 1651 1446 Dei,
1681 1385 1949 1440 Eeclesias

377 1473 742 1527 construendo
767 1493 780 1528 :
809 1483 865 1528 et
900 1475 1000 1531 hoc
1025 1478 1183 1531 modo
1211 1476 1342 1530 facit
1367 1486 1420 1530 ct
1450 1477 1565 1545 ipse
1597 1477 1945 1531 tabernacula

377 1563 444 1614 ad
489 1563 894 1618 similitudinem
929 1566 1403 1621 tabernaculorum
1459 1567 1782 1632 cmlestium,
1826 1583 1944 1636 qua:

2071 377 2142 431 tis
2168 387 2220 431 et
2255 380 2585 434 exal-taltitur
2625 381 2739 451 Cog
2776 399 2998 452 regnum
3033 385 3183 454 ejus,
3219 397 3271 440 et
3302 400 3512 444 crescet
3556 407 3641 446 re-

2060 485 2223 537 gnum
2261 469 2398 538 ejus.
2434 472 2573 526 Deus
2597 472 2820 526 deduxit
2859 489 2979 528 cum
3012 491 3074 529 ex
3111 477 3344 550 Aigypto
3373 482 3644 552 sieutglo-

2061 561 2140 613 ria
2172 557 2472 616 unieornis.
2499 583 2516 615 ι
2541 564 2793 620 Christus
2816 583 2944 636 ergo
2980 579 3082 632 est,
3105 572 3197 638 qui
3229 574 3361 626 exiit
3392 575 3456 627 dc
3480 577 3644 629 semi-

2059 667 2126 705 ne
2153 650 2318 708 lsrael
2348 657 2645 709 secundum
2681 673 2924 720 carnem,
2961 660 3052 728 qui
3084 663 3356 728 quomodo
3387 668 3641 732 gentibus

2059 742 2390 810 dominetur,
2428 749 2774 814 expositione
2835 763 2942 801 non
2998 750 3222 819 indiget,
3263 755 3500 808 maxime
3548 759 3638 823 qui

2061 829 2199 898 leget
2246 832 2446 886 dictum
2486 835 2534 888 ei
2593 851 2621 888 a
2675 849 2830 906 patre
2862 839 2907 869 ²⁶
2945 857 2959 892 :
3001 858 3020 889 ι
3060 839 3190 896 Pete
3220 858 3246 894 a
3290 859 3375 896 me
3409 855 3464 899 et
3498 847 3640 899 dabo

2059 921 2155 974 tibi
2178 933 2368 992 gentes
2395 925 2764 982 luereditatem
2792 938 2959 992 tuam,
2983 940 3034 983 et
3060 934 3458 998 possessionem
3491 947 3634 990 tuam

2058 1015 2321 1069 terminos
2366 1026 2541 1070 teme.
2576 1037 2591 1068 ι
2627 1017 2761 1085 Quid
2807 1031 2890 1074 est
2921 1030 3096 1075 autem
3134 1026 3273 1088 quod
3303 1027 3397 1089 ait,
3433 1046 3451 1076 ι
3487 1028 3636 1080 ειειιο

2057 1105 2260 1157 labitur
2291 1104 2402 1173 Gog
2433 1122 2658 1177 regnum
2682 1110 2832 1176 ejus?
2855 1131 2872 1162 ι
2895 1113 3010 1183 Gog
3034 1129 3192 1180 super
3217 1125 3348 1169 lecta
3373 1117 3638 1186 interpre-

2058 1202 2199 1246 tatur
2231 1193 2344 1262 (76)
2378 1212 2391 1248 :
2435 1204 2487 1249 et
2538 1198 2588 1250 in
2629 1198 2746 1252 loco
2779 1201 2881 1254 isto
2916 1217 3020 1255 non
3048 1217 3144 1271 pro
3191 1206 3364 1272 gentis
3405 1205 3636 1274 alicujus

2055 1286 2288 1350 nomine,
2348 1297 2404 1340 ut
2460 1298 2701 1356 putatur,
2733 1292 2964 1359 positum
3021 1303 3124 1358 est,
3179 1296 3270 1348 sed
3326 1306 3382 1348 ut
3418 1297 3467 1349 in
3516 1299 3637 1352 aliis

2055 1377 2349 1439 nonnullis,
2376 1377 2490 1445 ipse
2516 1395 2692 1433 sermo
2717 1382 2979 1438 Hebraeus
3007 1399 3110 1438 non
3140 1386 3525 1454 interpretatus
3552 1405 3636 1442 re-

2052 1464 2211 1519 lictus
2243 1478 2346 1531 est,
2381 1480 2434 1523 et
2465 1470 2533 1524 ob
2579 1473 2680 1525 hoc
2719 1477 2870 1541 quasi
2909 1477 2975 1530 de
3018 1486 3178 1546 gente
3218 1478 3397 1547 aliqua
3427 1481 3634 1533 dictum

2058 1557 2290 1612 videtur.
2325 1559 2416 1614 Est
2463 1576 2591 1631 ergo
2641 1567 2911 1620 sermonis
2959 1570 3346 1636 consequentia
3380 1571 3502 1624 talis
3536 1586 3552 1625 :
3581 1584 3635 1627 et

377 1653 612 1707 ostendit
648 1653 783 1708 Deus
820 1655 870 1708 iu
905 1665 1085 1711 monte
1109 1655 1301 1728 Moysi,
1345 1657 1449 1712 Sed
1495 1668 1548 1712 ει
1579 1660 1949 1728 unusquisque
1983 1651 2024 1709 B
2054 1649 2384 1702 exaltabitur
2418 1668 2579 1722 super
2624 1665 2760 1709 tecta
2798 1672 3018 1726 regnum
3060 1659 3195 1727 ejus,
3223 1671 3278 1714 et
3303 1674 3508 1716 crescet
3551 1679 3635 1717 rc-

380 1752 649 1805 nostrum,
689 1745 732 1798 si
768 1745 887 1812 quis
925 1756 1099 1802 tamen
1124 1751 1294 1804 exivit
1326 1751 1390 1804 de
1417 1748 1674 1820 IEgypto,
1711 1761 1763 1803 et
1791 1751 1944 1804 habi-

381 1841 462 1886 tat
505 1833 559 1886 in
611 1835 842 1902 deserto,
876 1838 926 1892 in
977 1841 1328 1896 tabernaculo
1376 1842 1536 1896 debet
1577 1842 1862 1907 habitare,
1894 1853 1948 1897 et

383 1925 522 1979 diem
551 1927 741 1980 festum
769 1929 818 1981 in
847 1929 1204 1986 tabernaculis
1228 1946 1408 2002 agere.
1438 1934 1591 1986 Sicut
1621 1935 1764 1986 enim
1802 1948 1949 1988 com-

380 2019 702 2072 memoratio
736 2019 794 2072 ﬁt
817 2023 1144 2090 egressionis
1169 2037 1235 2077 ex
1277 2023 1513 2095 JEgypto
1541 2039 1635 2093 per
1666 2026 1865 2094 pascha
1893 2033 1947 2080 et

377 2124 595 2178 azyma,
627 2112 700 2163 ita
745 2119 800 2164 et
850 2116 1384 2189 epmmemorationis
1417 2117 1468 2170 in
1500 2118 1716 2171 deserto
1746 2116 1803 2169 ﬁt
1836 2130 1948 2169 me-

377 2197 544 2253 moria
565 2213 661 2269 per
689 2201 1062 2258 tabernacula.
1092 2204 1150 2258 In
1183 2206 1548 2262 tabernaculis
1567 2207 1711 2261 enim
1732 2206 1944 2260 habita-

379 2297 576 2341 verunt
608 2300 794 2357 patres
824 2293 998 2348 uostri
1031 2293 1083 2348 in
1124 2295 1361 2352 deserto.
1392 2297 1547 2353 Unde
1598 2309 1782 2354 autem
1828 2299 1945 2354 ﬁeri

374 2388 589 2445 oportet
617 2382 717 2436 ista
758 2383 1132 2450 tabernacula,
1152 2388 1256 2442 nisi
1284 2403 1350 2443 ex
1382 2390 1560 2446 verbis
1586 2390 1719 2462 legis
1745 2402 1798 2447 et
1823 2409 1946 2457 pro-

373 2468 680 2538 phetarum,
710 2487 773 2528 ex
820 2477 1161 2534 sermonibus
1202 2478 1572 2548 Psalmorum,
1609 2492 1662 2538 et
1705 2486 1944 2539 omnium

376 2574 496 2626 qua.
538 2565 889 2621 continentur
943 2569 996 2623 in
1049 2569 1164 2640 lege
1200 2571 1384 2626 ?Cum
1419 2575 1585 2646 enim,
1617 2589 1682 2630 ex
1713 2576 1780 2630 iis
1825 2592 1946 2647 qua:

371 2651 576 2721 scripta
631 2665 778 2720 sunt,
811 2658 1026 2728 proﬁcit
1055 2662 1238 2715 anima
1277 2671 1331 2717 et
1383 2677 1599 2735 semper
1631 2666 1844 2736 quidem
1880 2683 1941 2724 ea

375 2758 493 2810 quze
529 2755 674 2800 retro
706 2760 829 2804 sunt
857 2750 1208 2818 obliviscens,
1239 2756 1306 2810 ad
1329 2771 1389 2810 ea
1427 2771 1546 2826 qua:
1580 2760 1633 2812 in
1669 2767 1796 2813 ante
1821 2769 1946 2814 sunt

374 2848 434 2888 se
488 2840 750 2902 extendit,
789 2851 843 2896 et
888 2842 1103 2900 deloco
1155 2847 1417 2904 inferiore
1445 2850 1799 2920 progrediens
1828 2865 1946 2906 cre-

377 2928 502 2992 scit,
541 2945 605 2985 ac
639 2934 858 3002 proﬁcit
896 2937 964 2991 ad
1007 2943 1313 3010 superiora,
1351 2957 1418 2997 ex
1451 2954 1740 3013 augmento
1768 2947 1940 2999 virtu-

378 3029 509 3087 tum,
533 3033 584 3078 et
606 3040 670 3080 ex
714 3027 831 3096 ipsa
875 3030 1250 3090 immutatione
1280 3035 1636 3104 profectuum,
1672 3037 1724 3092 in
1757 3039 1942 3094 taber-

376 3116 582 3171 naculis
611 3119 805 3175 merito
849 3122 1058 3179 dicetur
1098 3126 1366 3186 habitare.
1394 3129 1524 3185 Vide
1551 3141 1730 3185 autem
1759 3130 1801 3186 si
1833 3146 1940 3186 non

377 3215 505 3260 sunt
557 3209 901 3268 tabernacula
951 3231 1069 3285 qua:
1117 3217 1237 3273 ﬁxit
1282 3221 1442 3286 Deus,
1489 3223 1655 3276 etiam
1706 3223 1794 3276 illa
1826 3239 1945 3292 qua:

378 3299 626 3355 Salvator
653 3316 1043 3361 commemorat
1071 3309 1125 3363 in
1157 3307 1451 3379 Evangelia
1485 3314 1760 3370 dicens“:
1797 3335 1815 3368 ι
1845 3317 1945 3370 Fa-

379 3389 485 3445 cite
507 3393 658 3448 vobis
683 3397 885 3453 amicos
914 3399 981 3454 de
1023 3415 1331 3458 mammona
1365 3404 1690 3474 iniquitatis,
1727 3417 1784 3461 ut
1817 3423 1941 3462 cum

376 3482 690 3542 defeceritis
732 3489 996 3558 recipiant
1023 3507 1123 3547 vos
1169 3493 1224 3547 in
1261 3504 1463 3550 aeterna
1521 3497 1890 3551 tabernacula.
1920 3516 1938 3549 ι

376 3573 507 3628 Fixa
543 3585 720 3632 autem
745 3581 1000 3637 dicuntur
1031 3598 1060 3636 a
1082 3583 1192 3639 Deo
1219 3587 1374 3654 quasi
1408 3601 1528 3656 quae
1564 3603 1670 3641 non
1711 3587 1947 3642 cireum-

374 3663 619 3721 ferantur
645 3670 794 3726 omni
825 3683 987 3727 vento
1008 3672 1291 3729 doctrinm.
1311 3675 1449 3730 Sunt
1479 3686 1662 3730 autem
1684 3686 1738 3729 et
1765 3676 1944 3732 adhuc

375 3755 723 3815 tabernacula
763 3761 866 3816 ista
897 3773 952 3818 et
973 3767 1114 3820 sicut
1144 3767 1293 3822 cedri
1321 3766 1477 3835 juxta
1516 3781 1707 3836 aquas.
1739 3765 1945 3821 Ccdros

375 3849 464 3904 hic
493 3866 597 3905 non
624 3852 742 3908 illas
777 3856 908 3911 dicit
941 3858 992 3912 in
1026 3860 1224 3928 quibus
1267 3859 1554 3930 culpabilis
1584 3870 1803 3915 notatur
1833 3861 1944 3916 ela-

375 3943 449 3996 tio
482 3959 495 3994 :
525 3944 616 3998 sed
639 3946 830 4002 cedros
861 3950 976 4016 Dei,
1001 3965 1121 4020 qua:
1147 3951 1447 4021 suscipiunt
1475 3950 1606 4008 vitis
1645 3952 1791 4006 illius
1822 3967 1943 4022 quae

370 4049 436 4089 ex
465 4035 698 4108 Egypto
733 4041 994 4096 translata
1029 4051 1132 4108 est,
1171 4043 1441 4112 palmites,
1466 4045 1596 4099 etin
1637 4045 1830 4114 quibus
1867 4059 1946 4098 rc-

371 4119 597 4197 qdiescit
627 4129 836 4186 fructus
858 4133 968 4200 ille,
988 4133 1144 4201 cujus
1177 4138 1364 4190 umbra
1392 4137 1854 4206 operuitmoutes.
1881 4137 1940 4192 Si

372 4217 684 4276 intellexisti
712 4231 971 4291 quantam
1005 4224 1245 4294 requiem
1280 4226 1477 4280 habeat
1506 4227 1609 4282 iter
1635 4227 1938 4295 sapientia),

371 4318 630 4375 quantum
660 4312 871 4382 gratiae,
894 4325 1268 4385 quantumque
1298 4316 1624 4380 dulcedinis,
1646 4317 1752 4371 noli
1778 4317 1941 4372 dissi-

372 4399 576 4456 mulare
599 4443 612 4465 ,
637 4403 744 4458 noli
770 4405 1061 4476 negligere,
1098 4408 1190 4461 sed
1226 4408 1522 4476 aggredere
1546 4407 1648 4461 hoc
1682 4407 1807 4474 iter,
1842 4422 1941 4462 nec

372 4491 539 4544 eremi
612 4494 952 4551 solitudinem
1015 4500 1428 4569 perhorrescas.
1478 4496 1752 4552 llabitanti
1795 4501 1939 4554 cnim

377 4580 470 4632 tibi
522 4582 575 4636 in
651 4583 954 4649 hujusmodi
1010 4588 1376 4643 tabernaculis
1425 4599 1681 4644 occurret
1743 4604 1940 4643 manna

373 4670 614 4736 cmleste,
647 4683 699 4728 et
729 4678 1043 4744 augelormu
1085 4695 1280 4748 panem
1328 4681 1703 4735 manducabis.
1755 4680 1938 4749 lueipe

374 4773 603 4829 tantum,
654 4783 753 4822 nec
789 4779 840 4825 te
889 4780 1213 4840 perterreat,
1270 4781 1328 4825 ut
1384 4773 1642 4835 diximus,
1698 4771 1936 4826 solitudo

369 4857 588 4912 deserti.
642 4858 762 4914 Cito
828 4864 878 4915 in
943 4867 1273 4917 consortium
1339 4875 1487 4917 tuum
1530 4863 1695 4917 etiam
1763 4861 1937 4928 angeli

369 4946 607 5017 venient,
637 4966 774 5020 quos
819 4953 919 5008 sub
972 4952 1152 5022 specie
1205 4952 1491 5006 cedrorum
1525 4950 1761 5004 arbitror
1795 4948 1936 5004 indi-

366 5049 540 5093 catos.

436 5130 489 5183 5.
534 5131 642 5186 Sed
697 5148 840 5189 nunc
889 5135 1166 5192 videamus
1219 5135 1350 5206 quid
1409 5136 1577 5190 etiam
1611 5135 1678 5187 de
1719 5132 1930 5187 Christo

365 5226 670 5292 prophetet.
699 5227 820 5296 Ipse
841 5237 923 5283 est
955 5229 1124 5294 enim,
1167 5229 1233 5283 de
1264 5245 1370 5298 quo
1393 5229 1522 5282 dicit
1554 5228 1599 5258 "
1637 5243 1651 5279 :
1687 5245 1706 5278 ‹
1752 5225 1937 5279 Exibit

435 5315 481 5345 "
507 5315 692 5372 Matth.
725 5334 796 5384 tv,
828 5321 914 5375 l9.
981 5321 1027 5351 "
1056 5319 1184 5376 an.
1219 5337 1329 5383 xvt,
1356 5321 1408 5375 9.

366 5397 423 5448 Χ,
461 5386 550 5440 27.
637 5389 681 5419 ⁸³
708 5387 866 5444 Num.
902 5407 1050 5456 xxtv,
1077 5390 1131 5444 8.

435 5473 548 5544 (76)
588 5472 699 5545 σος
720 5493 872 5544 super
901 5488 1033 5530 tectu
1060 5480 1447 5545 interpretatur.
1485 5487 1541 5538 zu
1575 5491 1678 5528 non
1717 5494 1733 5525 ι
1766 5488 1928 5543 super

366 5553 505 5615 tecta
545 5565 563 5596 ι
615 5549 707 5599 sed
736 5563 754 5596 ι
808 5556 1003 5601 tectum
1037 5567 1054 5598 ι
1110 5549 1512 5615 interpretatur.
1567 5547 1832 5599 Cazterusu
1875 5546 1925 5595 iu

367 5612 587 5667 llebrzeu
648 5615 793 5669 fonte
842 5633 946 5670 non
995 5627 1171 5672 exstat
1212 5612 1269 5675 1i
1301 5637 1318 5668 ι
1366 5627 1585 5684 tectum,
1641 5635 1656 5666 ι
1703 5615 1792 5669 sed
1836 5625 1930 5673 id):

1487 5321 1532 5350 ²³
1569 5317 1724 5372 Num.
1759 5333 1904 5381 xxn',
1929 5316 1979 5376 7,
2017 5313 2070 5367 8.

1207 5392 1250 5422 ³⁸
1275 5378 1462 5444 Matth.
1500 5406 1559 5452 ιι,
1595 5389 1692 5454 15;
1726 5388 1861 5440 Osee
1893 5378 1974 5448 ξι,
1999 5385 2053 5437 2.
2110 5383 2151 5413 ³¹
2182 5381 2337 5435 Num.
2372 5395 2520 5442 xxiv,
2555 5378 2608 5433 8.

2037 5490 2054 5522 ι
2110 5472 2255 5538 Agag
2325 5486 2344 5519 ι
2406 5482 2601 5522 nomen
2665 5463 2944 5538 proprium
2995 5462 3404 5538 regi_s.0r_igeni
3469 5462 3615 5516 frau-

2033 5533 2182 5594 dum-
2202 5533 2328 5592 feeit
2368 5539 2548 5608 inepta
2582 5533 2682 5592 hoc
2719 5536 2833 5589 loco
2865 5533 3216 5603 Septuaginta
3255 5535 3610 5604 Interpretum

2050 1758 2213 1812 gnum
2243 1743 2380 1811 ejus.
2417 1745 2655 1801 Exaltari
2687 1758 2866 1801 autem
2895 1764 3056 1818 super
3086 1761 3225 1806 tecta
3251 1753 3317 1806 de
3345 1754 3633 1823 perfectiu-

2051 1849 2116 1887 ue
2142 1836 2475 1889 credentium
2507 1838 2725 1904 dicitur,
2756 1855 3004 1895 crescere
3040 1852 3218 1895 atttem
3265 1846 3330 1896 ad
3383 1846 3630 1899 multitu-

2049 1926 2198 1979 dines
2235 1925 2489 1983 refertnr.
2543 1929 2597 1981 In
2645 1931 2709 1983 iis
2739 1946 2867 2000 ergo
2918 1934 3006 2000 qui
3045 1933 3266 2000 perfecti
3312 1945 3438 1988 sunt
3469 1953 3633 2005 super

2051 2008 2190 2069 tecta
2228 2017 2503 2070 exaltatur
2560 2035 2786 2088 regnum
2837 2023 3077 2086 Christi,
3117 2025 3165 2076 id
3203 2033 3288 2076 est
3338 2041 3501 2095 super
3535 2042 3631 2082 eos

2046 2110 2232 2172 etiam,
2259 2111 2349 2176 qui
2375 2110 2425 2162 iu
2454 2112 2702 2176 supernis
2729 2123 2874 2177 sunt,
2900 2124 2953 2165 et
2989 2113 3040 2165 in
3074 2115 3446 2180 superioribus
3472 2117 3623 2170 habi—

2050 2208 2186 2254 tant.
2220 2200 2357 2254 Sunt
2381 2201 2521 2254 enim
2556 2201 2800 2255 fortassis
2836 2203 2998 2270 aliqui
3031 2206 3189 2256 etiam
3226 2205 3278 2256 in
3314 2207 3629 2262 caelestibus

2047 2307 2076 2346 a
2105 2292 2300 2359 quibus
2328 2292 2446 2362 plus
2481 2292 2769 2361 proficiant
2807 2306 2860 2348 et
2895 2295 3057 2348 altius
3101 2297 3415 2352 exaltentur
3448 2300 3483 2352 ii
3533 2301 3627 2368 qui

2049 2387 2100 2439 in
2136 2401 2301 2455 regno
2351 2385 2551 2440 Christi
2584 2395 2732 2439 sunt.
2766 2385 2829 2440 Et
2879 2387 2998 2442 ideo
3048 2388 3239 2450 etiam,
3289 2390 3473 2457 credo,
3505 2391 3631 2460 ipse

2048 2476 2294 2532 Salvator
2325 2477 2539 2531 dicebat
2561 2478 2604 2508 ’⁷
2638 2497 2650 2531 :
2691 2496 2708 2528 ι
2741 2476 2841 2543 Qui
2873 2478 2922 2531 in
2955 2487 3095 2532 tecto
3129 2490 3231 2544 est,
3263 2495 3367 2533 uou
3397 2482 3624 2536 descen-

2047 2568 2137 2619 dat
2170 2565 2356 2620 tollerc
2383 2565 2586 2636 aliquid
2621 2566 2686 2620 de
2720 2566 2920 2631 domo;
2964 2584 2982 2618 ι
3019 2582 3246 2622 mouens
3277 2578 3333 2623 ut
3357 2569 3413 2634 ii,
3440 2571 3531 2641 qui
3557 2574 3627 2626 ad

2046 2658 2312 2713 excelsam
2353 2658 2742 2728 perfectionem
2801 2668 3087 2724 venerunt,
3137 2674 3243 2714 non
3304 2662 3498 2717 iterum
3557 2664 3628 2718 ad

2048 2751 2231 2804 ntuudi
2259 2751 2442 2817 hujus,
2476 2750 2565 2819 qui
2618 2765 2760 2802 nunc
2791 2749 2986 2804 donius
3037 2751 3366 2819 appellatur,
3403 2753 3627 2809 humilia

2046 2850 2099 2896 et
2144 2842 2350 2912 abjecta
2403 2841 2757 2896 descendant.
2811 2841 2917 2894 Sed
2962 2850 3012 2894 et
3067 2841 3193 2895 ilhul
3235 2846 3377 2911 quod
3427 2846 3626 2902 ait";

2052 2952 2070 2986 ι
2107 2934 2260 3002 Quod
2307 2934 2536 2989 audistis
2577 2937 2630 2989 in
2683 2949 2833 3001 aure,
2871 2935 3163 3003 przcdicate
3199 2948 3364 3003 super
3390 2947 3562 3000 tecta,
3603 2956 3621 2988 ι

2047 3027 2112 3082 ad
2151 3028 2252 3081 hoc
2285 3025 2637 3080 nihilominus
2673 3024 2910 3094 respicit.
2949 3023 3040 3078 Sic
3071 3039 3200 3094 ergo
3231 3026 3507 3081 exaltatur
3531 3044 3628 3082 su-

2047 3131 2144 3187 per
2171 3115 2286 3186 Gog
2318 3130 2541 3186 regnum
2583 3116 2720 3184 ejus,
2753 3124 2806 3170 et
2830 3115 3030 3169 crescit
3065 3130 3287 3185 rcguum
3330 3116 3467 3184 ejus.
3495 3118 3625 3172 Cre-

2045 3206 2144 3260 scit
2181 3207 2324 3259 enim
2354 3205 2478 3258 dum
2511 3204 2940 3272 multiplicantur
2990 3205 3264 3269 Ecclesiae,
3298 3216 3352 3260 et
3389 3207 3622 3262 fidelium

2047 3308 2302 3346 numerus
2337 3301 2592 3360 augetur;
2617 3300 2669 3345 et
2698 3293 2962 3346 intautum
2989 3294 3185 3347 crescit
3211 3309 3434 3360 regnum
3459 3295 3624 3366 339

2045 3382 2268 3447 Christi,
2311 3397 2588 3452 usquequo
2619 3393 2785 3452 ponat
2819 3387 2969 3438 l‘ater
3002 3398 3192 3437 omnes
3221 3384 3471 3438 inimicos
3505 3386 3622 3453 ejus

2045 3476 2145 3529 sub
2175 3474 2400 3544 pedibus
2423 3472 2560 3541 ejus,
2594 3473 2687 3528 sed
2718 3482 2771 3528 et
2827 3474 3182 3528 novissimum
3226 3475 3506 3530 inimicum
3535 3479 3623 3534 de.

2043 3573 2219 3618 struat
2245 3571 2493 3617 mortem.

2117 3673 2171 3728 6.
2214 3673 2337 3727 Post
2381 3673 2495 3726 hrec
2539 3671 2800 3741 scriptum
2844 3683 2929 3726 est
2976 3673 3152 3728 adhuc
3198 3674 3264 3729 de
3293 3675 3510 3734 Christo
3535 3683 3610 3746 ιν,

2049 3782 2068 3814 ι
2093 3762 2220 3832 quia
2257 3762 2400 3816 Deus
2433 3761 2656 3815 deduxit
2681 3777 2803 3816 eum
2837 3777 2902 3816 ex
2932 3751 3202 3832 A‘igypto;
3229 3783 3249 3816 ι
3284 3769 3424 3835 quod
3459 3770 3512 3823 iu
3547 3787 3615 3825 eo

2045 3851 2368 3921 completum
2394 3850 2631 3915 videtur,
2664 3850 2756 3904 ubi
2788 3862 2910 3919 post
2943 3863 3168 3907 mortem
3204 3853 3431 3912 Herodis
3455 3875 3618 3912 revo-

2043 3954 2202 3998 eatnr
2222 3943 2300 3997 .de
2321 3935 2578 4013 Egypto,
2606 3951 2660 3997 et
2685 3943 2932 4014 designat
2957 3944 3306 4015 Evangelium
3333 3949 3518 4004 dicens
3536 3948 3579 3977 ³⁸
3599 3971 3614 4008 :

2050 4057 2068 4089 ι
2095 4038 2172 4092 Ex
2193 4032 2429 4107 ngypto
2464 4034 2651 4089 vocavi
2684 4033 2852 4087 filium
2889 4051 3086 4089 meum.
3114 4055 3133 4088 ι
3158 4035 3256 4103 Qui
3289 4053 3466 4093 sermo
3495 4041 3617 4108 qui-

2049 4130 2280 4185 busdam
2301 4144 2365 4183 ex
2395 4128 2500 4182 hoc
2527 4127 2646 4180 loco
2668 4137 2980 4196 assumptus
3013 4126 3251 4194 videtur,
3281 4136 3335 4182 et
3372 4129 3620 4201 Evange-

2047 4221 2137 4274 liis
2174 4221 2434 4282 insertus,
2477 4219 2601 4272 aliis
2641 4227 2820 4272 autem
2854 4218 2921 4273 de
2953 4217 3092 4273 Osee
3120 4221 3400 4287 propheta.
3432 4220 3619 4278 Potest

2046 4322 2225 4366 autem
2259 4320 2315 4364 et
2347 4310 2643 4363 secundum
2669 4309 2984 4377 allegoriam
3015 4308 3260 4380 intelligi,
3293 4311 3420 4378 quia
3465 4323 3619 4381 post-

2045 4416 2274 4472 eaquam
2334 4402 2483 4454 venit
2526 4401 2592 4454 ad
2637 4400 2930 4470 Egyptum
2969 4400 3154 4454 mundi
3207 4401 3392 4468 hujus,
3422 4403 3615 4459 eduxit

2045 4508 2166 4546 eum
2201 4491 2379 4559 Pater,
2415 4501 2468 4546 et
2495 4493 2792 4558 assumpsit
2841 4490 2908 4544 ad
2964 4491 3338 4561 semetipsum,
3377 4503 3434 4546 ut
3465 4495 3606 4548 viam

2047 4584 2253 4638 faceret
2301 4584 2388 4646 iis,
2419 4583 2510 4652 qui
2552 4583 2618 4638 tle
2652 4580 2890 4654 Egypto
2921 4583 3102 4638 mundi
3140 4583 3297 4654 hujus
3332 4586 3614 4639 ascensuri

2045 4685 2202 4730 erant
2242 4675 2307 4728 ad
2338 4676 2530 4729 Deum.
2562 4693 2579 4724 ι
2603 4675 2668 4728 Et
2695 4673 2866 4744 gloria
2897 4677 3179 4729 unieornis
3213 4676 3407 4745 ejus".
3433 4695 3452 4726 ι
3484 4678 3615 4730 Οιιι-

2045 4767 2132 4820 nia
2164 4766 2307 4821 enim
2332 4765 2634 4820 daauonum
2668 4781 2829 4836 regna
2860 4765 3119 4832 dejiciens
3147 4765 3419 4828 Christus,
3448 4781 3612 4817 unum

2045 4873 2200 4912 Suum
2255 4872 2501 4924 regnum,
2538 4866 2793 4925 tanquam
2831 4849 2945 4908 veri
3003 4853 3305 4917 unieornis,
3367 4853 3614 4908 fundavit

2047 4947 2100 5000 in
2131 4947 2322 5016 gloria.
2350 4947 2529 5001 Cornu
2555 4947 2694 5000 enim
2717 4958 2817 5013 pro
2849 4959 3013 5014 regno
3041 4959 3180 5011 saepe
3204 4943 3486 5029 docuimus
3521 4960 3616 4998 no-

2043 5040 2262 5097 minari.
2311 5057 2328 5088 ι
2375 5039 2530 5102 Edet,
2574 5037 2746 5104 inquit
2787 5035 2855 5100 δ’,
2891 5035 2957 5088 de
2981 5036 3164 5088 eodem
3204 5034 3610 5099 adhuedieens.

2042 5141 2228 5199 gentes
2276 5128 2617 5182 inimicorum
2659 5140 2878 5180 suorum
2920 5135 2974 5178 et
3010 5123 3398 5177 crassitudines
3420 5141 3607 5179 eorum

2049 5220 2420 5276 emedullahit.
2445 5239 2461 5269 ι
2482 5218 2703 5280 Gentes,
2735 5217 2832 5281 ait,
2863 5229 2997 5284 quas
3029 5214 3229 5267 inimici
3258 5213 3338 5268 sui
3367 5215 3610 5283 posside-

2172 5313 2218 5343 ’δ
2255 5310 2398 5364 Psal.
2427 5326 2486 5372 tt,
2518 5309 2571 5364 8.
2666 5308 2710 5340 ³⁷
2748 5305 2937 5359 Matth.
2991 5319 3137 5367 xxrv,
3177 5303 3261 5357 I7.
3339 5304 3384 5333 "
3414 5302 3603 5356 Matth.

2182 5381 2337 5430 Nunt.
2372 5395 2520 5430 XXIV.
2555 5378 2608 5430 8.
2703 5378 2746 5408 ³²
2776 5377 2905 5430 ibid.

2776 5393 2905 5429 ιυιυ.

2041 5612 2240 5665 versit).
