4086 6218
497 215 597 268 7H

1943 201 2260 258 ORIGENS

3639 197 3747 250 ’ῖιὲ

497 326 652 387 bant,
682 323 796 393 ipse
830 323 974 387 edet,
1012 322 1284 377 destructa
1323 321 1523 376 virtute
1553 320 1782 387 inimici,
1815 331 1867 374 et
1910 335 2061 375 cras-
2093 323 2139 378 Α
2169 317 2378 389 profert
2416 334 2428 368 :
2465 317 2558 372 sed
2609 324 2664 369 et
2704 304 2812 378 ille,
2879 312 2972 382 qui
3023 311 3122 366 sub
3175 311 3394 366 nomine
3445 308 3752 367 Christiani

499 414 763 469 sitndines
807 429 993 468 eorum
1043 412 1413 476 emedullahit,
1469 427 1590 465 cum
1639 427 1852 466 onmem
1905 414 1970 466 de
1997 412 2066 466 iis

501 519 718 558 sensum
751 518 994 558 crassum
1041 512 1095 555 et
1139 498 1412 556 carnalem
1451 511 1729 566 extenuat,
1759 510 1814 556 et
1845 516 2071 554 conver-

509 596 576 647 tit
615 596 681 648 ad
715 593 1123 660 intelligentiam
1169 577 1489 660 spiritalem.
1526 592 1680 658 Quod
1715 600 1892 646 autem
1929 607 2071 645 cras-

500 685 679 739 situdo
721 684 1063 754 culpabiliter
1102 683 1154 736 in
1198 681 1500 752 Scripturis
1535 683 1836 748 .habeatur,
1869 682 2071 736 indicio

499 776 605 829 erit
643 775 774 831 illud
823 777 965 846 quod
1023 776 1284 844 scriptum
1315 786 1396 829 est
1419 776 1462 807 ³³
1489 793 1502 828 :
1534 794 1551 825 ι
1583 775 1943 829 Incrassatnm
1987 783 2072 829 est

499 880 594 920 cor
639 865 818 934 populi
857 864 1035 932 hujus.
1063 885 1084 920 ι
1123 866 1190 919 Et
1240 865 1365 919 alibi
1399 864 1487 918 ’δε
1521 885 1539 916 ι
1577 864 1816 917 Satiatus
1861 873 1967 927 est,
2014 873 2069 916 et

499 955 838 1009 incrassatus
891 965 997 1020 est,
1043 966 1097 1009 et
1144 954 1515 1008 recalcitravit
1569 954 1813 1008 dilectus.
1847 973 1866 1005 ι
1937 953 2073 1008 Edet

498 1060 626 1114 ergo
657 1056 863 1113 gentes,
895 1057 948 1098 et
996 1046 1174 1100 cibum
1212 1047 1426 1100 habebit
1476 1061 1571 1101 eos
1595 1047 1686 1115 qui
1734 1047 1962 1101 credunt
2016 1045 2068 1098 in

499 1151 648 1203 eum,
679 1137 821 1189 sicut
856 1146 910 1190 et
948 1138 1062 1206 ipse
1092 1138 1222 1192 dicit
1248 1139 1300 1191 in
1327 1139 1616 1208 Evangelia
1637 1139 1681 1170 ³⁸
1713 1157 1726 1192 :
1767 1157 1784 1189 ι
1821 1138 1968 1192 Meus
1994 1139 2072 1192 ci-

498 1227 599 1281 bus
623 1235 708 1280 est
738 1239 794 1280 ut
823 1227 1021 1281 faciam
1055 1229 1391 1284 voluntatem
1439 1230 1557 1297 ejus
1593 1232 1685 1299 qui
1721 1245 1802 1284 me
1837 1230 2005 1284 misit.
2045 1247 2065 1282 ι

496 1316 663 1384 Cujus
701 1318 890 1386 utique
920 1319 1169 1373 voluntas
1207 1321 1318 1374 haec
1351 1331 1488 1386 erat,
1520 1331 1572 1375 ut
1606 1333 1793 1390 gentes
1837 1337 2071 1375 conver-

500 1421 740 1464 terentur
783 1412 847 1466 ad
892 1413 1072 1465 Iidem.
1101 1413 1252 1477 Quod
1279 1413 1347 1477 si,
1386 1423 1443 1467 ut
1480 1414 1733 1483 superius
1765 1413 2070 1478 docuimus,

497 1503 805 1556 crassitudo
835 1503 1121 1572 culpabilis
1170 1504 1425 1570 habetur,
1457 1505 1766 1558 econtrario
1799 1505 2073 1560 Subtilitas

498 1592 782 1647 laudabilis
812 1595 1057 1648 habenda
1093 1605 1214 1650 est:
1244 1596 1367 1664 quia
1402 1604 1455 1650 et
1501 1596 1722 1664 spiritus
1768 1597 2070 1665 sapientiae,

496 1684 587 1751 qui
636 1684 1003 1754 intelligibilis,
1037 1697 1088 1740 et
1137 1699 1378 1749 sanctus,
1431 1697 1484 1740 et
1535 1687 1742 1750 unicus,
1775 1697 1829 1742 et
1889 1688 2070 1741 multi-

497 1775 616 1843 plex
651 1777 762 1847 (77)
787 1779 1064 1841 dicitur“,
1106 1778 1364 1832 similiter
1397 1789 1450 1833 et
1483 1779 1696 1834 subtilis
1727 1794 1846 1834 esse
1892 1780 2072 1848 perhi-

499 1865 681 1918 betur.
733 1885 749 1916 ι
788 1867 852 1918 Et
899 1867 1096 1935 jaculis
1146 1867 1262 1920 suis
1307 1867 1587 1936 sagittabit
1651 1867 1930 1922 inimicum
1956 1868 2066 1921 ³⁷.»

504 1955 694 2011 Jacula
740 1958 857 2024 ejus
913 1959 1077 2011 verba
1135 1958 1250 2027 ejus
1279 1969 1424 2025 sunt,
1464 1960 1659 2028 quibus
1689 1961 1770 2013 vel
1803 1960 2071 2014 diabolum

518 2050 666 2111 vicit,
714 2050 794 2102 vel
835 2065 1023 2102 omnes
1072 2049 1322 2104 inimicos
1377 2060 1430 2104 et
1482 2051 1918 2105 contradicentes
1966 2052 2071 2107 sibi

494 2142 660 2194 ctiam
710 2157 855 2196 nunc
899 2150 1120 2211 superat
1146 2152 1200 2196 et
1245 2142 1557 2210 confringit.
1587 2141 1778 2198 Omnis
1803 2146 1947 2198 enim
1979 2145 2068 2214 qui

495 2240 704 2300 peccat,
751 2232 1000 2286 inimicus
1037 2233 1151 2301 ejus
1201 2241 1287 2285 est
1327 2232 1451 2286 dum
1497 2242 1700 2301 peccat.
1763 2232 1820 2287 Si
1888 2243 2068 2288 autem

495 2323 680 2376 audiat
711 2324 872 2377 verba
909 2324 1024 2387 Dei,
1063 2334 1116 2378 et
1171 2338 1470 2393 agnoscens
1506 2334 1725 2392 peccata
1777 2341 1895 2390 sua,
1943 2341 2073 2380 eon-

496 2414 694 2481 tigatur
749 2430 813 2468 ex
867 2415 948 2468 eis
992 2425 1045 2468 et
1085 2425 1495 2484 compungatur,
1556 2425 1720 2484 atque
1791 2417 1857 2470 ad
1907 2417 2078 2484 poeni-

503 2503 725 2556 tentiam
762 2513 1134 2569 convertatur,
1168 2506 1412 2560 veritatis
1438 2520 1693 2562 sermone
1743 2509 2068 2575 terebratus,

497 2595 659 2649 ctiam
710 2595 826 2664 ipse
878 2596 1090 2651 dicetur
1130 2595 1331 2663 jaculis
1356 2612 1476 2653 esse
1513 2599 1780 2654 confixus.
1813 2601 1918 2655 Sed
1951 2613 2074 2670 post

497 2687 612 2742 haec
639 2687 800 2741 etiam
845 2689 910 2742 de
940 2688 1054 2757 ipsa
1085 2690 1353 2759 passionis
1389 2689 1798 2761 dispensatione
1828 2707 2070 2748 comme-

495 2790 696 2842 morat.
725 2790 781 2834 et
806 2781 938 2834 dicit
957 2781 1002 2812 ³³
1031 2801 1045 2835 :
1078 2800 1096 2832 ι
1125 2782 1465 2837 llecumbens
1501 2785 1766 2853 requievit
1794 2794 1853 2838 ut
1886 2786 1989 2848 leo,
2016 2796 2070 2840 et

493 2880 552 2923 ut
581 2870 790 2924 catulus
845 2869 1042 2935 leonis,
1075 2873 1197 2938 quis
1239 2873 1503 2927 excitabit
1532 2874 1698 2927 eum?
1723 2894 1740 2926 ι
1783 2874 2069 2945 Requievit

2171 410 2312 462 male
2367 410 2501 477 agit,
2531 418 2586 460 et
2627 405 2863 473 turpiter
2923 413 3301 468 conversatur,
3339 412 3394 457 et
3441 403 3752 458 inhonestis

2168 501 2368 567 verbis,
2408 500 2489 554 vel
2525 499 2734 554 actibus
2768 497 2882 551 suis
2913 495 3044 551 facit
3089 510 3289 551 nomen
3333 496 3454 566 ejus
3491 495 3751 566 blasphe-

2171 595 2305 648 mari
2354 595 2495 648 inter
2521 599 2712 662 gentes
2759 607 2776 644 :
2827 589 2968 645 sicut
3011 588 3326 645 econtrario
3365 603 3471 643 non
3522 588 3612 642 ille
3652 589 3747 658 qui

2170 687 2512 741 sermonibus
2554 686 2682 740 solis
2731 684 3021 740 Dominum
3074 683 3370 747 benedicit,
3426 683 3542 751 ipse
3581 680 3755 738 bene-

2171 775 2353 830 dicere
2383 779 2651 845 putandus
2696 784 2806 840 est,
2861 775 2956 828 sed
3003 775 3091 843 qui
3134 772 3371 835 actibus,
3417 781 3470 825 et
3517 772 3651 836 vita,
3692 781 3755 827 et

2172 865 2413 919 moribus
2479 865 2593 920 suis
2640 864 2771 919 facit
2837 865 2906 918 ab
2969 863 3222 917 omnibus
3281 875 3479 916 nomen
3532 861 3752 917 Domini

2173 957 2438 1012 benedici.
2500 957 2564 1010 Et
2633 958 2685 1010 in
2743 955 2864 1011 istis
2935 956 3107 1024 magis
3183 955 3544 1025 complebitur
3599 956 3752 1025 quod

2175 1047 2328 1100 tertia
2395 1045 2940 1115 proplietimBalaam
3007 1045 3297 1115 designat,
3380 1046 3505 1112 quia
3583 1045 3753 1098 bene-

2171 1137 2413 1192 dicentcs
2451 1137 2670 1192 Christo
2722 1135 3132 1201 benedicentur,
3161 1144 3215 1189 et
3274 1135 3658 1190 maledicentes
3691 1135 3750 1188 ei

2173 1229 2447 1283 maledicti
2476 1240 2660 1284 erunt.
2679 1230 2911 1296 Propter
2929 1229 3073 1300 quod
3099 1227 3410 1282 omnimode
3432 1241 3748 1287 caveamus.

2173 1338 2242 1377 ne
2274 1333 2493 1392 propter
2518 1331 2675 1377 actus
2700 1335 2918 1376 nostros
2941 1320 3143 1374 Christi
3168 1335 3364 1373 nomen
3398 1318 3746 1386 blaspheme-

2176 1423 2280 1473 tur,
2308 1412 2404 1465 sed
2447 1411 2618 1480 magis
2670 1411 2722 1463 id
2776 1424 3027 1478 agamus,
3056 1416 3115 1460 ιιι
3169 1407 3236 1461 de
3271 1406 3752 1460 benedictionibus

2173 1503 2289 1571 ejus
2327 1503 2628 1572 participes
2676 1517 2798 1557 esse
2833 1516 3165 1555 mereamur.
3210 1499 3311 1566 Ipsi
3360 1499 3530 1569 gloria
3569 1509 3624 1554 ot
3651 1501 3752 1555 be-

2174 1598 2409 1652 nedictio
2440 1597 2490 1650 in
2523 1594 2720 1652 smcula
2751 1597 3092 1650 steculorum.
3126 1595 3320 1649 Amen.

2705 1685 2985 1741 HOMILIA
3027 1684 3212 1742 XVIII.

2655 1779 2734 1834 De
2757 1792 2946 1850 quarta
2976 1784 3272 1850 praphetta.

2247 1872 2298 1926 I.
2338 1871 2596 1938 Quartam
2629 1886 2776 1925 nunc
2807 1870 3146 1940 prophetiam
3177 1887 3240 1926 ex
3277 1871 3341 1926 iis
3376 1886 3496 1940 quae
3528 1871 3744 1926 Balaam

2176 1962 2231 2015 iu
2278 1963 2446 2016 verbo
2498 1962 2588 2016 Dei
2623 1962 2835 2016 locutus
2864 1969 2969 2026 est,
3008 1962 3062 2016 in
3115 1976 3306 2016 manus
3354 1962 3465 2033 (78)
3513 1967 3747 2018 assumi-

2176 2069 2317 2118 mus,
2344 2054 2587 2108 volentes
2619 2055 2782 2108 etiam
2813 2054 2878 2108 de
2909 2053 3022 2121 ipsa
3055 2067 3174 2121 quae
3207 2052 3347 2107 Deus
3374 2054 3585 2108 dederit
3615 2070 3748 2123 ape-

2176 2145 2309 2197 rire.
2338 2144 2434 2198 Cui
2470 2152 2651 2198 tamen
2679 2144 2980 2214 prophetia:
3011 2143 3232 2208 similia,
3270 2153 3327 2197 ut
3362 2142 3414 2197 in
3444 2146 3747 2212 superiori-

2174 2235 2294 2300 bus,
2326 2235 2378 2288 in
2400 2234 2719 2304 praefatione
2751 2235 3029 2305 praemissa
3055 2244 3201 2289 sunt.
3227 2235 3320 2288 Ait
3343 2236 3486 2290 enim
3513 2235 3559 2267 ‘°
3593 2254 3651 2290 τι
3681 2238 3748 2292 Et

2177 2325 2348 2379 iratus
2375 2335 2457 2378 est
2489 2323 2685 2378 Balach
2712 2325 3006 2379 adversum
3032 2323 3274 2390 Balaam,
3299 2335 3359 2381 et
3387 2326 3633 2396 plausum
3652 2329 3748 2383 de-

2175 2419 2253 2471 dit
2283 2417 2531 2472 manibus
2555 2420 2691 2473 suis.
2729 2418 2796 2472 Et
2848 2417 2986 2472 dixit
3019 2417 3217 2472 Balach
3255 2419 3322 2473 ad
3352 2416 3571 2474 Balaam
3599 2439 3613 2474 :
3645 2421 3748 2474 Ma-

2173 2504 2403 2561 ledicere
2443 2508 2722 2562 inimicum
2753 2523 2933 2562 meum
2965 2509 3149 2563 vocavi
3182 2516 3252 2574 te,
3287 2519 3340 2563 et
3366 2526 3494 2565 ecce
3521 2513 3746 2566 benedi-

2173 2613 2302 2654 cens
2346 2600 2668 2654 benedixisti
2721 2601 2904 2655 tertio.
2945 2598 3099 2655 Nune
3146 2615 3277 2671 ergo
3319 2600 3442 2671 fuge
3477 2602 3531 2656 in
3565 2602 3743 2658 locum

2173 2701 2322 2746 tuum
2357 2692 2528 2758 :dixi,
2562 2692 2840 2746 honorabo
2870 2701 2947 2758 te,
2975 2701 3033 2747 et
3073 2707 3221 2747 nunc
3246 2692 3518 2749 fraudavit
3554 2704 3606 2750 te
3634 2697 3744 2750 Do-

2173 2785 2352 2840 minus
2382 2786 2608 2839 honore.
2632 2804 2650 2838 ι
2691 2784 2936 2840 Ostendit
2967 2787 3019 2839 in
3055 2786 3141 2850 iis,
3179 2788 3304 2856 quia
3337 2798 3391 2842 et
3419 2787 3620 2844 Balach
3656 2790 3743 2844 in-

2175 2878 2445 2933 tellexerit
2474 2893 2579 2931 non
2605 2877 2715 2946 jam
2748 2877 3055 2931 daemonum
3107 2878 3412 2934 ministerio
3435 2881 3610 2951 decipi
3648 2881 3744 2934 Ba-

494 2971 551 3014 nt
587 2963 686 3023 leo,
733 2978 853 3015 cum
887 2964 938 3016 in
978 2979 1139 3017 cruce
1176 2965 1403 3032 positus,
1442 2965 1776 3034 principatus
1812 2977 1864 3020 et
1913 2978 2064 3036 pote-
2095 2989 2138 3051 ς
2173 2971 2338 3034 laam,
2367 2970 2460 3023 sed
2489 2969 2579 3023 Dei
2613 2971 2811 3022 virtute
2837 2970 2904 3023 ad
2937 2969 3166 3024 meliora
3198 2971 3506 3039 transferri,
3539 2985 3588 3027 et
3623 2975 3743 3029 ideo

499 3063 666 3108 states
705 3055 878 3119 exuit,
913 3065 966 3108 et
999 3055 1360 3125 triumphavit
1386 3070 1480 3111 eas
1509 3058 1561 3111 in
1592 3058 1736 3127 ligno
1761 3062 1962 3115 erucis.
2002 3059 2071 3115 Ut

493 3142 704 3197 catulus
765 3155 946 3199 autem
999 3145 1191 3209 leonis,
1251 3159 1374 3199 eum
1438 3148 1736 3201 resurrexit
1797 3164 1825 3202 a
1875 3164 2066 3203 somno

493 3235 704 3288 mortis.
758 3235 913 3300 Quod
965 3245 1145 3289 autem
1185 3236 1328 3289 leoni
1362 3236 1522 3290 simul
1573 3249 1626 3292 ct
1661 3240 1842 3295 catulo
1895 3240 2068 3295 leonis

461 3389 464 3392 ν
493 3335 867 3393 comparatur,
918 3334 1093 3393 potest
1128 3327 1304 3381 adhuc
1335 3339 1390 3382 et
1420 3340 1643 3399 prepter
1679 3330 1782 3385 hoc
1816 3332 2064 3403 intelligi,

493 3427 550 3468 nt
573 3417 623 3468 in
659 3417 722 3470 iis
757 3417 846 3485 qui
875 3419 1097 3486 perfecti
1132 3430 1275 3484 sunt,
1310 3421 1416 3482 leo,
1450 3421 1503 3474 in
1534 3421 1602 3474 iis
1636 3437 1765 3475 vero
1797 3424 1886 3491 qui
1927 3425 2062 3478 inei-

492 3510 701 3578 pientes
749 3519 877 3562 sunt
919 3519 973 3563 et
1014 3512 1194 3572 rudes,
1241 3513 1456 3566 catulus
1513 3514 1688 3567 leonis
1733 3516 2063 3572 nominetur.

491 3603 644 3668 Quod
691 3617 818 3654 vero
873 3602 987 3655 ait:
1023 3602 1202 3668 «Quis
1257 3605 1542 3659 suscitabit
1589 3606 1751 3659 etiin?
1785 3624 1804 3658 ι
1865 3608 2066 3662 idcirco

492 3694 616 3760 quia
666 3707 808 3746 nunc
843 3708 871 3745 a
907 3692 1068 3747 Patre
1106 3697 1308 3750 dicitur
1349 3697 1665 3761 suscitatus,
1702 3713 1848 3752 nunc
1901 3700 2064 3752 etiam

491 3785 608 3854 ipse
653 3784 909 3853 templum
945 3787 1194 3856 corporis
1227 3789 1308 3841 sui
1359 3797 1481 3856 post
1531 3788 1768 3841 triduum
1799 3789 2065 3844 suscitare

490 3895 549 3934 se
583 3881 712 3934 dicit
740 3895 756 3932 :
786 3889 841 3934 et
874 3882 1067 3934 merito
1097 3882 1149 3934 in
1184 3883 1285 3935 hoc
1317 3883 1468 3952 quasi
1520 3883 1890 3950 percontantis
1925 3881 2068 3935 desi-

492 3983 686 4039 gnatur
748 3971 997 4026 allectus.
1036 3971 1178 4037 «Qui
1225 3973 1554 4026 benedicunt
1613 3973 1730 4035 tibi,
1795 3970 2065 4025 benedicti

489 4073 618 4115 sunt
649 4081 664 4116 :
696 4073 750 4115 et
806 4063 895 4130 qui
949 4063 1278 4115 maledicunt
1333 4064 1450 4125 tibi,
1484 4062 1753 4115 maledicti
1804 4061 2009 4114 sunt”.
2040 4080 2059 4113 ι

490 4148 713 4203 Certum
767 4158 849 4200 est
905 4150 1046 4216 quod
1093 4149 1477 4203 benedicentes
1521 4151 1740 4203 Christo
1795 4150 2060 4205 benedicti

489 4251 637 4306 sunt,
670 4250 724 4293 et
778 4241 829 4293 in
890 4241 1323 4294 communionem
1375 4251 1614 4310 paterna:
1674 4242 2063 4296 benedictionis

2172 3063 2344 3118 dicit:
2372 3081 2390 3112 ι
2416 3061 2676 3116 Dominus
2695 3063 2966 3118 fraudavit
2991 3073 3040 3118 te
3061 3063 3290 3118 honore.
3321 3084 3340 3116 ι
3367 3065 3470 3118 Sed
3495 3066 3606 3119 haec
3623 3081 3742 3134 qua:

2173 3152 2334 3222 plana
2364 3161 2488 3206 sunt
2518 3163 2992 3219 transcurrentes,
3025 3156 3091 3208 ad
3123 3156 3406 3231 sequentia
3441 3158 3740 3212 veniamus.

2175 3263 2195 3296 ι
2225 3245 2290 3299 Ει
2312 3245 2448 3298 dixit
2471 3245 2690 3300 Balaam
2717 3246 2782 3300 ad
2811 3245 3042 3301 Balach:
3073 3247 3263 3302 Nonne
3292 3258 3346 3302 et
3376 3249 3582 3304 nuntiis
3611 3251 3741 3317 tuis,

2170 3351 2306 3407 quos
2342 3335 2536 3390 misisti
2569 3336 2634 3389 ad
2667 3352 2776 3400 me,
2815 3337 3031 3391 locutus
3065 3353 3186 3392 sum
3242 3340 3476 3394 dicens:
3505 3340 3561 3394 Si
3612 3342 3740 3396 mihi

2171 3427 2384 3482 dederit
2414 3426 2608 3480 Balacb
2647 3427 2859 3494 plenam
2892 3427 3056 3498 340
3083 3429 3304 3483 domum
3341 3445 3491 3484 suam
3519 3445 3744 3500 argento

2169 3532 2223 3575 et
2254 3535 2406 3583 auro,
2437 3535 2543 3574 non
2577 3531 2768 3589 potero
2801 3522 3106 3591 transgredi
3140 3524 3362 3576 verbum
3396 3524 3626 3586 Domini,
3664 3525 3742 3579 fa-

2169 3627 2294 3666 cere
2325 3612 2452 3666 illud
2483 3613 2708 3677 bonum,
2735 3623 2828 3666 aut
2861 3616 3061 3667 malum
3091 3617 3228 3684 apud
3256 3617 3553 3685 meipsum?
3579 3617 3740 3684 Qua:-

2169 3718 2381 3772 cunque
2417 3703 2545 3757 mihi
2574 3706 2773 3758 dixerit
2805 3704 2945 3758 Deus
2977 3705 3092 3759 haec
3125 3706 3321 3760 dicam.
3356 3707 3418 3760 Et
3444 3723 3592 3762 nunc
3614 3724 3742 3764 ecce

2169 3797 2332 3852 redeo
2361 3799 2412 3851 in
2440 3799 2615 3852 locum
2642 3814 2819 3852 meum
2846 3799 2911 3853 υ.
2947 3817 2966 3851 ι
3001 3797 3193 3854 Sciens
3222 3798 3436 3854 Balaam
3465 3803 3607 3870 quod
3636 3817 3740 3856 non

2168 3891 2271 3946 sibi
2323 3908 2418 3960 per
2471 3892 2754 3945 ministros
2803 3894 2996 3948 solitos
3051 3908 3311 3960 responsa
3372 3893 3738 3959 deferrentur,

2167 3983 2262 4036 sed
2309 3983 2375 4036 ab
2425 3997 2490 4036 eo
2533 3983 2625 4049 qui
2671 3983 2900 4037 haberet
2945 3984 3186 4038 omnimn
3219 3993 3561 4053 potestatem,
3594 3998 3740 4041 recte

2167 4073 2382 4126 videtur
2429 4080 2766 4140 protestatus
2812 4090 2916 4129 non
2968 4090 3028 4129 se
3082 4091 3239 4144 posse
3269 4077 3492 4130 verbum
3529 4077 3740 4131 Domini

2167 4165 2496 4233 transgredi,
2533 4177 2585 4218 et
2616 4164 2798 4220 facere
2846 4166 3014 4220 ullum
3046 4167 3323 4236 pusillum,
3352 4178 3444 4222 aut
3485 4184 3737 4238 magnum

2169 4257 2308 4324 apud
2343 4259 2725 4326 semetipsum.
2759 4257 2878 4312 Non
2903 4259 3046 4313 enim
3081 4259 3167 4312 ille
3199 4258 3522 4328 loquebatur
3555 4262 3623 4323 ei,
3645 4262 3736 4329 qui

491 4334 774 4401 assumpti.
811 4332 915 4399 Qui
958 4343 1134 4386 autem
1191 4332 1550 4398 maledicunt,
1608 4335 1877 4388 maledicti
1919 4345 2062 4389 sunt.
2099 4351 2144 4409 υ
2175 4359 2359 4418 posset
2402 4350 2690 4404 sacriﬁciis
2736 4361 2790 4404 οι
2824 4351 3140 4405 muneribus
3180 4350 3502 4418 pel-mutari,
3528 4353 3618 4404 sed
3652 4351 3741 4406 me

491 4423 547 4474 Si
580 4425 722 4476 enim
759 4424 822 4475 ad
853 4423 1110 4490 populum
1148 4424 1306 4476 istum
1337 4425 1617 4493 respicias,
1651 4426 1743 4494 qui
1787 4425 2062 4480 maledicit

488 4517 724 4581 Christo,
754 4517 918 4570 etiam
950 4515 1374 4587 lacrymabiliter
1415 4519 1690 4572 invenitur
1733 4535 1853 4574 esse
1899 4520 2063 4573 male-

487 4634 684 4688 dictus.
717 4632 854 4698 Quid
888 4632 1033 4686 enim
1065 4630 1208 4683 aliud
1227 4631 1443 4684 evenire
1476 4640 1657 4697 posset
1688 4631 1752 4684 iis
1776 4632 1863 4699 qui
1899 4632 2061 4686 male-

487 4725 675 4779 dicunt
724 4724 1029 4793 sapientiaz,
1058 4723 1146 4790 qui
1181 4721 1514 4774 maledicunt
1545 4723 1788 4784 veritati,
1821 4724 1910 4790 qui
1941 4739 2057 4775 ma-

487 4816 722 4872 ledicunt
756 4819 900 4880 vine,
933 4815 1034 4868 nisi
1072 4825 1128 4866 ιιι
1154 4814 1219 4866 ab
1251 4813 1318 4866 iis
1346 4814 1599 4868 munibus
1627 4814 1783 4866 bonis
1811 4821 2059 4868 extorres

485 4919 540 4966 et
571 4911 784 4964 exsules
817 4906 1073 4978 jaccant?
1116 4905 1240 4959 lltce
1267 4905 1410 4959 enim
1434 4905 1615 4959 omnia
1659 4905 1907 4959 Christus
1932 4915 2016 4960 est
2043 4923 2057 4959 :

483 5012 542 5056 et
573 5003 662 5070 qui
687 5001 957 5054 maledicit
979 5001 1222 5067 Christo,
1249 5011 1508 5067 tanquam
1533 4999 1598 5051 iis
1625 4997 1876 5052 onmibns
1905 4997 2060 5052 bonis

486 5091 834 5153 maledicens,
873 5100 1130 5159 perpetua
1199 5087 1574 5144 maledictione
1616 5088 1904 5141 damnatus
1951 5095 2054 5142 est.

489 5185 598 5253 ligo
645 5193 826 5238 tamen
870 5193 1000 5255 puto
1047 5187 1189 5253 quod
1238 5198 1345 5251 non
1403 5181 1492 5235 ille
1545 5179 1718 5234 solum
1772 5180 2059 5234 maledicat

486 5264 725 5341 Cln‘isto,
754 5279 844 5345 qui
875 5291 1180 5332 sermonem
1204 5276 1495 5330 adversum
1545 5289 1668 5329 ειιιιι
1725 5274 2054 5329 maledicmn

558 5417 603 5448 ³⁸
624 5421 747 5471 Act.
773 5431 965 5478 xxvm,
993 5417 1086 5474 27.
1163 5415 1367 5470 “Deut.
1398 5431 1574 5480 xxxii,
1609 5415 1698 5469 15.

487 5486 529 5518 ⁸³
555 5485 898 5552 Num.‘ntv,
932 5488 984 5543 9.
1089 5487 1134 5518 “’
1164 5486 1296 5541 ibid.
1333 5487 1419 5550 10,
1449 5487 1536 5540 Il.

556 5603 669 5669 (77)
709 5603 863 5666 Mss.,
907 5613 1004 5658 «et
1047 5605 1240 5658 unicus
1271 5613 1325 5658 et
1359 5602 1666 5673 multiplex,
1699 5620 1718 5655 ι
1758 5603 1853 5660 sed
1907 5601 2045 5659 libb.

487 5683 644 5729 antea
674 5673 808 5726 editi
834 5675 1093 5728 ouiittuut
1126 5693 1142 5726 ι
1167 5683 1222 5729 et
1253 5673 1465 5729 unicus.
1496 5693 1514 5724 ι

1967 5805 2000 5813 ,ο-

1779 5414 1823 5446 ⁸⁸
1852 5411 2013 5472 Joan.
2041 5423 2112 5479 tv,
2140 5411 2230 5468 54.

1641 5486 1686 5517 ιι
1724 5484 1856 5540 ibid.
1892 5484 1981 5550 η,
2021 5483 2222 5553 15,14.

2167 4451 2285 4496 erat
2312 4442 2452 4511 apud
2477 4456 2638 4510 quem
2673 4458 2777 4495 non
2820 4451 2904 4496 est
2938 4444 3340 4506 transmutatio,
3374 4458 3474 4497 nec
3499 4458 3738 4496 commu-

2168 4535 2390 4588 talionis
2422 4533 2614 4587 umbra
2639 4534 2706 4587 “.
2734 4533 2797 4587 Et
2826 4535 2945 4589 ideo
2969 4550 3076 4589 non
3101 4546 3277 4604 potest
3310 4539 3568 4591 sacerdos
3599 4553 3740 4592 mer-

2164 4629 2297 4682 cede
2341 4629 2565 4691 mutari,
2604 4629 2693 4682 ubi
2745 4627 2886 4683 Deus
2931 4631 3250 4684 muneribus
3301 4644 3409 4683 non
3467 4641 3736 4684 movetur.

2168 4719 2521 4774 Discessurus
2558 4731 2736 4774 tamen
2774 4719 2992 4774 Balaam
3045 4722 3236 4792 incipit
3266 4723 3460 4777 iterum
3506 4725 3738 4793 propine-

2169 4821 2305 4876 tare,
2342 4822 2398 4866 et
2429 4811 2664 4868 dicit“:
2695 4831 2712 4862 ι
2743 4811 2899 4877 Veni,
2935 4814 3218 4868 consilium
3260 4817 3326 4869 do
3365 4816 3461 4869 tibi
3503 4816 3632 4885 quid
3660 4814 3739 4867 fa-

2168 4903 2274 4958 ciet
2325 4903 2552 4972 populus
2590 4905 2677 4957 hic
2725 4905 2922 4972 populo
2973 4915 3063 4957 tuo
3097 4905 3149 4958 in
3182 4905 3488 4960 novissimis
3526 4905 3734 4959 diebus.

2169 4993 2235 5048 Et
2271 5003 2547 5064 assumpta
2583 4995 2842 5062 parabola
2873 5007 2969 5048 sua
3002 4995 3099 5049 ait.
3132 5013 3150 5044 ι
3185 4993 3291 5048 Sed
3323 4995 3641 5064 priusquam
3669 4992 3736 5045 ad

2169 5085 2610 5154 explanationem
2644 5100 2830 5140 eorum
2863 5101 2983 5155 quae
3016 5088 3339 5157 prophetata
3378 5098 3524 5150 sunt,
3553 5086 3738 5139 venia-

2169 5192 2309 5241 mus,
2345 5175 2504 5231 velim
2542 5169 2822 5246 r'equirere
2845 5179 2967 5248 quis
2990 5179 3091 5232 iste
3123 5191 3315 5232 sensus
3339 5178 3430 5243 sit,
3456 5177 3578 5246 quis
3600 5177 3737 5231 ordo

2164 5268 2476 5333 verborum,
2500 5269 2644 5338 quod
2672 5269 2784 5324 ait:
2817 5287 2835 5322 ι
2875 5268 3008 5325 Veni
3055 5278 3109 5324 et
3142 5269 3430 5326 consilium
3457 5270 3526 5324 do
3557 5268 3672 5323 tibi.
3706 5285 3728 5319 ι

2307 5408 2353 5441 ιι
2385 5407 2514 5478 ξιιμ,
2547 5423 2644 5472 νη,
2672 5407 2760 5463 22.
2840 5408 2883 5441 ³⁷
2912 5407 3073 5462 Νυηι.
3105 5424 3251 5471 xxrv,
3283 5407 3336 5462 8.
3437 5407 3481 5439 ³⁸
3505 5407 3638 5462 ibid.
3671 5404 3726 5461 9.

2329 5476 2565 5535 “Jacob.
2594 5494 2634 5546 I,
2665 5480 2751 5533 l7.
2826 5479 2872 5510 "
2902 5479 3062 5533 Nunt.
3095 5494 3244 5543 xxxv,
3274 5479 3362 5543 l4,
3396 5478 3484 5532 15.

2229 5598 2341 5671 (78)
2371 5597 2435 5653 In
2466 5613 2673 5671 manug.
2705 5595 2781 5650 Ita
2800 5595 2968 5652 codex
3001 5594 3366 5661 Corbcicnsis,
3398 5591 3522 5648 libri
3549 5596 3727 5644 autem

2163 5667 2333 5736 editi,
2356 5688 2372 5721 ι
2409 5672 2458 5725 in
2495 5667 2763 5724 manibus.
2786 5685 2805 5718 ι
