4086 6218
350 333 460 387 ’ῖιῦ

1524 320 1590 374 ΙΝ
1626 314 1956 374 NUMEROS
1991 311 2273 367 IIOMIIJA
2302 311 2488 366 XVIII.

3514 308 3613 384 vis

358 448 423 501 Et
476 440 688 497 consilii
744 438 966 508 quidem
1021 436 1153 489 nihil
1217 435 1346 489 dare
1396 436 1634 498 videtur,
1676 437 1770 489 sed
1821 433 1935 486 ait:
1974 440 2014 489 Α
2046 428 2181 480 luam
2211 428 2353 481 lilins
2383 427 2540 491 Beor,
2576 428 2734 477 homo
2768 438 2896 478 vere
2926 423 3135 486 videns,
3165 431 3219 477 et
3249 422 3473 476 audiens
3495 438 3611 476 ser-

364 555 385 588 σ
425 532 564 602 Quid
593 532 838 587 facturus
862 529 933 582 sit
959 528 1189 598 p0pnlus
1212 526 1300 580 hic
1326 526 1527 595 populo
1550 534 1642 581 tuo
1678 525 1730 577 in
1762 523 1941 578 novis-

358 628 516 684 simis
567 624 797 687 diehns;
830 639 849 673 ι
903 635 1026 675 cum
1063 620 1253 689 utique
1281 616 1703 672 convenientius
1739 615 1938 669 dictum

361 719 663 779 videretur,
706 713 751 768 si
780 713 1031 767 diceret:
1061 708 1219 770 Veni,
1264 708 1532 777 propheto
1566 706 1665 760 tibi
1698 704 1827 775 quid
1864 703 1940 758 fa-

366 819 562 864 cturus
610 806 684 860 sit
721 805 950 873 populus
1000 801 1088 854 hic
1130 798 1331 869 p0pulo
1381 807 1471 852 tuo
1520 798 1573 850 in
1630 796 1942 851 novissimis

372 900 685 961 diebus;et
710 902 856 950 esset
902 892 1088 960 utique
1139 889 1549 957 consequentia,
1578 896 1637 941 ut
1665 887 1940 941 videretur

362 992 586 1046 Balaam
615 986 942 1057 prophetare
973 984 1038 1037 de
1064 984 1132 1035 iis
1158 996 1280 1050 qua:
1308 980 1534 1049 populus
1563 978 1726 1034 Israel
1766 978 1942 1031 lactu-

364 1098 459 1137 rus
506 1088 652 1136 esset
692 1076 892 1149 populo
945 1074 1167 1138 Balacb,
1206 1072 1291 1127 vel
1325 1072 1538 1126 caeteris
1564 1071 1857 1141 gentibus:
1888 1078 1941 1122 et

360 1174 505 1243 quod
546 1172 600 1226 in
652 1170 853 1224 virtute
880 1167 1040 1221 faciet
1068 1166 1142 1219 ita
1174 1174 1231 1219 ut
1263 1180 1367 1222 non
1400 1163 1760 1231 relinquatex
1788 1160 1940 1215 urbi-

362 1267 463 1317 bus
500 1262 655 1316 Moab
689 1260 856 1313 ullum
884 1258 976 1328 qui
1010 1258 1195 1312 salvus
1224 1257 1335 1311 fiat.

431 1356 487 1409 2.
523 1354 629 1409 Sed
654 1361 710 1406 et
739 1349 1025 1422 prophetia
1056 1348 1412 1403 nihilominus
1440 1359 1601 1415 quam
1625 1345 1690 1400 de
1723 1344 1942 1399 Christo

362 1446 639 1517 conjungit
673 1446 725 1497 in
762 1441 1254 1510 consequentibus,
1283 1447 1338 1495 et
1381 1438 1518 1493 dicit
1542 1436 1629 1487 διε
1666 1454 1684 1487 ι
1718 1435 1942 1491 Orietur

364 1539 519 1594 stella
567 1553 634 1592 ex
682 1535 873 1598 Jacob,
925 1543 979 1588 et
1026 1541 1284 1600 exsurget
1333 1532 1495 1585 homo
1533 1544 1599 1585 ex
1642 1527 1832 1594 Israel,
1889 1537 1943 1583 et

362 1630 599 1686 vastabit
631 1627 905 1699 principes
945 1624 1124 1688 Moab,
1158 1643 1178 1675 ι
1218 1621 1610 1677 convenienter
1641 1621 1814 1690 posita
1864 1620 1937 1674 vi.

364 1724 607 1785 deretur,
642 1720 685 1773 si
749 1717 1011 1785 scriptum
1043 1722 1189 1769 esset
1216 1731 1231 1769 :
1261 1712 1420 1774 Veni,
1449 1720 1501 1766 et
1532 1712 1794 1780 pr0pheto
1823 1711 1938 1765 tibi.

2044 535 2232 574 moues
2273 519 2389 583 Dei,
2434 519 2612 573 sciens
2652 518 2941 572 scientiam
2997 515 3230 581 Excelsi,
3258 523 3311 568 et
3345 515 3612 569 visionem

2043 609 2138 664 Dei
2186 610 2375 665 videns
2428 610 2481 662 in
2519 610 2748 673 somnis,
2781 609 3005 663 revelati
3050 607 3189 662 oeuli
3221 606 3358 675 ejus.
3392 626 3409 659 ι
3439 606 3513 661 De
3549 608 3616 662 iis

2041 698 2294 753 omnibus
2340 699 2450 767 jam
2505 699 2759 767 superius
2789 701 3051 764 diximus,
3085 700 3212 769 quia
3246 708 3299 754 et
3335 699 3385 754 in
3418 700 3613 769 praefa-

2044 789 2189 841 tione
2246 791 2418 842 tertia:
2464 790 2756 858 prophetia:
2809 792 2996 845 eadem
3049 792 3250 860 scripta
3298 804 3445 847 sunt.
3501 792 3614 847 Hoc

2042 894 2174 934 sane
2205 879 2377 933 solum
2417 882 2469 934 in
2521 882 2773 949 prteseuti
2806 883 3016 937 videtur
3048 886 3287 939 additum
3325 886 3466 953 quod
3495 886 3611 939 ait:

2048 988 2067 1021 ι
2098 970 2288 1026 Sciens
2318 972 2603 1027 scientiam
2638 972 2868 1027 Excelsi.
2894 992 2911 1024 ι
2952 973 3062 1028 Iloe
3094 976 3235 1028 enim
3283 975 3335 1029 in
3370 978 3615 1046 superio-

2042 1064 2194 1118 ribus
2222 1076 2326 1117 non
2365 1072 2448 1119 est
2479 1063 2682 1118 dictum
2709 1065 2776 1119 de
2804 1065 3029 1119 Balaam
3061 1083 3074 1119 :
3103 1068 3245 1135 quod
3273 1069 3488 1137 quidem
3515 1083 3613 1122 nec

2044 1155 2198 1211 facile
2229 1156 2294 1210 de
2322 1171 2592 1226 quoquam
2617 1156 2863 1213 omnium
2898 1167 3208 1214 sanctorum
3234 1160 3613 1228 prophetarum

2043 1248 2304 1318 scriptum
2334 1263 2454 1302 esse
2486 1249 2842 1317 deprehendi.

2112 1340 2166 1393 5.
2214 1337 2364 1394 Unde
2400 1351 2454 1394 et
2482 1341 2637 1394 valde
2665 1342 2831 1395 miror
2861 1341 3135 1410 quomodo
3165 1342 3267 1396 hoc
3303 1342 3369 1396 de
3398 1344 3613 1399 Balaam

2044 1431 2305 1493 scriptum
2356 1441 2461 1495 est,
2511 1432 2599 1486 cui
2644 1447 2745 1487 nec
2792 1433 2899 1488 hoc
2942 1448 3264 1488 concessum
3301 1445 3385 1490 est
3414 1438 3614 1499 dicere,

2044 1524 2187 1592 quod
2219 1525 2495 1593 pr0pbetis
2529 1539 2651 1579 esse
2683 1525 2733 1579 in
2777 1540 2875 1580 usu
2900 1526 3058 1590 solet,
3087 1546 3105 1579 ι
3132 1527 3249 1581 haec
3284 1528 3413 1582 dicit
3440 1530 3619 1584 Domi-

2046 1627 2181 1676 nus;
2216 1631 2234 1663 ι
2277 1612 2370 1666 sed
2414 1613 2485 1665 ait
2515 1631 2527 1666 :
2561 1631 2578 1663 ι
2604 1614 2751 1669 Dixit
2812 1614 3049 1683 Balaam,
3088 1618 3225 1672 dixit
3274 1619 3437 1674 homo
3493 1637 3619 1676 vere

2045 1703 2256 1759 videns.
2290 1724 2308 1755 ι
2345 1703 2481 1758 Τιιιιι
2518 1706 2712 1761 deimle
2733 1717 2788 1761 et
2811 1708 3086 1777 quomodo
3114 1711 3335 1780 dignum
3366 1717 3471 1767 erit
3499 1722 3619 1767 lan-

362 1813 518 1867 Nunc
564 1773 741 1864 autem
788 1773 916 1878 quid
961 1808 1209 1861 dicemus
1254 1806 1321 1860 ad
1354 1805 1460 1859 hoc
1502 1804 1645 1871 quod
1672 1803 1937 1873 scriptum
1973 1773 2013 1829 Β
2047 1808 2157 1853 tum
2201 1798 2343 1853 istud
2394 1799 2620 1869 intelligi
2656 1802 2723 1855 de
2758 1773 2995 1865 Balaam.
3037 1812 3096 1857 ut
3134 1773 3273 1858 sciat
3328 1806 3617 1861 scientiam

365 1914 451 1958 est
481 1920 497 1957 :
529 1921 548 1954 ι
581 1901 739 1964 Veni,
768 1899 1056 1955 consilium
1099 1897 1197 1951 tibi
1231 1895 1302 1951 do
1331 1895 1459 1964 quid
1493 1894 1661 1950 faciet
1708 1894 1939 1963 populus

374 1999 463 2052 hic
488 1994 689 2066 populo
726 1992 856 2047 tuo?
885 2011 903 2043 ι
933 1990 1299 2060 Requiramns
1325 2001 1455 2055 ergo
1470 1987 1742 2055 quomodo
1771 1985 1932 2040 intel-

367 2088 461 2157 ligi
490 2088 684 2140 debeat
705 2085 846 2154 quod
883 2082 1144 2150 scriptum
1168 2087 1292 2134 est:
1323 2097 1340 2131 ι
1371 2077 1667 2133 Consilium
1698 2078 1792 2131 tibi
1814 2078 1933 2141 do,»

362 2181 430 2234 de
463 2191 571 2248 quo
627 2190 769 2245 saepe
802 2173 942 2243 apud
986 2170 1367 2239 memetipsum
1395 2169 1698 2238 requirens,
1737 2168 1936 2223 nullum

361 2267 515 2337 potui
546 2265 750 2321 exitum
787 2263 1038 2320 invenire
1069 2260 1374 2325 sententiae,
1406 2260 1450 2316 si
1502 2261 1607 2315 hoc
1635 2262 1776 2328 quod
1821 2262 1931 2315 ait:

365 2376 386 2410 ι
415 2356 716 2413 Consilium
765 2354 862 2409 tibi
904 2356 990 2420 do,
1020 2373 1039 2405 ι
1087 2352 1364 2407 communi
1410 2359 1465 2406 et
1523 2352 1724 2404 usitato
1784 2366 1937 2405 more

362 2451 565 2505 dictum
598 2458 875 2518 putemus.
918 2446 1026 2501 Sed
1064 2446 1196 2500 illud
1247 2444 1421 2513 magis
1444 2444 1553 2498 vidi
1587 2458 1708 2499 esse
1740 2458 1938 2497 conve-

360 2542 519 2597 niens
568 2541 715 2611 quod
760 2541 881 2595 ait:
911 2539 1254 2595 «Consilium
1310 2537 1405 2591 tibi
1458 2537 1546 2601 do,
1578 2554 1597 2586 ι
1636 2544 1698 2590 ιιι
1729 2536 1802 2590 ita
1849 2536 1937 2590 di-

359 2646 509 2690 ctum
540 2635 656 2706 (79)
688 2633 1057 2704 intelligatur:
1081 2629 1385 2685 Consilium
1419 2626 1663 2682 divinum
1704 2627 1847 2696 quod
1885 2626 1938 2682 in

336 2727 678 2784 -novissimis
714 2726 906 2781 diebus
934 2722 1272 2793 implendum
1300 2730 1404 2785 est,
1440 2720 1571 2775 mibi
1609 2735 1755 2775 nunc
1788 2734 1943 2776 reve-

361 2821 558 2885 latum,
603 2818 793 2889 aperio
847 2817 943 2872 tibi
982 2824 1039 2870 et
1088 2812 1400 2878 manifesto,
1430 2821 1489 2866 ut
1519 2812 1662 2867 scias
1686 2811 1815 2880 quid
1848 2825 1942 2879 po-

365 2913 524 2984 pulus
555 2912 646 2967 hic
669 2910 831 2966 faciet
857 2907 1056 2979 populo
1082 2915 1198 2961 tuo.
1220 2905 1287 2959 Et
1315 2905 1419 2958 hoc
1448 2905 1608 2959 modo
1631 2912 1776 2958 stare
1811 2903 1939 2957 mibi

358 3011 538 3065 visum
566 3015 652 3062 est
684 3017 843 3074 posse
868 3001 1013 3071 quod
1038 2999 1117 3054 ait
1143 3013 1159 3051 :
1192 3015 1211 3049 ι
1239 2997 1543 3054 Consilium
1571 2996 1663 3050 tibi
1703 2996 1771 3049 do
1808 2995 1936 3065 quid

2045 1887 2258 1942 Excelsi
2291 1906 2305 1942 :
2339 1890 2429 1957 qui
2458 1892 2619 1944 etiam
2648 1890 2844 1947 Balacb
2874 1908 3052 1964 regem
3080 1896 3326 1951 docuerit
3348 1902 3621 1967 quomodo

2043 1978 2357 2033 scandalum
2392 1981 2635 2035 mitteret
2671 1997 2859 2035 coram
2899 1983 3024 2038 liliis
3066 1984 3255 2044 Israel.
3289 1997 3345 2040 ut
3380 1990 3610 2044 mandu-

2043 2078 2233 2126 carent
2284 2070 2583 2139 immolata,
2634 2081 2690 2126 et
2737 2073 3185 2132 foruicarentur?
3214 2076 3311 2132 Vix
3363 2082 3505 2134 enim
3550 2084 3619 2137 de

2043 2160 2251 2215 sanctis
2299 2162 2582 2231 prophetis
2613 2172 2709 2219 aut
2742 2168 3005 2234 apostolis
3036 2168 3275 2223 inveniet
3306 2172 3507 2241 aliquis
3534 2176 3618 2229 ιΙξ-

2042 2260 2213 2316 ctum,
2239 2253 2364 2322 quia
2395 2254 2569 2309 sciant
2602 2256 2883 2311 scientiam
2918 2258 3161 2318 Excelsi.
3198 2262 3456 2327 Quamvis
3479 2265 3619 2322 Pau-

2043 2342 2126 2397 lus
2151 2345 2354 2400 dixerit
2385 2347 2609 2402 audisse
2640 2363 2698 2403 se
2725 2350 2887 2404 verba
2918 2352 3310 2410 inenarrabilia
3360 2373 3478 2427 qua:
3510 2376 3616 2416 non

2043 2433 2169 2490 licet
2196 2436 2403 2493 homini
2440 2438 2673 2508 loqui”,
2712 2450 2893 2497 tamen
2948 2459 3052 2498 non
3096 2456 3178 2501 cst
3224 2451 3501 2517 professus
3528 2452 3621 2507 ha-

2044 2527 2172 2583 bere
2194 2542 2257 2583 se
2280 2530 2564 2585 scientiam
2601 2531 2836 2588 Excelsi.
2874 2535 3102 2603 Propter
3134 2542 3277 2608 quod
3306 2543 3620 2613 diligentius

2044 2619 2396 2677 intendamus
2419 2623 2463 2678 si
2495 2622 2637 2679 lorte
2675 2625 2901 2694 dignum
2934 2628 3141 2698 aliquid
3171 2630 3326 2686 nobis
3357 2632 3500 2689 Deus
3530 2652 3621 2692 su-

2043 2725 2141 2779 per
2169 2712 2275 2768 hoc
2316 2726 2571 2768 sermone
2628 2715 2874 2770 revelare
2907 2717 3245 2787 dignabitur.
3276 2722 3331 2776 In
3365 2723 3504 2780 libro
3527 2729 3617 2795 qui

2045 2802 2185 2871 apud
2234 2817 2334 2858 nos
2362 2803 2585 2874 quidem
2621 2804 2765 2859 inter
2789 2806 3098 2865 Salomonis
3131 2812 3403 2867 volumina
3432 2815 3618 2872 haberi

2044 2893 2185 2950 solet
2216 2903 2271 2950 et
2302 2894 2723 2952 Ecclesiasticus
2767 2898 2895 2963 diei,
2928 2901 3067 2968 apud
3120 2900 3340 2959 Grzecos
3374 2921 3503 2961 vero
3534 2924 3620 2964 sa-

2046 2986 2250 3054 pientia
2273 2985 2399 3043 Iesu
2429 2988 2525 3041 lilii
2555 2988 2749 3045 Sirach
2786 2990 3109 3059 appellatur,
3135 2993 3395 3064 scriptum
3424 3008 3505 3052 est
3531 2998 3574 3032 ’δ’
3600 3017 3614 3053 :

361 3102 604 3158 tacturus
652 3106 736 3151 est
783 3093 1011 3163 populus
1078 3092 1165 3146 hic
1214 3088 1413 3160 pepulo
1463 3099 1588 3153 tuo;
1622 3106 1639 3138 ι
1677 3088 1781 3141 hoc
1827 3095 1931 3149 est,
1964 3102 2005 3160 ο
2049 3096 2067 3121 ε
2093 3077 2281 3135 Omnis
2311 3079 2579 3148 sapientia
2605 3094 2633 3132 a
2660 3077 2769 3133 Deo
2786 3090 2889 3135 est.
2921 3103 2939 3136 ι
2968 3084 3119 3149 Quod
3156 3087 3389 3142 fortasse
3426 3104 3621 3157 passu-

362 3190 653 3248 consilium
694 3186 784 3239 Dei
808 3184 1036 3239 enuntio
1070 3183 1167 3236 tibi
1197 3191 1252 3236 et
1276 3180 1587 3234 manifesto.
1614 3180 1935 3249 Requirenti

363 3295 500 3336 sane
529 3279 660 3333 mihi
698 3276 869 3331 sicubi
905 3274 1045 3329 lorte
1072 3273 1124 3327 in
1153 3272 1451 3341 Scripturis
1478 3271 1679 3325 divinis
1706 3274 1805 3325 sub
1836 3271 1939 3325 hoc

366 3384 617 3427 sermone
665 3369 838 3422 simile
883 3365 1093 3436 aliquid
1145 3364 1348 3417 dictum
1384 3373 1571 3432 posset
1622 3378 1935 3427 occurrere,

365 3463 545 3516 visum
593 3468 677 3514 est
727 3459 886 3512 etiam
943 3467 997 3512 et
1054 3455 1186 3511 illud
1242 3454 1495 3510 similiter
1547 3455 1935 3508 advertendum

366 3552 514 3621 quod
554 3546 846 3617 Apostolus
876 3548 950 3600 ait
974 3547 1022 3579 "
1053 3563 1069 3600 :
1102 3564 1121 3597 ι
1154 3544 1289 3612 Quis
1329 3544 1473 3598 enim
1515 3545 1768 3612 cognovit
1815 3557 1941 3596 sen-

367 3658 489 3698 sum
536 3640 768 3702 Domini,
810 3648 901 3692 aut
948 3640 1069 3707 quis
1117 3638 1166 3692 ei
1216 3635 1562 3691 consiliarius
1611 3635 1802 3688 fuit?»
1839 3634 1938 3689 Hic

366 3735 512 3790 enim
540 3754 558 3786 ι
581 3734 726 3803 quis,
746 3751 765 3784 ι
812 3747 914 3784 ιιοιι
958 3747 1056 3799 pro
1083 3730 1253 3795 nullo,
1282 3732 1376 3786 sed
1414 3744 1509 3798 pro
1534 3743 1678 3791 raro,
1707 3729 1793 3783 vel
1825 3728 1937 3782 exi-

367 3832 477 3883 mio
504 3828 751 3882 habetur.
780 3824 1063 3892 Quomodo
1098 3826 1244 3879 enim
1286 3839 1391 3877 nou
1436 3823 1694 3892 cognovit
1720 3836 1936 3876 sensum

367 3919 459 3973 Dei
515 3917 840 3987 Uuigenitus
889 3931 1036 3979 suos,
1092 3915 1183 3985 qui
1240 3914 1383 3968 dicit
1404 3912 1487 3967 “z
1523 3931 1541 3963 ι
1572 3910 1742 3966 Nemo
1791 3910 1939 3965 novit

365 4010 607 4073 Patrem,
640 4009 741 4063 nisi
772 4008 957 4069 Filius,
984 4015 1039 4059 et
1068 4005 1152 4059 cui
1172 4003 1401 4059 voluerit
1434 4001 1603 4056 Filius
1621 4000 1931 4056 revelareh

362 4102 501 4170 Quid
538 4101 784 4157 estaliud
826 4101 971 4154 scire
993 4097 1228 4161 Patrem,
1262 4094 1364 4150 nisi
1400 4095 1545 4149 seire
1565 4103 1619 4148 et
1648 4093 1934 4147 consilium

363 4198 504 4265 ejus,
528 4205 583 4248 et
606 4192 862 4248 sensum?
897 4189 1009 4244 Sed
1043 4200 1097 4243 et
1127 4188 1364 4256 Spiritus
1401 4196 1623 4242 sanctus
1651 4186 1740 4256 qui
1779 4200 1938 4240 scru-

370 4297 523 4340 tatur
551 4288 714 4338 etlam
747 4283 855 4336 alta
887 4281 1002 4344 Dei,
1031 4279 1216 4348 quidni
1249 4294 1467 4332 sensum
1494 4278 1611 4347 ejus
1636 4277 1940 4347 agnoscat?

368 4374 634 4446 Agnoscit
658 4387 787 4440 ergo
818 4382 870 4425 et
893 4370 1080 4431 Filius,
1112 4380 1166 4423 et
1187 4369 1425 4438 Spiritus
1456 4378 1681 4423 sanctus
1715 4383 1933 4423 sensum

2046 3184 2165 3224 IIIIIS
2198 3172 2268 3224 ita
2298 3169 2632 3241 intelligere,
2665 3174 2820 3243 quasi
2845 3190 2874 3227 a
2898 3173 3006 3229 Deo
3043 3175 3112 3229 sit
3140 3187 3195 3231 et
3228 3178 3317 3233 illa
3352 3182 3619 3250 sapientia

2045 3260 2230 3316 mundi
2268 3261 2452 3332 hujus,
2486 3278 2606 3332 qua:
2654 3267 2981 3320 destruenda
3039 3267 3262 3330 dicitur,
3308 3279 3361 3323 et
3412 3271 3617 3340 princi-

2042 3366 2168 3420 pum
2195 3352 2384 3407 mundi
2408 3351 2591 3421 hujus,
2624 3362 2675 3408 et
2706 3355 2750 3410 si
2777 3371 2881 3425 qua
2914 3356 3020 3411 alia
3048 3368 3132 3412 est
3164 3374 3261 3427 per
3288 3375 3449 3428 quam
3484 3360 3616 3415 falsa

2043 3442 2272 3499 scientia
2315 3448 2769 3501 commendatur:
2803 3449 2903 3503 nisi
2952 3450 3004 3503 iu
3050 3451 3168 3519 ipso
3195 3450 3375 3505 libello
3413 3452 3464 3506 iu
3494 3467 3619 3506 cou-

2043 3535 2399 3603 sequentibus
2447 3537 2789 3594 diceretur“
2819 3557 2831 3591 :
2864 3557 2883 3591 ι
2918 3540 3033 3595 Νοιι
3077 3549 3164 3596 est
3212 3543 3357 3598 enim
3404 3545 3619 3614 sapien-

2050 3628 2145 3689 tia,
2201 3627 2423 3684 malitia:
2476 3630 2832 3700 disciplina.»
2866 3633 2970 3688 Per
3019 3635 3162 3703 quod
3198 3636 3386 3706 utique
3434 3639 3614 3702 docet,

2044 3720 2171 3787 quia
2225 3723 2404 3777 omnis
2458 3723 2743 3793 disciplina
2789 3740 2909 3795 quae
2946 3724 3069 3783 falsi
3110 3727 3315 3798 aliquid
3384 3733 3616 3797 asserit,

2043 3813 2258 3868 etiamsi
2316 3814 2607 3871 vehemens
2670 3818 2953 3883 videatur,
3015 3828 3073 3874 et
3149 3821 3506 3889 verisimilis,
3563 3835 3620 3878 et

2044 3922 2167 3975 quae
2226 3906 2472 3963 subverti
2529 3906 2746 3964 dillicile
2795 3911 2985 3981 possit,
3040 3922 3216 3966 tamen
3274 3928 3616 3985 nequaquam

2042 3999 2202 4071 34],
2230 4000 2536 4070 bujusmodi
2557 4002 2786 4057 scientia
2806 4004 2872 4056 ad
2894 4004 3172 4073 sapientia:
3197 4006 3408 4061 titulum
3430 4008 3621 4064 debeat

2042 4094 2328 4161 applicari.
2370 4092 2511 4159 Quid
2557 4108 2689 4164 ergo
2737 4104 2819 4151 est
2856 4096 3001 4165 quod
3052 4097 3176 4150 ait:
3229 4115 3247 4148 ι
3291 4097 3483 4154 Omnis
3528 4116 3617 4155 sa—

2044 4186 2245 4254 pientia
2298 4201 2326 4240 a
2373 4185 2485 4241 Deo
2522 4186 2647 4241 est?
2679 4204 2698 4239 ι
2739 4184 2875 4242 Illud
2919 4187 3049 4241 mibi
3099 4189 3341 4244 sensisse
3385 4191 3616 4253 videtur,

2043 4276 2170 4345 quia
2217 4277 2397 4333 omnis
2445 4276 2672 4347 peritia,
2715 4292 2835 4347 qua:
2880 4277 2965 4332 vel
3014 4293 3142 4348 erga
3182 4290 3354 4336 artem
3381 4282 3617 4352 aliquam

2044 4366 2164 4421 usui
2195 4366 2429 4422 humano
2456 4366 2764 4422 necessaria
2806 4365 3061 4431 habetur,
3095 4368 3178 4423 vel
3219 4369 3510 4439 cujuslibet
3543 4374 3619 4425 rei

372 4437 623 4527 Domini,
648 4437 764 4517 etii
797 4461 997 4530 quibus
1032 4437 1263 4514 voluerit
1292 4459 1461 4514 Filius
1493 4460 1753 4515 revelare.
1783 4459 1934 4526 Quod
1972 4437 2014 4493 D
2048 4458 2300 4523 scientia,
2338 4458 2606 4529 sapientia
2643 4458 2857 4513 dicatur
2878 4474 2906 4512 a
2941 4459 3172 4514 Domino
3202 4437 3347 4519 data.
3383 4462 3623 4535 Denique

366 4559 410 4613 si
444 4555 694 4627 agnoscit
719 4554 887 4608 Filius
916 4567 1132 4607 sensum
1165 4551 1281 4615 Dei,
1315 4560 1402 4605 est
1432 4565 1561 4618 ergo
1606 4559 1663 4606 et
1687 4550 1937 4607 consilia-

367 4649 479 4704 rius
502 4647 638 4718 ejus.
677 4646 787 4701 Sed
818 4644 1163 4699 consiliarius
1192 4658 1300 4697 nou
1339 4646 1410 4696 ita
1450 4644 1800 4712 accipiemlus
1828 4654 1934 4708 est,

366 4740 520 4809 quasi
563 4738 834 4809 ignoranti
868 4736 916 4788 ei
954 4735 1081 4804 quid
1124 4742 1269 4802 agat,
1302 4733 1591 4786 consilium
1626 4734 1715 4787 det
1739 4731 1933 4797 Filius,

367 4843 456 4885 aut
488 4830 724 4900 Spiritus
748 4840 1001 4894 sanctus;
1036 4828 1133 4881 sed
1162 4825 1303 4894 quod
1337 4825 1576 4888 consilii,
1610 4834 1666 4878 et
1694 4824 1943 4879 volunta-

368 4924 443 4978 tis
485 4923 604 4991 ejus
654 4922 926 4993 particeps
966 4929 1021 4974 et
1066 4919 1247 4973 sciens
1281 4916 1353 4970 sit
1394 4916 1584 4981 Filius,
1610 4926 1667 4971 et
1709 4916 1946 4985 Spiritus

364 5024 608 5069 sanctus.
657 5013 830 5069 Simili
864 5027 994 5082 ergo
1034 5011 1196 5065 modo
1229 5016 1286 5062 et
1307 5008 1523 5062 Balaam
1553 5009 1680 5078 quia
1720 5009 1943 5063 consilii

364 5104 510 5175 quod
539 5105 587 5160 ei
633 5104 972 5159 revelaverat
1013 5104 1176 5165 Deus,
1240 5102 1562 5172 participem
1615 5100 1852 5154 faciebat
1891 5110 1946 5153 et

364 5213 592 5267 gnarum
642 5196 992 5263 Balach,ait
1023 5212 1036 5249 :
1074 5212 1093 5245 ι
1122 5193 1278 5259 Veni,
1317 5193 1605 5248 consiliu‘m
1660 5192 1754 5246 tibi
1803 5190 1896 5256 do,
1920 5210 1937 5242 ι

365 5304 623 5360 tanquam
658 5292 749 5360 qui
784 5305 911 5345 vere
938 5292 1130 5346 videns
1164 5291 1254 5355 sit,
1284 5300 1338 5345 et
1365 5301 1494 5342 vere
1522 5284 1753 5339 audierit
1775 5285 1940 5338 verba

362 5384 483 5449 Dei,
515 5384 658 5439 sicut
707 5385 761 5438 iu
816 5384 1279 5452 consequentibus
1326 5377 1522 5435 dicit"
1556 5395 1569 5430 :
1601 5394 1619 5427 ι
1653 5376 1799 5430 Dixit
1840 5374 1941 5428 Ba-

2048 4552 2191 4622 apud
2222 4550 2325 4607 Job
2357 4550 2623 4620 scriptum
2662 4560 2745 4606 est
2777 4551 2819 4582 ⁸¹
2848 4568 2861 4606 :
2896 4569 2914 4602 ι
2951 4551 3083 4618 Quis
3114 4553 3263 4607 dedit
3308 4553 3625 4609 mulieribus

2052 4644 2267 4699 texendi
2326 4643 2674 4712 sapientiam,
2718 4652 2774 4699 et
2823 4644 3107 4699 varietatis
3163 4644 3618 4713 disciplinam?»

2050 4736 2155 4792 Sed
2186 4746 2243 4791 et
2272 4737 2325 4791 in
2352 4735 2542 4792 Exodo
2569 4736 2635 4792 ⁸²;
2672 4755 2691 4789 ι
2734 4736 2975 4793 Locutus
3004 4746 3112 4803 est,
3144 4737 3337 4806 inquit,
3363 4737 3623 4792 Dominus

2047 4830 2113 4884 ad
2156 4829 2375 4902 Moysen
2416 4829 2643 4886 dicens:
2688 4828 2830 4885 Ecce
2863 4831 3049 4885 vocavi
3084 4830 3403 4884 nominatim
3456 4827 3621 4882 Bese-

2045 4921 2188 4977 lehel
2219 4921 2387 4976 lilium
2421 4921 2539 4988 Uri,
2576 4921 2671 4975 lilii
2695 4919 2789 4986 0r,
2832 4935 2897 4974 ex
2925 4921 3070 4974 tribu
3105 4919 3268 4985 Iuda,
3311 4928 3365 4972 et
3416 4919 3619 4990 replevi

2045 5026 2166 5066 eum
2218 5011 2415 5081 spiritu
2467 5011 2653 5065 divino
2709 5009 3027 5077 sapientia},
3082 5017 3136 5063 et
3192 5006 3522 5078 intellectus,
3567 5017 3623 5063 et

2047 5102 2375 5171 disciplina,
2409 5110 2467 5154 nt
2493 5100 2549 5154 in
2586 5098 2739 5153 omni
2781 5112 2946 5165 opere
2991 5096 3280 5166 intelligat,
3324 5107 3377 5151 et
3414 5097 3485 5151 sit
3529 5112 3619 5152 ar-

2050 5192 2323 5249 chitectus
2359 5193 2425 5246 ad
2472 5190 2811 5262 onerandum
2858 5197 3175 5258 argentum,
3219 5197 3274 5243 et
3309 5202 3525 5255 aurum,
3567 5197 3623 5242 et

2052 5300 2146 5347 aes,
2174 5295 2230 5339 et
2269 5284 2477 5353 lapides
2505 5281 2843 5350 repletionis.
2875 5290 2933 5335 et
2965 5281 3149 5335 omnia
3179 5294 3342 5348 opera
3384 5279 3622 5345 fabrilia,

2050 5387 2105 5430 et
2134 5380 2186 5431 in
2220 5376 2389 5446 ligno,
2421 5384 2478 5427 ut
2499 5384 2760 5443 operetur
2786 5374 3080 5428 secundum
3114 5373 3294 5427 omnia
3340 5386 3525 5440 opera,
3553 5375 3620 5424 ad

429 5543 471 5575 “
512 5541 670 5596 Num.
712 5533 975 5603 utv,°I7.
1040 5540 1086 5572 "
1115 5541 1268 5593 Rern.
1301 5554 1376 5600 λι,
1407 5536 1496 5591 ⁸54.
1552 5534 1598 5565 ⁸⁸
1625 5533 1812 5585 .llatth.
1838 5533 2036 5603 3527.
2104 5533 2146 5565 ⁸⁷
2182 5531 2337 5585 Num.
2375 5548 2524 5592 xxiv,
2567 5532 2648 5598 lii,
2688 5532 2771 5587 l6.
2824 5531 2869 5564 “
2893 5530 2933 5586 ll
2963 5531 3089 5587 Cor.
3118 5546 3214 5596 xu,
3242 5529 3299 5583 4.
3360 5508 3415 5561 τ’
3449 5528 3616 5585 Eeeli.

362 5629 403 5680 ι,
436 5614 485 5667 l.
563 5613 608 5644 ⁶⁰
635 5613 801 5667 Eccli.
834 5627 948 5677 xu,
978 5612 1064 5667 l9.
1126 5612 1169 5642 δι
1218 5608 1318 5663 Job
1340 5620 1568 5669 xxxvm,
1597 5604 1684 5657 56.

1762 5603 1806 5632 "
1834 5602 2003 5657 Exod.
2038 5619 2187 5669 xxxi,
2222 5606 2272 5667 l,
2304 5604 2357 5668 2,
2381 5603 2435 5669 '5,
2487 5604 2539 5669 4,
2562 5602 2613 5669 5,
2657 5602 2710 5658 6.

433 5752 547 5824 (79)
596 5752 731 5807 Cod.
775 5750 1142 5805 Corbeiensis.
1201 5748 1470 5803 «dictum.
1499 5762 1517 5795 ι
1566 5741 1723 5797 Libb.
1768 5740 1955 5807 editi,t
1977 5740 2203 5797 dixisse.
2235 5756 2253 5788 ι

630 5848 916 5908 Ρηιιοι..
951 5845 1069 5907 Gn.
1105 5843 1244 5906 XII.

3268 5827 3346 5886 23
