4086 6218
505 306 620 359 ’713

1961 307 2120 364 ORIG
2131 307 2280 363 ΕΝΙὸ

3668 311 3769 364 716

516 441 637 492 qua!
669 439 768 492 ego
793 422 912 475 dedi
955 437 1099 475 eum.
1133 419 1238 474 Sed
1265 430 1314 474 et
1343 421 1492 474 Eliab
1519 420 1684 474 filimn
1719 423 2077 479 Achisantach
2115 433 2155 487 Α
2190 429 2504 490 bnscnnque
2536 423 2783 492 qumsivit
2814 422 2882 477 ab
2922 424 3000 477 eis
3045 439 3136 478 rex
3181 421 3386 478 invenit
3423 439 3518 479 eos
3542 426 3773 496 decepto

510 531 574 569 ex
616 515 756 569 tribu
799 515 929 566 Dan.
962 513 1022 566 Et
1047 512 1167 564 dedi
1217 513 1269 564 in
1314 527 1408 565 cor
1436 513 1581 566 omni
1639 515 1891 580 prudenti
1920 515 2081 569 intel-

512 607 731 669 lectum,
768 616 821 658 ut
851 605 1045 658 faciant
1081 604 1260 658 omnia
1299 618 1422 672 qua:
1450 605 1708 656 constitui
1739 606 1853 659 tibi.
1897 623 1914 655 ›
1947 605 2084 658 Con-

511 699 686 750 sidera
715 711 843 766 crgo
879 712 941 748 ex
968 696 1034 749 iis
1060 694 1310 748 omnibus
1343 695 1614 761 quomodo
1659 709 1686 746 a
1738 695 1968 748 Domino
2000 706 2085 751 cst

504 791 772 860 sapientia
825 789 1059 850 fabrilis,
1113 788 1226 842 sive
1275 788 1326 841 in
1374 804 1526 851 auro,
1573 791 1686 842 sive
1737 790 1788 841 iu
1835 800 2080 856 argento,

508 877 624 930 sive
654 877 706 929 in
735 876 840 930 alia
872 890 1193 944 quacunque
1257 877 1506 938 materia,
1536 876 1620 930 vel
1656 877 1820 929 etiam
1860 878 2080 930 textrini

507 970 775 1040 sapientia
831 988 841 1022 :
885 980 939 1024 et
995 971 1116 1023 vide
1146 969 1271 1037 quia
1314 968 1438 1037 jure
1474 970 1578 1024 dici
1627 972 1693 1024 de
1732 968 1798 1025 iis
1833 973 2081 1027 omnibus

503 1071 708 1130 potest,
749 1063 890 1130 quod
926 1062 1117 1114 horum
1148 1061 1384 1115 scicntia
1417 1063 1489 1117 ab
1529 1061 1759 1116 Excelsa
1806 1064 1891 1116 sit.
1927 1065 2078 1128 Quod

501 1161 547 1209 si
587 1154 792 1207 fabrilis
822 1153 1046 1206 scientia
1078 1153 1146 1207 ab
1173 1152 1404 1207 Excelso
1433 1168 1552 1207 esse
1585 1153 1916 1218 declaratur,
1940 1168 2078 1222 quo-

506 1250 666 1302 modo
697 1262 801 1300 non
830 1256 881 1300 et
905 1247 1255 1316 geometrica,
1285 1261 1349 1301 ex
1370 1262 1472 1317 qua
1501 1248 1688 1316 utique
1711 1247 1827 1301 hrec
1850 1247 2076 1301 scientia

506 1354 671 1409 quam
728 1338 1012 1406 Scriptura
1076 1339 1562 1393 architectonicam
1616 1340 1880 1400 nominat,
1935 1339 2080 1394 deri-

506 1432 702 1484 vatur?
723 1430 965 1498 Denique
984 1430 1108 1482 etin
1131 1429 1391 1483 Zacharia
1419 1429 1692 1485 funiculus
1714 1430 2076 1500 geometricas

504 1524 703 1576 dicitur
729 1522 799 1584 ⁵³,
837 1521 888 1574 in
919 1535 1028 1590 quo
1056 1520 1336 1574 dimetitur
1367 1520 1593 1590 angelus
1626 1519 1930 1574 Jerusalem
1965 1541 1976 1575 :
2021 1529 2076 1574 et

498 1615 623 1670 ideo
684 1631 788 1668 non
840 1625 969 1684 puto
1029 1613 1329 1667 absurdum
1386 1613 1581 1676 videri,
1638 1613 1682 1666 si
1746 1613 1908 1666 etiam
1962 1611 2076 1666 lucc

499 1707 723 1762 scicntia
768 1707 978 1760 dicatur
1011 1704 1244 1759 Excelsi.
1302 1703 1441 1769 Quid
1488 1713 1670 1758 autem
1720 1704 1961 1758 dicemus
2005 1703 2073 1758 de

2189 516 2416 583 amplius
2459 531 2621 584 quam
2671 526 2826 570 erant
2871 517 3124 585 suphistre
3180 527 3234 572 et
3279 517 3620 587 philosophi,
3672 522 3768 589 qui

2185 618 2345 661 erant
2396 607 2448 660 in
2509 608 2656 662 onmi
2708 622 2876 676 regno
2927 608 3063 674 ejus.
3107 627 3126 660 ι
3179 609 3244 662 Ει
3279 609 3393 663 bare
3441 609 3662 679 quidem
3712 612 3767 666 in

2186 698 2590 767 exemplaribus
2642 698 2994 771 Septuaginta
3047 701 3402 769 interpretum
3452 703 3765 758 habentur:

2186 788 2238 841 in
2291 787 2640 843 Hebraeorum
2672 804 2802 843 vero
2835 791 3112 844 codicibus
3153 791 3356 861 aliquid
3397 792 3562 846 etiam
3589 793 3765 848 vehe-

2186 879 2423 933 mentius
2449 881 2646 949 reperi,
2672 881 2868 949 quibus
2898 882 3144 949 quamvis
3175 897 3279 935 non
3306 891 3547 950 utamur,
3579 895 3764 938 tamen

2182 969 2501 1038 agnoscendi
2534 970 2706 1040 gratia
2745 970 2989 1026 dicemus
3027 970 3190 1023 etiam
3247 972 3316 1026 ibi
3343 988 3464 1042 quae
3495 972 3760 1042 legimus:

2186 1078 2204 1111 ι
2250 1059 2422 1127 Dedit,
2452 1060 2652 1129 inquit,
2688 1062 2826 1115 Deus
2853 1061 3185 1114 intellectum
3229 1073 3285 1116 et
3331 1065 3671 1130 prudentiam
3703 1066 3761 1118 in

2178 1152 2324 1206 onmi
2366 1153 2723 1220 grammatica
2757 1154 3046 1222 sapientia,
3081 1163 3135 1207 et
3174 1153 3360 1209 Daniel
3396 1155 3665 1210 intellexit
3705 1158 3762 1211 iu

2177 1245 2323 1297 omni
2357 1244 2581 1310 visione,
2609 1253 2663 1298 et
2690 1244 2937 1300 somniis.
2969 1263 2986 1295 ι
3022 1243 3086 1300 Ει
3118 1256 3234 1316 post
3254 1261 3423 1316 pauca
3453 1266 3465 1300 :
3503 1266 3522 1299 ‹
3562 1248 3627 1301 Et
3650 1257 3763 1302 ste—

2181 1344 2382 1402 terunt,
2417 1335 2612 1405 inquit,
2644 1337 2695 1390 in
2733 1346 3032 1406 conspectu
3060 1340 3222 1408 regis,
3247 1347 3302 1392 cl
3333 1339 3556 1392 inomni
3591 1339 3760 1393 verbo

2177 1427 2474 1495 sapientiae,
2504 1437 2557 1482 ct
2585 1428 2904 1499 disciplinae,
2934 1430 2984 1484 in
3013 1446 3118 1500 quo
3141 1431 3390 1500 quaesivit
3419 1432 3488 1484 ab
3519 1431 3600 1486 eis
3630 1446 3756 1495 rex,

2179 1519 2384 1572 invenit
2408 1519 2460 1573 in
2489 1520 2570 1576 eis
2600 1521 2825 1591 decnplo
2864 1537 3028 1592 super
3058 1538 3248 1578 omnes
3297 1523 3667 1576 incantatores
3698 1532 3758 1576 et

2182 1626 2391 1680 magos,
2425 1613 2515 1680 qui
2546 1624 2704 1668 erant
2730 1615 2782 1668 in
2815 1615 2960 1669 omni
2988 1630 3152 1685 regno
3177 1615 3317 1682 ejus.
3361 1635 3377 1667 ι
3413 1615 3487 1668 Ex
3517 1615 3583 1668 iis
3617 1630 3758 1682 ergo

2177 1704 2435 1758 erunibus
2472 1714 2646 1774 potest
2681 1707 2908 1779 intelligi
2934 1709 3204 1778 quomodo
3233 1718 3288 1763 et
3311 1707 3524 1762 Balaam
3547 1708 3752 1763 dixerit

501 1801 729 1864 musica,
774 1796 924 1866 majus
959 1810 1175 1850 onmem
1236 1795 1492 1864 peritiam
1554 1794 1630 1848 ita
1675 1795 1934 1865 attigerat
1985 1811 2069 1849 sa-
2105 1771 2147 1825 Β
2177 1794 2243 1849 de
2272 1771 2588 1866 semetipso,
2627 1816 2647 1848 ι
2680 1799 2772 1868 qui
2800 1771 2903 1854 scit
2942 1771 3227 1856 scientiam
3281 1800 3518 1864 Excelsi,
3559 1819 3577 1854 ι
3632 1803 3748 1858 sci-

500 1887 876 1955 pientisdmns
910 1883 1097 1948 David,
1146 1896 1211 1937 ac
1265 1882 1432 1937 totius
1461 1883 1726 1944 melodiaa,
1775 1893 1829 1938 et
1877 1885 2069 1957 rhyth-

501 1995 714 2033 morum
767 1977 1064 2046 collegerat
1109 1974 1429 2042 disciplinas
1475 1984 1532 2029 ut
1587 1991 1650 2031 ex
1703 1976 1771 2030 iis
1821 1977 2070 2032 omnibus

498 2071 768 2125 inveniret
795 2082 978 2133 sonos,
1015 2066 1211 2135 quibus
1251 2075 1434 2135 posset
1477 2067 1641 2120 etiam
1693 2067 2068 2137 perturbatum

499 2179 680 2231 regem
737 2170 1103 2229 vexatumque
1149 2159 1218 2212 ab
1266 2158 1458 2229 spiritu
1507 2158 1745 2227 maligno
1791 2159 2070 2229 psallendo

496 2251 792 2321 mitigare?
822 2249 970 2304 Unde
997 2263 1103 2302 non
1128 2256 1258 2317 puto
1289 2247 1524 2317 aliquem
1556 2250 1688 2303 recti
1721 2263 1944 2312 sensus,
1975 2250 2068 2317 qui

495 2346 546 2397 in
578 2345 770 2398 horum
806 2341 1046 2395 omnium
1086 2339 1319 2394 scientia
1353 2349 1532 2410 neget,
1584 2340 1710 2410 quia
1764 2341 1942 2395 omnis
1984 2356 2069 2394 sa-

493 2435 698 2504 pientia
732 2449 759 2486 a
785 2432 1010 2487 Domino
1043 2440 1145 2486 est.
1178 2429 1298 2484 Jam
1327 2447 1456 2487 vero
1487 2432 1553 2488 de
1581 2433 1868 2486 medicina:
1894 2435 2063 2487 scien-

489 2530 566 2582 tia
600 2543 696 2582 nec
736 2526 971 2582 dubitari
1029 2533 1179 2593 puto.
1228 2524 1283 2577 Si
1333 2527 1476 2580 enim
1509 2535 1592 2581 est
1630 2525 1735 2578 ulla
1769 2526 2000 2580 scientia
2038 2541 2066 2578 a

489 2622 626 2684 Deo,
662 2637 782 2690 qua:
815 2619 986 2689 magis
1008 2621 1076 2675 ab
1101 2635 1164 2676 eo
1198 2620 1302 2673 erit
1335 2634 1498 2688 quam
1528 2619 1755 2674 scientia
1792 2619 2065 2683 sanitatis,

494 2717 546 2770 iu
585 2729 691 2784 qua
735 2713 900 2768 etiam
939 2712 1235 2766 herbarum
1281 2712 1448 2775 vires,
1495 2720 1550 2765 et
1595 2726 1882 2766 succorum
1928 2726 2060 2780 qua-

494 2813 693 2873 litates,
736 2825 799 2863 ac
833 2806 1156 2862 dili‘erentia':
1186 2805 1632 2873 dignoscantur?
1675 2804 1840 2874 Igitur
1873 2821 1938 2858 ex
1981 2805 2064 2860 his

491 2905 743 2958 omnibus
774 2901 1054 2970 colligitur
1087 2900 1227 2969 quod
1253 2900 1416 2954 etiam
1445 2898 1604 2966 hujus
1640 2897 1854 2951 Balaam
1881 2899 2061 2954 scien-

494 2997 590 3059 tia,
635 3011 730 3064 pro
755 3010 860 3064 qua
894 2993 1194 3046 accersitus
1225 3001 1307 3044 est
1348 3006 1414 3044 ex
1463 2988 1867 3058 Mesopotamia:
1910 3005 2066 3044 mon-

503 3092 654 3144 tibus
683 3092 750 3142 ab
784 3088 997 3142 oriente
1036 3094 1094 3140 ut
1122 3083 1467 3138 malediceret
1491 3081 1682 3146 Jacob,
1706 3081 1916 3136 'habeat
1946 3081 2061 3150 qui-

477 3183 612 3234 ldem
645 3181 796 3234 initia
852 3188 910 3232 et
963 3177 1229 3245 originem
1279 3175 1346 3229 ab
1399 3174 1648 3238 Excelso,
1683 3182 1736 3228 et
1782 3174 1904 3228 inde
1929 3174 2068 3228 sitei

492 3273 697 3341 agnitio
746 3286 852 3340 qua
902 3269 1156 3323 didicerit
1208 3265 1290 3320 vel
1342 3275 1566 3318 naturas
1590 3264 1933 3329 animalium,
1980 3263 2064 3317 vel

475 3376 671 3420 ‘motus
703 3365 910 3428 avium,
958 3362 1040 3417 vel
1093 3359 1434 3414 differentias
1469 3374 1660 3412 vocum
1689 3375 1702 3410 :
1738 3361 1833 3411 sed
1861 3373 1924 3412 ca
1953 3371 2073 3426 quae

490 3458 556 3510 ad
583 3456 869 3512 scientiam
907 3455 1172 3508 bonorum
1230 3451 1522 3520 acceperit,
1574 3450 1868 3503 contulisse
1912 3464 1970 3503 se
2002 3450 2068 3501 ad

489 3562 648 3601 nsum
675 3545 965 3600 malorum.
1000 3542 1156 3609 Quod
1185 3541 1312 3596 mihi
1347 3541 1522 3594 simile
1555 3539 1786 3604 videtur,
1816 3539 1971 3607 quasi
2009 3538 2052 3591 si

473 3638 539 3691 -is
581 3635 675 3706 qui
738 3634 1064 3690 medicinam
1094 3632 1374 3696 didicerit,
1404 3640 1456 3685 et
1491 3630 1786 3684 herbarum
1833 3629 1976 3681 vires
2006 3643 2069 3682 ac

505 3734 928 3797 temperamenta
1000 3724 1359 3794 cognoverit,
1423 3720 1666 3774 medendi
1727 3719 1845 3772 sine
1911 3717 2071 3771 dubio

467 3819 662 3886 ~-gratia
696 3833 725 3870 a
757 3815 866 3870 Deo
904 3815 1222 3869 hominibus
1249 3814 1399 3877 data,
1430 3821 1756 3866 convertere
1790 3809 1918 3864 velit
1944 3825 2064 3879 pro-

468 3911 722 3980 positum
752 3926 767 3962 :
803 3918 856 3962 et
881 3907 1028 3961 omni
1063 3906 1288 3960 scientia
1333 3920 1453 3973 qua:
1496 3904 1563 3956 ad
1595 3904 1826 3958 salutem
1865 3916 2066 3969 corpo-

467 4018 610 4056 -rum
638 4000 880 4071 przestita
913 4007 1016 4064 est,
1051 4006 1231 4049 utatur
1257 3997 1321 4048 ad
1351 3995 1578 4057 malum,
1609 4004 1664 4048 et
1696 4007 1796 4062 pro
1845 3991 2066 4046 medico

470 4093 816 4148 ~veneuarins
857 4089 980 4151 fiat,
1032 4104 1127 4156 pro
1178 4087 1435 4141 remediis
1468 4085 1706 4150 morbos,
1735 4099 1830 4154 pro
1867 4085 2072 4138 sanita-

471 4190 635 4240 -tibns
665 4183 861 4236 inferat
888 4191 1111 4234 mortes.
1134 4178 1202 4233 Ut
1227 4189 1410 4232 autem
1433 4176 1668 4246 amplius
1695 4175 2070 4243 intelligamus

490 4277 667 4330 adhuc
705 4274 867 4328 totius
909 4271 1150 4326 scietrtim
1199 4269 1521 4346 sapientiam
1553 4283 1582 4321 a
1636 4268 1744 4322 Deo
1793 4267 2063 4337 originem

491 4370 745 4433 trahere,
785 4368 852 4421 ab
901 4365 1212 4421 hominibus
1262 4369 1440 4415 autem
1481 4359 1605 4414 mali
1653 4358 1936 4429 propositi,
1985 4357 2068 4410 vel

2175 1884 2301 1940 licet
2325 1896 2382 1940 ut
2411 1888 2743 1961 intelligatur
2781 1893 2924 1960 quod
2974 1893 3130 1964 origo
3181 1893 3350 1948 latius
3394 1895 3642 1949 scientia:
3684 1895 3754 1949 ab

2178 1977 2294 2046 ipso
2325 1981 2597 2049 acceperit
2631 1985 2912 2038 exordium
2940 2003 2952 2038 :
2990 1986 3122 2038 vitio
3149 1995 3328 2040 antem
3361 1986 3612 2040 lmtnanze
3641 2000 3755 2038 ma-

2176 2068 2728 2139 litia3,aspirantibus
2774 2087 2830 2130 et
2881 2075 3308 2144 subripieutibus
3344 2076 3507 2130 etiam
3556 2077 3754 2130 «lamia-

2178 2159 2356 2226 nibus,
2405 2165 2457 2216 in
2507 2165 2803 2232 perniciem
2840 2181 2992 2221 versa
3038 2167 3148 2220 sint
3187 2183 3308 2236 qua:
3360 2181 3460 2234 pro
3514 2167 3752 2221 utilitate

2177 2266 2432 2307 concessa
2482 2265 2630 2310 sunt.
2690 2254 2814 2310 llmc
2869 2257 2936 2310 de
2987 2272 3050 2311 eo
3107 2258 3250 2326 quod
3299 2255 3473 2321 dixit,
3510 2275 3530 2308 ‹
3570 2257 3750 2310 sciens

2177 2343 2459 2397 scientiam
2505 2343 2738 2411 Excelsi,
2783 2365 2801 2398 ι
2839 2361 2867 2400 a
2914 2347 3069 2402 nobis
3103 2362 3201 2417 pro
3245 2348 3452 2403 viribus
3499 2349 3746 2404 discussa

2245 2525 2298 2578 4.
2339 2525 2470 2581 Post
2510 2527 2626 2582 haec
2675 2529 2751 2582 ait
2787 2529 2833 2561 ⁸⁸
2867 2548 2880 2584 :
2927 2550 2946 2580 ‹
2983 2531 3260 2586 Visionem
3315 2531 3409 2586 Dei
3462 2533 3651 2586 videns
3693 2533 3747 2586 iu

2175 2619 2410 2681 somnis,
2450 2619 2673 2674 revelati
2703 2620 2845 2674 oculi
2877 2621 3012 2690 ejus.
3056 2642 3073 2673 ι
3119 2622 3190 2676 De
3232 2623 3297 2676 iis
3326 2621 3658 2678 sufﬁcienter
3692 2623 3748 2676 in

2178 2710 2332 2762 tertia
2392 2711 2593 2764 visione
2634 2711 2923 2767 dissertum
2975 2725 3090 2780 est,
3136 2725 3187 2768 et
3245 2716 3436 2769 eadem
3494 2725 3752 2784 repetere

2175 2800 2404 2856 otiosum
2437 2812 2536 2856 est.
2571 2803 2858 2859 Videamus
2890 2819 3021 2875 ergo
3052 2806 3180 2875 quid
3220 2815 3308 2859 est
3333 2807 3477 2876 quod
3523 2807 3575 2860 in
3616 2821 3748 2860 con-

2176 2892 2529 2961 sequentibus
2555 2894 2685 2948 dicit
2721 2894 2768 2926 "
2799 2913 2812 2949 :
2845 2915 2863 2947 ι
2901 2896 3195 2952 Ostendam
3223 2899 3296 2962 ei,
3326 2907 3380 2950 et
3402 2916 3518 2952 non
3564 2901 3747 2963 modo,

2175 2983 2521 3051 beatificabo,
2552 2995 2606 3038 et
2643 3001 2748 3039 non
2785 2989 3206 3058 appropinquat.
3243 3008 3262 3040 ι
3300 2988 3353 3042 In
3381 2990 3501 3043 aliis
3529 2991 3748 3058 quidem

2175 3074 2577 3142 exemplaribus
2632 3075 2880 3145 legimus,
2946 3095 2964 3127 ι
3019 3077 3217 3132 videbo
3277 3092 3417 3137 eum,
3479 3080 3574 3130 sed
3637 3095 3747 3131 non

2177 3167 2336 3221 modo
2375 3166 2507 3238 (80).
2549 3187 2567 3220 ι
2615 3167 2772 3235 Quod
2821 3169 2866 3224 si
2915 3171 3226 3239 recipiatur,
3278 3169 3480 3224 facilius
3518 3171 3744 3239 intelligi

2175 3256 2490 3325 pulabitur:
2525 3268 2582 3312 ut
2613 3259 2916 3324 Christum,
2952 3260 3018 3314 de
3052 3275 3158 3328 quo
3199 3261 3249 3314 in
3291 3261 3750 3329 consequentibus

2174 3347 2306 3402 dicit
2347 3348 2390 3379 ⁸⁷
2441 3365 2454 3401 :
2521 3367 2539 3399 r
2583 3345 2804 3404 orietur
2849 3350 3000 3404 stella
3050 3365 3115 3404 ex
3159 3349 3347 3417 Jacob,
3391 3361 3445 3406 et
3490 3361 3748 3421 exsurget

2174 3437 2336 3491 homo
2387 3438 2452 3491 de
2495 3437 2686 3501 Israel,
2727 3458 2745 3490 ι
2788 3439 3077 3493 videndum
3125 3440 3270 3494 dicat
3314 3456 3455 3502 esse,
3507 3442 3600 3495 sed
3640 3457 3745 3494 non

2175 3527 2372 3592 modo;
2415 3527 2515 3581 hoc
2555 3538 2658 3592 est,
2709 3544 2814 3582 non
2869 3543 2933 3582 eo
2981 3539 3246 3597 tempore,
3286 3544 3392 3597 quo
3427 3531 3529 3584 ista
3561 3530 3747 3598 loque—

2176 3618 2359 3671 batur.
2399 3619 2453 3672 ln
2483 3620 2794 3674 novissimis
2842 3623 2984 3673 enim
3023 3620 3228 3680 diebus,
3272 3637 3289 3670 r
3332 3620 3421 3672 ubi
3457 3621 3601 3672 venit
3635 3622 3750 3688 plr-

2175 3709 2362 3762 nitudo
2396 3711 2677 3780 temporis,
2720 3711 2867 3763 misit
2895 3709 3033 3765 Deus
3063 3710 3255 3764 Filium
3286 3727 3443 3764 suum
3468 3711 3539 3767 ".
3581 3731 3599 3763 ι
3640 3709 3747 3766 Sed

2172 3799 2215 3852 si
2258 3799 2556 3854 secundum
2606 3801 2707 3854 hoc
2751 3800 2893 3867 quod
2938 3815 3036 3854 nos
3081 3801 3344 3854 habemus
3382 3801 3432 3852 in
3471 3799 3747 3867 exempla-

2175 3891 2341 3954 ribus,
2390 3890 2670 3960 legeudum
2711 3890 2872 3962 342
2922 3891 3015 3955 sit,
3071 3891 3173 3945 hoc
3215 3899 3345 3945 est:
3400 3909 3418 3940 ι
3452 3889 3747 3945 Οειεηιιεηιι

2175 3982 2271 4043 illi,
2313 3991 2512 4036 etnon
2556 3982 2752 4047 modo;
2800 3983 3144 4045 beatilieabo,
3194 3991 3249 4036 et
3299 3998 3403 4037 non
3451 3982 3747 4050 appropin-

2172 4086 2341 4144 quat;
2385 4093 2402 4126 ι
2439 4089 2542 4129 non
2577 4076 2642 4128 ad
2681 4074 2824 4130 hunc
2877 4073 3118 4141 Balaam,
3169 4089 3266 4144 per
3312 4089 3472 4142 quem
3503 4073 3616 4127 haec
3661 4072 3750 4125 di-

2173 4178 2393 4229 cuntur,
2425 4167 2518 4220 sed
2549 4167 2614 4220 ad
2650 4167 2772 4220 illos
2799 4181 3029 4236 quorum
3071 4179 3359 4234 personam
3391 4166 3444 4218 in
3473 4164 3574 4216 hoc
3605 4162 3750 4215 dixi-

2174 4274 2314 4322 mus,
2367 4257 2625 4312 refertur.
2672 4256 2749 4311 Illi
2789 4258 2933 4311 enim
2971 4258 3222 4312 doctores
3279 4256 3412 4324 legis
3454 4265 3508 4308 ct
3553 4253 3750 4308 scribae

2171 4351 2458 4406 ostendent
2507 4352 2784 4406 Christum
2832 4351 2884 4405 in
2933 4351 3048 4421 lege
3095 4359 3149 4404 et
3199 4349 3482 4419 prophetis
3513 4347 3748 4417 prophe-

486 4461 652 4512 etiam
684 4475 711 4511 a
746 4457 1083 4512 dtemonibus
1109 4453 1448 4522 corruptelas
1486 4453 1747 4521 quasdam
1784 4451 2063 4520 sapientiae
2097 4466 2139 4521 ι)
2175 4453 2366 4509 latum,
2399 4443 2492 4498 sed
2521 4458 2628 4496 non
2659 4443 2840 4497 modo.
2871 4441 2982 4496 Hoc
3008 4451 3112 4505 est,
3139 4456 3242 4495 non
3272 4455 3338 4496 eo
3369 4451 3612 4509 tempore
3638 4452 3747 4507 quo

471 4551 584 4606 'Dei
615 4549 1038 4604 admiscentibus
1072 4545 1334 4600 declinari
1370 4543 1436 4598 ad
1467 4543 1664 4596 malum
1703 4562 1714 4596 :
1757 4543 2060 4611 relegamus

488 4660 574 4706 ea,
606 4658 726 4712 qua:
755 4641 806 4693 in
842 4637 1060 4692 Daniele
1091 4637 1291 4704 scripta
1327 4645 1457 4690 sunt
1502 4633 1566 4687 de
1599 4632 1720 4702 ipso
1762 4633 1980 4688 Daniele
2007 4643 2062 4687 et

491 4736 661 4788 tribus
689 4729 879 4784 amicis
905 4726 1041 4795 ejus,
1077 4739 1213 4794 quos
1233 4722 1731 4777 Nabuchodonosor
1772 4737 1859 4777 rex
1886 4723 2064 4778 ll‘iDlIS

489 4826 645 4879 antiis
680 4819 1008 4877 erudiendos
1040 4815 1280 4878 tradidit,
1313 4813 1497 4868 volens
1523 4827 1616 4868 eos
1652 4813 1702 4866 in
1731 4829 1851 4877 sua,
1896 4815 1946 4867 id
1981 4825 2063 4870 est

469 4917 660 4985 patria
681 4924 734 4969 et
761 4910 1178 4982 Babyloniorum
1200 4905 1468 4976 sapientia
1489 4905 1885 4960 scientissimos
1924 4904 2060 4962 fieri.

473 5008 563 5060 'lbi
589 5021 717 5076 ergo
741 5005 1002 5073 scriptum
1047 5008 1128 5055 cst
1175 4997 1245 5063 ⁵⁸,
1286 4997 1409 5067 quia
1456 5015 1474 5047 ‹
1507 4996 1655 5050 dedit
1693 4996 1772 5051 eis
1804 4996 2064 5051 Dominus

488 5095 771 5151 scientiam
793 5103 847 5148 et
867 5091 1224 5154 intellectum,
1249 5098 1303 5144 et
1331 5086 1671 5158 prudentiam
1695 5085 1746 5139 in
1782 5086 1925 5140 omni
1948 5096 2063 5141 arte

485 5187 864 5259 grammatica,
899 5198 953 5241 et
984 5182 1188 5239 Danieli
1232 5180 1380 5236 dedit
1435 5177 1766 5233 intellectum
1819 5177 1870 5231 in
1914 5178 2062 5232 omni

487 5281 674 5344 verbo,
707 5289 762 5335 et
781 5279 1012 5343 visione,
1043 5286 1098 5330 et
1127 5273 1388 5330 somniis:
1416 5281 1472 5326 et
1498 5270 1814 5340 erantapud
1843 5283 2021 5336 regem
2047 5289 2062 5324 :

483 5378 541 5422 et
569 5370 620 5424 in
650 5370 796 5426 omni
830 5370 991 5424 verbo
1017 5377 1073 5424 et
1099 5364 1409 5438 prudentia,
1441 5372 1495 5417 et
1527 5361 1834 5430 disciplina,
1863 5361 1915 5414 in
1946 5362 2066 5430 qui-

570 5505 800 5560 ”Zach.
849 5505 1008 5571 ",1.
1077 5503 1131 5534 “
1183 5501 1320 5555 Dan.
1358 5516 1394 5564 ι,
1442 5498 1642 5568 l7,l9,
1674 5498 1765 5552 9.0.

565 5625 677 5692 (80)
721 5624 786 5677 In
820 5623 943 5676 aliis
965 5622 1173 5691 quidem
1202 5619 1590 5692 exemplaribus
1617 5619 1884 5692 legimus;
1913 5637 1930 5692 ς
1975 5618 2062 5672 Vi-

492 5687 622 5749 debo
661 5687 828 5757 eum,
888 5687 987 5745 sed
1025 5709 1126 5745 non
1183 5687 1360 5744 modo.
1403 5709 1420 5740 ι
1475 5687 1675 5754 Nempe
1731 5691 1780 5741 in
1837 5687 2059 5742 llebra-o

491 5769 664 5829 l'uute,
707 5773 758 5815 et
784 5756 922 5828 apud
961 5761 1235 5828 Aquilam,
1265 5761 1356 5828 qui
1386 5761 1587 5816 vertit;
1619 5756 1857 5824 ὐψομαι
1899 5758 2056 5811 αὑτὸν

1841 5498 1886 5530 ⁵⁸
1925 5497 2082 5555 Num.
2114 5516 2264 5569 xxiv,
2291 5501 2377 5557 l6.

2171 4539 2335 4600 venit,
2378 4537 2471 4591 sed
2493 4551 2616 4590 cum
2643 4534 2916 4606 plenitudo
2943 4534 3180 4602 gentium
3210 4533 3506 4597 introierit,
3535 4541 3588 4586 et
3620 4547 3745 4586 cum

2169 4631 2344 4685 omnis
2386 4627 2548 4683 lsrael
2581 4627 2780 4681 salvari
2828 4625 3076 4695 incipiet,
3123 4635 3251 4679 tunc
3276 4641 3399 4680 eum
3429 4624 3745 4684 ostendent,

2171 4733 2225 4778 ct
2270 4733 2396 4776 tunc
2445 4720 2853 4782 beatificabttnt,
2909 4734 3068 4788 quem
3117 4718 3276 4771 modo
3335 4717 3742 4787 blasphemant.

2142 4815 2282 4868 Sed
2324 4814 2426 4867 hoc
2456 4823 2668 4880 tempus
2704 4813 2754 4862 itt
2789 4824 2897 4878 quo
2944 4810 3057 4864 haec
3105 4809 3282 4862 futura
3315 4818 3461 4870 sunt,
3501 4823 3602 4859 non
3645 4822 3745 4875 ap-

2173 4909 2496 4978 pr0piuqnat
2524 4924 2537 4960 :
2593 4905 2748 4974 longe
2773 4904 2925 4958 enim
2963 4912 3064 4967 est,
3094 4911 3148 4955 et.
3182 4903 3232 4955 in
3277 4903 3390 4970 ipso
3421 4899 3600 4954 smculi
3640 4901 3747 4953 line

2171 4999 2519 5070 Sperandum.
2577 4999 2640 5051 Et
2693 4999 2815 5052 ideo
2857 4998 2955 5063 ait,
2987 5015 3006 5049 ε
3044 4996 3340 5053 Ostendam
3397 4997 3493 5059 illi,
3537 5005 3592 5047 et
3640 5008 3746 5047 non

2171 5091 2372 5144 modo:
2415 5108 2432 5140 ι
2466 5089 2565 5152 illi,
2601 5088 2703 5143 hoc
2752 5097 2834 5142 est
2879 5087 3074 5157 populo
3115 5087 3206 5156 qui
3256 5097 3383 5140 tunc
3419 5082 3746 5140 salvabitur.

2169 5181 2296 5235 l‘ost
2345 5183 2479 5246 haec,
2537 5197 2558 5231 ς
2591 5180 2836 5242 Orietur,
2881 5179 3076 5249 inquit,
3117 5177 3269 5232 stella
3325 5191 3389 5230 ex
3443 5173 3636 5239 Jacob,
3690 5182 3749 5228 et

2169 5283 2422 5341 exsurget
2474 5272 2635 5326 homo
2683 5287 2748 5326 ex
2797 5271 2986 5325 Israel.
3019 5288 3039 5322 ι
3079 5271 3150 5324 De
3183 5270 3269 5324 bis
3313 5278 3365 5322 et
3412 5269 3464 5321 in
3499 5265 3745 5334 superio-

2175 5363 2324 5419 ribus
2361 5364 2618 5429 diximus,
2657 5364 2780 5434 quia
2821 5363 3100 5417 evidenter
3130 5363 3198 5416 de
3231 5360 3383 5415 stella
3412 5375 3531 5430 qua:
3573 5357 3746 5426 magis

2449 5505 2499 5538 “
2529 5502 2682 5569 ibid.,
2717 5503 2800 5556 l7.
2878 5504 2920 5533 ⁸⁷
2949 5501 3078 5556 ibid.
3155 5499 3409 5556 "oc-alat.
3436 5515 3509 5564 IV,
3550 5499 3602 5556 4.

2170 5624 2378 5748 καῖ..οὑ
2432 5623 2546 5681 νῦν.
2605 5633 2738 5678 teste
2783 5621 3243 5674 Demonstratione
3291 5619 3594 5689 evangelica
3635 5618 3744 5674 Eu-

2170 5709 2230 5748 se
2253 5712 2324 5748 ill.

2169 5709 2324 5751 senu.
