4086 6218
538 350 643 405 717

536 662 629 701 rex
670 648 854 715 Israel,
900 666 954 708 et
1010 671 1279 726 repertum
1320 664 1517 721 oblatis
1556 673 1874 729 muneribus
1912 678 2097 732 adora-

533 754 743 801 verunt.
772 748 877 803 Sed
911 762 1089 805 movet
1125 768 1228 813 me,
1260 757 1398 823 quod
1432 760 1498 813 de
1541 762 1654 831 ipsa
1699 766 1854 820 stella
1890 782 2105 837 postea-

528 848 690 904 quam
722 838 922 893 dictum
957 852 1040 897 est
1079 843 1131 898 in
1164 843 1461 918 Evangelio
1494 854 1562 920 δ’,
1592 859 1717 925 quia
1763 870 2105 930 praecesserit

526 939 715 992 magos
747 943 917 998 usque
950 931 1003 986 in
1036 933 1380 1005 Bethlehem,
1406 951 1460 997 et
1490 946 1711 1003 veniens
1742 953 1895 1008 stetit
1935 969 2099 1025 supra

525 1016 615 1071 ubi
654 1034 792 1087 puer
840 1032 983 1090 erat,
1014 1026 1157 1082 ultra
1199 1046 1305 1084 non
1346 1034 1417 1088 sit
1448 1037 1677 1105 dictum,
1706 1044 1830 1112 quia
1874 1048 1957 1100 vel
1989 1050 2098 1104 dis-

524 1112 749 1167 cesserit
775 1114 920 1181 inde,
951 1119 1033 1174 vel
1062 1126 1368 1189 evanuerit,
1422 1129 1507 1183 vel
1562 1146 1839 1206 assumpta
1881 1139 1972 1208 sit,
2005 1154 2097 1197 aut

521 1203 725 1275 aliquid
758 1210 980 1266 omnino
1004 1214 1070 1267 de
1096 1214 1200 1271 hoc
1233 1220 1481 1276 narratio
1502 1227 1817 1294 evangelica
1843 1231 2093 1304 designao

519 1297 658 1350 verit
687 1313 701 1352 :
735 1300 828 1355 sed
854 1302 953 1357 hoc
975 1312 1184 1358 tantum
1210 1306 1429 1378 dixerit,
1464 1316 1589 1384 quia
1622 1321 1782 1386 venit,
1811 1332 1866 1376 et
1898 1342 1917 1373 ‹
1943 1327 2093 1379 stetit

515 1401 676 1455 supra
712 1391 801 1445 ubi
839 1402 958 1447 erat
985 1410 1139 1464 puer.
1184 1419 1202 1451 ι
1236 1401 1316 1457 Ne
1349 1404 1487 1461 forte
1521 1423 1650 1478 ergo
1678 1411 1821 1465 sicut
1850 1423 2092 1483 tempore

514 1478 792 1550 baptismi,
828 1498 950 1539 cum
979 1488 1292 1558 baptizatus
1334 1495 1494 1551 Jesus
1544 1503 1793 1556 ascendit
1844 1506 1917 1559 de
1965 1506 2089 1563 Jor-

510 1571 673 1637 dane,
709 1578 884 1644 aperti
918 1590 1043 1633 sunt
1065 1583 1114 1635 ei
1139 1584 1289 1649 cceIi,
1319 1597 1373 1641 et
1401 1590 1792 1649 viditJoannes
1823 1596 2085 1666 Spiritum

508 1661 601 1715 Dei
641 1666 1057 1725 descendentem
1086 1676 1244 1741 quasi
1303 1679 1631 1748 columbam,
1682 1695 1737 1740 et
1775 1701 2082 1746 manentem

508 1765 673 1820 super
702 1770 851 1820 eum,
883 1767 938 1812 et
971 1752 1181 1818 audivit
1207 1781 1394 1823 vocem
1423 1772 1692 1831 dicentem
1724 1780 1788 1832 de
1816 1782 1953 1837 ctelo
1989 1787 2034 1821 σο
2065 1804 2077 1839 :

507 1862 526 1894 ι
563 1842 661 1898 Hic
692 1856 774 1900 est
807 1847 976 1904 Filius
1015 1869 1168 1910 meus
1206 1858 1458 1927 dilectus,
1499 1865 1552 1918 in
1593 1883 1700 1935 quo
1736 1871 1873 1927 bene
1924 1890 2074 1931 com-

500 1933 716 2003 placui;
750 1956 769 1989 ι
822 1940 895 1994 ita
943 1954 999 1998 et
1052 1947 1207 2001 stella
1246 1949 1382 2017 lure,
1416 1968 1537 2021 quae
1580 1933 1727 2013 venit
1773 1976 1936 2031 supra
1985 1969 2073 2023 ubi

499 2034 618 2080 erat
650 2042 800 2095 puer,
846 2040 900 2086 et
933 2035 1103 2102 stetit,
1147 2039 1199 2092 in
1228 2040 1447 2099 Christo
1474 2047 1726 2105 similiter
1751 2061 2071 2127 permansit,

495 2114 637 2170 sicut
664 2128 717 2173 et
748 2119 985 2189 Spiritus
1019 2138 1245 2185 sanctus
1273 2132 1325 2187 in
1351 2137 1535 2204 specie
1563 2141 1833 2200 columba:
1859 2151 2072 2207 venisse

493 2208 710 2279 dicitur,
754 2225 807 2269 et
847 2222 1113 2278 mansisse
1166 2225 1219 2280 in
1272 2242 1358 2283 eo.
1407 2232 1473 2286 Et
1502 2235 1650 2291 sicut
1695 2244 1910 2299 venisse
1948 2248 2069 2317 Spi-

489 2301 654 2357 ritum
690 2304 782 2360 Dei
814 2322 976 2377 super
1004 2327 1148 2382 eum,
1194 2326 1250 2372 et
1294 2324 1560 2380 mansisse
1598 2327 1649 2383 in
1680 2345 1767 2400 eo,
1796 2333 1869 2387 ita
1916 2340 2065 2393 acci-

489 2394 670 2459 pimus
718 2401 864 2467 quod
923 2419 1195 2475 nunquam
1247 2411 1317 2466 ab
1373 2428 1438 2469 eo
1503 2424 1788 2478 recesserit
1834 2428 2066 2497 Spiritus

486 2487 625 2548 Dei:
663 2500 717 2545 et
762 2493 837 2547 ita
894 2499 960 2552 de
1008 2501 1163 2556 stella
1223 2520 1345 2574 qua:
1397 2511 1564 2578 venit,
1612 2526 1665 2571 et
1712 2521 1863 2574 stetit
1898 2539 2063 2595 super

484 2592 630 2645 eum,
681 2584 1060 2653 accipiendum
1122 2603 1252 2663 puto
1301 2599 1443 2667 quod
1503 2604 1583 2657 sic
1641 2610 1853 2664 steterit
1897 2584 2059 2684 super

478 2682 624 2738 eum,
667 2684 724 2728 ut
762 2692 1042 2749 nunquam
1089 2684 1216 2741 inde
1247 2701 1391 2744 mota
1427 2694 1517 2748 sit.
1564 2697 1627 2752 Et
1666 2701 1786 2757 ideo
1840 2682 2056 2765 deitatis

473 2762 591 2831 ejus
620 2764 877 2825 indicium
905 2773 1049 2829 illam
1089 2780 1300 2837 stellam
1340 2785 1509 2843 fuisse
1553 2792 1767 2860 opinor.
1819 2796 1969 2856 Unde
2000 2813 2056 2858 et

473 2856 607 2911 ordo
637 2861 936 2927 prophetia:
975 2866 1091 2923 haec
1124 2873 1311 2928 eadem
1347 2892 1751 2951 consequenter
1785 2894 2047 2961 ostendit,

472 2960 595 3002 cum
631 2951 697 3005 de
718 2954 922 3012 deitate
958 2961 1174 3028 quidem
1221 2968 1340 3037 ejus
1380 2972 1549 3028 dicit:
1588 2993 1608 3027 ι
1643 2976 1861 3036 Orietur
1889 2951 2045 3041 stella

471 3053 540 3093 ex
573 3039 781 3113 Jacob;
813 3067 832 3100 ι
861 3050 925 3105 de
945 3051 1177 3110 humana
1204 3072 1333 3115 vero
1365 3074 1557 3121 natura
1590 3088 1603 3121 :
1635 3089 1653 3121 ι
1696 3072 1759 3126 Ει
1789 3089 2044 3148 exsurget

467 3135 628 3190 homo
657 3151 723 3193 ex
760 3140 927 3197 Israel
962 3187 976 3211 ,
1014 3166 1032 3200 ι
1073 3159 1129 3202 ιιι
1161 3150 1212 3204 in
1247 3163 1479 3226 utroque
1512 3170 1564 3215 et
1598 3166 1895 3223 secundum
1924 3174 2039 3227 dei-
2068 3187 2108 3227 η

466 3233 653 3291 tatem,
681 3239 734 3283 et
756 3235 1057 3290 secundum
1101 3239 1492 3302 humanitatem
1524 3251 1772 3312 Christus
1804 3264 2036 3330 prophe-

462 3324 607 3370 tatus
660 3320 942 3379 evidenter
992 3344 1269 3398 appareat.
1320 3355 1338 3387 α
1371 3338 1437 3393 Et
1480 3348 1719 3403 vastabit
1762 3320 2035 3424 principes

459 3406 616 3462 Moab
639 3410 704 3465 ".
741 3432 761 3466 ι
798 3414 957 3473 Moab
985 3422 1203 3490 quidem
1237 3444 1372 3497 gens
1416 3443 1521 3500 est,
1554 3438 1710 3507 cujus
1758 3406 2033 3514 principes

458 3513 569 3554 non
601 3502 736 3559 alios
762 3520 904 3573 esse,
939 3526 1103 3581 quant
1128 3518 1400 3585 spiritales
1434 3528 1707 3595 nequitias
1730 3541 1783 3585 et
1824 3536 2029 3603 princi-

454 3603 613 3661 patus
655 3596 774 3652 illos
816 3602 1104 3658 adversum
1153 3624 1289 3676 quos
1318 3615 1474 3671 nobis
1501 3619 1776 3679 luctamen
1806 3637 1910 3693 est,
1947 3630 2026 3683 in-

454 3684 766 3756 telligimus.
815 3690 924 3747 Hos
963 3710 1091 3764 ergo
1134 3699 1237 3756 iste
1266 3704 1428 3759 homo
1466 3723 1529 3762 ex
1570 3710 1736 3768 Israel
1769 3723 2020 3787 vastavit,

448 3790 570 3829 cum
604 3781 752 3835 exuit
780 3783 1120 3854 principatus
1172 3802 1226 3846 et
1273 3806 1594 3865 potestates,
1643 3804 1863 3877 alligens
1902 3812 2021 3870 illos

445 3870 592 3923 cruci
642 3888 775 3927 suze.
820 3874 1006 3945 Neque
1034 3882 1178 3937 enim
1216 3896 1434 3954 poterat
1481 3894 1692 3952 salvare
1730 3901 2017 3973 Moabitas,

441 3970 497 4013 et
529 3961 592 4015 ad
622 3962 714 4017 Dei
742 3967 1077 4035 agnitionem
1112 3979 1543 4049 perducere,uisi
1570 3991 1841 4063 principes
1873 3999 2013 4066 illos,

439 4054 529 4122 qui
573 4055 624 4107 in
660 4056 740 4111 eis
778 4059 1200 4121 dominationem
1236 4069 1531 4139 impietatis
1583 4089 1893 4152 tenuerant,
1921 4091 2015 4145 de-

437 4156 723 4203 vastasset.
766 4169 784 4201 ι
828 4150 894 4205 Ει
930 4157 1262 4223 praedabitur
1304 4178 1495 4222 omnes
1542 4169 1683 4229 ﬁlios
1712 4175 1841 4233 Seth
1874 4150 1938 4233 δ’.
1988 4204 2004 4235 ι

438 4236 569 4292 Seth
607 4240 755 4294 ﬁlius
779 4252 862 4297 est
890 4246 1082 4311 Adam,
1127 4249 1196 4304 de
1225 4269 1334 4322 quo
1366 4256 1477 4311 Eva
1523 4262 1661 4319 dixit
1698 4283 1819 4324 cum
1854 4284 2009 4328 natus

434 4340 579 4385 esset
608 4334 651 4364 ⁸³
681 4350 695 4387 :
731 4352 749 4383 ι
776 4333 1075 4393 Suscitavit
1101 4343 1247 4398 enim
1297 4348 1429 4403 mihi
1460 4351 1601 4410 Deus
1643 4374 1823 4416 semen
1860 4365 2006 4420 aliud

430 4437 533 4490 pro
568 4422 703 4477 Ahel
737 4439 897 4492 quem
928 4431 1127 4485 occidit
1156 4433 1311 4492 Cain.
1355 4458 1373 4490 ι
1416 4439 1526 4497 Iste
1561 4458 1645 4499 est
1679 4464 1811 4521 ergo
1846 4452 1997 4520 Seth,

428 4525 496 4565 ex
546 4526 653 4580 quo
700 4526 861 4566 omne
923 4514 1214 4572 humanum
1273 4523 1324 4577 in
1376 4526 1478 4582 hoc
1535 4538 1737 4591 mundo
1784 4541 1996 4596 ducitur
2028 4532 2074 4590 Ι)

428 4616 618 4670 genus.
656 4601 789 4655 Nam
828 4602 893 4656 de
927 4604 1058 4660 Cain
1102 4613 1192 4676 qui
1239 4614 1362 4698 nati.
1402 4615 1636 4686 fuerant,
1656 4623 1855 4681 diluvio
1872 4645 1991 4699 per-

428 4688 623 4745 ierunt.
663 4690 778 4746 Filii
833 4708 963 4763 ergo
1015 4712 1141 4753 sunt
1188 4702 1322 4759 Seth
1356 4692 1559 4766 omnes
1598 4712 1862 4780 homines,
1901 4725 1989 4791 qui

419 4779 473 4833 in
508 4780 609 4835 hoc
637 4784 837 4840 tnundo
868 4796 1011 4842 sunt.
1047 4790 1251 4847 Etcum
1279 4796 1498 4868 dicitur,
1531 4820 1549 4853 ι
1584 4779 1988 4873 depraedabithr

414 4885 603 4927 omnes
638 4873 778 4929 Iilios
819 4875 973 4945 Seth,
1017 4900 1035 4931 ι
1075 4886 1311 4951 ρισωιιθιη
1357 4890 1436 4944 sie
1486 4894 1690 4963 accipe,
1733 4898 1874 4954 sicut
1928 4908 1979 4958 in

412 4964 800 5032 superioribus
852 4968 1195 5040 interpretati
1266 4993 1458 5035 sumus
1499 5022 1516 5049 ,
1560 4987 1650 5040 ubi
1709 4992 1973 5060 scriptum

408 5066 491 5109 est
515 5054 580 5108 ἐξ
620 5075 638 5106 ι
671 5056 805 5110 Edet
829 5070 1020 5127 gentes
1060 5063 1403 5123 inimicorum
1430 5087 1689 5132 suorum:
1730 5099 1748 5130 ι
1798 5093 1849 5136 et
1884 5085 1975 5139 ubi

404 5148 584 5201 catulo
614 5148 784 5203 leonis
817 5163 871 5203 et
904 5152 1044 5207 leoni
1075 5170 1448 5227 comparatur.
1493 5164 1559 5218 Et
1607 5169 1695 5222 hic
1737 5187 1873 5242 ergo
1916 5177 1971 5231 in

404 5237 638 5304 praedam
660 5241 860 5309 accipit
888 5257 1079 5300 omnes
1102 5246 1243 5304 Iilios
1267 5250 1422 5309 Seth.
1451 5253 1621 5313 Victis
1642 5237 1973 5321 adversariis

399 5325 759 5392 daemonibus,
800 5346 893 5385 eos
922 5336 1014 5401 qui
1062 5340 1164 5391 sub
1210 5340 1452 5408 ipsorum
1482 5349 1854 5410 dominatione
1891 5367 1971 5411 te-

397 5416 685 5484 nebantur,
758 5419 1007 5479 Christus
1058 5432 1214 5497 quasi
1270 5437 1501 5501 praedam
1566 5441 1804 5498 victoria:
1857 5464 1967 5503 suae

459 5612 506 5649 ¹⁹
523 5618 710 5673 Matth.
736 5637 793 5686 ll,
812 5622 865 5676 9.

391 5684 438 5758 ff
470 5686 671 5758 Ephes.
725 5684 795 5753 IV,
831 5693 883 5747 8.

384 5744 431 5779 ⁷³
472 5744 601 5813 Litt.
643 5776 728 5823 1v,
764 5744 844 5817 1⁷5.

946 5626 1313 5711 “Lillaltlnttt,
1344 5638 1422 5691 l7.
1500 5639 1544 5672 ⁸⁸
1569 5640 1725 5699 Num.
1748 5663 1891 5711 xXtv,
1922 5652 2001 5710 ιῖ,

973 5700 1090 5791 of.“
1133 5700 1336 5791 Ephefz
1361 5725 1438 5775 ιη,
1472 5712 1515 5765 1,
1628 5714 1671 5744 ⁸⁸
1702 5700 1854 5774 Nunt.
1885 5700 2044 5791 'xxtv,

921 5766 968 5798 ⁷³
1000 5768 1130 5827 Luc.
1171 5766 1245 5840 ix,
1275 5776 1362 5831 25.

1706 369 1769 423 IN
1800 371 2129 432 NUMEROS
2163 378 2447 439 IIOMILIA
2487 386 2669 445 XVIII.

537 471 589 521 in
627 469 840 523 oriente
875 474 1145 541 apparuit,
1179 479 1577 548 prophetetur:
1618 500 1721 554 qua
1769 491 1907 545 duce
1950 509 2113 549 vene-

536 568 659 611 runt
696 562 762 613 ad
816 559 1079 631 Judaaam,
1129 571 1468 637 requirentes
1511 590 1635 631 eum
1691 581 1784 648 qui
1838 593 1997 639 natus
2028 596 2111 642 est

3690 415 3797 472 7T8

2145 498 2389 565 Aqducit,
2417 512 2466 556 et
2509 506 2677 572 spolia
2721 508 2910 565 salutis
2963 525 3244 583 reportat;
3282 521 3421 577 sicut
3470 536 3522 580 ct
3571 530 3621 581 in
3669 534 3794 587 aliis

2212 589 2278 642 de
2330 607 2394 645 eo
2437 596 2700 665 scriptum
2738 608 2823 655 est
2857 602 2921 667 ⁸⁸,
2960 606 3087 674 quia
3134 626 3151 658 ι
3189 616 3491 673 ascendens
3528 620 3582 674 in
3617 622 3788 679 altum

2211 686 2480 752 captivam
2536 690 2690 746 (luxit
2752 696 3149 764 captivitatem.
3192 721 3211 753 ι
3251 703 3633 773 Captivitatem
3677 718 3787 770 sei-

2211 772 2339 829 Iicet
2377 778 2523 832 illam
2570 782 2789 838 humani
2823 791 3064 856 generis,
3096 808 3261 860 quam
3298 798 3546 857 diabolus
3568 808 3635 859 ad
3659 820 3784 876 per-

2207 864 2467 922 ditionem
2504 884 2749 941 ceperat,
2782 878 2885 931 iste
2916 894 3104 936 rursus
3149 887 3420 953 captivam
3453 892 3630 961 duxit,
3672 908 3724 950 et
3754 916 3785 951 a

2205 969 2379 1013 morte
2402 967 2679 1020 revocavit
2719 970 2784 1022 ad
2818 970 3002 1027 vitam.
3041 973 3257 1030 Utinam
3292 995 3421 1052 ergo
3475 1001 3560 1039 me
3600 998 3656 1043 et
3692 1005 3784 1045 ca-

2201 1051 2409 1117 ptivum
2434 1054 2635 1112 habeat
2666 1074 2882 1130 semper
2913 1062 3166 1122 Christus
3195 1051 3376 1139 Iesus,
3420 1084 3472 1130 et
3500 1092 3585 1132 me
3620 1080 3785 1135 ducat

2202 1140 2253 1194 in
2284 1145 2520 1211 praadam
2564 1164 2746 1217 suam,
2787 1165 2841 1208 et
2876 1170 2975 1225 ego
3024 1167 3209 1214 tenear
3238 1167 3355 1232 ejus
3393 1168 3626 1224 vinculis
3655 1172 3779 1227 alli-

2197 1240 2393 1297 gatus:
2436 1246 2493 1289 ut
2518 1249 2573 1291 et
2603 1254 2703 1311 ego
2739 1243 2844 1298 dici
2897 1262 3115 1302 merear
3140 1250 3354 1308 vinctus
3389 1254 3517 1311 Jesu
3550 1259 3775 1325 Christi,

2197 1321 2338 1377 sicut
2365 1324 2566 1382 Paulus
2603 1332 2668 1385 de
2703 1336 2999 1403 semetipso
3032 1340 3300 1408 gloriatur
3328 1345 3469 1401 ⁶⁶-⁶⁷.
3519 1367 3537 1399 ι
3576 1350 3643 1405 Et
3668 1356 3776 1406 erit

2196 1413 2362 1469 Edom
2389 1417 2678 1477 hzereditas
2701 1425 2840 1494 ejus,
2867 1428 3009 1484 Esau
3035 1432 3288 1490 inimicus
3310 1440 3427 1506 ejus
3451 1441 3515 1496 ⁸⁸.
3549 1461 3566 1494 ›
3601 1446 3769 1503 Edoni

2194 1504 2333 1561 idem
2366 1519 2470 1575 eSt,
2518 1514 2608 1579 qui
2658 1513 2822 1571 Esau.
2857 1519 2955 1575 llic
2998 1526 3294 1581 secundum
3330 1531 3612 1589 historiam
3650 1542 3771 1608 qui-

2189 1597 2308 1651 dem
2359 1600 2611 1660 iuimicus
2644 1618 2728 1662 est
2777 1609 2965 1677 Israel,
3017 1617 3110 1671 sed
3155 1618 3206 1673 in
3257 1622 3515 1688 adventu,
3571 1629 3765 1699 inquit,

2186 1684 2390 1743 Christi
2418 1694 2580 1748 etiam
2615 1698 2731 1766 ipse
2758 1699 3052 1761 haereditas
3083 1709 3199 1778 ejus
3234 1720 3340 1774 erit
3376 1741 3388 1775 :
3424 1724 3527 1779 hoc
3558 1736 3641 1780 est
3678 1744 3765 1783 re-

2185 1778 2417 1848 cipietur
2460 1785 2526 1838 ad
2568 1788 2749 1856 ﬁdem,
2800 1809 2899 1848 nec
2955 1801 3277 1861 excludetur
3324 1811 3394 1865 ab
3447 1815 3762 1875 haereditate

2180 1869 2404 1929 Christi.
2432 1876 2487 1931 Si
2517 1894 2645 1936 vero
2672 1886 2989 1953 spiritaliter
3016 1900 3390 1967 advertatnus,
3428 1907 3598 1964 Edom
3626 1929 3756 1968 caro

2180 1962 2523 2037 intelligitur,
2580 1991 2701 2043 qua:
2757 1983 3083 2041 adversatur
3127 1993 3363 2061 spiritui,
3413 2011 3469 2054 et
3514 2014 3597 2058 est
3655 2006 3759 2061 ini-

2177 2055 2338 2111 mica.
2368 2059 2422 2111 In
2459 2065 2692 2119 adventu
2722 2079 2901 2127 autem
2928 2074 3157 2143 Christi,
3191 2098 3311 2138 cum
3348 2088 3593 2158 subjecta
3631 2096 3751 2153 fue-

2174 2146 2246 2200 rit
2275 2163 2405 2204 earo
2428 2152 2660 2222 spiritui,
2689 2173 2785 2227 per
2808 2170 3227 2228 resurrectionis
3244 2190 3395 2245 Spem
3421 2183 3585 2238 etiam
3624 2188 3742 2256 ipsa

2171 2239 2238 2291 ad
2271 2239 2645 2301 haereditatetn
2675 2252 2878 2308 veniet.
2921 2257 3037 2313 Non
3083 2265 3232 2320 enim
3268 2270 3381 2323 sola
3419 2277 3622 2343 anima,
3654 2284 3748 2335 sed

2169 2341 2222 2386 et
2273 2350 2421 2402 caro,
2478 2354 2599 2409 quae
2658 2345 2955 2416 aliquando
3001 2354 3175 2412 fuerat
3204 2361 3447 2433 inimica,
3488 2385 3585 2440 per
3618 2377 3753 2432 obe-

2167 2423 2429 2481 dieutiam
2472 2433 2693 2500 spiritus
2728 2454 2951 2497 consors
2995 2444 3189 2505 futurae
3229 2453 3564 2518 haereditatis
3598 2471 3747 2523 exsi-

2166 2526 2294 2571 stet.
2320 2537 2337 2570 ι
2369 2520 2433 2573 Et
2463 2520 2628 2580 Israel
2658 2526 2786 2583 fecit
2820 2532 2871 2587 in
2895 2536 3150 2595 virtutem
3182 2544 3246 2597 ⁸³.
3284 2566 3302 2598 ι
3348 2548 3461 2607 Iloe
3492 2566 3574 2609 est
3598 2564 3740 2626 quod

2161 2606 2312 2673 dicit,
2357 2612 2481 2680 quia
2531 2622 2657 2672 tunc
2704 2620 2894 2691 Edom,
2952 2628 3033 2682 vel
3066 2629 3229 2702 Esau,
3285 2638 3388 2695 hoc
3434 2656 3517 2700 est
3557 2606 3740 2706 culmis

2161 2709 2358 2757 natura
2415 2704 2467 2758 in
2509 2704 2850 2770 hanreditatis
2890 2721 3208 2780 societatem
3268 2735 3573 2805 vocabitur,
3608 2760 3732 2800 eum

2156 2792 2338 2863 Israel,
2371 2801 2553 2855 anima
2588 2806 2837 2864 videlicet
2878 2814 3018 2870 facta
3070 2818 3231 2878 fuerit
3270 2826 3320 2881 in
3364 2816 3649 2906 virtutem:
3680 2853 3735 2897 et

2444 2888 2469 2906 ρ
2571 2893 2604 2906 .-
2742 2897 2752 2906 .
2927 2903 2936 2906 _

2153 2883 2410 2941 decenter
2441 2888 2609 2947 fuerit
2638 2897 2845 2965 repleta
2888 2903 3204 2965 virtutibus.
3250 2914 3306 2968 Si
3355 2921 3501 2976 enim
3548 2883 3729 2984 anima

2152 2992 2255 3031 non
2288 2980 2472 3036 veniat
2520 2986 2588 3039 ad
2637 2988 2883 3059 virtutes,

2363 3168 2452 3234 qui
2495 3182 2671 3237 potest
2704 3180 2939 3237 animam
3000 3198 3055 3242 et
3135 3208 3335 3266 corpus
3382 3210 3610 3274 perdere
3662 3216 3713 3268 in

2144 3255 2445 3321 gehennam
2480 3262 2545 3313 ⁷⁰.
2589 3281 2607 3313 ‹
2636 3263 2701 3318 Et
2746 3284 2999 3346 exsurget
3058 3300 3125 3338 ex
3178 3255 3474 3358 Jaucob,let
3526 3306 3716 3367 perdet

2144 3343 2331 3367 ΙῖΙ-νι-λι
2507 3357 2517 3367 ¹
2642 3363 2649 3367 ⁵
2700 3364 2707 3367 “

2140 3343 2429 3405 liberatum
2485 3357 2552 3410 de
2607 3363 2825 3420 civitate
2872 3369 2936 3422 ⁷¹.
2992 3390 3009 3420 ι
3043 3374 3172 3441 Ille,
3218 3382 3425 3451 inquit,
3472 3343 3565 3459 qtii
3619 3410 3716 3450 ex-

2138 3441 2314 3509 surgit
2356 3453 2413 3498 ut
2477 3451 2629 3504 stella
2680 3472 2748 3509 ex
2805 3458 3006 3526 Jacob,
3067 3471 3255 3536 perdet
3294 3441 3589 3539 .Itberat'um
3644 3491 3712 3545 de

2137 3530 2378 3590 civitate.
2451 3538 2565 3595 Non
2622 3546 2672 3599 in
2726 3549 2826 3604 hoc
2884 3557 3082 3623 solum,
3140 3566 3233 3620 sed
3291 3569 3340 3623 in
3392 3579 3538 3633 Omni
3571 3598 3709 3652 pene

2137 3624 2440 3652 ιινηηιυιιξι.-
2494 3635 2578 3652 -.ιι
2850 3645 2878 3652 ..

2132 3624 2445 3692 prophetico
2491 3635 2615 3689 stilo
2663 3656 2783 3708 qure
2829 3645 3117 3717 dicuntur,
3172 3657 3413 3719 involuto
3457 3624 3704 3731 satiswct

2129 3716 2357 3773 obscuro
2415 3737 2670 3783 sermone
2739 3735 3017 3795 dicuntur.
3094 3744 3209 3801 Non
3284 3757 3428 3810 enim
3499 3765 3701 3833 placui;

2129 3817 2312 3833 Dnnnln
2351 3809 2514 3833 OEL).
2565 3818 2575 3829 ο
2718 3823 2727 3833 .
2796 3826 2807 3833 .
2887 3828 2920 3833 --

2125 3817 2316 3864 sancto
2351 3809 2602 3884 Spiritui,
2637 3823 2727 3889 qui
2775 3826 2842 3881 de
2884 3828 2954 3881 iis
2997 3836 3160 3891 scribi
3200 3843 3386 3911 voluit,
3424 3809 3697 3924 utrpalatn

2127 3897 2238 3924 LM-
2288 3913 2332 3924 ιι-
2388 3920 2445 3924 μ-
2476 3908 2525 3924 ι’·
2795 3917 2806 3924 ·
2926 3921 2954 3924 “

2124 3897 2240 3953 haec
2284 3913 2338 3956 et
2388 3908 2632 3977 pedibus,
2687 3924 2740 3969 ut
2792 3917 2863 3972 ita
2906 3921 3102 3993 dicam,
3150 3897 3697 4006 imperitoruui’con-

2119 3988 2381 4047 calcanda
2439 4012 2819 4066 ponerentur:
2881 4013 2975 4066 sed
3039 4018 3111 4072 ita
3163 3988 3417 4095 providit,
3476 4045 3532 4091 ut
3569 4054 3691 4096 cum

2118 4079 2332 4146 publice
2375 4085 2559 4142 haberi
2604 4093 2912 4165 videantur,
2941 4117 3255 4167 sermonum
3287 4127 3465 4178 tamen
3495 4129 3691 4187 obscu-

2117 4169 2276 4225 ritate
2298 4179 2579 4234 recoutlita
2625 4184 2679 4236 in
2721 4193 2961 4261 arcanis,
3006 4206 3059 4251 et
3095 4202 3147 4255 in
3192 4212 3422 4269 secretis
3469 4219 3686 4279 obtecta

2117 4257 2203 4279 ﬂ,
2222 4260 2270 4279 η
2298 4277 2305 4279 ᾗ
2334 4278 2341 4279 γ
2497 4278 2503 4279 γ
2623 4272 2661 4279 ..

2108 4257 2270 4331 343
2292 4277 2595 4323 serventur.
2621 4272 2687 4328 Et
2708 4292 2849 4335 nunc
2864 4257 2994 4354 ergo
3012 4293 3155 4357 quod
3178 4257 3291 4351 aii—tv:
3306 4257 3684 4370 εἶδε-11·άὲῃῆζὲἒῖ

2108 4360 2283 4407 ratum
2316 4355 2383 4410 de
2399 4359 2644 4427 civitate,
2674 4384 2694 4419 ι
2719 4370 2821 4424 nisi
2860 4376 2925 4427 ad
2948 4388 3397 4447 consuetudinem
3449 4408 3682 4473 prophe-

2108 4445 2269 4473 I:nnun
2316 4452 2571 4473 -....-.:-:--
2674 4460 2684 4473 .
2933 4468 2962 4473 .-
3006 4472 3010 4473 ,

3449 4445 3543 4467 rw
3590 4445 3678 4461 ..υ-

2108 4445 2270 4498 ticam
2316 4452 2574 4518 respicias
2600 4497 2616 4521 ,
2653 4460 2721 4513 de
2764 4477 2867 4530 qua
2912 4468 3144 4541 dicitur,
3181 4485 3357 4539 omnis
3395 4445 3678 4562 prophetia

2104 4550 2209 4589 non
2243 4551 2425 4605 potest
2450 4550 2670 4616 propria
2711 4555 3052 4619 absolutione
3086 4582 3355 4643 constare,
3395 4550 3548 4641 valde
3574 4550 3678 4643 dif;

2104 4630 2256 4687 liciIis
2280 4636 2548 4694 videbitur
2573 4645 2895 4706 intellectus.
2939 4654 3221 4721 Videamus
3252 4678 3425 4728 tamen
3458 4680 3500 4732 si
3536 4681 3605 4735 for
3625 4696 3674 4739 te

2100 4723 2201 4778 hoc
2227 4728 2386 4782 modo
2415 4736 2615 4799 poterit
2642 4741 2942 4808 explanari.
2975 4752 3256 4812 Civitatem
3295 4763 3380 4818 hic
3410 4772 3667 4828 mundum

2097 4814 2461 4887 intelligamus
2489 4864 2503 4888 ,
2537 4827 2678 4882 sicut
2716 4841 2768 4885 et
2809 4835 2860 4888 in
2912 4839 3219 4913 Evangeliis
3252 4852 3451 4910 dicitur
3485 4860 3529 4889 "
3598 4864 3667 4919 de

2094 4905 2369 4965 luxurioso
2404 4912 2541 4979 ﬁlio,
2574 4920 2667 4987 qui
2706 4922 3023 4993 dilapidavit
3056 4905 3412 5000 substantiam
3448 4955 3616 5018 patris
3642 4980 3658 5011 .-

2089 4999 2213 5064 quia
2247 5005 2500 5070 accessit,
2536 5008 2726 5077 inquit,
2762 5019 2827 5068 ad
2856 5024 3144 5085 quemdam
3170 4999 3490 5097 primarium
3520 5046 3658 5100 civi-

2088 5090 2215 5177 tatis
2241 5092 2292 5145 in
2330 5096 2545 5166 regione
2576 5100 2702 5155 illa:
2734 5120 2761 5156 a
2789 5121 2897 5173 quo
2926 5090 3192 5186 receptus,
3225 5122 3275 5177 in
3306 5140 3493 5193 agrum
3527 5141 3652 5193 mit-

2807 5167 2818 5173 -
3049 5167 3062 5183 ι
3091 5167 3192 5186 τ--ν
3225 5167 3275 5177 ---
3306 5167 3492 5193 --οιιιιη
3527 5167 3652 5193 qu-

2085 5167 2217 5234 titur
2264 5197 2456 5251 porcos
2504 5205 2743 5257 pascere.
2785 5195 2849 5250 Et
2900 5200 3012 5255 haec
3058 5220 3190 5276 ergo
3230 5214 3461 5285 civitas,
3499 5229 3653 5295 cujus

2085 5272 2169 5295 211..
2206 5274 2428 5295 -..ε--..ςὲ
2484 5294 2487 5295 ,
2646 5293 2652 5295 _
2886 5291 2895 5295 _

2084 5272 2171 5327 ille
2205 5274 2499 5340 primarius
2538 5293 2695 5346 erat,
2735 5291 2963 5345 mundus
2994 5296 3080 5351 hic
3114 5300 3449 5373 intelligitur.
3486 5272 3651 5384 lgilnr

2084 5359 2145 5384 ,Ι-
2194 5362 2291 5384 Ι...,.
2337 5364 2455 5384 Αε--3ι
2499 5377 2538 5384 .,
2598 5369 2648 5384 ιιι
2975 5383 2981 5384 ,

2082 5359 2147 5412 de
2193 5362 2293 5416 hac
2332 5364 2549 5420 civitate
2596 5369 2880 5429 liberatum
2911 5419 2925 5440 ,
2972 5383 3072 5439 hoc
3117 5400 3198 5443 est
3247 5359 3405 5460 quem
3453 5359 3647 5463 ligerat

2073 5452 2323 5508 Christus
2355 5457 2421 5511 de
2452 5459 2555 5514 hoc
2590 5466 2810 5531 mundo,
2844 5474 3017 5536 perdit
3049 5493 3193 5535 eum.
3231 5484 3370 5542 Dicit
3402 5495 3545 5549 enim
3575 5501 3639 5562 ⁷⁸,

2078 5658 2302 5733 ⁴έ²λΝιιιιμ
2333 5680 2478 5733 xxrv,
2508 5668 2592 5722 I7.

2669 5671 2862 5728 “Gen.
2886 5693 2958 5743 tv,
2983 5682 3072 5737 25.

2084 5730 2163 5783 l8.
2242 5733 2284 5763 ⁸³
2318 5734 2448 5790 II‘itI.

3151 5689 3195 5764 ξξ
3219 5689 3373 5745 Num.
3399 5712 3544 5764 xstv,
3574 5704 3627 5757 8.

2528 5740 2573 5770 ⁷⁰
2598 5739 2783 5797 Matth.
2814 5763 2868 5812 κ,
2888 5739 2977 5804 28.

3084 5757 3126 5788 ⁷¹
3153 5759 3309 5816 Nutu.
3347 5780 3495 5834 xxxv,
3533 5757 3624 5831 λθ.
