4086 6218
440 369 534 415 119

3581 327 3608 345 ,η
3668 328 3671 329 ,

1910 340 2227 400 ORIGENIS
3207 346 3211 351 '
3592 340 3605 378 ί
3622 369 3673 379 ...

433 480 557 548 quia
595 493 613 525 ι
640 474 729 545 qui
760 471 949 540 perdet
977 469 1215 523 animam
1246 480 1400 523 suam
1424 474 1642 536 propter
1670 476 1778 526 me,
1809 461 2009 516 salvam
2041 466 2084 521 Α
2117 470 2311 527 genere
2353 451 2788 511 descenderant,
2832 446 3063 499 relertur
3116 438 3357 494 Amalec.
3412 436 3486 490 lta
3541 444 3685 492 enim

434 569 601 626 facim
637 581 780 622 eam.
818 582 837 615 ι
885 561 1123 615 Salutari
1151 574 1285 628 ergo
1312 556 1625 627 perditione
1650 554 1822 625 perdit
1852 551 2007 606 Jesns

434 674 583 722 eum,
616 668 777 726 quem
826 653 892 707 de
918 647 1081 717 hujus
1109 647 1294 701 mundi
1328 645 1545 700 civitate
1574 642 1911 697 liberaverit.
1943 639 2009 692 Et

436 767 534 806 nos
567 751 750 817 itaque
784 744 833 800 si
859 742 925 796 ad
956 740 1182 795 salutem
1214 738 1403 792 venire
1436 736 1707 799 volumus,
1734 744 1789 787 et
1812 733 1878 786 de
1907 732 2008 786 hoc

440 841 651 896 mundo
688 834 953 899 liberari,
986 833 1215 903 perdere
1258 829 1519 884 debemus
1558 826 1769 881 animas
1797 833 2008 879 nostras

434 933 746 1004 perditione
778 927 919 992 utili,
942 936 997 980 et
1030 922 1361 979 necessaria.
1392 919 1578 974 Perdit
1601 918 1745 973 enim
1772 916 2007 970 animam

437 1025 736 1083 secundum
784 1020 1067 1075 Christum
1090 1056 1105 1081 ,
1141 1016 1232 1085 qui
1276 1012 1547 1067 desideria
1579 1008 1701 1077 ejus
1728 1008 2005 1072 refrenat,

440 1118 533 1189 qui
571 1116 896 1185 cupiditates
923 1109 1043 1179 ejus
1072 1114 1315 1170 resecat,
1345 1104 1436 1175 qui
1469 1101 1741 1157 luxuriam
1767 1100 1884 1171 ejus
1919 1114 2007 1153 re-

439 1209 873 1273 solutionemque
910 1201 1181 1270 castigat,
1234 1206 1288 1252 et
1338 1197 1390 1251 in
1424 1194 1579 1250 nullo
1612 1206 1840 1262 prorsus
1883 1190 2011 1243 facit

440 1302 769 1355 voluntatem
817 1308 971 1349 suam
991 1331 1006 1355 ,
1050 1290 1143 1345 sed
1175 1288 1501 1343 voluntatem
1537 1284 1663 1339 Dei:
1689 1292 1745 1339 et
1774 1296 1871 1353 per
1899 1281 2011 1335 hare

443 1392 621 1465 perire
649 1389 848 1444 dicitur
877 1384 1077 1439 anima.
1112 1381 1279 1436 Periit
1306 1392 1538 1448 namque
1564 1377 1672 1431 vita
1704 1376 1823 1446 ejus
1844 1376 2010 1445 priur,

440 1497 494 1542 et
519 1486 706 1555 incipit
735 1495 933 1536 novam
962 1480 1150 1541 vitam,
1182 1490 1302 1544 qua:
1331 1474 1384 1528 in
1408 1472 1627 1528 Christo
1650 1480 1755 1535 est,
1791 1470 2009 1523 ducere.

444 1578 631 1634 Simile
680 1583 860 1629 autem
908 1568 1034 1624 huic
1082 1568 1227 1621 dicto
1262 1565 1423 1619 etiam
1472 1562 1600 1616 illud
1647 1571 1732 1616 est
1761 1560 1809 1591 ⁷⁸
1845 1577 1858 1611 :
1898 1577 1919 1611 ι
1956 1558 2011 1611 Si

444 1669 855 1732 commorimur,
885 1674 939 1718 et
970 1661 1337 1717 convivemus.
1362 1675 1382 1707 ι
1418 1657 1480 1710 Et
1513 1655 1638 1709 illud
1673 1654 1750 1706 7‘:
1788 1672 1805 1705 ι
1841 1651 1901 1706 Si
1920 1667 2014 1705 au-

446 1778 550 1819 tem
588 1759 786 1815 mortui
832 1754 966 1811 estis
998 1754 1063 1807 ab
1100 1750 1379 1807 elementis
1416 1747 1576 1815 hujus
1622 1744 1840 1811 mundi,
1880 1759 2016 1812 quo-

2112 550 2373 616 srriptum
2422 553 2503 598 est
2535 543 2581 573 '9
2621 558 2632 592 :
2687 556 2704 588 ι
2742 538 2863 591 Ista:
2905 542 3031 588 sunt
3082 543 3264 587 autem
3312 528 3687 600 generationes

2114 639 2249 691 Esau
2288 634 2459 703 patris
2500 631 2666 685 Edam
2696 666 2719 690 ,
2746 627 2799 681 in
2830 633 3013 679 monte
3045 622 3169 676 Seir
3196 660 3212 685 ,
3243 632 3298 673 et
3325 619 3441 673 haec
3471 618 3686 672 nomina

2114 729 2352 784 ﬁliorum
2380 725 2521 779 Esau
2546 761 2564 786 ,
2598 720 2820 785 Eliphas
2855 716 2999 770 ﬁlius
3040 713 3157 767 Ada
3193 709 3381 765 uxoris
3415 708 3563 763 Esau
3585 748 3601 773 ,
3636 718 3690 762 et

2113 817 2319 889 Raguel
2359 815 2502 869 ﬁlius
2535 811 2821 867 Bascmath
2855 805 2971 879 (85)
3006 803 3195 858 tutoris
3235 803 3400 857 Esau.
3448 799 3692 854 Fuerunt

2110 919 2289 964 autem
2321 907 2418 961 lilii
2440 906 2691 976 Eliphas,
2722 901 2991 964 Theman,
3031 895 3263 965 Sophar,
3296 892 3559 957 Gothum,
3590 890 3690 945 Ce-

2114 1016 2243 1055 nes:
2278 999 2555 1054 Thamnas
2604 1003 2789 1049 autem
2839 991 2939 1044 fuit
2988 986 3300 1043 concubina
3332 983 3551 1052 Eliphas
3594 982 3688 1035 ﬁlii

2111 1094 2253 1150 Esau
2280 1132 2299 1157 ,
2322 1102 2377 1147 et
2403 1093 2518 1147 haec
2543 1088 2755 1159 peperit
2790 1082 3010 1139 Amalec
3059 1079 3165 1148 ipsi
3192 1076 3416 1146 Elipltas
3435 1115 3456 1140 ,
3484 1084 3545 1129 et
3600 1074 3687 1129 isti

2112 1194 2238 1240 sunt
2268 1183 2363 1237 ﬁlii
2390 1182 2504 1236 Ada
2532 1179 2721 1234 uxoris
2751 1177 2910 1230 Esau.
2944 1193 2961 1223 ι
3012 1172 3075 1225 Et
3109 1177 3233 1239 post
3261 1182 3432 1238 pauca
3452 1182 3473 1220 :
3510 1183 3529 1217 ι
3560 1165 3629 1219 Et
3656 1166 3688 1219 ii

2113 1284 2259 1341 situt,
2291 1275 2487 1345 inquit,
2521 1273 2688 1327 (luces
2717 1284 2783 1323 es
2814 1266 2940 1320 ﬁliis
2973 1265 3135 1318 Esau.
3175 1259 3298 1313 Filii
3329 1258 3571 1327 Elipltas,
3600 1256 3691 1325 qui

2116 1367 2221 1421 fuit
2246 1364 2646 1438 primogenitus
2667 1360 2761 1415 lilii
2787 1359 2951 1413 Esau.
2984 1356 3097 1408 Dux
3130 1354 3402 1415 Theman,
3430 1350 3537 1404 dux
3560 1349 3691 1402 Cho-

2122 1471 2267 1524 mor,
2299 1457 2407 1509 dux.
2439 1456 2672 1522 Sophar,
2709 1452 2813 1506 dux
2846 1448 3045 1509 Cenes,
3096 1447 3202 1499 dux
3243 1443 3400 1507 Core,
3445 1441 3552 1494 dux
3584 1438 3691 1494 Go-

2118 1550 2294 1609 thom,
2321 1548 2429 1601 dux
2460 1544 2704 1598 Amalec.
2741 1560 2760 1593 ι
2816 1539 2914 1593 llic
2940 1539 3105 1608 igitur
3139 1534 3382 1597 Amalec,
3419 1533 3557 1586 ﬁlius
3586 1531 3689 1583 fuit

2118 1638 2336 1707 Elipbas
2370 1633 2717 1705 primogeniti
2753 1633 2891 1685 Esau
2915 1670 2930 1693 ,
2970 1640 3134 1683 natus
3162 1642 3229 1681 ex
3265 1625 3556 1681 concubina
3584 1638 3684 1675 no-

2120 1732 2262 1785 mine
2297 1728 2567 1784 Thanina.
2597 1727 2707 1781 Sed
2760 1726 3044 1778 redeamus
3074 1721 3145 1774 ad
3177 1720 3407 1789 primam
3438 1719 3504 1771 de
3530 1717 3685 1769 Atua-

447 1858 606 1911 iuodo
631 1853 775 1908 velut
802 1850 1047 1904 viventes
1071 1847 1123 1899 in
1151 1846 1254 1899 hoc
1282 1841 1488 1896 mundo
1505 1837 1834 1895 decernitis?
1859 1854 1881 1889 ι
1914 1835 2016 1890 Ne-

2127 1822 2199 1876 lec
2224 1819 2831 1877 commemorationem,
2874 1814 2967 1867 ubi
2997 1813 3034 1866 ii
3066 1812 3160 1881 qui
3194 1810 3397 1865 reversi
3450 1817 3609 1870 sunt,
3634 1816 3691 1859 et

448 2138 630 2192 ritur:
662 2142 715 2188 et
745 2132 834 2201 qui
866 2127 955 2184 hic
988 2140 1107 2181 eam
1141 2118 1480 2193 perdiderit,
1514 2115 1752 2170 inveniet
1779 2126 1899 2167 eam
1944 2112 2017 2167 ibi

448 2231 567 2284 sine
604 2224 767 2280 dubio
795 2264 810 2290 ,
852 2220 945 2276 ubi
983 2217 1111 2273 dicit
1147 2209 1439 2282 Apostolus
1461 2209 1529 2274 ⁷⁸,
1562 2208 1691 2279 quia
1726 2224 1747 2259 ι
1776 2206 1883 2260 vita
1924 2218 2019 2258 ve-

449 2330 557 2374 stra
583 2316 899 2372 abscondita
928 2319 1010 2365 est
1033 2322 1154 2364 cum
1180 2306 1402 2360 Christo
1432 2303 1483 2356 in
1514 2299 1651 2366 Deo;
1688 2316 1707 2350 ι
1736 2298 1825 2354 cui
1850 2296 2017 2368 gloria

449 2412 505 2463 in
537 2418 736 2463 aeterna
766 2403 960 2460 saecula
993 2401 1330 2455 saeculorum.
1371 2396 1563 2450 Amen.

984 2529 1265 2588 HOMILIA
1316 2527 1459 2586 XIX.

843 2629 914 2683 De
953 2627 1150 2681 visione
1178 2622 1361 2693 quinta
1388 2619 1633 2673 Balaam.

526 2726 579 2781 I.
622 2723 967 2793 Quintahzec
1005 2718 1196 2784 nobis,
1240 2714 1534 2781 eademque
1573 2708 1761 2765 ultima
1804 2705 2023 2761 Balaam

454 2820 592 2875 visio
623 2815 911 2871 discutitur
934 2854 949 2879 ,
986 2810 1049 2865 de
1084 2823 1188 2878 qua
1218 2805 1471 2862 similiter
1501 2812 1559 2856 nt
1592 2803 1644 2855 in
1676 2800 1887 2855 cameris
1917 2797 2023 2851 Do-

454 2911 660 2966 minum
707 2907 1064 2977 deprecemur
1089 2939 1105 2965 ,
1140 2898 1233 2969 qui
1276 2896 1330 2950 in
1359 2895 1463 2950 ﬁne
1496 2893 1609 2964 (8i)
1636 2907 1741 2947 non
1768 2892 2022 2955 deserat,

457 3013 517 3058 ut
551 2998 821 3071 possimus
864 2992 1023 3062 Imjus
1068 3003 1281 3061 quoque
1333 2985 1565 3041 visionis
1618 2998 1834 3038 sensum
1884 2982 2023 3037 haud

458 3092 651 3166 procul
681 3105 709 3144 a
743 3088 968 3144 veritate
997 3092 1239 3152 captare.
1285 3079 1381 3134 Est
1412 3092 1544 3148 ergo
1578 3076 1789 3130 initium
1823 3072 1939 3141 ejus
1971 3074 2022 3128 in

460 3189 527 3243 iis
576 3182 797 3240 verbis:
847 3197 866 3230 ι
904 3176 969 3230 Et
1011 3189 1134 3229 cum
1185 3172 1429 3234 videret,
1486 3169 1664 3237 inquit
1691 3166 1757 3232 ⁷⁷,
1804 3166 2022 3219 Balaam

456 3277 713 3340 Amalec,
741 3282 1025 3327 assumens
1052 3263 1363 3335 parabolam
1406 3275 1559 3316 suam
1588 3259 1727 3314 dixit
1755 3277 1769 3315 :
1807 3256 2023 3313 Initium

459 3370 698 3440 gentium
728 3362 975 3426 Amalec,
1006 3368 1061 3413 et
1089 3369 1275 3412 semen
1308 3369 1494 3409 eormn
1524 3351 1742 3422 peribit.
1775 3369 1794 3403 ι
1832 3348 2026 3404 Neces-

458 3462 665 3517 sarium
695 3455 824 3511 mihi
855 3455 1067 3509 videtur
1094 3447 1370 3518 requirere
1402 3443 1452 3497 in
1480 3442 1779 3513 Scripturis
1806 3441 2025 3506 divinis,

461 3554 660 3623 quibus
705 3550 759 3603 in
791 3547 922 3601 locis
952 3544 1037 3598 vel
1080 3555 1187 3611 quo
1216 3539 1269 3593 in
1306 3547 1545 3606 tempore
1588 3548 1784 3587 nomen
1809 3533 2030 3586 Amalec

464 3642 725 3712 scriptum
764 3640 874 3694 sit:
906 3647 1083 3707 quove
1106 3647 1171 3687 ex
1202 3644 1402 3702 genere
1435 3644 1567 3696 gens
1600 3627 1703 3681 ista
1734 3624 2031 3680 descende—

464 3738 558 3793 rit.
583 3731 819 3792 Facilius
848 3730 993 3785 enim
1023 3724 1165 3797 quod
1193 3722 1480 3794 quaeritur,
1508 3726 1852 3791 agnoscetur,
1886 3715 1930 3770 si
1964 3730 2031 3768 ex

465 3826 708 3898 pluribus
739 3823 894 3887 locis,
921 3833 1040 3889 quae
1079 3817 1145 3871 de
1170 3816 1359 3871 eadem
1397 3826 1455 3867 re
1487 3813 1689 3880 scripta
1722 3818 1865 3868 sunt.
1907 3821 2033 3876 pro-

469 3920 732 3973 ferantur.
777 3913 945 3985 Igitur
1006 3910 1060 3964 in
1107 3905 1334 3963 Genesis
1385 3903 1613 3958 lectione
1663 3901 1752 3955 ubi
1798 3900 2035 3970 quinque

468 4026 625 4080 reges
670 4012 1041 4063 convenerunt.
1086 4010 1144 4057 ιιι
1189 4003 1562 4069 expugnarent
1613 4002 1845 4063 quatuor
1880 4006 2034 4059 rcges

468 4103 562 4173 qui
592 4101 892 4171 regnabant
921 4099 971 4151 in
1005 4094 1281 4157 Sodomis,
1314 4098 1434 4161 post
1462 4088 1735 4156 aliquanta
1766 4087 1836 4140 ita
1869 4084 2037 4139 reler-

471 4208 561 4249 tur
593 4209 607 4247 :
653 4211 671 4244 ι
700 4190 767 4245 Ει
815 4189 1091 4261 regressi,
1140 4186 1317 4256 inquit
1340 4184 1408 4249 ⁷⁸,
1442 4190 1703 4237 venerunt
1738 4181 1803 4234 ad
1834 4179 2034 4235 fontem

466 4286 681 4357 judicii,
710 4284 796 4339 hic
823 4294 907 4339 est
935 4282 1124 4347 Cades,
1157 4291 1211 4334 et
1238 4277 1633 4334 interfecerunt
1662 4286 1851 4328 omnes
1880 4286 2034 4341 prm-

466 4380 618 4448 cipes
641 4376 879 4440 Amalec,
900 4383 953 4430 et
971 4371 1314 4427 Amorrhzeos
1330 4369 1420 4438 qui
1442 4366 1760 4422 habitabant
1777 4365 1828 4418 in
1845 4363 2039 4418 Sasan-

2118 1918 2385 1966 venerunt
2407 1910 2475 1963 ad
2507 1907 2716 1962 fontem
2742 1903 2934 1971 judicii
2956 1940 2977 1966 ,
3001 1902 3093 1972 qui
3128 1908 3358 1955 vocatur
3386 1898 3589 1962 Cades,
3610 1897 3695 1951 in-

2120 1998 2394 2056 terﬁciunt
2421 2011 2609 2051 attines
2646 1993 2924 2063 principes
2951 1989 3194 2045 Amalec.
3223 1989 3403 2043 Cades
3441 1986 3587 2041 enim
3618 1986 3700 2039 iu-

2120 2100 2450 2162 terpretatur
2484 2088 2860 2156 sanctiﬁcatio,
2886 2085 2972 2139 vel
2998 2093 3240 2139 sanctum
3263 2099 3280 2147 ;
3307 2081 3533 2135 Amalec
3570 2095 3699 2133 vero

2121 2185 2505 2253 interpretatur
2533 2180 2801 2249 ablingeas
2828 2177 3103 2248 populum,
3133 2174 3219 2229 vel
3247 2173 3519 2226 declinans
3536 2189 3698 2241 popa-

2119 2273 2230 2328 lum
2258 2271 2392 2342 (84).
2441 2270 2607 2341 Igitur
2630 2269 2665 2323 ii
2697 2267 2789 2339 qui
2828 2274 3173 2321 revertuntur
3215 2264 3282 2317 ad
3326 2272 3603 2327 sanetum,
3645 2274 3700 2316 et

2122 2371 2449 2422 convertunt
2494 2376 2554 2416 se
2583 2361 2658 2415 ad
2690 2356 3175 2414 sanctiﬁcationem
3200 2393 3219 2421 ,
3269 2353 3602 2408 interﬁciunt
3646 2363 3701 2407 et

2124 2453 2400 2523 perimunt
2444 2448 2690 2516 Amalec,
2716 2447 2865 2502 illum
2899 2446 3108 2501 scilicet
3151 2444 3243 2513 qui
3271 2443 3498 2511 ablingit
3533 2458 3701 2512 popu-

2126 2542 2235 2594 lum
2269 2538 2352 2593 vel
2385 2538 2624 2593 declinat
2652 2536 2928 2607 populum.
2959 2535 3091 2601 Quis
3118 2542 3301 2587 autem
3329 2530 3467 2586 alius
3494 2542 3578 2586 est
3608 2531 3701 2600 qui

2126 2630 2359 2684 declinat
2409 2628 2662 2700 populum
2698 2644 2728 2681 a
2762 2628 2871 2682 Deo
2897 2666 2913 2693 ,
2948 2625 3054 2681 nisi
3093 2625 3267 2679 virtus
3296 2622 3572 2678 contraria
3600 2663 3616 2687 ,
3647 2633 3701 2677 et

2128 2722 2382 2790 nequitia:
2407 2720 2719 2791 spiritales?
2748 2718 2948 2773 IIorum
2976 2732 3104 2789 ergo
3125 2717 3397 2787 principes
3424 2716 3513 2785 qui
3538 2716 3703 2770 sunt?

2128 2812 2207 2867 Illi
2251 2814 2372 2867 sine
2408 2812 2571 2867 dubio
2626 2811 2961 2883 principatus
2996 2810 3286 2864 adversum
3326 2824 3461 2878 quos
3496 2808 3702 2861 sanctis

2128 2916 2211 2960 est
2235 2903 2573 2960 colluctatio.
2602 2903 2904 2956 Adversum
2939 2900 3276 2970 principatus
3304 2900 3449 2953 enim
3473 2908 3528 2952 et
3556 2908 3704 2967 poto-

2128 3008 2319 3064 states,
2357 3008 2413 3051 et
2443 2996 2625 3051 mundi
2663 2994 2821 3065 hujus
2856 3003 3095 3047 rectores
3132 3000 3259 3046 sunt
3289 2992 3367 3046 eis
3393 3005 3593 3060 agones
3613 2990 3701 3043 “z

2131 3104 2267 3159 quos
2308 3100 2488 3143 tamen
2518 3100 2776 3155 superare
2804 3100 2908 3139 non
2959 3090 3293 3152 potuerunt,
3337 3079 3433 3133 nisi
3478 3092 3704 3132 conver-

2131 3191 2311 3235 tantur
2352 3178 2418 3233 ad
2447 3176 2888 3233 sanctimoniam.
2932 3172 2989 3228 In
3034 3173 3150 3242 ipsa
3183 3182 3362 3227 tamen
3404 3169 3697 3223 sanctimo—

2127 3273 2240 3335 nia,
2275 3286 2397 3341 quae
2425 3280 2507 3325 est
2540 3269 2748 3334 Cades,
2783 3266 2904 3323 fons
2952 3276 3035 3321 est
3070 3264 3285 3335 judicii.
3334 3262 3527 3319 Omnis
3560 3261 3702 3315 enim

2126 3363 2217 3431 qui
2261 3376 2319 3416 se
2370 3363 2435 3414 ad
2486 3358 2903 3416 sanctimoniam
2934 3355 3243 3421 convertit,
3289 3355 3453 3409 habet
3496 3368 3708 3423 semper

2128 3466 2257 3512 ante
2287 3454 2473 3510 oculos
2504 3469 2630 3509 suos
2658 3452 2865 3508 fontem
2892 3452 3110 3522 judicii.
3154 3449 3421 3520 Prospicit
3447 3449 3588 3503 enim
3622 3446 3708 3515 ju-

2128 3546 2254 3601 dicii
2293 3545 2435 3599 diem
2470 3585 2485 3610 ,
2535 3554 2587 3600 et
2619 3546 2904 3615 purilicato
2949 3542 3112 3598 corde
3154 3552 3259 3595 tam
3296 3539 3562 3593 malorum
3592 3552 3703 3607 pte-

2130 3651 2228 3691 nas
2266 3650 2429 3705 quam
2475 3635 2687 3704 piorum
2732 3632 3095 3688 beatitudines
3134 3638 3467 3685 contuetur:
3515 3638 3570 3681 et
3598 3627 3710 3680 haec

2133 3727 2341 3784 faciens
2375 3741 2567 3781 omnes
2619 3725 3047 3780 Amalecitaruni
3097 3721 3368 3792 principes
3413 3716 3708 3788 prosternit

2131 3829 2185 3876 et
2225 3819 2390 3892 3M
2422 3819 2625 3889 dejicit.
2656 3817 2715 3872 Si
2756 3820 2879 3888 quis
2921 3826 3099 3870 autem
3141 3829 3244 3868 non
3278 3827 3334 3867 se
3381 3810 3711 3866 converterit

2134 3909 2199 3963 ad
2234 3910 2408 3965 Cades
2435 3949 2451 3974 ,
2499 3909 2550 3964 id
2610 3917 2697 3963 est
2741 3908 2807 3961 ad
2843 3906 3323 3961 sanctiﬁcationem
3352 3942 3369 3968 ,
3402 3901 3712 3970 fontemque

2130 4004 2338 4072 judicii,
2369 4018 2541 4073 neque
2568 4002 2809 4056 futurum
2839 3998 3028 4068 judicii
3063 3995 3448 4067 cogitatdiem,
3470 3993 3557 4048 isti
3575 3993 3704 4047 sub-

2130 4094 2257 4163 jecti
2304 4102 2433 4148 sunt
2477 4089 2810 4161 principibus
2835 4087 3079 4144 Amalec.
3108 4085 3262 4140 Hunc
3288 4086 3432 4139 enim
3461 4081 3711 4154 populum

2133 4183 2364 4254 ablingit
2405 4192 2463 4239 et
2514 4182 2824 4245 consumit,
2875 4189 2931 4235 et
2978 4178 3137 4234 talem
3185 4177 3440 4248 populum
3480 4176 3717 4230 declinat

2137 4292 2165 4328 a
2197 4276 2325 4331 Deo.
2361 4273 2485 4330 Ilaec
2517 4275 2585 4329 ad
2633 4273 2782 4327 illum
2837 4276 3071 4341 primunt
3118 4267 3431 4324 referantur
3471 4266 3711 4320 Amalec.

2138 4368 2291 4425 Nunc
2323 4376 2501 4424 autem
2532 4366 2816 4422 videamus
2843 4374 2899 4419 et
2948 4364 3107 4419 istum
3142 4361 3362 4416 Amalec
3401 4360 3566 4414 ﬁlium
3603 4355 3713 4411 Eli-

472 4474 617 4527 them
651 4468 785 4539 (82).
810 4485 829 4519 ι
862 4468 916 4521 In
950 4465 1033 4520 his
1067 4466 1246 4535 primo
1275 4461 1411 4517 locis
1437 4458 1657 4553 Amalec
1694 4454 1912 4512 memini
1937 4470 2036 4508 no-
2068 4494 2116 4553 ο
2140 4462 2276 4532 pnas
2311 4458 2657 4532 primogeniti
2711 4457 2851 4511 Esau
2891 4470 3049 4525 quem
3092 4455 3307 4525 peperit
3347 4453 3397 4506 ei
3442 4450 3715 4505 Thaumas

472 4566 756 4619 minatum.
794 4557 898 4613 Sed
940 4558 1248 4626 requiratur
1275 4550 1520 4608 fortassis
1557 4558 1733 4604 utrum
1767 4547 1885 4601 dua:
1909 4561 2040 4617 gen-

473 4670 555 4716 tes
580 4656 818 4727 ejusdem
850 4651 1087 4708 nominis
1113 4649 1435 4708 habeantur,
1463 4641 1716 4711 quoniam
1743 4639 1960 4710 quidem
1986 4648 2040 4692 et

468 4758 528 4809 in
566 4753 810 4821 catalogo
842 4748 1077 4803 ﬁliorum
1127 4742 1265 4796 Esau
1290 4776 1307 4802 ,
1356 4745 1406 4791 3t
1452 4736 1652 4788 ducum
1684 4731 1774 4801 qui
1821 4748 1889 4785 ex
1923 4732 2038 4799 ejus

1140 4928 1187 4961 ⁷⁵
1212 4921 1416 4975 CtiIuss.
1455 4935 1511 4981 ll,
1539 4916 1627 4971 20.

538 4946 586 4977 ⁷⁸
616 4941 655 4996 Il
691 4939 831 4993 'I'im.
868 4951 928 4995 II,
984 4928 1059 4984 Il.
1140 4928 1187 4961 ’⁷⁵
1212 4928 1416 4975 Culuss.
1455 4935 1511 4981 ιι,
1539 4928 1627 4971 ξω.
1744 4928 1783 4944 ἠ
1819 4928 1843 4967 t

549 5029 656 5060 im-
709 5011 761 5060 9.
799 5008 884 5060 10.
919 5003 1004 5060 II.
1039 4998 1121 5058 12,
1158 4995 1240 5048 I5.
1328 4992 1372 5021 ⁸ο
1409 4990 1608 5060 Ephes.
1648 4998 1720 5047 vt,
1759 4984 1843 5038 I2.

472 4995 657 5077 xxxvi,
709 5011 761 5070 9.
799 4998 1121 5068 10.11.12,
1158 4995 1240 5048 ιδ.

546 5197 656 5265 (81)
683 5193 836 5255 Μεδη
859 5209 875 5239 ι
899 5188 989 5265 qui
1017 5188 1067 5240 in
1088 5185 1212 5265 ﬁne.
1234 5201 1257 5238 υ
1282 5171 2028 5265 Libb.editi-,3-qttqinlﬁuoﬂ

526 5239 871 5335 iis?y,",§§.',_’.
900 5239 1705 5335 Sasanthem,{quiuit-propius
1729 5242 1937 5335 accedit
1970 5239 2035 5292 ad

464 5311 909 5403 'Aééizi'éa'pap,
937 5342 1099 5396 quam
1128 5311 1367 5393 prior-uin
1394 5311 1689 5373 editionum
1730 5311 1888 5367 lectio
1916 5325 2036 5379 qua:

475 5408 639 5460 habet
674 5423 692 5456 t
725 5400 1036 5457 sarathem.
1070 5416 1087 5448 ι

550 5449 660 5544 ὶὲῗῖξ)
677 5449 819 5527 ἰῐζέζ
833 5449 1261 5544 fodiemus”.
1280 5533 1291 5544 _
1312 5459 1466 5514 Libh.
1499 5452 1838 5544 anteaoediti,
1885 5473 1900 5497 ι
1930 5449 2035 5544 ρει-

479 5520 774 5600 sat‘nmlach.
802 5562 819 5593 ι
860 5520 1024 5591 Paulo
1051 5545 1194 5604 post“
1221 5533 1380 5604 iidem
1416 5543 1568 5604 ιιλεε.Ρ
1606 5546 1624 5574 ι
1657 5522 1887 5590 Sophar,
1930 5520 2036 5573 Gu-

484 5596 714 5671 IImm.i
738 5612 895 5665 Libb.
929 5596 1079 5669 editi,
1118 5622 1136 5655 t
1166 5602 1404 5665 Suphar,
1437 5596 1674 5651 Cothon.
1710 5611 1726 5641 ι

557 5652 1468 5750 bad-ereum:interpretalur
1512 5668 1935 5714 SANCTIFICATIO,
1976 5652 2054 5705 υρι

482 5737 732 5811 sinerem,
758 5747 966 5801 Amalec
987 5758 1104 5795 vero
1129 5741 1505 5811 interpretatur
1528 5739 1810 5811 antisse-ss.
1826 5737 2055 5811 eorum:

914 5790 1192 5865 'ponim.
1239 5790 1412 5860 Cades
1438 5822 1455 5853 ι
1499 5795 1850 5853 sanctiﬁcatio
1873 5835 1886 5859 ,
1923 5812 1939 5843 ι
1973 5790 2058 5845 vel

1737 4913 1783 4944 7“
1819 4912 2020 4967 Coluss.
2068 4929 2146 4977 ιιι,
2176 4915 2230 4968 5.

2147 4550 2451 4605 concubina
2479 4563 2606 4613 sua,
2650 4545 2804 4615 cujus
2833 4554 2984 4614 pater
3013 4553 3096 4598 est
3122 4543 3342 4611 Eliphas
3368 4580 3382 4606 ,
3424 4539 3517 4611 qui
3550 4539 3717 4591 iutcr—

2147 4650 2394 4709 pretatur
2441 4638 2578 4693 Deus
2633 4655 2712 4692 me
2765 4636 3013 4704 dispersit
3068 4633 3179 4706 (85)
3235 4647 3250 4686 :
3297 4640 3470 4686 mater
3537 4637 3715 4682 autem

2146 4731 2455 4794 Thaumas,
2485 4745 2604 4799 quae
2638 4739 2692 4784 et
2719 4729 2831 4799 ipsa
2878 4727 3058 4797 primo
3088 4724 3307 4794 quidem
3335 4730 3421 4778 est
3446 4721 3679 4787 degener
3699 4757 3715 4782 ,

2331 4913 2375 4948 ⁷⁷
2409 4910 2565 4965 Num.
2601 4908 2857 4964 xx:v.20.
2932 4907 2975 4937 ⁷⁸
3020 4905 3157 4961 Gen.
3202 4919 3312 4959 xiv.
3361 4903 3414 4956 7.
3492 4897 3539 4931 ⁷⁸
3582 4896 3717 4954 Gen.

2148 5186 2164 5217 ι
2178 5167 2651 5241 εειηειιιιιιιξιιυτρι
2667 5159 2895 5225 sacrari,
2910 5154 3243 5220 consecrari,
3262 5160 3510 5208 sanctum
3532 5163 3679 5215 esse;
3694 5167 3713 5200 ι

2138 5248 2359 5303 Amalec
2404 5260 2535 5301 vero
2566 5234 2957 5312 interpretatur
3001 5259 3020 5293 ι
3049 5240 3331 5309 abliugens
3369 5234 3659 5305 populum,
3693 5251 3711 5284 ι

2141 5336 2208 5385 alt
2246 5342 2329 5396 εν
2362 5331 2588 5401 populus
2628 5310 2818 5415 et
2861 5345 2887 5415 ι.
2915 5326 3093 5415 ιίιικὶῑ,
3134 5322 3343 5415 lambit:
3376 5338 3395 5371 ι
3440 5317 3719 5415 Setia-Inde

2138 5417 2358 5470 Amalec
2385 5402 2767 5483 interpretetur
2807 5429 2825 5462 ι
2860 5410 3140 5465 declinans
3177 5405 3462 5477 populum,
3494 5420 3514 5453 ι
3551 5402 3603 5456 id
3630 5415 3719 5456 me

2140 5486 2323 5623 ldlfgé)
2360 5551 2578 5622 Eliphas
2612 5555 2703 5622 qui
2733 5553 3130 5619 interpretatur,
3169 5545 3308 5599 Dens
3340 5558 3421 5595 me
3453 5540 3717 5609 dispersit.

2141 5623 2358 5698 Ab‘mt
2397 5637 2561 5701 Dens,
2590 5656 2606 5686 ι
2644 5646 2696 5691 et
2728 5644 2813 5724 ἴτε
2848 5636 2992 5704 quod
3020 5632 3162 5724 Cen.
3190 5644 3336 5689 XLIX,
3363 5623 3723 5724 24,.S‘eptua-

2144 5724 2288 5791 ginta
2324 5723 2617 5791 inteprctes
2648 5705 2925 5775 ver'tcrunt
2958 5735 2975 5768 ι
3003 5714 3319 5777 dissolvere,
3348 5728 3366 5760 ι
3404 5707 3486 5763 vel
3520 5705 3663 5760 forte
3688 5720 3720 5757 a

2142 5790 2245 5870 ’τῖε
2278 5811 2295 5844 ι
2325 5790 2596 5861 dispersit.
2630 5808 2648 5840 ι
