4122 6204
573 284 672 339 79.!

1755 281 1821 334 IN
1856 280 2191 336 NUMEROS
2221 279 2505 334 IIOMIIJA
2533 278 2671 331 XIX.

3721 276 3827 330 72?.

575 399 771 450 deinde
797 395 1189 461 interpretatur
1220 394 1446 461 defectio
1487 403 1746 445 (animoin
1778 393 1924 462 (845):
1967 403 2023 444 ut
2060 408 2149 446 nec
2183 401 2228 453 Α
2258 390 2460 445 Galaad
2497 390 2728 443 ducenta
2768 387 2932 441 millia
2963 389 3225 454 peditum,
3258 399 3310 441 et
3344 387 3447 441 tria
3482 388 3645 441 millia
3678 388 3824 442 viro-

572 487 821 543 cessario
856 488 1040 554 utique
1072 486 1162 553 qui
1212 486 1279 537 ab
1324 484 1408 539 bis
1445 482 1641 536 talibus
1677 484 1935 551 gignitur,
1979 483 2150 537 bostis

571 581 646 637 sit
690 577 899 641 Israel,
930 576 1245 639 ablingens,
1281 576 1365 629 vel
1402 576 1681 628 declinans
1707 573 1980 643 populum.
2031 573 2148 627 Pri-

578 687 699 725 tutis
726 669 873 725 enim
910 670 1023 737 ipse
1056 666 1313 721 llebraros
1345 682 1597 737 egressos
1626 681 1694 719 ex
1738 666 1976 735 A'Igypto
2010 668 2149 721 bello

575 775 864 831 aggressus
890 769 978 812 est
1013 761 1065 812 in
1107 758 1398 828 Raphidin,
1426 768 1554 811 tunc
1582 773 1705 811 eum
1746 757 1955 827 Moyses
1980 759 2054 811 ait
2082 759 2148 812 ad

572 851 757 906 Iesum
782 851 857 905 ⁸¹ι
890 869 907 902 ι
940 850 1087 921 Elige
1114 851 1211 905 tibi
1248 851 1395 904 viros
1418 890 1433 914 ,
1456 858 1512 904 et
1539 851 1652 915 exi,
1676 849 1984 921 etcoullige
2024 868 2147 907 cum

576 940 797 995 Amalec
834 941 1075 995 crastino
1095 980 1112 1003 ,
1147 948 1201 993 et
1245 955 1375 996 ecce
1401 956 1499 1009 ego
1524 951 1611 995 sto
1648 942 1703 995 in
1733 942 1936 995 vertice
1959 942 2146 1007 collis,

572 1039 629 1085 et
656 1032 804 1100 virga
835 1030 929 1085 Dei
958 1032 1012 1085 in
1042 1047 1202 1084 manu
1242 1047 1360 1083 mea
1398 1032 1529 1088 erit.
1572 1032 1638 1087 Et
1672 1031 1799 1086 fecit
1824 1032 1982 1086 Jesus
2009 1033 2151 1086 sicut

573 1120 713 1174 dixit
752 1120 801 1174 ei
835 1119 1080 1190 Moyses,
1113 1130 1169 1175 et
1194 1122 1435 1174 conﬂiin
1461 1136 1583 1175 cum
1629 1121 1891 1176 Amalec:
1941 1121 2151 1191 Moyses

573 1220 844 1276 autem,et
866 1213 1067 1271 Aaron,
1096 1221 1151 1265 et
1189 1210 1265 1266 Ur
1286 1211 1645 1265 ascenderunt
1672 1212 1723 1265 iu
1754 1213 2013 1267 verticem
2035 1213 2148 1267 col-

575 1304 682 1357 lis:
722 1312 774 1356 et
801 1302 1006 1356 factum
1042 1314 1122 1357 est
1148 1343 1163 1366 ,
1189 1313 1389 1357 utcnm
1414 1303 1623 1357 levaret
1660 1320 1854 1359 manus
1899 1306 2146 1377 Moyses,

577 1396 933 1449 invalesceret
966 1394 1134 1447 Israel
1166 1413 1179 1449 :
1226 1410 1349 1448 cum
1384 1406 1565 1449 autem
1611 1397 1905 1465 deponeret
1957 1414 2150 1453 manus

574 1500 723 1547 suas,
766 1485 1389 1539 invalescebatAmalec.
1421 1504 1441 1536 ι
1484 1487 1548 1538 Et
1586 1497 1708 1558 post
1748 1503 1915 1555 pauca
1955 1488 2147 1543 iterum

573 1577 835 1644 scripturn
865 1586 947 1627 est
974 1576 1100 1642 quia
1137 1574 1399 1645 fugaverit
1424 1576 1580 1632 Jesus
1605 1579 1826 1633 Amalec
1845 1620 1861 1643 ,
1884 1589 1944 1633 et
1979 1595 2151 1648 popu-

576 1669 686 1721 lum
719 1668 839 1732 eius
879 1667 1057 1738 gladio
1080 1666 1378 1736 deiecerit:
1418 1678 1544 1722 tunc
1585 1669 1731 1723 enim
1777 1671 2035 1726 Dmuinus
2064 1672 2150 1726 di-

578 1761 655 1813 xit
684 1761 750 1814 ad
786 1759 999 1830 Moysen
1028 1759 1103 1812 ⁸²ι
1140 1777 1159 1809 ι
1189 1759 1483 1814 Conscribe
1512 1760 1626 1813 bac
1655 1762 1720 1814 ad
1746 1762 2063 1816 intentoriam
2098 1763 2149 1815 in

574 1851 713 1905 libro
736 1890 753 1913 ,
800 1860 856 1906 et
883 1852 955 1905 da
986 1852 1040 1904 in
1073 1852 1299 1905 auribus
1343 1850 1507 1905 Iesu:
1554 1852 1685 1919 quia
1732 1853 1923 1908 deletis
1959 1854 2150 1909 delebo

576 1945 893 1997 memoriam
922 1943 1143 1997 Amalec
1172 1943 1238 1997 de
1263 1942 1365 1996 sub
1395 1943 1554 1999 creto.
1583 1944 1651 1998 Et
1679 1946 1962 2001 aaditicavit
1997 1946 2150 2018 Moy—

572 2048 663 2088 ses
692 2034 861 2087 altare
885 2074 900 2098 ,
934 2045 989 2088 et
1025 2034 1322 2088 nominavit
1350 2049 1549 2089 nomen
1578 2036 1695 2104 ejus
1721 2075 1736 2098 ,
1766 2037 2032 2090 Dominus
2058 2054 2147 2093 re-

576 2125 778 2193 fugium
815 2140 1027 2177 meum:
1060 2134 1113 2179 et
1141 2127 1249 2179 ait:
1283 2127 1419 2191 Quia
1453 2128 1503 2179 in
1535 2142 1696 2180 ntatm
1726 2127 1935 2181 occulta
1970 2128 2151 2183 Domi-

575 2232 679 2269 nus
704 2226 977 2283 eapugnat
1016 2217 1235 2271 Amalec
1277 2233 1310 2269 a
1338 2220 1697 2285 generatione
1744 2220 1796 2272 in
1838 2221 2148 2287 generatio-

576 2322 725 2361 nem.
754 2326 774 2358 ι
809 2306 1047 2376 Intelligo
1061 2322 1127 2360 ex
1156 2309 1580 2363 bocevidentius
1605 2309 1733 2378 quid
1765 2312 1960 2365 debeat
1992 2312 2149 2365 intel-

578 2401 669 2468 ligi
706 2398 951 2464 Amalec,
982 2414 1143 2468 quem
1178 2416 1338 2453 manu
1365 2400 1576 2455 occulta
1600 2438 1617 2465 ,
1654 2401 1706 2455 id
1734 2412 1839 2468 est,
1866 2403 2148 2469 invisibili,

576 2504 892 2560 expugnare
919 2490 1119 2543 dicitur
1150 2490 1291 2543 Deus
1320 2506 1349 2543 a
1376 2492 1724 2560 generatione
1758 2493 1811 2547 in
1837 2495 2150 2564 generatio-

582 2596 727 2635 nem.
776 2579 884 2634 Sed
934 2582 989 2634 in
1036 2580 1456 2634 Deuterouomio
1499 2581 1573 2635 ita
1622 2583 1884 2651 scriptum
1930 2596 2015 2639 est
2062 2585 2150 2640 a8:

580 2691 601 2723 ι
629 2671 898 2727 Memento
944 2681 1146 2740 quanta
1188 2673 1285 2726 tibi
1331 2672 1524 2728 fecerit
1565 2676 1787 2729 Amalec
1814 2678 1868 2731 in
1902 2679 1982 2731 via
2026 2693 2149 2732 cum

578 2764 786 2819 cxisses
806 2766 877 2819 de
899 2764 1165 2834 JEgypte,
1194 2767 1470 2833 quomodo
1497 2768 1710 2821 obstitit
1748 2769 1844 2822 tibi
1879 2769 1931 2823 iu
1961 2772 2067 2834 via,
2099 2782 2150 2825 et

581 2857 783 2909 excidit
810 2858 1041 2909 caudam
1076 2866 1229 2909 tuatu
1261 2897 1276 2922 ,
1326 2871 1519 2911 omnes
1548 2859 1638 2925 qui
1667 2859 1989 2916 laborabant
2035 2876 2156 2933 post

579 2956 653 3000 te.
677 2946 756 3002 Tu
783 2957 961 3002 autem
986 2946 1267 3002 esuriebas
1292 2957 1344 3001 et
1368 2948 1677 3013 laborabas,
1695 2961 1756 3004 et
1786 2967 1891 3007 non
1922 2955 2147 3011 timuisti

2260 497 2379 535 rum
2406 496 2471 536 ex
2502 480 2635 536 Iuda
2664 522 2681 545 ,
2710 490 2765 535 et
2799 481 2940 535 venit
2983 478 3111 533 Saul
3138 479 3204 531 ad
3241 479 3515 533 civitatem
3561 475 3783 534 Amalec
3807 520 3820 543 ,

2252 584 2311 628 et
2336 576 2565 628 insidias
2601 574 2777 643 posuit
2806 575 2859 627 in
2884 574 3053 637 valle,
3087 584 3145 627 et
3172 574 3247 628 ait
3288 574 3415 627 Saul
3458 574 3526 627 ad
3550 574 3780 629 Cineum
3812 596 3823 629 :

2262 664 2408 719 Vade
2437 676 2513 728 ιιι,
2544 674 2599 719 et
2621 665 2836 719 discede
2864 666 2929 720 de
2957 665 3134 719 medio
3159 664 3401 731 Anmlec,
3436 681 3502 720 ne
3531 666 3671 721 forte
3690 675 3745 720 et
3773 676 3826 719 m

2256 758 2535 825 adjieiaris
2568 757 2681 825 (87)
2706 773 2834 809 cum
2863 740 3011 823 ipso.
3035 755 3112 809 Tn
3140 756 3285 810 enim
3313 754 3491 811 fecisti
3513 757 3829 811 misericor-

2257 849 2399 902 diam
2448 863 2569 900 cum
2610 848 2861 902 omnibus
2899 846 3027 900 liliis
3068 844 3234 899 Israel
3261 886 3277 911 ,
3314 862 3436 899 cum
3470 848 3828 901 ascenderem

2256 940 2322 993 dc
2354 950 2501 993 terra
2554 938 2792 1009 :Egypti.
2828 938 2895 991 Et
2932 937 3184 991 discessit
3212 937 3416 991 Cineus
3448 939 3516 992 de
3548 939 3724 994 medio
3751 940 3825 993 A-

2259 1031 2449 1092 malec,
2486 1041 2540 1083 et
2582 1030 2855 1098 percussit
2890 1028 3019 1085 Saul
3057 1030 3298 1089 Amalec.
3330 1031 3396 1084 ab
3446 1030 3624 1085 Evilat
3655 1046 3827 1100 usque

2257 1125 2382 1187 Snr,
2412 1139 2531 1192 qua:
2566 1132 2652 1178 est
2676 1132 2870 1178 contra
2900 1120 3097 1177 tandem
3131 1120 3350 1190 JEgypti
3376 1165 3390 1189 ,
3424 1134 3476 1177 et
3502 1124 3649 1193 cepit
3678 1125 3826 1195 Agag

2260 1230 2437 1282 regem
2462 1215 2684 1268 Amalec
2711 1215 2915 1276 vivum,
2945 1223 2999 1267 et
3025 1230 3243 1269 onmem
3274 1215 3527 1283 populum
3552 1219 3675 1288 ejus
3697 1232 3829 1270 aua-

2256 1306 2630 1360 tliematizavit
2670 1306 2719 1359 in
2751 1320 2852 1361 ore
2884 1306 3098 1376 gladii,
3128 1316 3181 1360 et
3209 1308 3453 1375 pepercit
3486 1304 3616 1359 Saul
3648 1317 3702 1359 et
3733 1321 3830 1375 po-

2256 1397 2417 1466 pulus
2467 1399 2581 1464 regi
2633 1398 2782 1467 Agag
2806 1439 2824 1463 ,
2858 1406 2918 1451 et
2968 1400 3210 1453 servavit
3257 1413 3418 1452 omne
3450 1399 3591 1466 quod
3625 1398 3824 1452 bonum

2256 1498 2379 1541 erat
2408 1503 2473 1540 ex
2501 1489 2693 1543 ovibus
2722 1499 2777 1543 et
2808 1488 2999 1553 bobus,
3033 1489 3125 1541 sed
3158 1498 3212 1540 et
3241 1504 3362 1556 quae
3410 1487 3639 1543 feettnda
3671 1499 3829 1541 erant

2256 1595 2318 1634 ex
2346 1580 2598 1635 omnibus
2622 1582 2915 1650 pecoribus
2950 1580 3127 1645 bonis,
3157 1590 3215 1635 et
3242 1580 3531 1635 noluerunt
3553 1595 3616 1635 ea
3640 1589 3827 1634 exter-

2259 1672 2489 1735 minare,
2516 1673 2607 1727 sed
2628 1687 2792 1727 omne
2821 1674 2963 1742 quod
2996 1673 3096 1727 fuit
3125 1672 3527 1740 contemptibile
3554 1682 3609 1728 et
3638 1674 3829 1739 despc~

2182 1749 2225 1803 Β
2254 1774 2423 1826 etum,
2460 1765 2561 1819 hoc
2588 1766 3210 1821 anatbematizavcrnnt.
3241 1765 3307 1819 Et
3334 1765 3508 1819 factus
3530 1775 3614 1819 est
3644 1779 3830 1817 seruio

2257 1855 2468 1910 Domini
2500 1856 2566 1911 ad
2592 1854 2898 1913 Samuelent
2929 1859 3154 1914 dicens:
3185 1859 3418 1914 Pwnitet
3446 1873 3551 1924 me,
3580 1858 3705 1927 quia
3737 1874 3830 1912 ιιιι-

2256 1949 2424 2001 xcrim
2456 1948 2585 2001 Saul
2614 1950 2665 2002 in
2695 1964 2896 2019 regem.
2929 1971 2949 2003 ι
2986 1952 3051 2005 Ει
3076 1953 3164 2006 hic
3196 1968 3324 2020 ergo
3350 1952 3577 2006 observa
3603 1966 3828 2020 quosue.

2255 2040 2322 2092 do
2360 2039 2497 2089 nens
2526 2053 2623 2105 per
2656 2039 2978 2107 prophetam
3010 2044 3120 2111 regi
3153 2042 3281 2095 Saul
3312 2041 3554 2109 pra-cipit
3580 2051 3637 2094 ut
3665 2056 3828 2108 expu-

2252 2138 2377 2198 gm-t
2405 2129 2646 2193 Amalec,
2667 2141 2837 2185 etnon
2869 2141 3055 2200 parcat
3082 2134 3336 2202 cuiquam
3369 2147 3435 2188 ex
3462 2132 3547 2186 eis
3575 2149 3588 2185 :
3623 2142 3824 2201 etquo-

2255 2222 2398 2274 niam
2430 2222 2675 2289 pepercit
2708 2224 2819 2293 regi
2856 2225 3076 2279 Amalec
3105 2225 3277 2294 Agag,
3308 2224 3568 2280 offensam
3602 2224 3829 2278 incurrit

2255 2312 2663 2381 inexpiabilem,
2688 2315 2762 2369 ita
2802 2325 2865 2370 ιιι
2889 2331 3128 2387 eousque
3156 2328 3500 2387 permoveret
3535 2321 3697 2373 Demn
3725 2360 3739 2383 ,
3769 2329 3830 2374 ut

2253 2414 2440 2459 contra
2475 2421 2636 2475 quam
2670 2409 2867 2477 recipit
2898 2410 2990 2463 illa
3022 2422 3213 2464 natura
3248 2412 3487 2465 diceret:
3534 2429 3553 2461 ι
3591 2410 3829 2465 Paenitet

2255 2513 2340 2554 me
2368 2500 2515 2567 quod
2547 2501 2673 2554 unxi
2716 2500 2845 2555 Saul
2898 2504 2949 2556 in
2986 2518 3187 2573 regem.
3220 2523 3238 2553 ι
3281 2502 3393 2555 Non
3444 2518 3578 2571 ergo
3610 2503 3829 2572 expedit

2255 2590 2411 2644 nobis
2442 2605 2667 2659 parcere
2699 2592 2794 2653 illi,
2827 2594 2917 2662 qui
2948 2593 3175 2648 declinat
3206 2594 3490 2662 ριψιιΙιιιΙι,
3526 2592 3607 2647 vel
3651 2592 3829 2647 abliu-

2255 2682 2365 2747 git,
2398 2689 2451 2733 ct
2487 2682 2753 2737 devorat:
2784 2682 2863 2737 illi
2906 2682 3113 2737 scilicet
3146 2682 3397 2736 invisibili
3429 2682 3651 2736 Amalec
3675 2720 3691 2746 ,
3721 2679 3828 2751 ‘qui

2256 2771 2559 2828 volentibus
2586 2773 2882 2828 ascendere
2905 2776 2971 2828 de
2997 2773 3255 2843 Egypto,
3277 2775 3420 2829 etde
3451 2774 3637 2828 mundi
3670 2774 3831 2844 hujus

2255 2863 2487 2915 evadere
2522 2863 2768 2919 tenebris
2791 2902 2808 2930 ,
2846 2876 3010 2933 atque
3039 2866 3105 2919 ad
3143 2876 3342 2919 terram
3384 2867 3829 2937 repromissionis

2257 2956 2556 3008 ascendere
2585 2994 2601 3020 ,
2632 2957 2833 3010 resistit
2883 2957 2935 3010 in
2983 2957 3091 3019 via,
3123 2968 3175 3010 et
3225 2958 3504 3026 impugnat
3535 2976 3631 3013 nos
3651 3002 3663 3013 .
3698 2970 3753 3015 ct
3781 2961 3827 3014 si

582 3042 772 3095 Demsi.
817 3058 836 3091 ι
888 3038 1128 3095 Observa
1163 3054 1296 3109 ergo
1332 3048 1388 3094 ct
1421 3040 1474 3094 in
1508 3041 1576 3097 iis
1618 3047 1894 3111 quomodo
1926 3046 2152 3103 Amalec
2175 3080 2223 3136 ϐ
2258 3045 2527 3101 invenerit
2552 3062 2655 3102 nos
2689 3047 2861 3103 lassos
2882 3065 2952 3103 ac
2983 3050 3245 3115 defessos,
3274 3060 3327 3103 et
3366 3060 3511 3104 retro
3534 3053 3831 3118 respicien-

581 3131 793 3187 obstitit
840 3129 1000 3183 Israel
1040 3129 1089 3183 in
1130 3130 1249 3195 via,
1293 3130 1387 3183 sed
1424 3140 1600 3185 tamen
1646 3148 1754 3187 non
1783 3137 1959 3204 potuit
1988 3149 2157 3207 ιιιιψιιι

575 3223 695 3291 eius
738 3223 1054 3277 abscindere
1078 3262 1094 3287 ,
1146 3223 1247 3277 tusi
1284 3222 1513 3278 caudam
1555 3235 1761 3280 tantum
1791 3243 1805 3281 :
1853 3228 1905 3283 id
1940 3239 2026 3284 est
2063 3245 2157 3284 eos

579 3316 753 3381 potuit
795 3314 1046 3367 obtinere
1074 3353 1089 3376 ,
1122 3314 1217 3382 qui
1256 3325 1403 3369 retro
1432 3317 1591 3385 positi
1620 3328 1779 3373 erant
1799 3360 1816 3383 ,
1837 3323 1935 3390 qui
1974 3322 2151 3377 ultimi

580 3406 973 3473 sequebantur,
1005 3420 1103 3460 nec
1132 3422 1195 3459 ea
1222 3424 1345 3475 qua:
1375 3420 1524 3463 retro
1549 3419 1711 3464 erant
1741 3412 2152 3481 obliviscentes,

577 3497 947 3550 extendebant
998 3513 1058 3552 se
1106 3500 1173 3553 ad
1207 3516 1270 3553 ea
1320 3501 1524 3568 quaein
1569 3509 1703 3555 ante
1754 3511 1900 3555 sunt.
1939 3503 2005 3557 Et
2034 3504 2156 3560 ideo

582 3597 712 3655 puto
752 3589 883 3657 quia
934 3590 1192 3644 Dominus
1234 3590 1580 3660 praxﬁpiebat
1620 3593 1679 3645 in
1724 3592 2035 3660 Evangeliis
2063 3596 2157 3650 di-

581 3694 711 3733 cens
736 3678 814 3733 “z
857 3699 876 3731 ι
911 3680 1077 3734 Nemo
1124 3682 1355 3734 mittens
1392 3696 1609 3735 malum
1641 3698 1795 3736 suam
1842 3700 2005 3753 super
2034 3702 2156 3741 ara-

584 3782 751 3833 trum,
780 3781 837 3825 et
870 3782 1016 3825 retro
1045 3772 1362 3840 respiciens,
1393 3782 1550 3839 aptus
1576 3783 1661 3827 est
1690 3789 1860 3842 regno
1890 3777 2001 3835 Dei.
2030 3797 2055 3831 ι
2094 3778 2158 3833 Et

585 3864 811 3918 merito:
842 3864 886 3918 si
910 3865 1060 3918 enim
1092 3874 1241 3918 retro
1267 3864 1391 3933 quis
1418 3864 1670 3919 iuventus
1693 3865 1857 3919 fuerit
1881 3868 1931 3921 in
1959 3871 2155 3937 cauda,

586 3958 870 4013 abscindat
895 3972 1015 4011 etuti
1040 3958 1284 4013 Amalec.
1310 3954 1495 4010 Sedet
1518 3956 1680 4011 aliain
1708 3959 1884 4013 adhuc
1902 3962 1973 4014 de
1996 3961 2159 4014 Ama-

578 4047 663 4102 lec
690 4049 972 4104 historiam
993 4049 1344 4118 proferamus
1363 4093 1378 4115 ,
1400 4060 1460 4106 ιιι
1487 4066 1553 4105 ex
1578 4050 1829 4120 pluribus
1858 4051 2158 4122 Scriptura)

586 4140 720 4195 locis
758 4140 965 4195 clarius
994 4143 1139 4209 quod
1182 4144 1482 4211 qumrbuus
1519 4144 1858 4197 advertatur.
1889 4143 1947 4197 In
1974 4144 2157 4213 primo

581 4231 893 4300 Regnortun
920 4233 1060 4287 libro
1090 4234 1167 4286 ait
1198 4234 1417 4288 Samuel
1452 4236 1519 4288 ad
1553 4235 1683 4289 Saul
1714 4235 1798 4291 ⁸⁵;
1838 4252 1858 4286 ι
1885 4235 2029 4290 Μίείι
2069 4251 2155 4289 me

587 4322 842 4378 Dominus
864 4340 1076 4393 ungere
1115 4334 1166 4379 te
1200 4341 1378 4395 regem
1402 4341 1571 4396 super
1599 4328 1854 4396 populum
1886 4343 2042 4380 suum
2075 4328 2156 4380 ls-

2261 3143 2377 3199 tes,
2413 3146 2578 3205 atque
2610 3137 2661 3191 in
2694 3137 2896 3191 ultimis
2930 3148 2984 3191 ct
3014 3138 3066 3192 in
3098 3138 3263 3192 cauda
3300 3139 3526 3205 positos,
3558 3138 3828 3193 abscindit

2258 3240 2356 3279 nos
2393 3236 2450 3280 et
2480 3228 2717 3295 perimit.
2763 3229 2827 3281 Et
2863 3230 2984 3283 ideo
3017 3230 3330 3283 tentandum
3366 3244 3584 3297 semper
3613 3230 3666 3282 in
3698 3239 3827 3283 ante

2257 3326 2369 3379 est,
2408 3328 2459 3370 et
2492 3318 2561 3371 ad
2596 3320 2809 3386 prepria
2842 3319 3223 3381 festinandum,
3256 3319 3368 3370 ium
3390 3329 3445 3371 et
3478 3321 3531 3371 in
3569 3322 3826 3373 verticem

2260 3408 2458 3461 montis
2488 3410 2889 3464 ascendendum
2917 3447 2933 3472 ,
2974 3418 3032 3461 et
3066 3423 3285 3475 semper
3327 3407 3567 3463 levanda:
3601 3420 3728 3463 sunt
3770 3410 3823 3463 iu

2256 3502 2603 3553 orationibus
2628 3503 2696 3554 ad
2723 3501 2921 3555 coelum
2953 3514 3168 3562 manus,
3202 3508 3259 3551 ut
3294 3500 3365 3552 ita
3395 3502 3616 3554 demum
3650 3503 3827 3557 vinca-

2260 3600 2345 3646 tur
2362 3592 2590 3646 Amalec
2621 3602 2677 3647 et
2708 3593 2886 3648 cadat.
2921 3592 3010 3649 Vis
3046 3605 3225 3649 autem
3252 3596 3397 3649 scire
3422 3596 3685 3663 qiioniam
3716 3610 3822 3649 non

2258 3684 2522 3738 transitur
2537 3684 2602 3738 ad
2623 3693 2820 3738 terram
2844 3694 3111 3749 sanetam,
3136 3701 3312 3755 neque
3329 3688 3646 3755 pervenitur
3660 3688 3725 3740 ad
3744 3703 3826 3742 rc-

2254 3789 2417 3842 gnum
2448 3813 2466 3839 ,
2510 3775 2612 3828 nisi
2674 3776 2823 3842 prius
2868 3775 3113 3830 vincatur
3159 3777 3381 3831 Amalec
3425 3778 3449 3830 ’ἐ
3493 3778 3660 3831 David
3700 3794 3823 3831 cum

2254 3867 2426 3919 multa
2450 3868 2589 3922 bella
2626 3866 2902 3936 gessisset,
2938 3878 2993 3921 et
3019 3877 3207 3923 contra
3248 3869 3558 3940 Atlophylos
3592 3870 3825 3925 fuissent

2248 3956 2416 4028 345
2441 3958 2488 4012 ei
2541 3957 2795 4012 acerrimi
2861 3956 3276 4028 frequentesque
3327 3959 3652 4023 conﬂictus,
3714 3974 3821 4012 non

2261 4056 2437 4100 tamen
2473 4046 2731 4101 scribitur
2755 4047 3060 4102 obtinuisse
3090 4064 3345 4117 regnum,
3376 4048 3485 4103 nisi
3518 4049 3670 4117 prius
3694 4050 3825 4102 edo-

2260 4140 2487 4194 muissct
2516 4140 2760 4193 Amalec.
2796 4140 2886 4193 Ait
2920 4140 3066 4194 cnim
3097 4140 3378 4210 Scriptura
3418 4140 3509 4194 “:
3548 4159 3567 4192 ι
3624 4140 3692 4195 Et
3740 4155 3827 4193 re-

2258 4246 2475 4300 gressus
2504 4242 2589 4286 est
2622 4232 2793 4286 David
2854 4245 3205 4303 posteaquam
3251 4233 3455 4288 cecidit
3506 4234 3748 4295 Amatec,
3771 4242 3826 4286 et

2259 4323 2501 4392 suscepit
2533 4339 2755 4393 regnum
2788 4324 2938 4387 Saul;
2975 4344 2995 4375 ι
3060 4340 3181 4379 cum
3235 4333 3414 4379 tamen
3449 4326 3561 4392 ipse
3606 4323 3828 4378 Amalec

591 4414 699 4468 rael
725 4454 741 4479 ,
770 4426 830 4470 et
863 4431 1006 4469 nunc
1035 4415 1160 4470 audi
1198 4430 1382 4470 vocent
1416 4418 1708 4471 verborum
1750 4417 1988 4471 Domini.
2032 4415 2154 4470 llaec
2190 4424 2233 4479 ι)
2265 4416 2607 4471 describatur
2636 4418 2834 4472 multas
2869 4420 3017 4486 prius
3048 4427 3262 4484 strages
3316 4418 3513 4472 fecisse
3540 4418 3596 4470 in
3631 4417 3828 4487 popqu

584 4509 715 4562 dicit
764 4509 1025 4565 Dauniuus
1080 4511 1336 4564 virtutum
1375 4528 1389 4563 :
1434 4510 1749 4580 ltecogitavi
1798 4509 1981 4564 omnia
2026 4523 2153 4577 qua:

584 4600 712 4654 fecit
748 4602 961 4656 Amalec
1007 4603 1292 4657 adversum
1324 4600 1531 4668 Israel,
1563 4604 1836 4672 querendo
1878 4604 2154 4669 percussit

576 4709 707 4745 cum
753 4692 806 4747 in
844 4695 927 4747 via
956 4710 1075 4748 cunt
1108 4697 1430 4751 ascenderet
1448 4712 1523 4751 aex
1561 4695 1815 4765 Egypto.
1845 4695 2153 4762 Nunccrgo

584 4780 756 4841 vade,
803 4788 856 4831 et
881 4789 1108 4847 percute
1152 4782 1375 4837 Amalec
1396 4822 1411 4846 ,
1448 4792 1507 4837 et
1535 4782 1935 4836 auatltematiza
1960 4788 2147 4835 onmia

582 4884 915 4940 utracunque
931 4872 1115 4935 habet,
1139 4882 1195 4927 et
1211 4889 1313 4927 non
1325 4888 1544 4942 pareas.
1563 4874 1657 4927 sed
1675 4873 1917 4928 interfice
1934 4889 2151 4942 Olltlles,

586 4979 613 5014 a
652 4963 770 5018 viro
798 4978 968 5032 usque
999 4965 1065 5018 ad
1096 4966 1379 5019 mulierem
1401 5003 1417 5029 ,
1448 4978 1505 5019 ct
1533 4964 1788 5033 parvulos
1812 5004 1825 5027 ,
1857 4976 1912 5018 et
1949 4965 2157 5020 lacteu-

587 5063 689 5120 tes,
719 5063 773 5107 et
808 5064 1013 5120 tauros,
1042 5068 1094 5109 et
1119 5072 1309 5127 greges
1347 5058 1551 5122 ovium,
1584 5066 1637 5111 et
1664 5057 1925 5121 camelos,
1954 5067 2008 5112 et
2044 5060 2154 5112 asi—

587 5164 701 5201 nos.
752 5147 817 5201 Et
847 5150 1101 5219 praecepit
1147 5152 1273 5205 Saul
1311 5152 1545 5221 populo,
1586 5162 1642 5206 et
1686 5151 1921 5219 inspexit
1957 5168 2052 5207 eos
2100 5154 2151 5206 in

2264 4505 2452 4567 Israel,
2482 4517 2541 4559 et
2571 4507 2732 4560 nrbes
2778 4523 2964 4561 eorum
3020 4508 3327 4562 incendisse
3380 4507 3824 4576 quattiplurimas.

2269 4595 2404 4651 Vere
2435 4597 2583 4651 enim
2610 4608 2741 4651 ante
2779 4600 3070 4653 adventui»
3126 4602 3236 4654 veri
3266 4599 3458 4665 David,
3523 4598 3664 4653 illius
3732 4601 3825 4666 qui

2258 4697 2425 4741 natus
2452 4697 2541 4741 est
2568 4704 2635 4740 cx
2664 4689 2875 4743 stati-ine
2902 4686 3070 4743 David
3096 4690 3393 4744 secundmn
3421 4689 3825 4751 carnem,mul-

2264 4787 2349 4833 tas
2374 4788 2587 4848 strages
2617 4780 2890 4849 spiritales
2914 4782 3230 4836 Amalecitae
3248 4822 3263 4847 ,
3294 4797 3415 4851 qua:
3440 4789 3563 4834 sunt
3597 4789 3826 4833 contra-

2265 4870 2361 4924 ria:
2390 4870 2640 4935 virtutes,
2712 4871 2956 4927 fecerunt
3002 4874 3055 4927 in
3109 4874 3303 4941 populo
3368 4871 3553 4926 Israel.
3619 4870 3723 4924 Sed
3770 4880 3827 4924 et

2264 4960 2435 5031 ipsius
2472 4963 2636 5017 David
2679 4964 3043 5032 captivarum,
3094 4964 3268 5030 inquit
3305 4962 3371 5025 ⁸⁷,
3418 4962 3550 5015 duas
3606 4975 3823 5014 uxores.

2266 5052 2509 5109 Judmum
2547 5066 2676 5124 puto
2704 5056 2963 5124 primum,
3000 5065 3053 5109 et
3082 5054 3379 5108 secundum
3439 5052 3688 5121 gentilcm
3736 5067 3828 5120 po-

2264 5151 2451 5218 pulum
2491 5151 2594 5205 dici
2629 5163 2644 5201 :
2680 5158 2737 5203 ct
2789 5146 3005 5202 Judzcos
3062 5149 3204 5199 cnitn
3261 5154 3316 5199 et
3365 5143 3591 5215 gentiles
3638 5158 3827 5198 omnes

657 5310 699 5342 "
736 5311 910 5367 Exod.
954 5327 1086 5376 xvn,
1113 5312 1168 5378 9,
1200 5312 1287 5379 10,
1319 5314 1403 5367 tl.
1479 5315 1524 5345 “
1555 5314 1663 5367 ibid
1696 5356 1710 5379 ,
1738 5315 1827 5375 Η,
1861 5316 1949 5378 15,
1992 5313 2077 5368 l6.

2256 5316 2383 5364 ient.
2411 5324 2536 5373 txv,
2568 5307 2658 5373 17,
2688 5306 2773 5361 18.
2851 5306 2897 5336 ⁸³
2929 5305 3056 5361 Luc.
3099 5320 3175 5369 ιχ,
3206 5301 3296 5357 62.
3369 5301 3461 5355 ⁵⁵1
3489 5301 3625 5372 Reg.
3655 5317 3741 5368 xv,
3778 5305 3825 5369 I,

588 5379 643 5444 2,
681 5380 734 5447 5,
768 5381 824 5447 4,
856 5382 916 5449 ’5,
958 5384 1011 5447 ti,
1042 5383 1093 5449 7,
1120 5382 1178 5449 8,
1210 5385 1261 5446 9,
1296 5385 1380 5451 10,
1412 5386 1501 5439 11.
1576 5385 1626 5417 ⁸⁸
1652 5383 1691 5438 ll
1727 5384 1857 5457 licg.
1882 5402 1921 5451 ι,
1954 5386 2002 5438 Ι.

661 5546 771 5617 (86)
806 5546 1001 5600 Deinde
1029 5546 1397 5614 interpretatur
1416 5562 1666 5599 peremto
1678 5563 1938 5602 contioni.
1961 5545 2001 5598 A
2030 5557 2165 5605 man

599 5634 616 5666 ι
656 5617 903 5677 absolvi,
951 5618 1214 5681 deiicere,
1272 5635 1287 5665 ι
1330 5626 1383 5670 ιιι
1422 5625 1508 5678 nu
1553 5636 1569 5667 ι
1611 5618 1775 5670 movit
1806 5634 1897 5683 se,
1948 5630 2158 5681 motus,

595 5697 896 5741 commotus
932 5687 1048 5740 fuit.
1080 5705 1097 5735 ι

2113 5386 2153 5416 ⁸⁷
2183 5386 2199 5439 I
2234 5384 2365 5448 Itcg.
2397 5396 2522 5442 xxx,
2555 5398 2602 5435 ν.
2638 5448 2647 5463 Ν

2343 5541 2454 5610 (87)
2485 5542 2661 5593 {Index
2692 5539 3037 5592 tlnrbciensis
3070 5558 3086 5589 ι
3115 5538 3404 5604 adjiciaris.
3438 5557 3457 5591 ι
3493 5535 3646 5610 Libb.
3678 5537 3829 5610 editi,

2276 5630 2294 5662 ι
2327 5613 2617 5679 dcjiciaris.
2646 5629 2663 5661 ι
2704 5610 2866 5662 l‘anlo
2892 5621 3011 5676 post
3040 5626 3168 5664 mss.
3202 5609 3397 5663 habent
3436 5626 3453 5659 ι
3484 5611 3550 5661 ab
3583 5609 3773 5662 Evilat.
3805 5623 3828 5659 υ

2271 5682 2424 5737 Ltbb.
2468 5683 2615 5743 editi,
2658 5698 2674 5730 ι
2708 5684 2772 5732 ab
2803 5680 2975 5749 l‘ljuia.
3019 5700 3035 5729 ι
