4086 6218
383 240 480 273 ’μδ-τ

392 240 483 295 2‘23
1831 238 2152 294 ORlCENlS

3537 240 3639 295 724

384 370 605 413 constat
640 359 740 413 sub
770 370 992 427 peccato
1034 358 1203 413 fuisse
1240 358 1546 413 conclusos.
1579 358 1683 413 Sed
1746 374 1852 411 non
1909 359 1959 411 in
1990 363 2035 417 Α
2066 358 2256 420 Israel,
2289 372 2413 410 cum
2448 357 2768 411 ascenderet
2811 357 2876 409 de
2906 357 3159 426 ngypto.
3196 376 3212 407 ι
3246 359 3316 410 lle
3370 358 3470 411 hoc
3512 373 3639 425 ergo

384 454 470 507 his
514 466 696 506 rerum
735 451 911 505 exitus
959 450 1181 504 mansit.
1237 451 1543 505 Adveniens
1591 451 1732 504 enim
1790 450 1957 503 David

380 542 504 595 andi
544 541 671 609 quid
709 539 893 593 faciat.
925 540 991 594 Et
1020 541 1249 603 invenit,
1293 542 1487 610 inquit,
1524 542 1686 594 David
1744 541 1956 608 (Μενετ-

377 646 468 687 sos
514 630 842 685 Amaiecitas
903 649 921 681 ι
982 632 1399 696 manducantes,
1468 642 1520 687 et
1576 632 1842 693 bibentes,
1906 640 1961 685 et

375 723 713 777 exsultantes
732 737 830 789 pro
855 721 1035 790 praeda
1058 738 1216 790 quam
1247 723 1583 777 abstulerant
1613 743 1626 778 :
1651 733 1705 777 et
1736 724 1955 783 cecidit,

378 814 579 882 inquit,
616 826 761 866 eosa
796 814 969 880 prima
1024 824 1181 867 nocte
1227 828 1398 882 usque
1452 817 1517 868 ad
1571 831 1846 885 vesperam
1904 816 1955 869 in

376 904 678 956 crastinum
711 904 777 955 ⁸⁸.
805 922 823 954 ι
848 904 916 958 Ει
943 913 1062 971 post
1103 904 1247 959 hanc
1278 905 1477 959 eandem
1507 907 1955 973 Amalecitarum,

378 1005 661 1061 regressus
690 994 928 1063 suscepit
970 1008 1219 1062 rrgnum.

444 1084 499 1135 εὶ.
537 1082 691 1138 Hunc
722 1098 854 1153 ergo
888 1086 1109 1139 Amalec
1136 1086 1329 1141 videns
1358 1086 1579 1141 Balaam
1612 1089 1754 1144 filius
1795 1090 1953 1153 Beor,

382 1176 544 1229 homo
584 1190 709 1229 vere
740 1177 950 1241 videns,
989 1180 1295 1233 etaudiens
1323 1182 1487 1235 verba
1527 1181 1641 1245 Dei,
1706 1184 1798 1251 qui
1855 1184 1958 1237 scit

379 1267 665 1320 scientiam
683 1267 918 1331 Excelsi,
946 1281 996 1324 et
1025 1272 1259 1327 visiones
1285 1272 1377 1326 Dei
1418 1274 1582 1340 videt,
1616 1284 1837 1344 accepta
1864 1290 1957 1342 pa-

380 1355 567 1410 rabola
605 1372 700 1410 sua
736 1358 900 1422 (sicut
934 1370 988 1414 et
1038 1362 1089 1415 in
1118 1363 1389 1431 prioribus
1425 1364 1725 1418 visionibus
1781 1367 1956 1431 serip-

375 1458 488 1499 tum
518 1447 650 1516 est),
681 1449 758 1501 ait
783 1449 828 1479 ⁸⁸
859 1471 869 1504 :
908 1471 923 1501 ι
956 1451 1167 1507 Initium
1216 1456 1711 1523 gentiumAmalee.
1760 1465 1815 1509 et
1870 1472 1955 1510 se-

374 1552 499 1591 men
532 1551 719 1591 eorum
752 1540 965 1607 peribit.
1009 1561 1025 1590 ι
1054 1544 1203 1607 Quod
1244 1543 1318 1596 ait
1349 1560 1361 1595 :
1406 1561 1422 1593 ι
1460 1543 1677 1597 Initium
1708 1545 1951 1613 gentium

371 1628 618 1690 Amalec,
658 1648 676 1681 ι
711 1643 917 1683 certum
963 1642 1044 1686 est
1077 1633 1204 1701 quia
1256 1634 1399 1687 nullo
1451 1644 1607 1702 pacto
1670 1636 1735 1688 ad
1800 1636 1949 1689 illum

2062 458 2117 501 et
2145 464 2284 501 nunc
2317 447 2542 510 dicitur,
2581 452 2706 516 quia
2764 448 2936 501 valida
2968 449 3040 502 sit
3091 447 3356 503 habitatio
3399 447 3538 516 ejus,
3591 449 3635 501 si

2061 549 2225 609 ponat
2264 540 2452 593 nidum
2485 557 2643 595 sttntn
2682 540 2732 592 in
2784 550 2952 603 petra.
3017 538 3173 593 Petra
3223 540 3473 592 Christus
3530 548 3633 592 est.

2061 633 2117 684 Si
2158 648 2285 701 ergo
2315 643 2476 699 ponat
2508 633 2689 684 nidum
2720 647 2877 685 suum
2916 633 2965 684 in
3006 642 3177 699 petra,
3217 629 3394 683 valida
3423 638 3505 682 est
3537 629 3635 683 ha-

2063 724 2252 777 bitatio
2282 725 2415 791 ejus,
2452 726 2495 779 si
2535 734 2846 778 tamennon
2880 723 2969 775 fiat
3009 724 3055 775 ei
3102 722 3239 774 Beor
3278 722 3433 775 nidns
3477 731 3631 775 astu-

2065 816 2170 867 tim.
2213 814 2373 878 Bcor,
2418 827 2571 884 pater
2593 826 2678 869 est
2708 814 2950 879 Balaam,
2996 814 3087 882 qni
3129 821 3311 880 potest
3353 813 3523 881 accipi
3580 814 3632 865 in

2062 921 2290 974 persona
2324 906 2711 961 hreretieorum
2742 924 2754 959 :
2793 916 2849 959 nt
2906 907 3008 959 hoc
3052 905 3159 958 dici
3192 906 3458 971 videatur,
3492 907 3632 974 quod

2060 997 2246 1050 salvus
2274 996 2443 1065 possit
2472 1011 2593 1050 esse
2632 996 2857 1058 Cincus,
2896 998 2939 1049 si
2975 1004 3140 1063 ponat
3173 995 3222 1048 in
3256 1006 3407 1063 petra
3449 997 3629 1048 nidum

2060 1103 2239 1151 suum,
2269 1089 2372 1140 hoc
2402 1096 2484 1140 est
2548 1088 2599 1140 in
2640 1086 2859 1140 Christo
2883 1085 3115 1140 collucet
3156 1100 3302 1155 Spem
3367 1101 3543 1149 suam,
3579 1097 3635 1138 et

2061 1196 2165 1233 non
2198 1196 2322 1232 eum
2358 1180 2732 1232 hari‘eticorum
2768 1180 3078 1233 circumdet
3126 1191 3179 1233 et
3213 1180 3632 1233 circumscribat

2058 1271 2279 1323 astutia.
2306 1269 2439 1324 Nam
2473 1272 2514 1325 si
2551 1272 2653 1325 hoc
2681 1271 2877 1335 fuerit,
2916 1271 3045 1324 nihil
3107 1272 3152 1325 ei
3193 1271 3435 1338 proderit
3490 1274 3629 1340 quod

2059 1362 2110 1413 in
2136 1371 2310 1429 petra,
2347 1362 2434 1428 qui
2467 1372 2549 1414 est
2581 1361 2831 1415 Christus
2856 1399 2870 1421 ,
2923 1361 3224 1414 collocatus
3277 1360 3509 1412 videtur.
3550 1361 3629 1413 Ab

2056 1454 2296 1523 Assyriis
2336 1454 2479 1505 enim
2510 1455 2757 1523 captivus
2814 1453 3063 1516 ducetur,
3112 1452 3367 1521 malignis
3424 1452 3632 1506 scilicet

2057 1545 2368 1606 virtutibus,
2411 1560 2529 1614 quze
2559 1560 2650 1599 eos
2689 1546 2937 1614 captivos
2961 1548 3187 1609 ducunt,
3215 1554 3267 1598 et
3300 1545 3352 1597 in
3394 1552 3629 1614 potesta-

2059 1645 2165 1689 tem
2188 1636 2485 1705 accipiunt,
2518 1652 2654 1705 quos
2696 1638 2981 1691 haereticus
3009 1652 3166 1690 error
3193 1636 3502 1690 invulverit.
3540 1636 3629 1690 Vi—

374 1718 467 1785 qni
504 1728 630 1772 tunc
662 1730 779 1773 erat
812 1722 862 1773 in
894 1737 1060 1775 carne
1088 1723 1330 1789 Amalec,
1373 1724 1563 1779 referri
1594 1726 1763 1793 possit
1800 1745 1813 1779 :
1855 1742 1947 1779 ne-
1982 1712 2020 1769 Β
2057 1731 2213 1782 detur
2251 1744 2383 1783 sane
2411 1732 2708 1784 secundum
2738 1730 2877 1783 hanc
2922 1729 3322 1797 expositionem
3356 1744 3513 1797 qnam
3559 1732 3626 1783 de

372 1823 479 1876 qne
504 1810 648 1863 enim
674 1811 883 1878 primus
918 1823 1036 1865 erat
1072 1814 1416 1879 antiquitatis
1444 1816 1654 1884 origine
1686 1832 1698 1867 :
1729 1817 1821 1870 sed
1879 1819 1945 1871 ad

377 1903 703 1958 invisibilem
734 1903 955 1958 Amalec
985 1906 1176 1959 melius
1209 1906 1465 1970 refertur,
1494 1908 1583 1974 qui
1610 1922 1636 1959 a
1670 1907 1946 1961 declinan-

370 1998 441 2049 do
472 1995 697 2063 populos
736 2012 763 2047 a
795 1995 926 2057 Deo,
958 2007 1014 2050 et
1068 1997 1316 2052 faciendo
1341 2000 1571 2066 gentiles
1602 2014 1663 2052 ex
1703 1998 1794 2053 Dei
1830 2001 1946 2052 cnl-

372 2085 604 2149 toribus,
634 2086 856 2139 Amalec
900 2089 1229 2141 nominatur.
1266 2088 1331 2141 Et
1380 2090 1499 2143 ideo
1537 2100 1685 2143 recte
1735 2090 1943 2144 initium

368 2178 608 2244 gentium
642 2179 862 2243 dicitur,
928 2183 1081 2248 quasi
1132 2181 1252 2234 talis
1292 2183 1538 2251 qnmdant
1575 2184 1747 2236 virtus
1806 2198 1941 2237 con-

368 2269 563 2335 traria,
603 2287 721 2341 quae
740 2273 912 2339 prima
954 2275 1164 2327 initium
1196 2274 1423 2336 dederit,
1460 2274 1785 2328 uthomines
1818 2290 1945 2342 gen-

373 2362 497 2413 tiles
518 2361 731 2427 fierent,
761 2366 1021 2417 mutando
1063 2383 1080 2416 ι
1117 2364 1342 2433 gloriam
1395 2365 1823 2433 ineorruptibilis
1852 2367 1942 2420 Dei

369 2452 421 2503 in
454 2452 864 2508 similitudinem
899 2456 1153 2526 imaginis
1178 2457 1555 2526 corruptibilis
1600 2457 1855 2522 hominis,
1894 2469 1946 2511 et

372 2542 672 2608 volucrum,
699 2554 752 2597 et
781 2547 1074 2614 pecudum,
1095 2558 1150 2601 et
1172 2548 1534 2613 serpentium,
1559 2556 1613 2599 et
1654 2549 1945 2601 serviendo

371 2641 636 2689 creatura:
659 2637 838 2703 potius
869 2653 1031 2706 quam
1062 2640 1295 2693 creatori
1329 2639 1393 2691 9°.
1434 2659 1451 2689 ι
1487 2637 1636 2692 Sient
1693 2640 1837 2693 enim
1893 2640 1942 2693 in

373 2724 570 2794 populo
601 2726 699 2780 Dei
748 2728 1010 2797 scriptum
1066 2738 1148 2783 est
1194 2730 1407 2783 initiunt
1447 2729 1718 2794 Christus,
1783 2730 1861 2783 sic
1915 2748 1945 2785 e

368 2818 647 2873 contrario
683 2820 734 2872 in
774 2821 970 2889 populo
995 2821 1085 2889 qui
1115 2821 1352 2876 declinat
1392 2836 1421 2874 a
1458 2823 1587 2883 Deo,
1644 2831 1697 2875 et
1722 2823 1940 2891 gentilis

368 2906 618 2974 eﬂicitur,
656 2909 866 2964 initium
915 2919 999 2966 est
1050 2912 1290 2967 Amalec.
1343 2932 1361 2963 ι
1395 2913 1461 2966 Ει
1514 2928 1699 2969 semen
1751 2929 1941 2969 eorum

366 3000 585 3070 peribit.
626 3019 644 3053 ι
691 3001 885 3056 Semen
912 3018 1103 3059 eorum
1139 3014 1222 3059 est
1249 3006 1548 3075 persuasio,
1579 3017 1634 3061 et
1665 3009 1934 3069 doctrina,

366 3108 470 3159 qua
495 3092 796 3148 docuerunt
834 3095 1079 3150 homines
1111 3097 1385 3151 declinare
1408 3114 1437 3151 a
1474 3100 1602 3153 Deo.
1640 3099 1784 3155 Istud
1806 3116 1934 3170 ergo

369 3198 549 3239 semen
588 3184 788 3239 malum
819 3196 871 3241 et
900 3187 1140 3242 doetrina
1177 3189 1430 3258 pessima,
1463 3207 1568 3245 non
1606 3192 1701 3260 ipsi
1734 3192 1786 3245 in
1820 3194 1940 3262 qni-

366 3275 468 3330 bus
500 3278 830 3331 seminatum
867 3289 969 3343 est,
1010 3279 1287 3347 peribunt.
1319 3279 1421 3350 Ipsi
1451 3284 1596 3336 enim
1640 3300 1762 3339 cum
1805 3300 1939 3340 con-

367 3368 507 3420 versi
551 3369 937 3437 ingemuerint,
980 3371 1114 3425 salvi
1155 3382 1334 3425 erunt.
1380 3373 1445 3426 Et
1488 3375 1611 3431 vide
1640 3378 1685 3431 si
1729 3393 1834 3432 non
1871 3386 1942 3430 ta-

364 3456 433 3511 lis
461 3461 731 3524 expositio
767 3461 935 3515 etiant
981 3462 1087 3517 illis
1122 3464 1513 3520 convenienter
1543 3468 1795 3533 obsistet,
1847 3469 1937 3538 qni

370 3546 537 3603 Deum
570 3550 701 3619 legis
735 3551 878 3605 velut
916 3553 1131 3606 duritiae
1170 3565 1223 3609 et
1264 3557 1606 3614 crudelitatis
1656 3570 1936 3623 accusant,

362 3640 454 3708 qui
482 3655 585 3694 non
619 3642 793 3694 solum
835 3654 1052 3711 gentem
1089 3646 1332 3714 Amalec,
1365 3652 1456 3703 sed
1486 3658 1542 3701 et
1594 3665 1780 3704 semen
1822 3651 1938 3719 ejus

365 3731 671 3799 pronuntiet
706 3734 1007 3801 periturmn
1045 3755 1057 3788 :
1094 3755 1216 3791 cum
1263 3756 1396 3808 gens
1424 3740 1642 3809 quidem
1686 3741 1751 3793 ad
1822 3745 1931 3811 spi-

359 3822 585 3878 rituales
625 3827 899 3895 nequitias
938 3826 1224 3894 referatur,
1263 3845 1446 3885 semen
1483 3847 1611 3885 vero
1662 3833 1778 3902 ejus
1838 3836 1935 3887 do-

360 3916 537 3970 ctrina
569 3920 1017 3988 superstitionum
1048 3922 1353 3989 gentilium.
1418 3934 1473 3977 et
1530 3925 1710 3979 cultus
1760 3925 1931 3979 idolo-

366 4022 506 4071 rum,
547 4018 709 4078 atque
733 4012 910 4065 omnis
941 4024 1089 4068 secta
1122 4031 1240 4083 quae
1296 4033 1324 4067 a
1376 4016 1482 4069 Deo
1543 4016 1792 4084 populum
1835 4016 1931 4069 de.-

359 4100 563 4155 clinare
594 4102 809 4170 suadet,
833 4116 1151 4173 exponatur.

430 4187 489 4243 5.
524 4190 925 4247 Commemorat
990 4205 1169 4249 autem
1206 4196 1485 4265 prophetia
1526 4206 1648 4265 post
1706 4196 1930 4252 Amalec

356 4278 583 4334 Cineum
617 4281 804 4338 dicens
825 4284 869 4318 ⁹¹
903 4303 915 4338 :
965 4303 982 4337 ‹
1031 4286 1097 4340 Ει
1128 4288 1316 4342 videns
1346 4286 1602 4351 Cineam,
1645 4301 1930 4343 assumens

2050 1818 2217 1871 Cineo
2248 1818 2539 1884 edidimus,
2575 1827 2623 1871 et
2652 1820 2961 1889 conjunctio
2994 1820 3361 1872 interturbare
3385 1833 3623 1872 sensum.

2053 1910 2156 1963 Sed
2184 1910 2461 1963 sciendum
2515 1919 2616 1974 est,
2660 1911 2803 1979 quod
2837 1911 3185 1964 vernaculum
3245 1919 3329 1964 est
3390 1908 3631 1962 Hebraea

2052 2003 2265 2069 linguae,
2300 2012 2348 2055 et
2385 2000 2764 2069 conjunctione
2793 2002 3107 2071 frequenter
3167 2002 3278 2067 uti,
3323 2002 3395 2054 ita
3451 2009 3509 2053 ut
3551 2000 3630 2051 in-

2055 2096 2262 2146 terdum
2294 2095 2552 2157 abundet,
2583 2104 2637 2147 et
2665 2095 2719 2148 in
2754 2110 2859 2149 non
2897 2096 3248 2156 necessariis,
3281 2094 3411 2146 utin
3440 2104 3623 2149 nostra

2050 2195 2271 2253 apparet
2302 2186 2506 2253 lingua,
2548 2187 2795 2241 videatur
2832 2189 3031 2241 inserta
3060 2198 3072 2233 :
3102 2187 3245 2255 quod
3288 2188 3474 2255 utique
3499 2203 3620 2241 cum

2052 2278 2205 2329 venia
2232 2278 2606 2346 accipiendum
2638 2291 2739 2335 est.
2786 2279 2956 2333 liabet
2986 2281 3128 2333 enim
3156 2294 3489 2349 unaquaeque
3517 2280 3587 2332 lin
3609 2309 3623 2321 -

2049 2382 2154 2434 gua
2182 2366 2385 2436 aliquid
2422 2370 2792 2437 proprietatis,
2824 2372 2966 2439 quod
3018 2376 3159 2439 apud
3216 2370 3351 2424 alias
3412 2371 3625 2439 linguas

2049 2458 2305 2513 vitiosum
2349 2459 2619 2515 videatur.
2650 2462 2713 2514 Et
2745 2462 2831 2517 hic
2859 2478 3012 2530 ergo,
3054 2473 3101 2515 et
3129 2462 3443 2528 coniunctio
3464 2462 3621 2530 quasi

2050 2549 2329 2603 abundans
2366 2552 2609 2605 habenda
2643 2564 2748 2616 est,
2782 2563 2833 2606 et
2889 2554 3178 2622 superﬂua.
3229 2554 3435 2607 Caveat
3494 2568 3623 2621 ergo

2053 2639 2277 2706 Cineas,
2312 2644 2401 2711 qui
2464 2645 2854 2713 interpretatur
2905 2646 3181 2713 possidens
3215 2644 3350 2715 (88),
3407 2653 3621 2706 caveat,

2048 2730 2292 2798 inquam,
2317 2734 2528 2787 etiamsi
2587 2736 2860 2803 possideat
2891 2774 2906 2799 ,
2938 2744 2991 2788 et
3044 2744 3420 2803 promereatur
3463 2733 3622 2785 istam

2046 2825 2300 2892 gratiam,
2328 2836 2385 2879 ut
2426 2826 2478 2879 in
2512 2825 2755 2880 Ecclesia
2790 2825 2991 2879 Christi
3035 2828 3141 2889 sit,
3177 2841 3243 2879 ne
3294 2824 3435 2879 forte
3473 2834 3621 2879 astu-

2050 2916 2120 2967 tia
2166 2915 2302 2968 Bcor
2332 2915 2728 2970 circumveniat
2755 2932 2875 2969 eum
2901 2954 2915 2977 ,
2948 2926 3003 2967 et
3036 2915 3269 2969 declinet
3305 2916 3369 2968 ad
3396 2915 3622 2981 dogma-

2048 3014 2099 3059 ta
2130 3021 2295 3074 prava
2366 3018 2419 3061 et
2447 3023 2724 3077 perversa,
2758 3018 2809 3061 cl
2836 3008 2904 3059 ob
2941 3006 3044 3060 hoc
3087 3008 3336 3059 tradatur
3362 3002 3616 3073 Assyriis.

2046 3099 2145 3165 Qui
2179 3101 2325 3153 enim
2362 3100 2739 3169 blasphetnant
2793 3100 2845 3152 in
2886 3098 3130 3153 Ecclesia
3174 3098 3357 3167 positi,
3394 3097 3613 3149 tradun-

2049 3197 2135 3241 tur
2167 3187 2407 3255 Satanae,
2440 3192 2578 3244 sicut
2601 3190 2894 3261 Phygellus
2924 3203 2978 3247 et
3003 3192 3368 3260 llermogeues
3398 3185 3530 3257 (89).
3553 3186 3618 3239 de

2043 3276 2236 3345 quibus
2273 3276 2471 3330 Pattlus
2496 3278 2623 3331 dicit
2661 3296 2672 3329 :
2712 3297 2730 3329 ι
2768 3282 2914 3345 Quos
2945 3281 3161 3344 tradidi,
3198 3281 3375 3348 inquit
3409 3279 3477 3342 ³³,
3519 3275 3620 3330 Sa-

2051 3377 2209 3432 tanae,
2244 3370 2539 3423 utdiscant
2564 3387 2666 3423 non
2699 3372 3092 3440 blasphemare.
3132 3392 3149 3423 ι
3196 3372 3487 3441 PrOpterea
3528 3385 3619 3422 er-

2042 3473 2109 3526 go
2133 3458 2374 3527 Assyriis
2408 3459 2662 3527 traditur,
2700 3462 2791 3529 qni
2827 3461 3179 3515 declinaverit
3226 3462 3278 3513 in
3304 3459 3621 3514 haereticam

2043 3552 2485 3619 blasphemiam:
2542 3552 2668 3621 quia
2731 3554 2941 3625 Assyrii
3000 3555 3433 3623 interpretantur
3486 3551 3621 3602 diri-

2040 3656 2220 3713 gentes
2260 3643 2370 3711 (90)
2419 3660 2430 3694 :
2476 3656 2533 3698 et
2569 3644 2638 3698 ob
2666 3645 2768 3699 hoc
2799 3646 3086 3699 traduntur
3131 3646 3210 3699 eis
3248 3644 3341 3712 qui
3392 3642 3619 3695 tradun-

2044 3744 2151 3799 tur,
2177 3751 2281 3788 non
2352 3746 2410 3789 ut
2476 3748 2721 3803 pereant,
2780 3753 2877 3793 nec
2934 3748 2992 3791 ut
3057 3738 3271 3805 penitus
3323 3736 3614 3797 intereant,

2038 3825 2204 3899 346
2230 3828 2323 3883 sed
2349 3838 2407 3882 ut
2448 3830 2772 3899 dirigantur,
2822 3843 2876 3884 et
2918 3830 3265 3896 corrigantur
3308 3844 3320 3878 :
3359 3836 3415 3879 et
3472 3825 3617 3879 sicut

2039 3915 2154 3983 ipse
2187 3917 2386 3972 Paulus
2427 3920 2576 3983 dicit,
2641 3936 2659 3968 r
2692 3929 2751 3973 ut
2780 3921 2992 3973 discant
3019 3936 3121 3972 non
3148 3918 3547 3987 blasphetnare.
3590 3933 3609 3965 ι

2108 4008 2160 4060 4.
2207 4010 2337 4064 Post
2374 4011 2488 4064 [nec
2521 4026 2647 4065 vero
2677 4010 2891 4064 Balaam
2927 4011 3229 4079 prephetiae
3251 4025 3359 4063 suae
3396 4023 3610 4063 sermo-

2039 4115 2160 4154 nem
2193 4101 2245 4154 in
2274 4102 2358 4155 his
2380 4102 2652 4156 concludit
2682 4103 2870 4156 dicens
2897 4103 2943 4133 ⁸⁸
2980 4121 2991 4155 :
3042 4122 3059 4153 ι
3104 4103 3167 4155 Et
3198 4110 3473 4170 assmnpta
3510 4116 3609 4169 pa-

2039 4191 2222 4244 raliola
2265 4207 2358 4246 sua
2386 4193 2518 4245 dixit
2559 4208 2570 4242 :
2606 4190 2650 4245 0
2690 4193 2811 4260 quis
2859 4194 3021 4257 vivet,
3072 4208 3195 4246 cum
3239 4193 3427 4247 fecerit
3498 4192 3612 4245 haec

2041 4281 2234 4336 Deus?
2290 4284 2355 4337 Et
2393 4284 2619 4337 exibunt
2658 4285 2723 4339 de
2764 4300 2923 4339 manu
2950 4282 3612 4353 Cithiorum,etaflligent

358 4373 672 4440 parabolam
705 4390 858 4430 suam
888 4378 1071 4433 dixit:
1112 4380 1297 4433 Valida
1355 4379 1620 4435 habitatio
1650 4390 1772 4444 tua,
1827 4382 1927 4435 etsi
1964 4408 2007 4462 ι)
2042 4375 2231 4441 Assur,
2266 4387 2319 4430 et
2345 4374 2582 4447 afﬂigent
2618 4376 2899 4441 Hebr-cos.
2943 4388 2996 4432 et
3052 4377 3148 4448 ipsi
3196 4380 3401 4446 pariter
3470 4376 3611 4444 peri-

359 4466 608 4530 posueris
648 4467 700 4521 in
740 4480 892 4535 petra
964 4472 1144 4524 nidmn
1217 4481 1390 4536 tuum,
1442 4474 1544 4528 etsi
1611 4474 1776 4529 fuerit
1832 4476 1928 4529 tibi

359 4558 498 4613 Beor
523 4558 680 4613 nidus
719 4562 951 4623 astutiae,
987 4563 1193 4631 Assyrii
1228 4564 1501 4630 captivum
1538 4574 1587 4619 te
1632 4566 1855 4618 ducent.
1907 4583 1925 4616 ι

358 4650 585 4704 Videtur
616 4650 746 4705 tuihi
778 4653 920 4720 quod
949 4651 1180 4707 Cineam
1223 4669 1330 4707 non
1373 4654 1531 4708 valde
1583 4654 1931 4723 cnlpabiliter

358 4743 623 4797 nominet.
660 4744 774 4811 Ipse
806 4753 883 4797 est
920 4744 1062 4798 enim
1089 4746 1174 4795 cui
1220 4755 1272 4797 et
1301 4744 1353 4797 in
1382 4746 1753 4814 superioribus
1785 4747 1931 4800 diee-

358 4840 447 4889 hat
474 4836 605 4890 Saul
647 4838 733 4890 ηε
780 4856 795 4886 ι
837 4837 1064 4892 Discede
1091 4838 1156 4892 de
1203 4838 1381 4893 medio
1421 4839 1661 4901 Amalec,
1719 4847 1773 4891 et
1824 4854 1928 4892 non

359 4933 663 4995 percutiam
706 4943 810 4985 te:
853 4933 977 5000 quia
1031 4941 1084 4985 tn
1146 4932 1325 4987 fecisti
1380 4933 1804 4987 misericordiam
1874 4932 1926 4985 in

431 5066 519 5119 ⁸⁸1
556 5068 689 5134 lteg.
735 5085 865 5131 xxv,
907 5070 971 5121 16
995 5082 1050 5125 ει
1105 5072 1191 5125 l7.
1287 5072 1330 5102 ’δ’
1364 5071 1518 5124 Num.
1562 5072 1823 5128 xstv.20.

357 5136 439 5188 "l
472 5140 611 5191 'l‘im.
644 5156 679 5201 l,
706 5140 795 5195 ‘20.
874 5143 919 5171 9"
958 5141 1111 5194 l\'nm.
1144 5159 1290 5208 xxrv,
1318 5143 1407 5207 25,
1436 5142 1525 5195 Ἡ.

429 5252 540 5320 (88)
592 5252 781 5343 Citieus
832 5254 922 5322 qui
974 5256 1345 5343 interpretatur
1394 5256 1693 5325 possidens.
1749 5256 1790 5309 A
1827 5267 1935 5343 mp

361 5339 379 5369 ι
412 5324 771 5391 υοιιιρθηνίι,
800 5325 1060 5390 possedit.
1100 5345 1117 5376 ι

428 5390 545 5459 (89)
565 5391 713 5446 Sicut
746 5393 1024 5462 Phygellns
1074 5405 1121 5447 et
1172 5393 1545 5462 Hermogenes,
1594 5407 1699 5448 etc.
1747 5396 1925 5451 Codex

352 5460 702 5532 Cnrbeiensis
732 5460 1016 5531 posteriori
1048 5466 1137 5517 sed
1164 5466 1350 5517 eadem
1373 5460 1540 5519 inanti
1566 5481 1726 5532 supra
1756 5469 1930 5520 aseri-

354 5541 503 5602 ptum
538 5530 698 5584 habet
718 5530 739 5591 ,⁷
764 5552 780 5581 ι
817 5536 956 5586 sicut
990 5532 1235 5586 Philetus
1261 5543 1315 5587 et
1344 5530 1736 5602 Hermogenes,
1770 5555 1789 5587 ι
1821 5548 1924 5590 etc.

357 5599 561 5673 Ilornm
593 5604 796 5653 mentio
826 5604 886 5654 fit
919 5602 958 5653 ll
987 5602 1124 5655 'l'im.
1154 5618 1205 5665 ι,
1246 5604 1304 5655 15
1335 5620 1347 5654 :
1405 5622 1421 5654 α
1457 5599 1576 5659 Scis
1605 5605 1727 5665 hoc,
1780 5608 1923 5673 quod

355 5672 531 5727 aversi
560 5679 685 5726 sunt
720 5686 748 5723 a
800 5686 882 5724 me
909 5688 1095 5725 omnes
1152 5675 1241 5741 qui
1272 5674 1322 5726 in
1350 5674 1471 5727 Asia
1503 5682 1619 5729 sunt
1643 5716 1656 5741 ,
1685 5692 1748 5727 ex
1799 5672 1920 5732 uui-

1919 5071 1964 5101 ”
1988 5069 2141 5123 ltum.
2177 5081 2215 5127 ι,
2242 5062 2331 5116 25.

2044 4470 2199 4522 bunt.
2232 4488 2249 4518 ι
2279 4468 2431 4535 Quod
2469 4486 2565 4538 per
2604 4470 2812 4540 singula
2855 4486 2947 4538 per
2983 4471 3295 4541 parabolam
3339 4469 3485 4538 loqui
3529 4470 3611 4523 di-

2040 4562 2181 4614 citur
2221 4559 2463 4626 Balaam,
2496 4561 2693 4633 legenti
2726 4564 3225 4633 incutitpudoretn,
3277 4579 3345 4617 ne
3391 4562 3520 4633 quid
3559 4562 3611 4616 in

2044 4654 2111 4707 iis
2153 4669 2273 4722 qua:
2312 4654 2586 4719 dicuntur,
2624 4671 2729 4708 non
2760 4658 2913 4725 quasi
2949 4658 2998 4709 in
3033 4656 3309 4726 parabola,
3362 4656 3457 4711 sed
3524 4670 3610 4709 se-

2041 4740 2275 4792 cundum
2307 4740 2539 4793 litteram
2566 4742 2767 4796 dictmn
2810 4754 2984 4813 putet.
3015 4746 3103 4799 Ait
3126 4762 3295 4813 ergo:
3343 4763 3362 4796 ι
3398 4744 3442 4799 Ο
3488 4746 3610 4814 quis

2039 4830 2201 4896 vivet,
2228 4847 2349 4884 enm
2390 4831 2577 4886 fecerit
2614 4835 2729 4890 haec
2762 4838 2941 4891 Deus?
2966 4859 2985 4890 ι
3020 4839 3118 4893 llic
3148 4842 3311 4892 vitam
3343 4855 3446 4892 non
3474 4840 3609 4891 hanc

2036 4938 2403 4979 communem.
2454 4928 2545 4979 sed
2587 4928 2730 4980 illam
2774 4931 3055 4993 nominat,
3122 4948 3242 4999 qua:
3304 4932 3606 4984 secundum

2434 5064 2473 5094 ⁹¹
2506 5062 2819 5129 NIHILXXIV,
2851 5067 2940 5128 ‘21,
2969 5067 3059 5119 ἐξ.
3156 5070 3199 5099 ³³
3231 5070 3245 5121 l
3280 5071 3408 5137 Heg.
3439 5084 3526 5127 XV.
3553 5070 3605 5123 6.

2033 5250 2137 5304 bus
2164 5253 2245 5298 est
2272 5242 2565 5314 Phygellus
2591 5253 2645 5296 ct
2674 5242 3059 5314 Hermogenes.
3092 5266 3108 5294 ι
3138 5248 3205 5299 At
3254 5247 3318 5299 de
3367 5247 3448 5300 his
3500 5266 3603 5302 non

2032 5318 2168 5372 dixit
2197 5313 2392 5367 Paulus
2417 5315 2692 5384 conceptis
2718 5313 2938 5369 verbis:
2972 5335 2987 5365 ι
3026 5331 3159 5384 quos
3203 5316 3394 5371 tradidi
3446 5320 3603 5370 Sata-

2032 5404 2135 5449 n:e,
2161 5395 2217 5437 ut
2244 5384 2462 5458 discant
2493 5383 3126 5458 _non__blaspl_temare,_r
3154 5387 3246 5441 sed
3296 5388 3362 5441 de
3404 5388 3596 5458 Hyme-

2032 5472 2149 5509 nzeo
2178 5463 2232 5508 et
2258 5453 2595 5507 Alexandro.
2623 5453 2760 5507 Vide
2784 5456 2801 5508 l
2828 5455 2970 5507 Tim.
3002 5471 3039 5515 l,
3068 5456 3158 5508 9.0.

2100 5526 2212 5604 t90)
2250 5523 2454 5608 Assyrii
2482 5524 3280 5608 interpretanturemissariis.A
3299 5532 3459 5583 verbo
3476 5538 3601 5608 ’πλε

2028 5593 2172 5664 (ιιιὸιι
2198 5595 2249 5649 in
2276 5593 2427 5649 Pihel
2456 5593 2727 5664 signiticet
2767 5613 2785 5647 ι
2826 5596 3046 5662 direxit,
3073 5598 3247 5651 duxit.
3287 5617 3305 5649 ι
