4086 6218
439 385 546 440 725

1605 377 1667 430 IN
1705 372 2034 432 NCMEROS
2071 371 2355 426 ll0.\lll.l.\
2388 371 2503 428 XX.

3583 371 3692 426 7‘26

441 504 610 560 Deum
642 509 724 555 est
751 519 763 555 :
790 510 844 555 et
883 500 984 555 hoc
1004 507 1086 555 est
1121 497 1261 568 quod
1316 497 1486 560 dicit,
1543 499 1667 565 quia
1721 512 1840 550 cum
1899 497 2013 549 haec
2043 502 2086 555 Α
2119 496 2267 564 lapsu
2298 503 2498 556 motus,
2538 490 2628 544 sed
2665 488 3069 557 perseverantia
3129 489 3477 557 perduratus.
3535 487 3692 551 Quod

440 595 619 652 omnia
650 593 800 657 fient,
823 607 946 647 cum
981 593 1191 647 orietur
1219 601 1425 645 astrmn
1469 607 1532 644 ex
1572 589 1757 654 Jacob,
1792 598 1848 642 et
1889 603 2013 640 sur-

442 687 648 743 rexerit
675 685 837 740 homo
863 700 927 738 ex
967 684 1154 750 Israel,
1180 692 1234 737 et
1266 684 1530 738 deleverit
1580 682 1819 744 Amalec,
1840 689 1894 734 et
1922 693 2011 733 se-

443 795 566 833 men
622 775 741 845 ejus
793 775 1090 844 perdiderit
1143 791 1158 827 :
1215 770 1325 829 hoc
1371 784 1490 833 est.
1545 789 1669 828 cum
1734 772 2013 826 advenerit

439 866 716 931 Christus,
748 874 802 918 et
857 864 1127 918 idolorum
1188 865 1396 919 cultum
1451 864 1808 926 destruxerit,
1851 871 2012 930 atque

437 954 682 1010 omnium
703 956 1009 1008 daemonum
1065 953 1357 1020 subiecerit
1383 963 1728 1022 potestatem,
1761 951 1882 1020 quis
1908 951 2011 1004 erit

439 1047 528 1103 ille
560 1057 666 1101 tam
695 1047 910 1110 beatus,
947 1057 1050 1100 tam
1083 1045 1211 1100 felix
1244 1046 1333 1114 qui
1372 1046 1485 1098 haec
1513 1046 1730 1108 videat;
1773 1045 1873 1098 hoc
1906 1053 2006 1104 est,

439 1139 530 1208 qui
567 1139 790 1204 sentiat,
823 1148 876 1192 et
919 1137 1205 1206 intelligat,
1235 1147 1289 1191 et
1325 1139 1512 1190 credat.
1565 1137 1708 1203 quod
1767 1136 1880 1188 hate
1939 1136 2011 1188 ita

441 1229 630 1283 fecerit
665 1229 847 1283 Dens?
876 1247 894 1279 ι
933 1227 996 1281 Ει
1024 1227 1251 1283 exibunt
1281 1231 1346 1283 de
1393 1229 1642 1282 manibus
1684 1227 2010 1287 Cithiorum,

439 1329 493 1372 ct
528 1316 762 1388 afﬂigeut
795 1319 1070 1388 Assyrios.
1109 1339 1126 1370 ι
1161 1319 1321 1374 Cithii
1386 1318 1819 1386 interpretantur
1855 1317 2009 1383 plaga

435 1407 558 1475 ﬁnis
613 1407 746 1480 (91).
779 1407 842 1462 lli
885 1424 1015 1479 ergo
1049 1410 1551 1479 quiconvertuntur
1573 1407 1638 1460 ad
1677 1408 1866 1467 Demn,
1899 1414 1949 1456 et
1982 1421 2007 1456 a

435 1505 656 1561 Christo
683 1504 908 1568 eruditi,
940 1506 1152 1573 plagam
1188 1519 1310 1572 qua:
1349 1504 1400 1557 in
1435 1504 1540 1556 fine
1601 1501 1780 1554 surculi
1830 1500 2009 1566 impiis

438 1597 641 1660 veniet,
683 1595 974 1666 effugiunt,
1007 1595 1106 1662 ipsi
1139 1592 1372 1662 afﬂigcnt
1417 1593 1702 1664 Assyrios;
1748 1594 1848 1646 hoc
1905 1602 2008 1656 est,

437 1687 520 1742 his
546 1688 636 1756 qui
671 1688 721 1740 in
755 1702 930 1756 agone
961 1683 1181 1754 pietatis
1219 1684 1378 1753 positi
1401 1694 1549 1750 sunt,
1585 1693 1826 1737 conteret
1855 1684 2007 1737 Sata-

437 1794 564 1832 nam
598 1779 738 1833 Deus
761 1779 863 1832 sub
896 1777 1143 1847 pedibus,
1171 1776 1270 1844 ipsi
1331 1774 1569 1846 amEgent
1599 1775 1874 1845 Assyrios,
1905 1780 2011 1828 dte-

2116 586 2256 640 enim
2280 585 2540 654 scriptum
2572 592 2652 636 est
2677 583 2720 615 9"
2754 599 2766 638 :
2808 599 2826 632 ι
2871 581 2980 649 Ego
3005 580 3186 634 vivere
3241 579 3457 642 faciam,
3520 579 3688 633 dedu-

2115 692 2234 730 cam
2267 676 2318 729 in
2354 674 2627 729 infernum
2655 683 2708 729 ct
2743 673 3022 734 reducam,
3062 690 3080 723 ι
3118 671 3303 726 nescio
3339 671 3380 724 si
3409 675 3679 739 generali-

2117 779 2199 824 ter
2233 783 2422 823 omnes
2448 768 2697 836 aspiciat,
2728 783 2795 820 an
2821 768 2888 820 ad
2916 780 3010 820 eos
3039 773 3242 818 tantum
3274 779 3410 832 quos
3443 763 3687 832 deceptio

2117 860 2310 916 diaboli
2345 860 2532 914 deduci
2572 859 2698 913 fecit
2728 860 2781 912 in
2819 867 3070 912 mortem.
3126 856 3247 910 llam
3273 855 3436 908 etiam
3467 855 3531 909 de
3565 854 3689 907 ulti-

2118 969 2202 1007 ma
2232 953 2448 1006 Balaam
2507 951 2787 1021 prophetia
2859 968 2887 1004 a
2941 950 3094 1005 nobis
3153 965 3248 1018 pro
3293 947 3501 1002 viribus
3547 948 3686 1002 dicta

2114 1048 2244 1110 sint,
2275 1061 2393 1115 quae
2418 1062 2514 1115 pro
2555 1045 2793 1100 locorum
2826 1043 3140 1097 difﬁcultate
3190 1040 3512 1110 explanandi
3577 1056 3690 1091 ma-

2114 1138 2217 1206 gis,
2251 1154 2412 1208 quam
2444 1139 2733 1209 perorandi
2778 1138 2904 1192 stilo
2955 1135 3161 1204 placuit
3210 1134 3490 1202 explicari.
3549 1134 3691 1199 Quid

2113 1231 2255 1282 enim
2308 1231 2531 1285 interest
2571 1231 2864 1285 dummodo
2920 1230 3100 1284 omnia
3156 1228 3219 1282 ad
3266 1226 3684 1282 :edilicaliuucm

2115 1322 2392 1385 dicantur,
2428 1332 2479 1375 ct
2511 1323 2692 1375 omnia
2730 1323 2795 1374 ad
2826 1322 3056 1390 gloriam
3093 1321 3181 1374 Dei
3215 1319 3350 1372 flant
3376 1360 3390 1384 ,
3451 1320 3542 1386 qui
3610 1329 3690 1371 est

2116 1409 2431 1465 benedictus
2466 1413 2517 1465 in
2554 1412 2748 1465 sarcula
2775 1413 3120 1466 szeculorum.
3154 1412 3344 1464 Amen.

2682 1524 2962 1580 HOMILIA
3007 1523 3121 1578 XX.

2117 1619 2190 1672 De
2219 1637 2276 1672 c0
2304 1622 2394 1688 qui
2430 1620 2725 1687 fornicatus
2773 1629 2848 1671 est
2903 1620 2954 1670 in
2991 1617 3395 1688 dludiimitide,
3446 1627 3490 1666 rt
3550 1613 3687 1682 quod

2371 1686 2707 1742 consecratus
2742 1698 2812 1741 est
2839 1687 3060 1755 papulus
3090 1686 3426 1754 Beclplicgor.

2189 1783 2235 1835 Ι.
2272 1782 2454 1836 Lectio
2511 1782 2670 1835 hodie
2728 1781 2954 1834 recitata
3029 1789 3132 1845 est,
3190 1779 3420 1847 primani
3471 1777 3689 1846 quidem

438 1885 658 1924 monum
695 1869 902 1925 scilicet
937 1877 1177 1940 gentem.
1212 1867 1510 1924 Calcabunt
1550 1884 1784 1938 namque
1847 1883 2011 1938 super
2045 1865 2083 1919 Β
2117 1873 2396 1928 historiam
2421 1875 2708 1929 continens
2743 1875 2807 1927 de
2866 1873 3226 1928 fornicatione
3275 1871 3377 1924 viri
3435 1869 3690 1924 lsraelitm

436 1970 740 2028 serpentes,
783 1968 837 2014 et
864 1959 1202 2028 scorpiones,
1233 1967 1287 2012 et
1319 1973 1483 2027 super
1512 1973 1725 2013 onmem
1757 1959 2009 2013 virtutem

443 2053 670 2115 inimici,
709 2060 763 2107 et
791 2051 1025 2122 alﬂigcnt
1055 2066 1166 2104 eos.
1201 2050 1452 2120 Aflligent
1477 2051 1757 2118 llebrwos,
1792 2061 1847 2105 et
1909 2052 2009 2121 ipsi

443 2144 650 2212 pariter
679 2141 951 2211 peribunt.
1001 2143 1209 2198 llebrmi
1261 2153 1596 2196 transeuntes
1647 2144 2009 2212 interpretan-

437 2245 522 2287 tur
557 2235 687 2306 (92).
721 2234 826 2289 Iste
849 2249 978 2305 ergo
1009 2236 1121 2304 ipse
1173 2235 1403 2306 populus
1431 2237 1594 2290 etiam
1637 2235 1894 2291 Hebraeus
1927 2237 2010 2292 di-

435 2329 597 2390 citur,
625 2327 750 2396 quia
787 2328 999 2380 transiit
1038 2328 1105 2381 de
1147 2327 1378 2398 {Egypto
1431 2329 1495 2381 ad
1563 2337 1766 2383 terram
1832 2345 2014 2400 repro-

433 2419 728 2480 missiOuis,
766 2419 834 2472 de
873 2419 1114 2474 tenebris
1139 2421 1205 2474 ad
1243 2421 1443 2485 lucem,
1477 2421 1543 2475 de
1585 2432 1760 2476 morte
1810 2411 1878 2476 ad
1929 2425 2010 2479 vi-

433 2521 569 2564 tam.
615 2507 720 2564 Sed
762 2512 1041 2578 quoniam,
1074 2520 1133 2565 ut
1159 2512 1416 2577 diximus,
1457 2512 1572 2566 hcce
1602 2529 1706 2567 non
1736 2514 1854 2568 sine
1883 2529 2010 2583 ago-

434 2619 523 2671 ne,
585 2619 683 2659 nec
734 2606 854 2660 sine
899 2620 1095 2673 magno
1142 2605 1444 2660 certamine
1501 2606 1698 2674 poterit
1741 2607 2006 2675 obtinere,

431 2697 584 2764 quasi
619 2696 671 2750 in
701 2711 870 2766 agone
905 2698 1112 2766 positus
1139 2711 1282 2750 nunc
1315 2694 1524 2766 aflligit,
1558 2713 1699 2750 nunc
1733 2694 2006 2769 affligitur,

434 2801 492 2844 et
521 2806 665 2845 nunc
688 2792 847 2845 caedit
877 2790 1272 2853 adversarium,
1308 2805 1452 2845 nunc
1493 2791 1604 2860 ipse
1652 2791 1721 2843 ab
1751 2793 2006 2844 adversa-

435 2883 515 2934 rio
549 2883 888 2936 verberatur.
948 2881 1201 2951 Affligent
1248 2897 1377 2951 ergo
1434 2883 1597 2936 etiam
1641 2883 1738 2949 ipsi
1801 2883 2008 2953 Assyrii

437 2973 707 3035 llebrzros,
749 2974 848 3028 hoc
884 2984 965 3027 est
995 2974 1252 3042 pOpttlttttt
1295 2973 1530 3038 Domini,
1573 2973 1711 3027 sicut
1760 2973 2006 3043 affligun-

401 3050 406 3056 ’
438 3078 522 3117 Ittt‘
545 3067 612 3119 ab
646 3067 763 3119 eis:
802 3067 894 3119 scd
935 3065 1055 3135 ipsi,
1085 3066 1135 3118 id
1168 3075 1274 3130 est,
1311 3065 1538 3136 Assyrii,
1566 3081 1687 3118 cum
1715 3066 1827 3119 haec
1862 3067 2011 3119 fece-

436 3162 568 3219 rint,
606 3167 659 3210 et
689 3174 812 3211 cum
845 3157 989 3211 vires
1022 3172 1149 3212 suas
1190 3172 1383 3212 omnes
1424 3173 1550 3226 erga
1585 3157 1840 3213 llehrteos
1875 3157 2010 3212 affli-

2110 1975 2165 2020 et
2196 1966 2439 2022 mulieris
2460 1966 2824 2022 Madianitidis
2853 1985 2866 2032 ;
2903 1966 3194 2020 secundam
3225 1979 3352 2018 vero
3388 1964 3454 2017 de
3487 1963 3693 2017 visione.

2113 2058 2312 2128 populi,
2367 2060 2418 2112 in
2471 2074 2577 2128 qua
2622 2059 2896 2113 numerari
2950 2059 3147 2112 iterum
3179 2058 3401 2126 jubetur
3446 2071 3508 2111 ex
3546 2073 3688 2122 prm-

2112 2158 2270 2219 cepto
2317 2148 2559 2214 Domini,
2620 2151 2672 2204 in
2735 2150 2948 2204 irritum
3005 2149 3214 2204 scilicet
3276 2158 3529 2201 revocato
3577 2147 3690 2216 (93)

2113 2241 2292 2309 priore
2322 2257 2570 2306 numero,
2623 2249 2842 2311 propter
2891 2249 3110 2310 peccata
3149 2255 3268 2308 qua:
3309 2239 3691 2293 commiserant.

2114 2332 2172 2396 ii,
2223 2333 2312 2402 qui
2347 2330 2496 2402 prius
2528 2331 2745 2386 fuerant
2793 2331 2892 2385 sub
2927 2331 3136 2384 numeri
3201 2329 3520 2384 definitione
3566 2347 3691 2383 Cett-

2117 2424 2228 2477 siti.
2259 2423 2524 2478 Cassatur
2553 2439 2682 2494 ergo
2709 2433 2759 2477 et
2787 2423 2840 2477 in
2898 2422 3111 2476 irritum
3141 2421 3428 2476 deducitur
3471 2438 3532 2475 ex
3565 2438 3688 2490 pec-

2113 2516 2252 2569 catis
2315 2530 2572 2570 numerns
2617 2515 2706 2583 qui
2747 2513 2985 2583 scriptus
3014 2523 3100 2567 est
3140 2521 3233 2567 :et
3271 2523 3478 2567 tantmn
3512 2514 3691 2569 valcut

2112 2607 2332 2670 delicta,
2367 2615 2546 2660 utnec
2577 2606 2678 2659 hoc
2710 2606 2883 2674 prosit
2910 2605 3053 2675 quod
3081 2603 3133 2658 in
3179 2620 3404 2659 numero
3428 2607 3550 2674 quis
3597 2607 3690 2660 ha-

2117 2696 2260 2750 bitus
2287 2697 2356 2750 sit
2409 2695 2550 2764 apud
2603 2697 2792 2757 Deum,
2846 2710 2968 2748 cum
3015 2693 3387 2750 declinaverit.
3447 2697 3574 2761 Sed,
3633 2708 3692 2751 ut

2113 2786 2390 2857 Scriptura
2426 2788 2587 2841 refert
2617 2828 2630 2851 ,
2665 2787 2826 2841 etiam
2876 2796 3026 2840 artus
3079 2802 3265 2841 eorum
3301 2787 3393 2856 qui
3453 2804 3690 2843 recesse-

2116 2889 2239 2932 rtmt
2270 2895 2297 2932 a
2330 2881 2456 2942 Deo,
2487 2880 2802 2933 ceciderunt
2837 2879 2888 2931 in
2937 2879 3176 2932 deserto.
3237 2877 3363 2932 Dua:
3393 2893 3523 2946 ergo
3565 2891 3692 2934 sunt

2117 2970 2380 3036 historice,
2407 2985 2527 3039 quae
2558 2971 2796 3023 recitata:
2823 2980 2950 3024 sunt
2991 2988 3003 3022 :
3030 2971 3122 3024 sed
3157 2985 3254 3024 nos
3281 2970 3349 3024 de
3377 2972 3550 3039 prima
3609 2973 3691 3026 in-

2117 3065 2298 3126 terim,
2328 3079 2449 3132 quae
2493 3063 2910 3119 fornicationem
2941 3063 3118 3133 populi
3155 3063 3432 3129 describit,
3468 3065 3509 3118 si
3563 3067 3691 3133 quid

2115 3157 2402 3212 orantibus
2451 3159 2608 3212 vobis
2644 3157 2901 3211 Dominus
2951 3157 3141 3225 gratiae
3195 3155 3510 3225 dignabitur
3555 3172 3692 3224 pra:-

437 3254 641 3320 geudos
677 3249 985 3314 effuderint,
1025 3250 1202 3302 statim
1234 3251 1398 3302 etiam
1432 3250 1530 3316 ipsi
1562 3251 1833 3318 peribunt.
1857 3252 2008 3319 Quod
2039 3219 2081 3275 θ
2115 3255 2286 3310 stare,
2329 3247 2597 3302 dicemus.
2632 3247 2687 3300 Si
2723 3262 2853 3302 vero
2897 3247 3013 3316 ipse
3069 3247 3438 3308 concesserit,
3486 3245 3689 3314 aliquid

435 3357 564 3409 ergo
599 3342 698 3404 ait,
734 3359 752 3392 ι
787 3351 836 3393 et
874 3339 1109 3410 afﬂigent
1148 3340 1424 3407 llebrzeos,
1460 3351 1514 3394 et
1545 3341 1643 3410 ipsi
1677 3342 2014 3410 pariterper-

439 3430 595 3485 ibunt
631 3451 642 3485 :
689 3451 704 3480 ι
748 3446 852 3484 ιιοιι
906 3431 980 3483 ita
1040 3432 1414 3499 accipiendum
1453 3442 1559 3496 est,
1601 3432 1754 3501 quasi
1808 3432 2010 3501 pariter

436 3533 556 3571 cum
585 3517 822 3574 Hebraeis
853 3521 1108 3590 peribunt
1139 3531 1191 3574 et
1220 3522 1429 3591 Assyrii
1466 3538 1478 3572 :
1520 3523 1615 3576 sed
1667 3523 1890 3592 pariter,
1957 3523 2009 3576 id

436 3619 542 3676 est,
573 3612 755 3665 statim
793 3622 848 3666 ut
875 3613 988 3666 hate
1017 3611 1266 3675 fecerint,
1303 3623 1356 3666 et
1395 3612 1652 3668 Hebraeos
1698 3613 2008 3679 afflixerint,

435 3703 602 3755 etiam
633 3702 734 3772 ipsi
758 3703 1031 3772 peribunt.
1054 3703 1266 3755 Pariter
1296 3717 1424 3772 ergo
1448 3703 1672 3759 Graecus
1702 3719 1884 3759 sermo
1914 3719 2010 3774 pro

435 3794 610 3847 statim
637 3794 807 3862 ponit.
849 3793 948 3848 llic
975 3809 1106 3864 ergo
1146 3792 1252 3848 erit
1285 3793 1409 3847 finis
1438 3794 1680 3849 omnium
1702 3836 1717 3862 ,
1744 3804 1804 3849 ut
1835 3804 1890 3849 et
1908 3796 2011 3850 As-

435 3899 547 3948 sur,
579 3887 665 3939 cui
703 3888 1058 3941 tradebantur
1088 3889 1140 3942 hi
1195 3889 1286 3958 qui
1314 3886 1696 3955 delinquebant
1721 3902 1783 3940 ex
1815 3889 2010 3955 populo

435 3975 553 4042 Dei,
583 3979 667 4032 vel
695 3980 746 4032 in
772 3980 1048 4034 interitum
1092 3982 1299 4047 carnis,
1333 3990 1392 4034 ut
1437 3982 1664 4049 Spiritus
1695 3981 1879 4037 salvus
1911 3982 2006 4036 fie-

436 4077 537 4130 ret,
589 4069 676 4123 vel
730 4079 788 4124 ut
843 4071 1116 4126 discerent
1177 4087 1282 4125 non
1337 4072 1752 4141 blasphemare,
1813 4073 2006 4142 peribit

434 4159 596 4213 etiam
622 4162 737 4230 ipse
767 4162 835 4217 ab
869 4177 932 4217 eo
955 4203 970 4227 ,
1026 4163 1117 4233 qui
1157 4173 1478 4232 potestatem
1512 4162 1671 4218 habet
1701 4166 1926 4232 perdere
1957 4167 2006 4220 in

434 4254 764 4318 gehennam.
829 4252 1048 4307 Dicetur
1108 4255 1254 4308 enim
1303 4255 1384 4308 eis
1439 4267 1469 4306 a
1510 4253 1655 4320 iusto
1702 4256 1884 4322 judice
1910 4256 2004 4310 ”:

441 4358 460 4392 ι
492 4341 567 4395 Ite
591 4343 644 4395 in
663 4343 839 4409 ignem
866 4354 1152 4410 :eternum,
1178 4360 1336 4414 quem
1367 4347 1576 4414 paravit
1604 4344 1744 4401 Deus
1771 4347 2006 4414 diabolo,

437 4442 491 4487 et
521 4435 730 4503 angelis
753 4435 889 4503 ejus.
928 4454 949 4487 ι
990 4436 1061 4490 lbi
1091 4453 1220 4505 ergo
1246 4438 1445 4505 peribit
1474 4439 1666 4492 Assur.
1705 4439 1768 4492 Et
1791 4441 2006 4508 quidem

2112 3340 2276 3394 etiam
2339 3339 2405 3393 de
2452 3340 2690 3393 secunda
2763 3339 3078 3407 contingere
3146 3337 3490 3392 audebimus.
3552 3356 3570 3387 ι
3625 3337 3692 3392 Et

2112 3430 2419 3500 applicuit,
2475 3431 2652 3500 inquit
2695 3432 2764 3498 ",
2829 3429 2992 3485 Israel
3042 3430 3108 3484 ad
3160 3429 3360 3493 Sattin,
3413 3439 3468 3484 et
3515 3432 3690 3499 pullu-

2115 3533 2202 3576 tus
2251 3532 2336 3577 est
2383 3522 2640 3592 populus,
2671 3533 2726 3578 et
2772 3523 3070 3576 fornicatus
3121 3530 3202 3575 est
3252 3521 3304 3573 in
3360 3519 3692 3584 filiasMoab.

2112 3624 2167 3669 et
2223 3613 2587 3668 invitaverunt
2629 3629 2722 3669 cos
2771 3615 2836 3667 ad
2903 3611 3173 3667 sacrificia
3228 3611 3497 3666 idolorum
3561 3629 3692 3666 suo-

2114 3719 2279 3768 rum,
2331 3713 2386 3759 et
2453 3705 2806 3758 manducavit
2864 3703 3095 3774 populus
3137 3702 3203 3757 de
3271 3703 3556 3756 sacriliciis
3599 3719 3692 3758 eo-

2115 3811 2254 3859 rum,
2284 3805 2336 3850 et
2378 3796 2744 3851 adoraverunt
2772 3795 2914 3850 idola
2954 3811 3140 3850 eorum
3169 3835 3182 3859 ,
3233 3805 3286 3849 et
3332 3805 3689 3849 consecratus

2111 3894 2194 3938 est
2253 3885 2581 3955 Bcelpltegor
2613 3924 2627 3948 ,
2678 3895 2732 3938 et
2781 3885 2954 3938 iratus
3002 3894 3087 3939 est
3137 3883 3320 3938 furore
3366 3883 3528 3955 347
3580 3884 3686 3939 Do-

2113 3977 2288 4028 minus
2357 3985 2545 4031 eontra
2617 3976 2800 4030 Israel.
2855 3994 2874 4026 ι
2939 3976 2993 4028 lu
3046 3976 3130 4030 his
3171 3976 3471 4029 osmuditur
3537 3976 3688 4044 illud,

2111 4066 2252 4134 quod
2315 4081 2458 4135 saepe
2515 4067 2956 4130 memoravimus,
3013 4065 3139 4136 quia
3191 4065 3406 4120 Balaam
3478 4075 3692 4134 postea-

2111 4169 2271 4225 quam
2337 4157 2431 4210 Dei
2492 4156 2692 4209 virtnte
2736 4156 3086 4219 constrictus,
3140 4169 3247 4209 non
3314 4165 3397 4209 est
3455 4157 3689 4224 permis-

2111 4263 2206 4303 sus
2244 4247 2573 4303 maledicere
2622 4248 2810 4312 Israel,
2859 4248 3044 4302 volens
3094 4258 3272 4302 tamen
3324 4247 3538 4316 placere
3577 4248 3688 4316 regi

2113 4339 2334 4405 Balach,
2373 4340 2449 4393 ait
2487 4339 2552 4394 ad
2581 4355 2704 4395 eum
2741 4342 2882 4393 sicut
2926 4339 3186 4408 scriptum
3232 4348 3316 4392 est
3344 4338 3390 4370 ”
3433 4356 3446 4391 :
3481 4358 3498 4390 ι
3535 4339 3687 4401 Veni,

2112 4433 2397 4487 consilium
2421 4436 2489 4487 do
2521 4432 2638 4487 tibi.
2665 4450 2682 4483 ι
2712 4431 2780 4486 Et
2811 4431 2940 4500 quid
2969 4430 3179 4485 consilii
3211 4431 3444 4495 dederit,
3479 4432 3551 4485 ibi
3583 4449 3688 4485 non

437 4525 598 4592 periit
625 4525 913 4593 aliquando
942 4537 996 4581 et
1049 4545 1152 4581 una
1187 4529 1306 4583 ovis
1339 4543 1402 4582 ex
1445 4539 1662 4584 centum
1699 4533 1890 4586 ovibus
1921 4533 2004 4587 9‘:
2046 4558 2088 4612 ο
2119 4526 2395 4597 apparuit,
2425 4529 2478 4582 in
2507 4527 2901 4598 posterioribus
2925 4536 3103 4581 tamen
3136 4527 3310 4596 ipsius
3343 4528 3462 4581 libri
3489 4525 3692 4581 Nume-

436 4617 529 4670 sed
560 4617 698 4671 hanc
727 4633 876 4672 ovem
909 4631 1093 4688 pastor
1126 4620 1321 4684 bonus,
1347 4620 1548 4676 relictis
1594 4624 1882 4692 nonaginta
1912 4639 2009 4679 no—

435 4722 555 4760 vem
591 4709 641 4760 in
669 4710 962 4776 montibus,
997 4712 1334 4766 descendens
1369 4714 1434 4765 ad
1465 4713 1656 4768 vallem
1707 4716 1847 4769 hanc
1881 4731 2008 4772 nos-

438 4809 598 4856 tram,
648 4797 838 4851 vallem
890 4799 1278 4870 lacrymarum,
1333 4812 1385 4856 et
1449 4803 1734 4871 requirens
1775 4805 2003 4872 invenit,

435 4897 597 4954 atque
621 4887 928 4956 impositam
960 4891 1200 4945 humeris
1237 4892 1350 4946 suis
1377 4896 1696 4962 reportavit,
1728 4906 1783 4949 et
1811 4896 1883 4950 illi
1907 4914 2008 4950 nu-

434 4991 584 5032 mero
615 4979 704 5046 qui
732 4979 785 5031 in
823 4981 1193 5048 superioribus
1221 4981 1404 5038 salvus
1433 4987 1708 5048 manebat,
1735 4987 2001 5056 adjunxit.

435 5063 540 5122 late
568 5078 749 5123 autem
781 5071 956 5125 Assur
975 5072 1065 5141 qui
1099 5073 1150 5126 in
1187 5073 1296 5127 fine
1319 5079 1560 5130 omnium
1615 5079 1814 5132 dicitur
1860 5083 2005 5148 peri-

434 5168 607 5223 turus,
641 5162 824 5216 nescio
855 5163 899 5216 si
949 5163 1242 5232 aliquando
1268 5177 1361 5219 aut
1390 5169 1557 5235 qttust'i
1596 5171 1764 5236 possit
1797 5184 1887 5223 :ntt
1925 5172 2007 5225 in-

435 5251 654 5306 veniri:
693 5255 856 5321 periit
885 5256 1030 5308 enim
1068 5272 1174 5310 non
1232 5272 1438 5323 errore,
1488 5261 1582 5314 sed
1630 5261 1856 5328 judicio,
1907 5279 2007 5318 nec

503 5390 550 5422 ”
579 5389 769 5466 Matth.
787 5409 929 5466 μιν,
948 5394 1035 5448 Al.
1110 5398 1156 5430 ⁸⁸
1180 5397 1310 5453 Luc.
1353 5413 1438 5466 xv,
1459 5397 1512 5464 6,
1535 5399 1587 5453 7.

435 5475 586 5528 xxiv,
618 5462 706 5517 Η.
784 5463 799 5493 ¹
832 5463 1001 5534 Apoc.
1028 5481 1090 5531 ιι,
1123 5467 1211 5524 Η.

439 5556 442 5559 Ι
503 5580 804 5652 (91)οἱιήὶὶ
833 5583 1246 5650 interpretantur
1271 5595 1430 5637 PLAGA
1446 5585 1661 5640 FINIS.A
1699 5598 1814 5647 nm
1856 5607 1872 5640 ι
1910 5599 1996 5642 tu-

429 5652 533 5773 ἴξιιί
579 5653 860 5713 contrivit,
900 5672 918 5705 ι
948 5665 1001 5708 et
1028 5662 1168 5712 DDI'l
1204 5672 1222 5704 ι
1258 5654 1497 5718 absolvi,
1544 5661 1824 5726 compleri,
1877 5677 1998 5729 per-

451 5736 500 5774 ιε
529 5760 544 5774 .
579 5739 598 5773 ι

507 5791 618 5853 t92l
650 5791 1690 5864 Hebrtctmanswunasinterpretantur.
1740 5796 1784 5850 A
1835 5800 1998 5854 verbo

1665 5401 1709 5432 ⁹⁷
1739 5401 1892 5457 Deut.
1923 5418 2095 5467 xxxii,
2125 5403 2214 5469 30;
2245 5403 2337 5458 ctl
2374 5405 2503 5475 Reg.
2533 5422 2592 5468 ιι,
2621 5405 2670 5458 6.

2121 4635 2302 4674 rorum
2363 4621 2624 4690 scriptum
2670 4621 2927 4675 refertur.
2962 4619 3069 4674 Sed
3116 4620 3330 4688 plenius
3362 4621 3413 4672 in
3457 4618 3691 4673 ReVela-

2118 4714 2267 4767 tione
2300 4711 2548 4780 Joannis,
2605 4714 2696 4768 ubi
2760 4714 2832 4767 ita
2885 4713 3246 4769 continetur:
3285 4731 3304 4764 ί
3361 4711 3557 4773 Habes,
3609 4712 3692 4764 in-

2116 4805 2234 4874 quit
2269 4806 2308 4871 ¹,
2349 4805 2422 4860 ibi
2451 4807 2739 4874 quosdam,
2771 4808 2862 4874 qui
2903 4815 3088 4860 tenent
3118 4806 3419 4860 doctrinam
3448 4805 3688 4867 Balaam,

2115 4896 2205 4963 qui
2239 4896 2424 4952 docuit
2468 4896 2691 4962 Balach,
2725 4908 2785 4951 ut
2823 4899 3062 4951 mitteret
3103 4895 3417 4951 scandalum
3471 4896 3522 4948 in
3559 4909 3690 4947 con-

2115 5001 2304 5058 spectu
2330 4991 2560 5044 filiorum
2591 4991 2770 5052 Israel,
2798 4998 2856 5042 ut
2885 4986 3276 5042 manducarcnt
3313 4988 3470 5043 idolis
3503 4988 3689 5041 immo~

2113 5083 2242 5149 lata,
2279 5093 2333 5138 et
2363 5085 2789 5138 fornicarcntur.
2823 5103 2841 5136 ι
2881 5083 2957 5137 Ex
2988 5083 3088 5138 hoc
3126 5099 3256 5152 ergo
3288 5089 3512 5152 apparet
3540 5080 3686 5150 quod

2118 5177 2353 5246 nequitia
2388 5194 2517 5232 usus
2546 5179 2617 5233 sit
2644 5178 2882 5244 Balaam,
2915 5191 2969 5234 et
3000 5177 3284 5232 consilium
3311 5178 3520 5231 dederit
3550 5178 3684 5243 regi,

2117 5270 2242 5322 talia
2282 5271 2525 5339 qumdam
2563 5272 2748 5326 dicens
2777 5274 2842 5325 ad
2873 5288 2995 5326 cum
3023 5269 3287 5340 :Populus
3313 5269 3401 5323 hic
3432 5285 3534 5321 non
3565 5283 3686 5336 pro-

2751 5406 2793 5438 ’⁸
2822 5408 2977 5461 Νιιιιι.
3003 5423 3124 5473 xxv,
3155 5409 3204 5472 l,
3234 5405 3290 5469 2,
3317 5407 3370 5461 5.
3449 5403 3494 5436 ’⁸
3523 5402 3684 5458 Num.

2105 5597 2221 5651 ’πξῖ
2251 5604 2268 5637 ι
2309 5583 2577 5641 transivit.
2614 5604 2631 5636 ι

2181 5656 2469 5726 (95)Mss.,
2523 5673 2539 5706 ι
2577 5664 2847 5712 revocato.
2883 5675 2898 5706 ι
2958 5657 3110 5710 Libb.
3161 5656 3329 5718 editi,
3390 5672 3408 5706 ι
3453 5657 3687 5711 «ιονυειιο

2112 5736 2185 5781 ιυ.
2215 5747 2232 5779 ι
