4086 6218
432 340 531 394 727

1890 342 2209 398 OllICENlS

3592 342 3695 397 728

432 460 567 528 priis
591 460 820 520 viribus,
849 471 938 509 seu
961 457 1126 510 Deum
1164 458 1388 515 colendo
1408 460 1673 525 vincit,et
1697 462 2013 530 pudicitiam
2045 468 2087 521 Α
2121 462 2299 515 clesim
2327 460 2608 529 cujusdam
2639 464 2884 521 scribens
2916 466 3048 521 dicit
3078 467 3131 520 3:
3159 484 3178 518 ι
3215 464 3393 518 llabes
3441 462 3514 517 ibi
3537 478 3695 531 quos-

431 550 828 606 r-onservando.
865 546 921 601 Si
956 547 1037 601 vis
1062 562 1187 601 eum
1218 549 1457 613 vincere,
1491 550 1667 620 primo
1696 567 1881 605 eorum
1917 566 2015 620 pu-

433 642 680 698 dicitiam
717 638 911 708 dejice,
946 648 1000 694 et
1023 649 1213 709 sponte
1245 642 1551 696 vincemur.
1588 643 1695 699 Sed
1725 643 2014 697 adversum

431 736 549 790 haec
575 749 683 789 non
713 734 916 789 virtute
948 735 1204 800 militum,
1231 738 1325 789 sed
1362 736 1651 791 mulierum
1678 738 1875 792 decore
1910 751 2015 804 pu-

433 824 706 893 gnandutu
738 833 843 888 est,
883 840 981 879 nec
1024 836 1359 879 armatorum
1418 828 1629 897 vigore,
1658 828 1751 882 sed
1786 827 2013 881 mollitie

435 915 783 970 feminarum.
835 915 1029 970 Procul
1073 933 1264 972 amove
1297 928 1630 973 armatorum
1678 934 1919 983 manum,
1960 928 2015 973 et

431 1006 663 1060 electam
698 1022 967 1077 congrcga
1003 1009 1239 1078 speciem
1270 1011 1602 1081 puellarum,
1631 1011 1882 1066 ludentes
1918 1026 2012 1080 pe-

434 1098 594 1153 dibus
622 1109 772 1163 eant,
807 1100 1167 1170 manibusque
1212 1102 1535 1171 plaudentes
1580 1121 1592 1155 :
1629 1104 1800 1158 forma
1843 1102 2013 1157 vincit

435 1198 697 1255 armatos,
740 1190 944 1244 ferrum
996 1193 1351 1260 pulchritudo
1406 1196 1671 1265 captivat,
1725 1196 2013 1249 vincentur

436 1281 621 1349 specie
647 1282 737 1349 qui
770 1297 875 1336 non
919 1284 1209 1339 vincuntur
1236 1288 1443 1355 prndio.
1480 1288 1677 1342 Verum
1705 1289 1792 1343 ubi
1820 1303 2012 1344 sense-

435 1373 546 1426 rint
578 1387 673 1427 eos
711 1376 969 1430 mulieres
1004 1376 1330 1434 Moabitides
1364 1381 1441 1432 vel
1470 1379 1853 1434 Madianitides
1898 1396 2011 1433 ma-

436 1479 543 1518 nus
579 1464 797 1521 dedisse
818 1466 1052 1533 libidini,
1086 1480 1140 1523 et
1175 1481 1398 1540 peccato
1421 1471 1711 1525 inclinasse
1732 1476 1996 1535 cervices,

432 1570 541 1609 non
576 1557 724 1623 prius
756 1558 1080 1627 semetipsas
1126 1560 1465 1630 cupientibus
1505 1562 1801 1630 prarbeant,
1847 1575 2009 1630 quam

434 1642 503 1697 de
538 1645 823 1700 sacrificiis
872 1646 1141 1701 idolorum
1178 1649 1553 1717 acquieverint
1584 1650 1874 1717 degustare
1905 1665 1918 1701 :
1954 1658 2013 1703 ut

433 1742 663 1803 cogente
702 1736 952 1801 libidine,
982 1739 1228 1793 consiliis
1254 1742 1629 1807 obtemperent
1658 1740 2007 1805 feminarum,

2120 551 2268 617 dam,
2304 554 2396 623 qui
2427 562 2613 607 tenent
2665 553 2969 609 doctrinam
2996 554 3236 621 Balaam,
3262 555 3355 624 qui
3386 554 3569 608 docuit
3593 553 3696 608 Ba-

2121 641 2239 695 lach
2272 644 2491 700 mittere
2510 644 2898 701 scandalumin
2927 654 3218 716 conspectu
3247 645 3480 699 filiorum
3508 645 3693 711 Israel,

2118 745 2175 786 nt
2208 737 2605 791 manducarent
2633 735 2910 791 immolata
2942 737 3124 802 idolis,
3153 746 3207 791 et
3232 735 3689 790 fornicarentur.»

2119 825 2263 895 Ergo
2287 828 2621 896 temporibus
2644 826 2871 882 Joannis
2894 829 3148 898 ,apostoli
3193 838 3353 883 erant
3379 826 3596 895 quidam
3640 828 3692 881 in

2113 918 2353 973 Ecclesia
2374 919 2467 973 illa
2495 920 2560 974 ad
2591 936 2753 990 quam
2780 922 3079 984 scribebat,
3110 921 3367 975 docentes
3390 920 3692 977 doctrinam

2114 1009 2352 1064 Balaam.
2409 1009 2652 1066 Putasne
2682 1012 2753 1065 ita
2785 1010 3159 1080 accipiendum
3195 1021 3280 1067 est
3307 1012 3449 1080 quod
3497 1011 3696 1065 fuerint

2116 1101 2167 1155 in
2209 1103 2315 1157 illis
2337 1103 2526 1159 diebus
2554 1104 2647 1173 qui
2677 1103 2919 1159 dicerent
2948 1120 3007 1159 se
3037 1105 3233 1159 docere
3250 1119 3311 1157 ea
3327 1119 3445 1173 qua:
3475 1104 3692 1158 Balaam

2117 1194 2322 1259 docuit,
2360 1204 2416 1249 et
2446 1195 2536 1264 qui
2567 1194 2957 1263 proﬁterentur
2988 1211 3047 1250 se
3085 1196 3395 1263 dogmatum
3433 1204 3488 1249 et
3527 1196 3693 1247 tradi-

2114 1287 2322 1340 tionum
2355 1287 2501 1342 illius
2528 1302 2649 1341 esse
2684 1288 2977 1342 doctores?
3023 1287 3107 1341 An
3144 1287 3272 1341 illud
3317 1288 3496 1355 potius
3524 1286 3691 1341 debe-

2113 1394 2232 1433 mus
2265 1380 2571 1444 advertere,
2603 1382 2745 1445 quod
2776 1379 2819 1433 si
2858 1378 2982 1446 quis
3018 1380 3184 1433 faciat
3219 1393 3355 1448 opus
3389 1379 3529 1448 quod
3569 1378 3694 1432 fecit

2124 1469 2369 1535 Balaam,
2393 1471 2440 1524 is
2472 1472 2778 1525 doctrinam
2814 1469 3030 1525 Balaam
3059 1472 3259 1526 docere
3292 1469 3565 1524 videatur?
3588 1468 3697 1522 Sic-

2116 1570 2173 1617 ut
2231 1564 2391 1618 etde
2436 1564 2683 1618 doctrina
2732 1562 2953 1622 Jezabel
3011 1568 3063 1621 in
3100 1566 3291 1620 eadem
3340 1561 3693 1617 Revelatione

2111 1666 2469 1720 memoratur,
2500 1671 2603 1710 non
2642 1660 2782 1727 quod
2828 1660 3026 1728 aliquis
3067 1675 3136 1715 ex
3169 1656 3453 1726 discipulis
3476 1652 3690 1709 Iezabel

2116 1747 2305 1800 doceat
2335 1762 2455 1817 qua!
2486 1748 2574 1801 illa
2625 1750 2934 1813 tradiderit,
2968 1752 3059 1805 sed
3110 1751 3247 1818 quod
3292 1752 3336 1802 si
3362 1748 3505 1816 quis.
3537 1746 3688 1800 verbi

434 1832 488 1874 et
519 1833 914 1879 consecrentur
936 1826 1085 1895 prius
1126 1827 1478 1895 Beelphegor,
1511 1830 1654 1898 quod
1687 1841 1769 1884 est
1807 1830 2006 1883 idolum
2047 1813 2088 1868 Β
2120 1852 2305 1901 causa,
2340 1813 2432 1891 aut
2462 1840 2759 1909 prophetas
2786 1841 2876 1895 Dei
2905 1813 3285 1909 persequatur,
3327 1813 3392 1893 ut
3419 1838 3505 1891 illa
3539 1837 3691 1902 fecit,

433 1912 809 1983 turpitudinis.
835 1912 959 1969 Haec
986 1916 1204 1971 fuerunt
1234 1920 1463 1973 consilia
1503 1918 1723 1974 Balaam
1763 1939 1775 1974 :
1813 1923 2011 1990 quibus

433 2004 678 2073 acceptis
716 2020 809 2058 rex
847 2005 1045 2061 Balach
1089 2018 1245 2075 parat
1274 2010 1536 2064 continuo
1569 2012 1867 2065 exercitum
1907 2027 2010 2065 non

432 2094 603 2151 armis
634 2095 901 2160 virilibus,
950 2098 1043 2150 sed
1104 2098 1344 2153 femineo
1408 2101 1587 2155 nitore
1629 2104 2007 2172 compositum,

433 2202 540 2241 non
577 2190 759 2243 furore
788 2188 1006 2255 bellico,
1039 2189 1134 2243 sed
1170 2190 1405 2246 libidinis
1428 2191 1641 2246 ﬂamma
1667 2208 2010 2249 succensum.

430 2275 642 2332 Nullam
685 2278 923 2334 refrenat
950 2281 1143 2348 pudor,
1176 2279 1374 2332 nullam
1399 2281 1643 2350 prohibet
1667 2283 2009 2337 verecundia.

432 2371 599 2423 Amor
626 2371 815 2438 patriae
855 2380 911 2425 et
936 2370 1129 2424 vitium
1165 2371 1343 2439 gentis
1373 2372 1689 2443 conspirant
1730 2375 1934 2442 pariter
1958 2375 2009 2427 in

434 2458 737 2527 lasciviam,
762 2472 816 2517 et
846 2464 913 2517 ad
949 2462 1327 2532 decipiendum
1361 2466 1524 2534 proba
1565 2466 1780 2520 exsistit
1813 2467 2012 2537 impro-

438 2553 599 2607 bitas.
632 2554 739 2608 Pro
766 2555 939 2621 nefas,
976 2560 1061 2611 vix
1089 2558 1411 2627 prohibetur
1444 2558 1609 2613 libido
1634 2558 1808 2628 legum
1829 2560 2009 2623 minis,

436 2645 524 2699 vix
578 2646 743 2715 gladii
805 2659 1017 2706 terrore
1062 2652 1407 2723 reprimitur!
1461 2652 1586 2718 quid
1642 2651 1862 2705 sceleris
1905 2667 2009 2705 non

437 2748 729 2806 perpetret,
771 2741 859 2796 ubi
901 2741 1143 2799 facinore
1195 2761 1293 2799 suo
1360 2744 1674 2814 placituram
1719 2759 1777 2797 se
1819 2744 2011 2797 mulier

439 2832 550 2902 regi
588 2833 841 2897 credidit,
863 2846 915 2889 et
938 2838 1168 2891 salutem
1205 2837 1394 2906 patriae
1416 2836 1802 2904 quaesituram?
1831 2837 2011 2905 Capti-

438 2934 635 2979 vantur
656 2939 786 2995 ergo
816 2926 1095 2995 Israelitte,
1125 2944 1234 2983 non
1267 2928 1431 2993 ferro,
1466 2929 1561 2983 sed
1594 2928 1744 2993 luxu,
1774 2942 1873 2983 nec
1897 2928 2009 2982 vir-

439 3027 571 3083 tute,
597 3019 689 3072 sed
720 3017 966 3084 libidine,
998 3032 1051 3075 et
1083 3021 1425 3076 fornicantur
1458 3021 1509 3074 in
1534 3018 1785 3075 mulieres
1807 3019 2011 3073 Madia-

438 3107 659 3176 nitidas,
686 3122 735 3164 et
769 3111 846 3164 ira
883 3111 977 3167 Dei
1016 3114 1249 3183 insurgit
1276 3128 1438 3182 super
1466 3127 1578 3167 eos.
1615 3112 1755 3167 Sunt
1794 3111 2008 3181 quidem

439 3201 493 3255 in
525 3200 592 3256 iis
617 3212 671 3257 et
711 3205 949 3275 mystica
980 3206 1249 3275 quaedam,
1297 3217 1461 3273 atque
1498 3205 1775 3260 interioris
1810 3205 2011 3259 intelli-

435 3297 635 3366 gentia:
670 3306 879 3352 secreta
908 3317 922 3352 :
953 3298 1046 3352 sed
1072 3313 1172 3352 nos
1215 3298 1389 3366 primo
1417 3300 1529 3367 ipse
1566 3299 1805 3353 historiae
1837 3307 2015 3353 textus

435 3387 692 3453 tedilicet,
729 3400 789 3443 ut
830 3392 1107 3445 discamus
1155 3406 1222 3445 ex
1271 3391 1397 3455 hoc,
1444 3393 1700 3459 quoniam
1751 3390 2015 3446 adversus

438 3494 542 3534 nos
570 3478 885 3549 jaeulantur
930 3483 1033 3536 tela
1077 3482 1327 3540 luxuriae.
1371 3484 1476 3537 Sed
1513 3485 1556 3537 si
1587 3484 1747 3537 nobis
1778 3498 1885 3537 non
1918 3482 2013 3536 de-

436 3574 549 3625 sint
576 3587 750 3637 arma,
793 3575 991 3643 quibus
1026 3589 1123 3628 nos
1172 3575 1370 3628 armari
1424 3573 1579 3643 jubet
1634 3575 1930 3645 Apostolus
1971 3577 2013 3638 ’,

438 3662 746 3733 huiusmodi
782 3667 960 3737 jaeula
992 3683 1090 3723 nos
1120 3669 1400 3722 terebrare
1432 3683 1538 3721 nou
1574 3678 1849 3737 poterunt,
1876 3668 1917 3721 si
1947 3668 2017 3722 sit

437 3758 599 3813 nobis
628 3758 795 3814 lorica
840 3758 1093 3828 justitim,
1139 3762 1182 3817 si
1214 3761 1513 3816 habeamus
1555 3760 1762 3829 galeam
1802 3759 2013 3822 salutis,

437 3858 493 3905 et
536 3851 777 3921 gladium
835 3852 1084 3921 spiritus,
1122 3869 1290 3923 super
1324 3852 1507 3907 omnia
1540 3860 1750 3905 scutum
1783 3850 1928 3912 fidei,
1964 3863 2015 3905 et

435 3938 664 3995 calceati
691 3939 863 3995 simus
892 3944 1057 4010 pedes
1092 3943 1143 3995 in
1173 3942 1572 4011 praeparatione
1598 3940 1869 4011 Evangelii
1918 3956 2015 4009 pa-

436 4031 537 4086 cis.
577 4032 682 4086 Ista
708 4042 1003 4086 suntarma
1031 4049 1152 4101 qua!
1183 4050 1282 4089 nos
1310 4033 1610 4087 defendunt
1634 4034 1687 4087 in
1707 4033 2015 4101 hujusmodi

436 4122 615 4178 bellis.
641 4124 697 4178 Si
734 4136 914 4179 autem
943 4125 1068 4179 talia
1098 4140 1246 4179 arma
1266 4126 1608 4194 projicimus.
1636 4126 1816 4178 statim
1841 4124 2013 4178 Ιοιτυιιι

436 4213 709 4269 diabolico
743 4215 960 4270 vulneri
993 4217 1185 4271 danms
1213 4216 1348 4289 (94),
1381 4224 1437 4271 et
1470 4215 1711 4284 captivos
1742 4230 1839 4269 nos
1865 4214 2015 4268 ducit

433 4308 614 4364 omnis
647 4308 952 4364 daemonum
987 4311 1229 4365 chorus:
1256 4322 1422 4381 atque
1451 4309 1520 4365 ob
1558 4308 1662 4363 hoc
1693 4308 1773 4362 ira
1812 4306 1906 4362 Dei
1935 4306 2015 4359 in-

434 4402 613 4471 surgit
643 4417 947 4473 supernos,
978 4413 1165 4459 etnon
1215 4405 1390 4461 solmu
1428 4404 1481 4458 in
1525 4401 1778 4473 praesenti
1816 4399 2015 4456 saeculo

2120 1941 2212 1984 aut
2247 1930 2312 1984 ad
2352 1931 2489 1986 idola
2520 1934 2732 2002 aliquos
2767 1933 3024 2002 decipiat,
3058 1936 3137 1987 vel
3171 1932 3323 1986 falsis
3347 1929 3691 1985 circumscri-

2121 2023 2400 2089 ptionibus
2426 2026 2660 2094 perimat
2706 2027 3045 2091 innocentes,
3082 2026 3183 2079 iste
3229 2023 3447 2080 Jezabel
3479 2023 3692 2077 dicetur

2123 2124 2307 2170 tenere
2354 2118 2677 2172 doctrinam.
2729 2117 2788 2173 Si
2840 2133 2971 2187 ergo
3006 2118 3204 2185 aliquis
3255 2116 3413 2169 malis
3450 2114 3691 2169 consiliis

2121 2206 2433 2259 scandalum
2485 2219 2715 2275 generet
2762 2208 2957 2277 populo
2993 2208 3107 2269 Dei.
3143 2217 3197 2260 et
3226 2205 3578 2259 offensionem
3609 2203 3693 2256 di-

2122 2299 2321 2363 vinam,
2359 2309 2519 2368 atque
2546 2300 2880 2355 iracundiam
2910 2300 3187 2355 caelestem
3228 2307 3480 2367 provocet
3528 2295 3689 2365 plebi,

2121 2390 2201 2443 vel
2243 2390 2511 2444 idolorum
2552 2390 2841 2445 sacrificiis
2871 2388 3343 2450 comnmnicando,
3379 2386 3463 2441 vel
3492 2386 3691 2454 stupris

2121 2490 2213 2535 aut
2262 2480 2472 2535 libidini
2533 2481 2847 2547 serviendo,
2880 2483 2968 2538 hic
3000 2482 3302 2536 doctrinam
3344 2478 3561 2532 Balaam
3607 2488 3689 2531 te-

2122 2588 2249 2627 nere
2278 2575 2535 2629 dicendus
2575 2585 2679 2629 est.
2725 2576 2821 2630 Est
2862 2590 2993 2644 ergo
3043 2571 3400 2628 exsecrabilis
3442 2570 3692 2639 corporis

2119 2665 2281 2718 etiam
2314 2664 2624 2721 fornicatio.
2660 2667 2798 2734 Quid
2832 2668 2978 2722 enim
3017 2667 3087 2719 ita
3132 2662 3496 2726 exsecrabile,
3528 2676 3688 2729 quam

2128 2756 2387 2825 templum
2418 2758 2509 2813 Dei
2548 2759 2773 2824 violare,
2806 2773 2870 2812 ac
2903 2758 3090 2812 tollere
3113 2756 3353 2811 membra
3385 2752 3611 2817 Christi,
3634 2758 3690 2806 et

2120 2849 2296 2904 facere
2324 2850 2561 2905 membra
2594 2850 2895 2903 meretricis
2932 2849 2991 2903 ‘?

2189 2941 2246 2995 ‘2.
2276 2940 2450 2995 Multo
2491 2951 2673 2996 tamen
2728 2941 2901 3010 magis
2929 2938 3281 2995 exsecrabilis
3308 2944 3390 2989 est
3420 2931 3690 3003 generalis

2121 3034 2213 3087 illa
2247 3033 2557 3098 fornicatio,
2599 3034 2652 3087 in
2684 3049 2791 3102 qtta
2842 3047 3005 3087 omne
3033 3046 3203 3102 genus
3241 3027 3447 3098 peccati
3482 3026 3687 3095 pariter

2120 3126 2450 3181 continetur.
2491 3124 2772 3181 Generalis
2796 3134 2976 3179 autem
3004 3110 3290 3177 fornicatio
3314 3120 3525 3180 dicitur,
3558 3130 3682 3170 cum

2117 3222 2296 3275 anima
2337 3235 2456 3288 qua:
2497 3220 2550 3274 in
2582 3219 2917 3275 consortium
2947 3216 3109 3271 Verbi
3158 3216 3250 3269 Dei
3290 3213 3455 3268 ascita
3491 3218 3599 3274 est,
3629 3217 3685 3262 et

2121 3311 2474 3365 matrimonio
2495 3310 2613 3379 ejus
2638 3306 3036 3377 quodammodo
3058 3306 3283 3369 sociata,
3302 3304 3370 3357 ah
3392 3301 3499 3355 ullo
3517 3299 3689 3353 alieno

2118 3399 2347 3465 scilicet,
2378 3409 2434 3453 et
2490 3398 2809 3453 adversario
2843 3396 2987 3449 illius
3022 3396 3123 3449 viri
3153 3395 3242 3462 qui
3284 3410 3403 3448 eam
3458 3391 3559 3446 sibi
3595 3389 3691 3445 de-

2118 3490 2338 3560 spondit
2386 3490 2439 3559 in
2479 3490 2606 3550 (ide.
2650 3488 3018 3556 corrumpitur
3052 3495 3107 3540 et
3136 3485 3391 3539 violatur.
3434 3483 3532 3536 Est
3566 3495 3691 3551 ergo

2117 3596 2349 3651 sponsus
2393 3592 2449 3635 et
2484 3582 2566 3634 vir
2594 3581 2787 3634 animae
2831 3579 3043 3635 mundae
3091 3590 3147 3631 et
3194 3578 3425 3648 pudicae,
3456 3575 3689 3630 Verbum

2120 3672 2242 3738 Dei,
2272 3672 2363 3743 qui
2396 3682 2478 3727 est
2501 3671 2752 3726 Christus
2783 3670 3067 3735 Dominus,
3104 3670 3248 3723 sicut
3271 3666 3439 3738 348
3471 3677 3521 3721 et
3548 3667 3691 3734 Apo-

2117 3768 2291 3818 stolus
2337 3763 2471 3818 dicit
2517 3764 2537 3794 ⁵
2570 3781 2582 3817 :
2619 3780 2637 3814 ι
2689 3761 2820 3816 Volo
2855 3770 3032 3814 autem
3082 3773 3272 3815 omnes
3308 3775 3402 3813 vos
3441 3758 3532 3811 ttni
3576 3758 3692 3811 viro

2120 3855 2382 3921 virginem
2409 3864 2617 3909 castam
2640 3854 2899 3907 exhibere
2924 3850 3160 3906 Christo.
3194 3850 3381 3905 Timeo
3412 3859 3591 3903 autem
3627 3861 3693 3902 ne

2121 3944 2258 3995 forte
2280 3985 2295 4009 ,
2324 3943 2467 3998 sicut
2491 3957 2718 4011 serpens
2748 3942 2962 3997 seduxit
2996 3943 3159 3996 Evam
3207 3942 3408 3995 astutia
3452 3957 3571 4007 sua,
3610 3940 3691 3994 sic

2118 4046 2532 4103 corrumpantur
2561 4050 2752 4090 sensus
2783 4036 2952 4090 vestri
2987 4050 3017 4089 a
3058 4034 3424 4105 simplicitate,
3451 4047 3570 4102 quae
3607 4039 3690 4085 est

2120 4129 2170 4180 in
2222 4127 2442 4181 Christo
2489 4125 2637 4181 Jesu.
2699 4145 2717 4178 ι
2764 4126 2943 4183 Donec
2994 4128 3155 4198 igitur
3217 4126 3396 4181 anima
3447 4125 3690 4178 adhaeret

2116 4234 2321 4290 sponso
2353 4234 2473 4283 suo,
2506 4229 2561 4274 et
2581 4220 2731 4273 audit
2754 4221 2973 4274 verbum
3000 4220 3135 4287 ejus,
3172 4230 3227 4274 et
3253 4221 3425 4287 ipsum
3450 4217 3689 4285 comple-

2115 4314 2303 4379 ctitur,
2359 4314 2479 4367 sine
2511 4312 2675 4367 dubio
2722 4314 2791 4367 ab
2831 4314 2946 4381 ipso
2998 4327 3181 4368 semen
3233 4312 3461 4380 suscipit
3490 4308 3688 4365 verbi:

2116 4415 2171 4460 et
2196 4406 2337 4461 sicut
2365 4404 2453 4459 ille
2483 4404 2620 4459 dixit
2655 4405 2675 4436 ⁸
2709 4421 2723 4458 :
2760 4424 2779 4457 ι
2836 4404 2907 4459 De
2942 4405 3135 4459 timore
3175 4414 3289 4467 tuo,
3326 4402 3566 4460 Domine,
3618 4401 3669 4452 in

435 4498 743 4565 punientur,
774 4512 960 4553 verum
984 4500 1148 4555 etiam
1178 4500 1231 4553 in
1263 4501 1469 4553 futuro.
1529 4497 1681 4564 Quod
1713 4512 1844 4568 ergo
1875 4496 2001 4550 facit
2036 4499 2077 4552 D
2108 4507 2261 4553 utero
2302 4496 2546 4566 concepi,
2574 4515 2595 4549 ι
2626 4496 2695 4550 ita
2726 4504 2780 4549 et
2810 4496 2923 4550 hinc
2953 4495 3101 4557 dicit,
3129 4497 3207 4551 De
3241 4492 3407 4547 verbo
3434 4502 3543 4555 tuo,
3574 4489 3676 4542 Do-

435 4604 539 4644 nos
573 4591 793 4645 vincere
830 4592 882 4646 in
919 4593 985 4646 iis
1027 4592 1226 4662 praeliis
1271 4607 1393 4661 quae
1430 4592 1719 4647 adversum
1766 4607 1866 4646 nos
1900 4592 2011 4645 dia-

435 4681 591 4735 bolus
625 4693 950 4747 commovet,
989 4684 1252 4753 pudicitia
1290 4693 1393 4747 est,
1434 4693 1490 4737 et
1532 4684 1769 4753 justitia,
1800 4692 1853 4739 et
1882 4699 2011 4753 prn-

431 4774 638 4842 dentia,
669 4784 726 4830 et
775 4777 968 4847 pietas,
997 4787 1317 4845 czeterazquc
1359 4776 1605 4829 virtutes.
1655 4774 1786 4841 Quae
1828 4784 2011 4829 autem

435 4866 642 4923 faciunt
673 4883 770 4922 nos
808 4867 979 4931 vinci,
1010 4867 1227 4921 luxuria
1251 4876 1357 4933 est,
1389 4876 1443 4939 et
1476 4866 1663 4935 libido,
1692 4867 1917 4921 avaritia
1957 4876 2013 4921 et

434 4960 707 5029 impietas,
768 4961 1055 5030 omnisque
1086 4960 1313 5015 malitia.
1368 4942 1495 5014 llaec
1542 4973 1674 5029 ergo
1710 4969 1858 5024 sunt,
1893 4975 2013 5029 qua:

434 5068 537 5109 nos
576 5054 818 5110 historiae
853 5064 1035 5111 textus
1068 5053 1309 5111 edocuit.
1335 5048 1536 5107 Verum
1559 5052 1814 5123 quoniam
1847 5051 2011 5107 Joan-

435 5159 535 5201 nes
571 5146 624 5201 in
659 5146 1012 5203 Revelatione
1052 5164 1173 5215 sua,
1216 5165 1277 5205 ea
1313 5164 1434 5220 qua:
1474 5148 1527 5202 in
1570 5146 1686 5215 lege
1715 5145 2011 5200 secundum

434 5237 722 5295 historiam
758 5241 958 5312 scripta
1002 5253 1133 5297 sunt
1166 5244 1387 5298 adducit
1420 5242 1485 5296 ad
1512 5239 1767 5311 mysteria
1805 5238 2010 5300 divina,

431 5339 488 5385 et
521 5343 862 5389 sacramenta
887 5335 1134 5404 quadam
1168 5335 1221 5389 in
1258 5336 1324 5391 iis
1360 5336 1552 5391 edocet
1581 5331 1876 5395 contineri,
1916 5346 2012 5384 ne-

432 5425 731 5479 cessarium
762 5426 975 5480 videtur
1006 5427 1170 5482 etiam
1199 5428 1496 5482 secundum
1525 5426 1576 5479 id
1612 5424 1755 5495 quod
1784 5424 1875 5479 ille
1900 5435 2018 5476 sen-

437 5513 531 5578 sit,
566 5529 663 5569 nos
690 5530 904 5585 quoque
930 5518 999 5570 ab
1028 5515 1119 5570 illo
1149 5518 1335 5571 datam
1365 5516 1723 5585 expositionis
1773 5513 2012 5583 regulam

437 5604 611 5673 sequi,
647 5615 701 5659 et
728 5606 903 5675 primo
932 5622 1239 5662 memorare
1262 5624 1351 5674 ea,
1379 5623 1500 5678 qua:
1532 5607 1597 5662 ad
1629 5608 1877 5678 angelum
1909 5604 2013 5660 Ec-

2117 4592 2284 4658 mine,
2317 4590 2370 4645 in
2405 4600 2593 4645 ventre
2626 4587 2868 4656 concepi,
2906 4596 2959 4642 et
2997 4585 3284 4657 parturivi,
3329 4593 3383 4639 et
3424 4582 3673 4651 Spiritum

2112 4684 2304 4739 salutis
2334 4693 2439 4737 tute
2472 4680 2573 4735 feci
2602 4694 2763 4748 super
2793 4688 2986 4732 terras.
3020 4677 3074 4732 Si
3103 4691 3233 4746 ergo
3261 4675 3341 4730 sic
3369 4675 3435 4728 de
3464 4670 3681 4727 Christo

2113 4774 2364 4844 concepit
2406 4774 2609 4833 anima.
2644 4770 2779 4825 fecit
2827 4770 2966 4824 lilios
2996 4784 3092 4838 pro
3128 4767 3329 4836 quibus
3365 4766 3577 4820 dicatur
3621 4763 3689 4815 ad

2113 4886 2233 4925 eam
2266 4869 2455 4939 ’,quia
2489 4886 2508 4919 ι
2540 4865 2685 4921 salva
2705 4866 2810 4919 erit
2840 4879 2937 4933 per
2970 4864 3205 4917 filiorum
3237 4860 3688 4931 procreationem,

2112 4962 2155 5016 si
2192 4960 2555 5031 permanserit
2585 4958 2637 5012 in
2674 4955 2799 5020 fide,
2836 4964 2890 5009 et
2936 4954 3220 5016 charitate,
3271 4963 3326 5005 et
3379 4951 3689 5015 sanctitate,

2115 5071 2236 5109 cum
2266 5052 2587 5115 sobrietate,
2620 5068 2638 5101 ι
2683 5047 2897 5103 etiamsi
2945 5046 3097 5114 prius
3140 5046 3283 5100 sicut
3331 5044 3442 5099 Eva
3469 5044 3693 5099 seducta

2116 5146 2288 5201 fuisse
2322 5146 2501 5200 anima
2538 5145 2819 5200 videatur;
2840 5140 2933 5195 Est
2960 5139 3138 5207 itaque
3172 5143 3299 5193 ver‘e
3330 5139 3485 5193 beata
3527 5136 3691 5191 sobo-

2119 5238 2223 5302 les,
2265 5238 2351 5293 ubi
2382 5236 2702 5291 concubitus
2726 5234 2900 5289 factus
2932 5230 3093 5286 fuerit
3119 5229 3315 5285 anima:
3354 5244 3476 5285 cum
3510 5228 3691 5283 Verbo

2124 5333 2237 5396 Dei,
2271 5339 2328 5385 et
2382 5329 2468 5383 ubi
2515 5327 2830 5397 complexus
2876 5326 2943 5380 ad
2990 5325 3221 5381 invicem
3258 5323 3526 5377 dederint.
3562 5320 3693 5374 inde

2122 5430 2373 5476 nascetur
2399 5433 2661 5489 generosa
2694 5418 2998 5487 progenies,
3034 5417 3158 5471 inde
3185 5414 3441 5486 pudicitia
3459 5412 3688 5471 orietur,

2122 5514 2501 5583 indejustitia,
2536 5513 2663 5568 inde
2703 5512 2992 5581 patientia,
3047 5511 3170 5565 inde
3210 5509 3584 5571 mansuetudo,
3635 5511 3690 5560 et

2121 5606 2379 5672 charitas,
2451 5613 2613 5674 atque
2668 5603 2905 5657 omnium
2962 5602 3224 5657 virtutum
3286 5600 3465 5670 proles
3518 5612 3683 5652 vene—

509 5724 530 5755 ²
561 5721 1186 5791 Ephes.vt,l‘l,16,l7.
1248 5725 1459 5791 ’Apoe.
1498 5726 1664 5788 tt,H.
1728 5724 1937 5780 ‘lCor.
1964 5743 2011 5781 vt

2118 5727 2157 5781 5.
2210 5726 2232 5757 ⁸
2256 5724 2293 5779 ll
2318 5724 2441 5778 Cor.
2469 5722 2600 5790 ",2,
2623 5723 2679 5777 3.
2738 5724 2757 5753 ‘
2779 5722 2882 5779 lsa.
2913 5737 3063 5788 xxvi,
3094 5720 3174 5774 l8.
3246 5721 3264 5750 ⁷
3293 5718 3478 5774 ιΤίιιι.
3505 5734 3566 5782 ιι,
3601 5713 3691 5772 l5.

507 5819 621 5890 (tu)
656 5817 836 5873 Codex
866 5818 923 5873 S.
958 5819 1284 5875 Theoderici
1320 5814 1629 5876 Bernensis.
1662 5839 1679 5871 ι
1716 5821 1893 5875 locum
1921 5821 2137 5878 diabolo
2161 5817 2404 5875 vulneris
2434 5817 2641 5873 damus.
2674 5834 2691 5867 ι
