4086 6218
458 372 563 426 729

1641 368 1705 422 ΙΝ
1743 365 2076 422 NUMEROS
2105 362 2381 420 llOSllLlA
2426 367 2544 422 XX.

3623 370 3727 425 730

462 490 629 543 randa
667 487 939 542 succedet.
973 489 1129 555 Quod
1157 489 1201 543 si
1236 488 1419 544 infelix
1465 490 1645 543 anima
1680 490 1849 543 divini
1888 489 2047 543 Verbi
2078 491 2120 546 Α
2152 488 2280 555 quid
2318 489 2537 543 remedii
2570 490 2750 553 detur,
2778 502 2842 542 ex
2872 488 3069 545 divinis
3094 491 3458 545 voluminibus
3486 494 3727 559 requira-

462 578 1021 649 dereliqueritsaneta
1066 582 1358 647 connubia,
1386 593 1437 639 et
1486 584 1536 637 in
1583 582 1920 637 adulterinos
1983 597 2042 635 se

456 670 772 739 complexus
803 671 1022 737 diaboli,
1055 672 1395 743 aliorumque
1430 675 1731 729 dazmonum
1772 673 2041 728 illecebris

457 765 738 834 deceptam
800 767 1108 833 tradiderit,
1166 768 1449 836 generabit
1499 770 1617 823 sine
1664 768 1828 823 dubio
1876 769 2038 821 etiam

462 856 587 911 inde
634 856 797 922 filios,
843 858 938 913 sed
990 857 1132 921 illos,
1182 859 1249 912 de
1296 858 1493 927 quibus
1542 860 1801 928 scriptum
1849 869 1932 914 est
1967 859 2035 911 δε

462 967 481 1000 ε
520 947 641 1003 Filii
681 958 864 1004 autem
908 950 1281 1004 adulterorum
1316 951 1622 1021 imperfecti
1661 960 1839 1017 erunt,
1889 962 1942 1005 et
1973 966 2038 1004 ex

459 1043 648 1112 iniquo
677 1044 977 1098 concubitu
1032 1059 1216 1099 semen
1273 1046 1744 1100 exterminabitur.
1782 1063 1801 1095 ι
1844 1043 2039 1099 Omnia

458 1149 589 1204 ergo
622 1145 843 1202 peccata
868 1135 962 1190 lilii
985 1147 1113 1189 sunt
1135 1135 1408 1204 adulterii,
1436 1147 1489 1191 et
1518 1138 1615 1191 lilii
1639 1136 2036 1191 fornicationis.

462 1224 615 1281 Unde
638 1237 694 1282 et
720 1228 1048 1288 ostenditur,
1084 1230 1227 1295 quod
1276 1244 1372 1298 per
1418 1227 1626 1299 singula
1657 1243 1885 1297 quaeque
1917 1240 2038 1294 qua:

459 1320 721 1388 gerimus,
749 1322 889 1389 parit
918 1323 1097 1375 anima
1130 1332 1338 1387 nostra,
1369 1332 1423 1377 et
1461 1332 1679 1391 generat
1721 1322 1883 1381 ﬁlios,
1914 1334 2039 1373 sen-

460 1425 555 1465 sus
585 1413 791 1467 scilicet
820 1422 871 1468 et
894 1428 1059 1483 opera
1082 1429 1200 1482 qua:
1223 1417 1381 1484 gerit.
1414 1415 1481 1468 Et
1507 1414 1552 1467 si
1596 1414 1815 1483 quidem
1841 1427 2037 1467 secun-

459 1504 585 1557 dum
627 1503 800 1574 legem
854 1516 937 1559 est
989 1506 1137 1572 quod
1189 1508 1354 1575 gerit,
1382 1515 1436 1559 et
1475 1506 1769 1558 secundum
1815 1503 2036 1556 verbum

460 1595 577 1659 Dei,
604 1598 857 1666 spiritum
889 1598 1032 1665 parit
1064 1598 1276 1660 salutis,
1316 1606 1370 1650 et
1420 1606 1706 1666 propterea
1743 1595 2039 1650 salvabitur

457 1702 555 1756 per
582 1688 815 1741 filiorum
846 1688 1276 1756 generationem,
1298 1696 1353 1742 et
1384 1688 1472 1741 isti
1498 1698 1625 1742 sunt
1659 1685 1776 1751 lilii,
1802 1687 1869 1740 de
1910 1686 2034 1754 qui-

466 1782 568 1834 bus
596 1779 867 1848 Pr0pheta
900 1779 1031 1833 dicit
1054 1780 1074 1811 ⁹
1106 1796 1119 1831 :
1156 1794 1175 1829 t
1220 1778 1343 1833 Filii
1374 1780 1450 1834 tui
1488 1781 1629 1835 sicut
1667 1779 1895 1834 novella:
1928 1779 2032 1832 oli-

459 1887 649 1925 varum
678 1872 732 1926 iu
756 1872 983 1927 circuitu
1031 1889 1233 1929 mensa:
1273 1883 1395 1928 tute.
1428 1891 1448 1925 ι
1503 1872 1559 1927 Si
1602 1888 1729 1927 vero
1754 1873 1896 1942 quod
1921 1873 2033 1942 agit

460 1973 652 2017 contra
697 1963 867 2034 legem
915 1976 1019 2033 est,
1062 1981 1115 2021 et
1146 1977 1430 2037 peccatum
1468 1975 1572 2029 est,
1606 1966 1727 2019 sine
1774 1966 1938 2020 dubio
1965 1980 2031 2019 ex

460 2055 819 2125 conceptione
863 2058 1118 2111 contrarii
1168 2058 1394 2128 spiritus
1444 2057 1738 2128 malignam
1787 2058 2029 2113 sobolem

456 2145 649 2214 gignit.
678 2144 827 2199 Parit
853 2148 996 2201 enim
1028 2147 1171 2202 filios
1198 2149 1429 2217 peccati.
1456 2148 1523 2202 Et
1551 2150 1669 2203 ista;
1697 2158 1822 2204 sunt
1866 2149 2031 2203 male-

457 2235 616 2289 dieue
646 2238 1025 2303 generationes
1052 2241 1103 2293 in
1134 2239 1331 2307 quibus
1354 2256 1385 2293 a
1413 2241 1683 2295 nonnullis
1712 2250 2027 2295 sanctorum

461 2326 808 2383 maledicitur
832 2333 995 2384 etiam
1021 2330 1135 2385 dies
1175 2332 1229 2385 in
1266 2347 1374 2401 quo
1421 2333 1534 2385 uati
1584 2342 1713 2386 sunt
1759 2333 1824 2387 ‘°.
1875 2332 2030 2387 Nun-

453 2427 616 2480 quam
645 2424 731 2469 est
771 2430 900 2483 ergo
934 2419 1151 2487 quando
1199 2436 1304 2473 non
1360 2420 1540 2489 pariat
1594 2420 1801 2477 anima.
1831 2422 2029 2477 Anima

454 2520 670 2574 semper
715 2508 880 2576 parit,
912 2526 1128 2579 semper
1151 2521 1374 2581 generat
1402 2512 1559 2568 filios.
1612 2514 1718 2568 Sed
1770 2514 1863 2568 illa
1908 2515 2029 2583 qui-

455 2599 576 2651 dem
602 2599 884 2654 benedicta
913 2604 1197 2672 generatio
1221 2612 1323 2667 est,
1354 2619 1475 2671 qua:
1499 2605 1563 2658 de
1590 2607 1756 2661 verbo
1786 2606 1876 2660 Dei
1906 2623 2029 2661 con-

453 2698 606 2757 cepta
633 2699 950 2759 generatur,
975 2700 1028 2745 et
1054 2692 1153 2745 ista
1183 2700 1265 2746 est
1305 2691 1537 2747 filiorum
1579 2696 1878 2765 generatio,
1931 2711 2028 2765 per

453 2796 615 2849 quam
643 2780 791 2835 salva
830 2782 941 2837 fiet.
966 2782 1022 2837 Si
1044 2794 1245 2848 autem,
1276 2794 1334 2837 ut
1361 2784 1617 2849 diximus,
1647 2802 1710 2841 ex
1744 2792 2024 2843 contrario

456 2873 651 2942 spiritu
677 2874 969 2942 concipiat,
998 2883 1205 2929 certum
1249 2878 1479 2946 estquia
1526 2880 1701 2947 pariat
1742 2879 1881 2936 filios
1909 2881 2020 2945 ira),

455 2973 610 3033 aptos
632 2964 697 3017 ad
734 2965 1033 3019 interitum.
1076 2966 1140 3019 Et
1165 2963 1305 3020 forte
1329 2968 1395 3020 ad
1423 2976 1677 3037 utrasque
1700 2969 1834 3025 istas
1860 2986 2022 3041 gene-

459 3053 698 3107 rationes
718 3054 914 3109 animte
958 3056 1180 3123 respicit
1215 3054 1366 3119 illud,
1393 3056 1535 3126 quod
1577 3060 1781 3113 dictum
1824 3074 1905 3115 est
1934 3063 1972 3093 “
2002 3082 2015 3117 :

2146 594 2288 631 tutts.
2321 577 2636 634 invenimus
2651 594 2780 647 ergo
2807 579 2859 634 iu
2891 580 3119 637 Psalmis
3139 584 3207 636 de
3233 584 3335 637 hoc
3362 582 3622 649 scriptum
3649 583 3723 636 ηε

2153 688 2172 723 ‹
2210 670 2346 725 Filia
2381 672 2678 741 Babylonis
2712 674 2932 739 misera,
2980 673 3171 728 beatus
3205 674 3295 742 qui
3336 674 3600 728 retribuet
3629 673 3725 726 tibi

2146 764 2563 819 retributionem
2594 782 2758 836 quam
2808 767 3112 821 retribuisti
3166 766 3345 820 nobis.
3385 762 3585 818 Beatus
3629 752 3724 831 qui

2145 858 2349 911 tenebit
2391 868 2446 911 et
2493 858 2680 914 allidet
2731 860 2986 924 parvulos
3014 870 3132 913 tuos
3158 858 3224 911 ad
3269 868 3503 927 petram.
3535 874 3551 903 ι
3588 857 3648 907 Et
3679 857 3724 909 si

2144 950 2385 1002 nondum
2420 949 2624 1018 aliquid
2662 952 2845 1020 operis
2891 952 3064 1022 gessit
3112 949 3435 1020 Babylonius
3464 947 3516 1000 in
3566 948 3724 1001 nobis

2143 1041 2246 1096 iste
2268 1053 2589 1110 conceptus,
2616 1043 2743 1096 dum
2769 1044 2951 1099 adhuc
2987 1044 3246 1114 parvulus
3272 1051 3375 1107 est,
3415 1057 3522 1096 non
3558 1041 3721 1093 mise-
3757 1090 3762 1096 .

2144 1134 2315 1187 rearis
2341 1134 2478 1202 ejus,
2507 1150 2608 1188 nec
2635 1149 2830 1203 parcas
2851 1138 2923 1197 ei,
2950 1137 3043 1190 sed
3076 1136 3257 1189 statim
3286 1135 3553 1189 interfice.
3589 1133 3721 1188 0di-

2145 1220 2270 1274 bilis
2323 1222 2470 1276 enim
2516 1234 2621 1289 est,
2669 1225 2905 1292 perime,
2932 1226 3120 1279 occide
3150 1224 3361 1279 elidens
3392 1226 3457 1276 ad
3485 1233 3717 1291 petram.

2140 1312 2301 1366 Petra
2341 1324 2522 1367 autem
2554 1324 2633 1369 est
2658 1315 2933 1370 Christus.
2965 1316 3097 1381 Quis
3127 1331 3259 1384 ergo
3292 1324 3476 1369 tantus
3505 1332 3565 1368 ac
3595 1316 3723 1369 talis

2140 1410 2243 1467 est,
2274 1412 2331 1455 ut
2358 1420 2461 1456 non
2498 1416 2779 1474 exspectet
2830 1406 3055 1458 omnino
3086 1422 3366 1474 usquequo
3394 1415 3609 1459 crescat
3660 1405 3717 1462 in

2140 1509 2204 1547 eo
2233 1495 2525 1565 Babylonia
2576 1496 2812 1559 soboles,
2862 1512 2963 1551 nec
3012 1508 3315 1565 augeantur
3351 1498 3402 1549 in
3454 1512 3521 1549 eo
3554 1511 3721 1564 opera

2140 1586 2497 1653 confusionis,
2528 1588 2624 1642 sed
2654 1590 2704 1642 iu
2753 1590 2945 1657 primis
2978 1592 3161 1644 statim
3206 1589 3395 1651 initiis,
3434 1588 3522 1641 ubi
3564 1587 3719 1641 nasci

2139 1677 2432 1744 cmjierint,
2460 1690 2511 1731 et
2552 1694 2617 1733 ex
2652 1680 2953 1736 voluntatis
3003 1682 3239 1734 motibus
3288 1680 3616 1742 coalescere,
3642 1687 3725 1733 at-

2139 1780 2265 1833 que.
2302 1776 2358 1817 ut
2386 1767 2453 1818 ita
2479 1766 2785 1828 dicam,ubi
2821 1778 2983 1837 caput
3007 1770 3275 1838 emperiut
3305 1769 3370 1822 de
3406 1768 3561 1821 vulva
3605 1768 3722 1821 aui-

2138 1872 2238 1909 nue
2268 1856 2512 1925 proferre
2549 1860 2854 1927 perniciosa
2896 1861 3170 1915 desideria
3224 1862 3443 1934 maligni
3496 1860 3723 1931 spiritus

2136 1949 2497 2019 inspiratione
2527 1961 2810 2021 concepta,
2853 1954 3082 2021 arripiat
3121 1956 3303 2007 statim
3351 1964 3405 2009 et
3457 1955 3620 2009 elidat
3647 1953 3717 2007 ad

2135 2051 2343 2111 petram
2369 2058 2384 2096 :
2412 2040 2463 2095 id
2489 2052 2593 2105 est,
2619 2044 2855 2099 adducat
2884 2047 2950 2101 ad
2977 2045 3282 2110 Christum,
3312 2057 3369 2099 ut
3398 2046 3451 2099 iu
3486 2060 3721 2114 conspe-

2134 2144 2220 2187 ctu
2262 2134 2525 2188 tremendi
2567 2132 2759 2202 judicii
2804 2136 2923 2206 ejus
2962 2138 3139 2207 posita
3169 2137 3505 2200 exolescant,
3526 2148 3582 2192 et
3599 2153 3714 2209 per-

2132 2226 2302 2282 eant?
2372 2227 2497 2282 llaec
2526 2226 2669 2281 dicta
2716 2239 2842 2283 sunt
2882 2229 3039 2284 nobis
3081 2231 3148 2284 de
3196 2228 3438 2296 generali
3488 2226 3719 2280 fornica-

2133 2318 2298 2383 tione,
2335 2335 2455 2388 quaa
2494 2322 2706 2390 species
2752 2322 2914 2377 habet
2972 2321 3234 2391 plurimas
3288 2338 3303 2374 :
3342 2334 3572 2389 quarum
3604 2332 3715 2371 una

2130 2419 2213 2464 est
2239 2410 2355 2467 haec
2379 2426 2499 2481 quae
2535 2415 2588 2468 in
2617 2414 3018 2470 consuetudine
3048 2413 3118 2467 ob
3149 2411 3433 2480 corporale
3463 2420 3711 2478 stuprum

2131 2504 2418 2560 fornicatio
2444 2506 2773 2560 nominatur.
2811 2507 2925 2576 Ego
2961 2521 3089 2560 vero
3120 2504 3306 2573 legens
3358 2502 3702 2568 Apostolum,

2128 2611 2251 2650 cum
2280 2596 2550 2652 venissem
2575 2599 2642 2653 ad
2668 2612 2791 2651 eum
2817 2598 2999 2651 locum
3026 2595 3083 2650 in
3116 2610 3226 2664 quo
3256 2595 3389 2648 dicit
3414 2594 3457 2625 “
3492 2610 3506 2645 :
3553 2612 3572 2645 ι
3603 2592 3706 2654 Qui

2128 2705 2187 2744 se
2214 2689 2394 2760 jungit
2429 2689 2675 2755 Domino,
2710 2705 2851 2744 unus
2875 2689 3103 2758 spiritus
3134 2698 3244 2755 est,
3267 2706 3287 2737 ι
3322 2696 3377 2741 et
3411 2686 3455 2717 ¹¹⁵
3484 2702 3499 2739 :
3532 2703 3553 2735 ι
3601 2685 3705 2751 Qui

2125 2799 2184 2841 se
2204 2783 2385 2855 jungit
2410 2785 2685 2840 meretrici
2715 2799 2884 2838 unum
2924 2797 3128 2852 corpus
3154 2792 3279 2843 est;
3338 2799 3357 2834 ι
3394 2780 3709 2850 (ιιιπτεικιιιι

2124 2880 2168 2935 si
2213 2889 2302 2934 est
2347 2878 2549 2948 aliquid
2599 2876 2743 2929 aliud
2797 2876 3034 2930 medium
3084 2885 3283 2943 prazter
3337 2873 3463 2936 hoc,
3513 2882 3571 2925 ut
3622 2881 3718 2926 aut

2125 2976 2353 3031 Domino
2381 2975 2502 3045 quis
2547 2974 2832 3043 jungatur,
2884 2980 2979 3026 aut
3032 2970 3311 3026 meretrici
3348 2986 3362 3023 :
3404 2979 3457 3023 et
3507 2983 3604 3037 pro
3638 2969 3720 3021 vi-

2125 3068 2275 3121 ribus
2319 3064 2455 3120 meis
2498 3063 2818 3127 discutiens,
2867 3060 3200 3130 profundum
3252 3058 3386 3113 satis
3421 3068 3475 3113 et
3516 3073 3719 3113 recon-

461 3163 480 3197 ι
522 3144 655 3200 Cum
680 3146 825 3199 enim
853 3146 1089 3201 nondum
1117 3147 1225 3200 nati
1256 3146 1510 3216 fuissent,
1537 3161 1628 3204 aut
1655 3152 1860 3221 aliquid
1887 3156 2030 3225 egis-
2056 3162 2103 3221 ο
2138 3161 2306 3213 ditum
2337 3158 2389 3211 in
2419 3157 2484 3211 iis
2524 3154 2705 3210 verbis
2750 3154 3009 3209 intuebar
3058 3152 3305 3223 Apostoli
3346 3166 3585 3212 sensum,
3621 3152 3714 3220 qui

459 3246 580 3291 seut
609 3236 732 3291 boni
767 3238 850 3291 vel
882 3238 1030 3303 mali,
1058 3246 1115 3291 ut
1148 3239 1479 3309 propositum
1510 3241 1630 3305 Dei,
1660 3245 1803 3313 quod
1830 3260 2024 3300 secun-

462 3326 590 3379 dum
620 3327 941 3383 electionem
986 3329 1187 3385 factum
1222 3340 1327 3394 est.
1360 3342 1595 3399 maneat,
1622 3350 1728 3389 non
1750 3350 1815 3390 ex
1841 3336 2023 3405 operi-

454 3416 576 3481 bus,
610 3421 701 3474 sed
741 3435 809 3475 ex
836 3434 1083 3488 vocante,
1109 3422 1313 3476 dictum
1355 3426 1591 3493 estquia
1628 3428 1803 3495 major
1826 3428 2027 3484 serviet

456 3509 675 3578 minori,
739 3513 882 3568 sicut
930 3517 1192 3587 scriptum
1250 3528 1333 3573 est
1373 3534 1388 3571 :
1434 3515 1605 3573 Jacoh
1649 3518 1836 3585 dilexi,
1882 3520 2021 3575 Esau

456 3610 636 3654 autem
665 3603 791 3658 odio
840 3603 1027 3661 habui.
1061 3626 1079 3659 ι
1124 3608 1245 3664 Istae
1291 3610 1433 3663 enim
1490 3608 1624 3664 tales
1649 3612 2024 3680 generationes

458 3692 652 3747 anitnae
677 3695 841 3749 etiam
866 3697 1182 3767 priusquam
1212 3699 1418 3754 faciant
1442 3700 1569 3755 boui
1600 3701 1823 3771 aliquid,
1857 3704 2024 3772 siqui-

454 3784 575 3837 dem
596 3802 660 3839 ex
678 3798 871 3843 sancto
895 3790 1097 3858 Spiritu
1120 3802 1389 3862 generata:
1406 3800 1551 3854 sunt,
1574 3791 1686 3859 jam
1703 3795 2021 3863 diliguntur.

456 3871 511 3927 Si
542 3891 670 3930 vero
696 3893 763 3932 ex
788 3880 983 3948 spiritu
1014 3883 1268 3953 maligno,
1298 3884 1461 3937 etiam
1504 3886 1821 3956 priusquam
1859 3902 2024 3956 opere

452 3964 711 4035 impleant
734 3969 939 4039 aliquid
968 3972 1114 4039 ntali,
1156 3973 1390 4043 hocipso
1428 3983 1608 4030 tamen
1650 3977 1790 4046 quod
1833 3976 2023 4046 hujus-

452 4060 595 4114 modi
632 4061 960 4118 voluntatem
999 4066 1209 4135 peperit
1233 4067 1439 4131 anima,
1504 4068 1665 4138 digne
1708 4070 1760 4124 in
1801 4085 1866 4126 ea
1898 4072 2024 4125 odio

453 4149 683 4205 habetur
706 4153 860 4207 malae
889 4156 1185 4211 voluntatis
1200 4156 1532 4212 exsecranda
1558 4161 1859 4229 conceptio.
1891 4161 2029 4218 Pro-'

453 4249 632 4307 pterea
658 4240 908 4299 fortassis
950 4245 1002 4299 in
1054 4246 1213 4318 hujus
1256 4248 1584 4303 sacramenti
1641 4249 1814 4319 figura
1859 4251 2021 4305 etiam

453 4328 730 4386 Chanaan)
771 4349 907 4403 puer
952 4347 1245 4407 antequam
1296 4348 1617 4394 nasceretur
1662 4341 2019 4398 maledicitur.

453 4418 621 4472 Cham
655 4437 885 4492 namque
910 4438 1228 4494 peccaverat
1256 4439 1411 4498 pater
1435 4429 1553 4500 ejus
1578 4449 1590 4485 :
1613 4440 1664 4485 et
1693 4432 2023 4501 pr0phetaus

2133 3251 2208 3304 ita
2262 3248 2583 3313 definierit,
2661 3248 2804 3315 quod
2860 3245 3039 3301 omnis
3092 3245 3273 3299 anima
3345 3252 3439 3297 aut
3486 3241 3718 3296 Domino

2130 3338 2424 3406 conjuncta
2481 3339 2575 3404 sit,
2620 3348 2717 3392 aut
2774 3336 3044 3392 meretrici
3110 3354 3123 3390 :
3183 3343 3239 3389 et
3296 3334 3529 3389 intellexi
3573 3336 3716 3403 quod

2132 3431 2421 3487 Dominum
2474 3428 2694 3498 quidem
2744 3428 2945 3483 dixerit
3002 3426 3238 3480 virtutes
3298 3441 3416 3494 qua:
3463 3425 3716 3480 Christus

2130 3530 2235 3586 est,
2267 3518 2319 3573 id
2366 3528 2450 3574 est
2493 3517 2740 3577 verbum.
2790 3518 3140 3585 sapientiam,
3202 3518 3507 3579 veritatem,
3552 3514 3718 3587 35,9

2126 3613 2387 3683 justitiam
2408 3652 2425 3679 ,
2450 3619 2754 3680 cwteraque
2814 3607 3126 3675 hujusmodi
3164 3630 3176 3663 :
3208 3608 3547 3662 meretricem
3585 3623 3714 3661 vero

2132 3718 2323 3759 attines
2382 3701 2690 3757 eeoutrario
2756 3701 2975 3754 malitiae
3031 3699 3262 3767 species.
3358 3698 3471 3753 lloc
3545 3699 3712 3753 etiam

2132 3798 2274 3864 apud
2329 3793 2673 3848 Salomonem
2724 3793 2829 3846 dici
2880 3792 3120 3859 intelligo
3160 3792 3213 3845 in
3253 3804 3318 3844 eo
3350 3792 3493 3859 quod
3537 3791 3615 3844 ait
3648 3791 3715 3844 de

2132 3886 2420 3940 meretrice
2457 3884 2535 3949 ¹⁶,
2564 3883 2691 3952 quia
2722 3900 2740 3933 ι
2780 3897 2877 3951 per
2912 3882 3182 3937 fenestras
3218 3881 3478 3951 prospicit
3508 3881 3560 3933 in
3593 3880 3713 3949 pla-

2132 3987 2247 4030 teas
2275 4015 2291 4039 ,
2326 3985 2381 4030 et
2418 3975 2464 4030 si
2497 3990 2656 4043 quem
2694 3973 2893 4027 viderit
2928 3972 3297 4042 insipientium
3330 3972 3713 4026 adolescentuo

2132 4070 2341 4133 lorum,
2372 4076 2430 4122 et
2468 4068 2685 4135 inopem
2724 4080 2981 4120 sensuum
3022 4074 3391 4119 transeuntem
3432 4064 3581 4133 juxta
3616 4078 3715 4118 auo

2130 4160 2284 4231 gulos
2310 4160 2503 4214 domus
2537 4173 2669 4225 suae,
2704 4169 2758 4213 et
2792 4158 3104 4227 loquentem
3139 4159 3191 4213 in
3220 4158 3460 4213 tenebris
3488 4173 3711 4227 vesper-

2131 4255 2297 4318 tinis,
2337 4267 2460 4307 eum
2497 4251 2768 4307 silentium
2806 4251 2970 4305 fuerit
3011 4259 3337 4305 nocturnum
3363 4290 3379 4315 ,
3420 4248 3503 4304 vel
3532 4250 3713 4321 caligo

2130 4355 2308 4401 noctis
2342 4362 2356 4397 :
2394 4344 2590 4398 mulier
2625 4353 2807 4397 autem
2851 4344 3096 4397 occurrit
3128 4344 3179 4398 ei
3224 4345 3429 4400 habens
3470 4345 3712 4412 speciem

2136 4431 2464 4495 meretricis,
2491 4445 2608 4499 qua:
2638 4428 3046 4497 facitjuvenum
3074 4430 3292 4486 evolare
3314 4434 3500 4490 corda.
3536 4451 3557 4485 ι
3588 4432 3714 4489 Haec

454 4502 589 4597 Noe,
615 4521 735 4560 cum
761 4510 1053 4581 unicuique
1080 4513 1308 4570 filiorum
1330 4532 1551 4573 suorqu
1579 4521 1781 4589 optima
1796 4535 2021 4590 quaeque
2052 4512 2097 4569 Β
2129 4536 2258 4593 ergo
2293 4537 2415 4593 qua:
2446 4521 2644 4576 dicitur
2676 4522 2931 4577 meretrix
2956 4562 2972 4588 ,
3007 4524 3120 4593 ipsa
3150 4535 3235 4580 est
3265 4526 3469 4579 malitia
3498 4545 3512 4581 :
3540 4536 3596 4581 et
3618 4530 3711 4597 qui

453 4594 714 4665 signaret,
749 4600 837 4654 tibi
883 4603 951 4657 ad
983 4602 1152 4660 Cham
1202 4617 1423 4663 ventum
1459 4616 1560 4672 est,
1612 4628 1631 4660 ι
1683 4607 2018 4677 MaledictuS.

454 4682 625 4754 inquit
652 4687 714 4752 ",
745 4687 1020 4747 Cbanaam
1050 4710 1201 4763 puer.
1234 4716 1252 4749 ι
1280 4696 1449 4752 Cham
1476 4700 1741 4769 peccavit,
1790 4710 1842 4753 et
1873 4700 2014 4755 Cha-

455 4788 608 4829 naam
642 4780 930 4846 progenies
960 4782 1076 4850 ejus
1100 4785 1462 4851 maledicitur,
1490 4796 1542 4842 et
1588 4788 1877 4843 maledicta
1910 4804 2015 4848 est.

450 4864 517 4920 Et
548 4867 669 4925 ideo
690 4872 866 4927 acrius
920 4875 1075 4931 nobis
1125 4878 1507 4934 intendendum
1549 4890 1652 4946 est,
1700 4892 1755 4936 et
1807 4888 2021 4955 prospi-

451 4960 724 5031 ciendum,
767 4981 832 5019 ne
860 4964 998 5021 forte
1030 4982 1254 5039 generet
1289 4971 1491 5041 aliquid
1517 4974 1699 5029 anima
1735 4979 1877 5046 quod
1912 4995 2025 5031 ma-

450 5049 646 5106 ledicto
674 5056 895 5125 dignunt
929 5058 1022 5125 sit,
1058 5069 1116 5112 ut
1141 5062 1352 5117 etiamsi
1386 5063 1621 5118 nondum
1646 5080 1810 5132 opere
1838 5068 2024 5138 imple-

451 5142 610 5208 verit,
643 5145 695 5199 in
734 5146 855 5216 ipsa
889 5158 1071 5203 tamen
1111 5151 1388 5207 voluntate
1412 5164 1466 5207 et
1496 5155 1775 5223 proposito
1809 5156 1924 5227 ejus
1954 5160 2027 5215 sit

450 5234 759 5302 hujusmodi
810 5241 1099 5296 maledicta
1137 5245 1444 5314 progenies.
1491 5247 1643 5314 Quod
1682 5258 1738 5303 et
1788 5250 1833 5302 si
1887 5250 2027 5308 forte

450 5326 739 5397 aliquando
770 5333 1013 5387 evenerit
1048 5338 1188 5404 (quis
1218 5339 1361 5391 enim
1410 5338 1721 5393 invenietur
1750 5340 1906 5396 facile
1933 5344 2025 5412 qui

450 5422 518 5473 ab
547 5422 851 5491 hujusmodi
878 5430 1247 5496 generatione,
1276 5430 1327 5485 id
1354 5441 1438 5485 est
1462 5433 1719 5500 peccandi
1745 5436 2025 5494 voluntate

450 5509 722 5569 habeatur
748 5517 1323 5595 immunis?),sierg0
1360 5525 1622 5581 acciderit
1649 5527 1755 5583 tale
1796 5529 2022 5601 aliquid,

520 5718 542 5749 ⁸
574 5718 700 5787 Sap.
739 5736 820 5784 tu,
860 5723 947 5776 16.
1023 5724 1043 5755 ⁹
1086 5724 1233 5780 Psal.
1264 5740 1469 5787 exxvtt,
1500 5727 1553 5780 5.

452 5786 495 5819 ³³
545 5788 690 5843 I’sal.
740 5808 979 5860 cxxxvu,
1029 5793 1083 5860 8,
1117 5796 1170 5850 9.
1249 5797 1293 5826 “
1329 5797 1345 5849 l
1377 5798 1500 5852 Cor.
1530 5813 1605 5866 vt,
1641 5799 1722 5857 l7.

1655 5732 1696 5760 ¹⁰
1718 5730 1819 5786 Job
1848 5750 1937 5798 ut;
1970 5735 2171 5795 Jerem.
2201 5753 2294 5791 xx.

1805 5803 2003 5875 "abii,
2042 5810 2129 5863 16.

2128 4631 2187 4671 se
2223 4615 2467 4684 junxerit
2520 4616 2647 4669 huic
2699 4618 3014 4683 meretrici,
3058 4634 3222 4672 unum
3262 4633 3460 4687 corpus
3491 4620 3713 4673 malitire

2130 4707 2378 4764 ellieitur.
2415 4708 2569 4761 Sicut
2612 4723 2744 4777 ergo
2775 4709 2865 4777 qui
2897 4725 2955 4763 se
2978 4708 3156 4779 jungit
3184 4709 3405 4765 Christo
3440 4711 3670 4764 Domino
3694 4749 3711 4771 ,

2122 4797 2301 4867 jungit
2327 4815 2388 4854 se
2412 4800 2719 4868 sapientiai,
2746 4799 2925 4869 jungit
2947 4816 3006 4855 se
3029 4802 3279 4868 justitiae,
3302 4803 3483 4871 jungit
3513 4818 3572 4855 se
3598 4802 3713 4869 pie-

2127 4895 2221 4945 tati
2248 4932 2264 4956 ,
2296 4902 2351 4946 et
2381 4892 2595 4946 veritati
2625 4933 2641 4959 ,
2671 4900 2727 4946 et
2755 4907 2875 4946 cum
2904 4894 2988 4947 his
3014 4895 3267 4949 omnibus
3304 4909 3441 4947 unus
3475 4892 3713 4946 efiieitur

2126 4984 2353 5052 spiritus
2387 5001 2401 5039 :
2440 4984 2513 5036 ita
2545 4992 2599 5037 et
2628 4982 2718 5051 qui
2750 4997 2809 5036 se
2834 4983 3017 5052 jungit
3046 4983 3173 5038 lmic
3203 4983 3507 5047 meretrici,
3535 4983 3713 5052 jungit

2127 5089 2185 5128 se
2219 5075 2601 5143 impudicitim,
2636 5076 2899 5143 impietati
2923 5113 2938 5139 ,
2971 5074 3283 5142 iniquitati,
3317 5074 3630 5139 mendacio,
3659 5085 3712 5127 et

2132 5167 2292 5220 simul
2314 5168 2566 5221 omnibus
2590 5176 2935 5234 peccatorum
2964 5164 3143 5232 malis,
3172 5180 3295 5219 cum
3319 5165 3518 5233 quibus
3544 5181 3709 5218 unum

2133 5273 2335 5326 corpus
2361 5258 2611 5312 elIicitur.

2206 5352 2259 5405 3.
2300 5348 2681 5404 Verumtamen
2733 5369 2750 5401 ‹
2794 5348 3055 5418 applicuit
3092 5348 3255 5403 Israel
3286 5348 3339 5404 in
3370 5348 3549 5403 Sattin
3580 5348 3647 5402 ".
3686 5368 3706 5402 ι

2132 5441 2188 5495 In
2226 5441 2678 5509 interpretatione
2702 5439 3091 5494 llebraicorum
3119 5440 3397 5493 nominum
3424 5440 3600 5493 Sattin
3632 5441 3711 5493 in-

2133 5533 2381 5587 venimus
2406 5533 2459 5587 iu
2490 5531 2671 5601 lingua
2708 5539 2893 5585 nostra
2928 5532 3338 5600 responsionem,
3389 5530 3475 5588 vel
3505 5531 3709 5604 refuta-

2381 5738 2420 5769 ¹¹
2452 5738 2603 5791 llum.
2644 5753 2718 5797 Ix,
2748 5738 2831 5799 ll,
2866 5738 2952 5799 l‘2,
2987 5738 3067 5804 l3,
3102 5737 3186 5791 Μ.
3270 5737 3310 5766 ¹²
3341 5738 3477 5793 Ceu.
3508 5756 3584 5799 Ix.
3611 5737 3702 5793 ‘25.

2210 5808 2253 5841 “
2283 5808 2443 5864 Prov.
2495 5824 2590 5876 vit,
2623 5809 2675 5874 6,
2715 5809 2768 5875 7,
2793 5814 2847 5876 8,
2874 5811 2926 5876 9,
2960 5810 3044 5864 l0.
3126 5810 3165 5840 ¹⁷
3196 5807 3352 5864 Nutu.
3389 5826 3515 5875 xxv,
3550 5812 3597 5863 ί.
