4086 6218
413 314 512 369 731

1872 307 2194 364 ORIGENIS

3575 307 3685 362 753

415 433 615 483 tionem
665 429 768 482 diri
813 430 945 499 (95).
1004 429 1278 498 Applicuit
1307 443 1440 497 ergo
1467 429 1630 483 Israel
1673 430 1739 484 ad
1771 446 1995 498 respon-
2028 434 2072 488 Α
2107 429 2245 482 forte
2277 425 2535 482 fornicari
2571 436 2621 482 te
2650 427 2850 482 faciant
2878 441 2906 480 a
2944 426 3052 481 Deo
3082 435 3194 480 luo.
3233 446 3250 477 ι
3287 424 3374 479 Ille
3396 441 3528 495 ergo
3557 442 3681 480 cum

415 521 646 584 sionem,
681 522 761 574 vel
802 521 1200 576 refutationem.
1237 520 1350 575 Non
1384 523 1519 576 bene
1547 520 1830 590 applicuit.
1864 522 1996 574 Vi-le

415 612 646 680 denique
675 611 802 678 quid
836 611 1065 664 incurrit
1095 612 1145 664 in
1172 611 1273 666 hac
1298 609 1511 680 positus
1537 613 1837 666 mansione.
1868 610 1974 665 For

415 705 630 756 uicatns
657 712 740 756 est
777 718 898 755 cum
934 703 1254 758 mulieribus
1281 703 1698 756 Madianitarum
1721 744 1735 766 ,
1767 712 1818 757 et
1854 703 2000 756 refu-

417 802 564 847 tatus
598 803 675 846 est
712 809 740 846 a
778 793 885 847 Deo
916 811 928 846 :
961 794 1082 862 quia
1116 810 1221 847 non
1258 793 1429 848 solum
1472 793 1792 857 fornicatus,
1824 797 1918 848 sed
1947 805 2000 848 et

416 885 572 938 idolis
626 886 867 955 gentium
915 897 1266 940 consecratus
1313 900 1429 951 est,
1465 897 1520 942 et
1550 889 1786 943 comedit
1823 904 1888 942 ex
1934 891 2000 944 iis

415 992 536 1038 qua
572 976 789 1030 fuerant
819 976 976 1030 idolis
1018 977 1290 1030 immolata
1317 1017 1332 1042 ,
1372 994 1493 1046 quae
1527 981 1711 1048 utique
1748 995 1998 1034 exsecra.

417 1065 543 1120 lzilia
586 1078 712 1121 sunt
770 1068 834 1119 ad
895 1067 1083 1121 Deum.
1137 1069 1237 1135 Qui
1287 1073 1429 1124 enim
1471 1086 1771 1125 consensus
1800 1073 1999 1140 templo

394 1160 510 1212 hei
545 1175 666 1212 cum
699 1159 893 1212 idolis?
918 1157 1115 1212 Verum
1152 1176 1251 1229 ego
1279 1163 1444 1214 etiam
1476 1163 1541 1215 de
1572 1163 1638 1215 iis
1659 1202 1673 1224 ,
1709 1179 1828 1231 quae
1857 1164 2000 1230 Apo-

415 1249 591 1303 sfolus
643 1250 708 1301 ad
760 1248 1075 1304 Corinthios
1121 1251 1316 1306 scribit
1349 1253 1534 1306 dicens
1586 1253 1629 1284 ¹⁸
1673 1268 1687 1306 :
1726 1271 1743 1304 ι
1786 1254 1841 1307 Si
1877 1255 2000 1324 quis

418 1349 598 1393 autem
668 1340 864 1393 viderit
911 1341 1196 1395 scientiam
1243 1343 1527 1397 habentem
1593 1346 1642 1398 in
1703 1345 1864 1400 idolio
1916 1361 1998 1399 [δελ

413 1431 711 1494 earitbere,
772 1446 951 1486 nonne
996 1435 1334 1487 conscientia
1368 1435 1482 1502 ejus
1523 1451 1644 1490 cum
1682 1438 1751 1490 sit
1785 1438 1999 1491 infirma

416 1521 778 1576 :cdilicabitur
823 1522 889 1575 ad
941 1523 1379 1577 Inauducamlum
1423 1525 1746 1581 immolata?
1783 1547 1801 1579 ι
1844 1527 2000 1582 valde

419 1612 651 1667 miratus
694 1628 836 1666 sum.
891 1613 1116 1668 Videtur
1175 1617 1317 1670 enim
1361 1635 1466 1673 non
1519 1631 1625 1674 tam
1677 1636 1786 1673 rem
1827 1621 1998 1687 ipsam

418 1719 638 1773 gravem
669 1707 1042 1772 prommtiare,
1073 1724 1237 1775 quant
1271 1710 1416 1763 illius
1442 1711 1730 1773 olleusam,
1763 1713 1853 1780 qui
1887 1711 2001 1764 lucc

417 1794 606 1848 videns
639 1796 802 1850 simili
840 1809 1167 1866 provocatur
1210 1802 1491 1871 exemplo,
1531 1819 1652 1856 cum
1698 1820 1800 1856 non
1838 1804 1997 1858 simili

419 1887 648 1940 scientia
684 1889 983 1954 muniatur,
1017 1891 1089 1944 ita
1126 1901 1182 1944 ut
1216 1897 1466 1948 ostendat
1501 1909 1621 1947 eum
1667 1897 1755 1964 qui
1795 1895 2000 1951 habens

420 1979 707 2033 scientiam
745 1982 1010 2035 rerttmltit
1041 1984 1091 2036 in
1123 1984 1306 2047 idolio,
1342 2001 1444 2039 non
1477 1998 1584 2039 tam
1622 1989 1702 2040 sui
1733 2004 1892 2053 quam
1921 1989 1999 2042 al-

420 2070 589 2126 terius
643 2073 824 2126 damni
883 2073 1026 2128 eflici
1079 2091 1252 2130 remu.
1303 2078 1407 2131 Sed
1455 2079 1576 2133 vide
1614 2097 1678 2133 ne
1723 2081 1860 2134 forte
1894 2097 1999 2135 non

420 2160 523 2214 hoc
569 2162 743 2216 solum
793 2166 957 2220 fiebat
988 2167 1125 2235 apud
1162 2168 1509 2236 Corinthios,
1540 2180 1596 2222 ut
1631 2171 1680 2223 in
1725 2171 1883 2226 idolio
1919 2187 2002 2225 re-

417 2252 778 2318 cumberent,
814 2266 868 2310 et
906 2257 1183 2311 immolata
1227 2258 1388 2314 idolis
1439 2261 1852 2317 manducareut.
1894 2263 2000 2317 Sed

420 2349 560 2401 lorte
607 2349 862 2417 quoniam
919 2349 1150 2404 διιιάἱοςί
1202 2349 1512 2405 litterarum
1545 2351 1860 2408 Grtccarum
1906 2359 2001 2410 bo-

421 2438 594 2489 mines
632 2447 812 2499 erant,
862 2451 917 2492 et
965 2449 1238 2494 amatores
1284 2442 1640 2511 philosophia:
1669 2485 1683 2508 ,
1728 2445 2002 2500 desiderio

419 2527 596 2579 adhuc
636 2529 941 2582 studiorum
985 2539 1225 2583 veterum
1273 2533 1638 2596 tenebantur,
1669 2543 1721 2588 et
1765 2536 2002 2604 philoso-

419 2617 648 2685 phorum
685 2620 931 2687 dogmata
961 2659 976 2684 ,
1009 2621 1161 2689 quasi
1201 2621 1356 2676 idolis
1399 2623 1676 2679 itmuolata
1720 2629 1949 2681 edebant
1988 2651 1998 2683 :

425 2725 549 2776 quze
592 2718 776 2764 tamen
831 2712 1024 2765 laedere
1068 2712 1303 2769 fortasse
1336 2731 1440 2769 non
1473 2728 1720 2784 poterant
1750 2735 1841 2771 eos
1865 2759 1879 2782 ,
1911 2721 2000 2785 qui

419 2801 635 2868 plenam
691 2804 974 2858 scientiam
1024 2805 1274 2860 veritatis
1320 2819 1665 2877 acceperant.
1709 2811 1772 2865 lli
1820 2825 2000 2867 autem

421 2899 512 2966 qui
553 2899 604 2951 in
639 2899 860 2954 Christo
891 2901 1068 2956 minus
1104 2903 1427 2959 eruditionis
1456 2904 1731 2960 habebant
1753 2946 1768 2971 ,
1797 2908 1839 2961 si
1874 2908 1999 2961 imi-

423 2986 669 3044 tarentur
716 3008 809 3046 eos
856 2993 1100 3063 legentes
1153 2995 1321 3061 talia,
1363 3006 1419 3050 et
1455 2997 1559 3051 illis
1592 2998 1768 3052 adhuc
1807 3000 2000 3054 studiis

2100 529 2246 577 esset
2270 521 2732 590 sapientissimus,
2765 531 2820 576 et
2842 522 3080 592 ingentis
3107 523 3247 591 apud
3279 520 3446 575 Deum
3478 520 3680 586 meriti,

2103 627 2282 668 tamen
2317 614 2442 683 quia
2479 629 2536 668 se
2571 614 2792 668 tradidit
2826 613 3010 668 multis
3044 612 3389 678 mulieribus,
3423 612 3684 681 deceptus

2101 715 2202 757 est.
2241 704 2349 772 Ego
2379 714 2507 772 puto
2532 705 2675 773 quod
2709 703 2890 757 multae
2915 703 3199 768 mulieres,
3236 702 3404 755 multa
3430 702 3681 770 dogmata

2101 805 2156 849 et
2206 797 2496 848 multarum
2551 796 2792 865 gentium
2845 795 3077 848 diversa:
3117 793 3474 862 philosophia:
3508 795 3684 845 nomi-

2103 899 2319 942 nentur.
2377 888 2507 953 Quae
2557 904 2679 941 cum
2726 887 2937 954 singula
2984 895 3398 956 agnoscere,et
3433 901 3686 953 perscru~

2105 977 2202 1030 tari
2255 987 2438 1045 utpote
2493 984 2548 1028 et
2591 975 2988 1030 scientissimus
3031 984 3086 1029 et
3125 971 3556 1042 sapientissimus
3585 985 3681 1023 vo-

2104 1070 2325 1132 luisset,
2361 1069 2712 1138 semetipsum
2757 1069 2897 1121 intra
2934 1067 3070 1134 legis
3099 1067 3294 1120 divinae
3328 1064 3567 1134 regulam
3603 1073 3682 1118 te-

2103 1163 2234 1213 nere
2282 1175 2388 1214 non
2441 1160 2636 1227 potuit.
2693 1159 2912 1228 Decepit
2951 1174 3073 1211 eum
3118 1157 3409 1211 Moabitica
3439 1155 3679 1223 philoso-

2104 1249 2259 1318 phia,
2287 1258 2345 1302 et
2373 1250 2644 1316 persuasit
2669 1260 2724 1302 ut
2759 1249 2899 1303 idolo
2925 1247 3214 1302 Moabitico
3244 1245 3579 1312 immolaret,
3608 1247 3681 1298 si-

2105 1341 2308 1394 militer
2353 1350 2409 1394 et
2451 1341 2883 1395 Ammonitarum
2911 1382 2927 1406 ,
2971 1342 3064 1394 sed
3095 1350 3148 1393 et
3185 1339 3512 1408 reliquarum
3545 1355 3677 1407 gen-

2106 1434 2271 1497 tium,
2307 1447 2536 1501 quarum
2573 1433 2830 1487 mulieres
2874 1433 3072 1486 dicitur
3110 1432 3419 1500 recepisse,
3463 1440 3516 1483 et
3550 1431 3680 1482 ardi-

2104 1527 2298 1580 ficasse
2316 1526 2534 1596 templa,
2561 1527 2642 1582 vel
2668 1526 2978 1580 immolasse
2998 1525 3155 1580 idolis
3171 1540 3355 1578 earum
3374 1524 3439 1576 ".
3465 1523 3682 1579 Grande

2103 1631 2179 1672 εει
2221 1635 2349 1687 ergo
2395 1629 2448 1672 et
2493 1634 2620 1673 vere
2655 1633 2790 1688 opus
2825 1618 2914 1671 Dei
2943 1658 2957 1681 ,
2987 1627 3092 1670 tam
3132 1615 3317 1670 multis
3343 1614 3683 1684 dogmatibus

2105 1711 2254 1779 quasi
2291 1710 2609 1766 mulieribus
2641 1710 2891 1776 misceri,
2928 1725 3025 1764 nec
3059 1721 3237 1764 tamen
3271 1725 3298 1762 a
3328 1708 3572 1763 veritatis
3598 1725 3683 1763 rc-

2107 1801 2228 1872 gula
2293 1803 2608 1866 declinare,
2659 1801 2753 1856 sed
2793 1811 3110 1856 constanter
3135 1800 3321 1855 dicere
3359 1799 3404 1831 ’ί
3447 1817 3462 1854 :
3513 1800 3686 1854 Sexa-

2108 1895 2255 1965 ginta
2289 1904 2416 1948 sunt
2451 1894 2670 1965 reginae,
2700 1903 2757 1949 et
2781 1893 3054 1963 octoginta
3092 1892 3442 1954 concubium,
3473 1901 3528 1944 et
3553 1892 3682 1945 ado—

2109 1985 2418 2041 lescentulze
2465 2001 2691 2054 quarum
2741 2000 2847 2039 non
2889 1994 2976 2039 est
3021 1997 3326 2037 numerus:
3364 1997 3466 2034 una
3506 1991 3682 2034 tamen

2105 2089 2187 2134 est
2214 2078 2462 2133 columba
2498 2093 2636 2141 mea,
2664 2077 2897 2148 perfecta
2923 2090 3063 2137 mea,
3089 2090 3192 2128 una
3221 2083 3303 2128 est
3334 2073 3524 2126 matris
3550 2086 3682 2136 sua',

2106 2184 2223 2222 una
2250 2178 2331 2220 est
2364 2167 2643 2236 genitricis
2678 2182 2810 2221 sum.
2845 2167 2950 2220 Sed
2985 2166 3074 2220 isti
3106 2166 3473 2219 adoraverunt
3499 2162 3641 2216 idola
3666 2200 3681 2222 ,

2110 2272 2163 2314 et
2190 2260 2498 2315 consecrati
2531 2268 2658 2314 sunt
2688 2258 3036 2328 Beelphegor.
3076 2256 3403 2326 Beelphegor
3433 2255 3558 2308 idoli
3589 2269 3685 2306 no-

2107 2367 2228 2405 men
2265 2359 2348 2405 est
2371 2390 2383 2411 ,
2419 2353 2560 2419 quod
2595 2351 2736 2418 apud
2769 2349 3090 2403 Madiauitas
3117 2347 3388 2417 praecipue
3426 2361 3454 2398 a
3493 2345 3684 2399 mulie-

2105 2442 2254 2496 ribus
2289 2441 2588 2495 colebatur.
2643 2440 2698 2494 ln
2731 2439 2891 2510 hujus
2927 2453 3056 2508 ergo
3090 2439 3215 2492 idoli
3247 2436 3524 2507 mysteriis
3553 2451 3680 2488 con-

2105 2545 2350 2588 secratus
2401 2543 2484 2588 est
2523 2533 2708 2589 Israel.
2750 2531 3265 2602 luterpretatiouem
3319 2532 3555 2585 nominis
3602 2531 3682 2599 ip-

2104 2626 2215 2680 sius
2253 2641 2375 2678 cum
2414 2627 2816 2690 requireremus
2847 2628 3107 2680 attentius
3152 2625 3293 2679 inter
3325 2623 3550 2679 Hebraea
3584 2640 3680 2677 no-

2106 2715 2252 2769 mina
2277 2754 2292 2777 ,
2328 2714 2429 2769 hoc
2465 2724 2675 2769 tantum
2705 2715 3009 2769 invenimus
3036 2715 3334 2783 scriptum,
3366 2715 3495 2783 quia
3533 2713 3682 2768 Beel-

2105 2807 2311 2877 pliegor
2360 2806 2568 2876 species
2603 2807 2674 2860 sit
2718 2807 3067 2876 turpitudinis
3103 2806 3236 2876 (96).
3279 2806 3458 2860 Noluit
3500 2816 3678 2860 tamen

2105 2899 2388 2953 declarare
2438 2914 2556 2966 quac
2605 2900 2688 2954 vel
2738 2898 2914 2967 qualis
2960 2900 3170 2968 species
3200 2939 3214 2962 ,
3244 2898 3326 2951 vel
3356 2897 3507 2965 cujus
3534 2907 3682 2952 esset

2107 2991 2490 3059 turpitudinis,
2527 2990 2794 3045 honestati
2839 2989 3001 3044 credo
3037 2991 3348 3054 consulens,
3383 2987 3542 3058 350
3581 2987 3674 3056 qui

417 3095 639 3148 operam
678 3082 872 3138 dantes
899 3123 914 3146 ,
947 3084 1222 3138 vulnerari
1251 3097 1532 3154 poterant,
1570 3099 1625 3142 et
1663 3089 1997 3142 diversorum

2108 3081 2496 3152 interpretatus
2523 3091 2606 3136 est
2626 3071 2646 3146 ,’
2675 3082 2755 3136 ιιιί
2788 3096 2855 3134 ne
2883 3081 3124 3134 auditum
3156 3081 3416 3151 pollueret
3450 3079 3675 3132 audien-

417 3172 734 3242 dogmatnm
767 3176 932 3230 variis
963 3177 1243 3231 erroribus
1284 3177 1574 3247 implicari.
1608 3179 1699 3234 Sic
1729 3194 1859 3249 ergo
1903 3183 1998 3236 tie-

417 3265 533 3330 bat,
561 3276 619 3320 ut
655 3261 944 3322 laederetur
968 3268 1123 3335 alius,
1161 3272 1300 3325 unde
1325 3270 1369 3325 is
1398 3273 1488 3341 qui
1522 3270 1758 3327 habebat
1787 3276 1998 3343 [.Icuam

418 3358 703 3412 scientiam
742 3361 989 3414 veritatis
1010 3401 1024 3426 ,
1053 3362 1170 3415 laedi
1197 3378 1302 3417 non
1332 3373 1570 3432 poterat.
1606 3363 1710 3420 Sed
1746 3368 1998 3434 quoniam

418 3450 665 3505 charitas
696 3466 805 3504 non
841 3453 1072 3521 requirit
1101 3455 1244 3522 quod
1275 3455 1374 3508 sibi
1409 3456 1540 3510 utile
1574 3466 1692 3523 est,
1727 3460 1821 3511 sed
1862 3461 2000 3528 quod

420 3541 626 3604 umltis,
654 3543 950 3598 observare
973 3552 1188 3612 oportet
1213 3547 1374 3599 talem
1402 3547 1549 3600 verbi
1579 3561 1774 3615 capere
1799 3549 1998 3613 cibum,

419 3633 509 3699 qui
563 3648 668 3686 non
722 3634 895 3688 solum
939 3651 1037 3688 nos
1067 3635 1295 3690 aedificet
1326 3645 1379 3690 et
1411 3637 1673 3698 delectet,
1703 3638 1794 3692 sed
1827 3649 1881 3692 et
1911 3641 1999 3708 qui

420 3727 666 3779 videntes
702 3741 806 3778 non
839 3727 1108 3792 offendat,
1142 3739 1233 3780 aut
1273 3727 1450 3781 laedat.
1488 3729 1580 3783 Est
1610 3744 1741 3799 ergo
1774 3747 1877 3784 non
1911 3747 2001 3784 so-

419 3815 529 3868 lum
561 3817 611 3869 iu
641 3816 776 3871 cibis
799 3817 954 3871 idolis
979 3817 1340 3883 immolatmn,
1363 3820 1454 3873 sed
1483 3830 1533 3873 et
1567 3820 1619 3873 in
1654 3821 1855 3875 verbis.
1892 3821 2002 3888 Ego

417 3918 549 3976 puto
576 3948 590 3974 ,
623 3909 749 3978 quia
794 3909 934 3964 sicut
963 3911 1140 3966 omnis
1164 3925 1344 3965 sermo
1379 3912 1468 3979 qui
1501 3914 1776 3980 pietatem,
1821 3923 1874 3968 et
1915 3913 2005 3981 ju-

417 4001 642 4066 stitiam,
672 4011 726 4054 et
761 4001 1046 4055 veritatem
1078 4002 1258 4064 docet,
1289 3999 1394 4054 Deo
1419 4013 1773 4060 consecratus
1803 4015 1885 4060 est
1909 4049 1921 4068 ,
1951 4014 2005 4060 ct

420 4091 530 4143 lico
570 4091 877 4144 immolatus
921 4109 935 4144 :
984 4093 1056 4145 ita
1087 4102 1141 4145 et
1176 4094 1355 4148 omnis
1390 4109 1573 4149 sermo
1599 4095 1692 4164 qui
1726 4097 1792 4149 ad
1828 4097 2002 4163 impu-

421 4181 694 4247 dicitiam,
740 4181 821 4234 vel
860 4180 1218 4251 injtlstitiam,
1252 4184 1335 4238 vel
1370 4185 1702 4255 impietatem
1747 4185 2000 4256 respicit,

420 4271 577 4326 idolis
598 4271 912 4328 immolatus
936 4274 1029 4339 sit,
1059 4285 1109 4330 et
1134 4276 1224 4346 qui
1254 4291 1376 4332 eum
1408 4278 1632 4347 recipit,
1659 4280 1813 4346 quasi
1845 4280 2002 4334 idolis

418 4365 698 4418 immolata
749 4367 1059 4422 manducet.
1107 4367 1450 4425 Mauducavit
1495 4385 1626 4441 ergo
1675 4371 1903 4442 populus
1936 4372 2000 4426 de

2103 3173 2258 3227 tium.
2297 3173 2462 3244 Igitur
2497 3189 2619 3228 cum
2655 3172 2835 3226 multae
2869 3173 2980 3226 sint
3013 3172 3410 3240 turpitudinum
3440 3170 3684 3239 species,

2105 3280 2208 3318 una
2238 3265 2485 3334 quaedam
2520 3280 2584 3318 ex
2621 3263 2864 3333 pluribus
2891 3263 3240 3332 turpitudinis
3275 3263 3490 3332 species
3531 3260 3683 3315 Beel-

2107 3355 2312 3425 phegor
2339 3354 2666 3424 appellatur.
2699 3352 2852 3408 Unde
2880 3353 3158 3428 sciendum
3191 3365 3303 3414 est,
3337 3350 3481 3423 quod
3510 3351 3687 3405 oumis

2106 3446 2197 3516 qui
2232 3444 2432 3514 aliquid
2467 3454 2625 3514 turpe
2656 3444 2984 3510 committit,
3013 3455 3064 3498 et
3101 3445 3151 3498 in
3185 3444 3424 3514 aliquam
3452 3443 3684 3512 speciem

2108 3538 2458 3606 turpitudinis
2481 3537 2740 3602 declinat,
2774 3537 3114 3608 Beelpbeg'or
3136 3536 3551 3592 Madianitarum
3581 3536 3686 3590 dte-

2108 3631 2292 3684 mouio
2322 3638 2698 3684 consecratur.
2738 3627 2844 3682 Sed
2877 3638 2928 3682 et
2957 3646 3052 3698 per
3078 3628 3287 3697 singula
3317 3639 3540 3698 peccata
3571 3641 3688 3697 qua:

2107 3723 2501 3777 committimus
2527 3763 2541 3788 ,
2585 3720 2822 3776 maxime
2855 3721 2898 3774 si
2935 3720 3045 3789 jam
3080 3738 3185 3776 non
3215 3722 3565 3791 subreplioue
3591 3721 3686 3773 ali-

2106 3831 2233 3885 qua,
2265 3816 2360 3870 sed
2386 3815 2568 3869 studio
2599 3815 2904 3884 aﬂ'cctuque
2932 3830 3239 3883 peccamus,
3272 3814 3345 3868 illi
3374 3816 3494 3869 sine
3524 3815 3686 3868 dubio

2106 3909 2359 3974 dtemoni,
2393 3908 2478 3961 cui
2512 3918 2797 3976 peccatum
2831 3909 2960 3963 illud
2993 3910 3136 3978 quod
3164 3909 3536 3962 commisimus
3569 3908 3684 3961 ino-

2109 4000 2292 4070 perari
2333 4015 2479 4052 curm
2521 4009 2634 4063 est,
2673 4014 3077 4054 consecrantur.
3119 3999 3184 4053 Et
3220 3998 3453 4054 fortasse
3481 4000 3686 4053 contin-

2107 4100 2197 4160 get
2229 4091 2385 4145 nobis
2409 4100 2487 4144 tot
2514 4091 2847 4146 datniouibus
2873 4107 2994 4145 esse
3018 4101 3388 4157 consecratos,
3413 4101 3543 4160 quot
3568 4107 3688 4159 pec—

2106 4193 2225 4237 cata
2257 4183 2680 4246 committimus,
2706 4193 2760 4236 et
2793 4183 2846 4236 in
2875 4182 3103 4252 singulis
3136 4183 3446 4252 quibusque
3478 4182 3684 4237 delictis

2105 4275 2250 4329 velut
2282 4275 2538 4346 mysteria
2577 4275 2754 4342 illius,
2790 4286 2882 4330 aut
2911 4276 3053 4330 illius
3082 4276 3208 4330 idoli
3236 4275 3586 4343 suscipimus.
3624 4275 3686 4328 Et

2106 4369 2340 4424 fortasse
2387 4381 2608 4440 prepter
2653 4370 2756 4424 hoc
2802 4369 3020 4423 dicebat
3066 4368 3356 4437 Apostolus
3385 4369 3432 4401 “
3465 4385 3480 4420 :
3517 4387 3535 4419 ι
3571 4368 3683 4424 Jaut

416 4457 702 4512 sacrificiis
728 4474 943 4524 eorum,
972 4472 1026 4515 et
1065 4464 1430 4516 adoraverunt
1460 4462 1601 4518 idola
1637 4479 1848 4520 eorum.
1881 4463 1997 4519 Non
2032 4468 2078 4528 D
2105 4463 2250 4516 enim
2284 4462 2603 4532 mysterium
2636 4461 2941 4532 iniquitatis
2971 4471 3247 4530 operatur.
3283 4481 3302 4514 ι
3337 4461 3686 4516 Circumeunt

419 4549 593 4602 solum
652 4551 1151 4615 manducaverunt,
1192 4555 1287 4608 sed
1332 4565 1387 4609 et
1437 4557 1818 4612 adoraverunt.
1865 4558 1998 4613 Vide

415 4642 662 4697 ordinem
721 4643 844 4696 mali
905 4662 918 4698 :
969 4660 1158 4698 servos
1225 4647 1432 4700 Domini
1500 4649 1674 4716 prima
1734 4649 1994 4717 concupi-

417 4734 644 4798 sventia,
683 4735 807 4788 inde
843 4735 1047 4790 ventris
1083 4735 1364 4806 ingluvies,
1408 4748 1678 4808 postrema
1709 4740 1999 4808 captivavit

421 4829 694 4897 impietas.
735 4825 1033 4897 lmpietatis
1076 4838 1256 4884 autem
1295 4845 1507 4884 merces
1543 4830 1840 4884 exsolvitur
1885 4832 1994 4888 for-

419 4919 640 4973 nicatio.
681 4918 736 4973 Si
777 4919 984 4990 relegas
1011 4935 1132 4990 quae
1162 4920 1364 4990 scripta
1407 4930 1533 4973 sunt
1567 4921 1632 4974 de
1669 4920 1994 4990 Salomone,

418 5013 661 5067 invenies
692 5030 839 5077 eum,
870 5024 925 5068 et
953 5015 1170 5083 quidem
1201 5029 1322 5067 ctnu
1356 5024 1503 5066 esset
1537 5016 1995 5084 sapientissimus,

417 5106 601 5160 multis
655 5106 972 5161 mulieribus
1019 5109 1308 5162 inclinasse
1359 5108 1526 5161 latera
1575 5123 1704 5169 sua,
1749 5122 1874 5160 cmn
1911 5107 1994 5161 lex

417 5197 512 5252 llci
546 5199 687 5253 dicat
727 5201 768 5231 ¹⁹
807 5218 820 5254 :
860 5219 877 5250 ι
917 5199 1030 5253 Non
1065 5200 1446 5270 nmltiplieabis
1483 5199 1574 5253 tibi
1619 5199 1893 5265 mulieres,
1933 5217 1999 5256 ne

2104 4571 2234 4624 ergo
2271 4554 2497 4624 spiritus
2532 4554 2793 4624 maligni,
2822 4563 2872 4607 et
2915 4563 3165 4623 qurerunt
3196 4554 3466 4622 quomodo
3497 4570 3688 4607 unum-

2105 4665 2374 4721 quemque
2404 4651 2716 4720 decipiant,
2749 4658 2802 4705 et
2834 4663 2929 4717 per
2956 4647 3264 4704 illecebram
3311 4649 3519 4717 peccati
3573 4664 3688 4717 my-

2107 4742 2291 4796 steriis
2318 4749 2656 4808 consecrent,
2679 4752 2734 4795 et
2763 4756 2936 4810 neque
2962 4740 3310 4804 sentientem,
3338 4755 3513 4812 neque
3543 4740 3688 4794 intel-

2105 4835 2390 4904 ligeutcm,
2426 4833 2573 4888 verbi
2611 4849 2772 4886 causa
2796 4873 2810 4898 ,
2855 4851 2950 4902 per
2985 4833 3368 4888 fornicationis
3408 4843 3686 4902 peccatum

2107 4923 2463 4978 introducunt
2501 4922 2567 4976 ad
2609 4923 2931 4977 dmumuium
2973 4923 3424 4988 Madiauitarum,
3470 4935 3522 4979 et
3560 4939 3688 4977 con-

2109 5027 2327 5071 scerant
2371 5015 2743 5085 Beclpbegor,
2781 5027 3107 5072 consecrant
3144 5017 3487 5086 turpitudini.
3522 5016 3688 5071 Simi-

2111 5112 2231 5164 liter
2275 5121 2330 5164 et
2379 5125 2474 5179 per
2505 5108 2607 5162 alia
2643 5119 2860 5177 peccata
2885 5149 2900 5173 ,
2934 5120 2992 5162 ut
3024 5109 3282 5173 diximus,
3331 5109 3452 5162 aliis
3483 5110 3686 5162 dmum-

2111 5203 2270 5256 nibus
2313 5201 2562 5255 homines
2603 5209 3010 5255 consecrantur.
3059 5198 3164 5254 Sed
3208 5208 3260 5252 ιιι
3307 5201 3536 5254 observa
3570 5198 3680 5252 dili-

490 5339 532 5368 ¹³¹
569 5339 966 5403 Ιϐοι·.ν.ιι,1ι).
1049 5343 1087 5372 ιθ
1117 5311 1269 5396 lleul.
1296 5357 1422 5406 xvii,
1456 5341 1540 5395 Π.
1617 5339 1661 5370 ²⁰
1688 5341 1748 5394 Ill
1779 5343 1887 5412 Reg
1924 5360 1998 5398 λι.

2111 5344 2122 5372 ι
2153 5339 2388 5398 Cant.vr,
2418 5335 2467 5396 7,
2503 5336 2557 5390 8.
2635 5336 2678 5368 “
2714 5332 2752 5386 ll
2787 5332 2980 5387 Thess.
3010 5347 3070 5396 tt,
3121 5331 3172 5383 7.

488 5451 604 5520 (95)
663 5452 731 5506 In
792 5457 1224 5523 interpretatione
1283 5455 1663 5511 llebraicornm
1725 5459 1993 5509 nominum

420 5523 602 5577 Sattin
630 5524 921 5578 invenimus
964 5531 1018 5578 in
1061 5526 1244 5594 lingua
1283 5538 1461 5579 nostra
1497 5540 1882 5579 aeseossuoxen
1919 5527 1996 5580 rel

423 5606 821 5648 tttit‘tJTATIONI-ztt
843 5597 971 5651 dici.
1005 5597 1154 5650 Unde
1200 5597 1373 5650 Sattin
1423 5599 1702 5662 reSponsio
1734 5597 1810 5647 vel
1850 5597 1987 5650 refu-

424 5667 556 5719 tatio
585 5665 688 5717 dici
721 5668 910 5729 possit,
961 5683 1065 5718 non
1109 5668 1291 5726 video,
1331 5666 1434 5718 nisi
1473 5668 1610 5718 forte
1644 5682 1671 5717 ιι
1721 5675 1882 5724 tamn
1909 5667 1999 5718 lla-

423 5735 586 5802 gcllo.
625 5753 642 5786 ι
681 5735 819 5802 quod
861 5733 1052 5803 inepta:
1095 5737 1329 5789 ratione:
1355 5735 1677 5789 refutatione
1711 5740 1865 5802 quasi
1899 5738 1995 5788 lla-

2106 5455 2246 5523 gello
2269 5464 2578 5514 arceantur,
2625 5451 2709 5504 vel
2755 5450 2915 5523 quod
2943 5449 3102 5518 paulo
3142 5445 3487 5499 verisimilius
3520 5457 3623 5506 cst,
3661 5462 3686 5500 a

2099 5520 2224 5584 mw
2261 5543 2279 5576 ι
2322 5523 2581 5585 circuire,
2607 5523 2823 5583 iterare,
2867 5520 3191 5573 discurrere.
3237 5535 3254 5567 ι

2175 5594 2284 5664 (96)
2316 5595 2454 5658 Quin
2495 5591 2811 5661 Beelphcgor
2840 5589 3030 5656 species
3077 5589 3140 5640 sit
3191 5587 3564 5664 turpitudinis:
3616 5587 3682 5639 lix

2096 5651 2207 5730 θῇς,
2254 5651 2281 5716 ι’
2319 5651 2629 5719 Dominus;
2677 5651 2794 5715 »νει
2836 5651 2949 5723 -ιυε
2986 5679 3004 5710 ι
3054 5651 3300 5728 ειμυιίιὶι,
3355 5674 3374 5710 ι
3425 5657 3688 5712 conflatur

2102 5752 2294 5792 nomen
2334 5753 2350 5784 ι
2398 5733 2744 5802 Bcclplicgor.
2787 5750 2804 5783 ι
