4086 6218
342 337 446 391 73³5

1521 347 1586 401 IN
1623 349 1956 408 NUMEROS
1997 353 2277 411 liOMlLIA
2341 359 2458 412 XX.

3506 375 3609 429 754

343 455 557 509 centius
587 454 730 520 quod
759 455 1018 525 scriptmn
1051 473 1125 511 est
1149 498 1166 521 ,
1199 467 1251 513 et
1296 470 1376 516 sta
1427 464 1479 516 in
1515 466 1644 531 viis,
1675 475 1729 520 et
1763 467 1932 522 inter—
1961 479 2002 532 Α
2038 474 2089 525 in
2120 490 2278 541 quam
2311 474 2538 528 voluerit
2577 487 2781 542 partem
2821 488 2902 532 est
2936 479 2982 532 ei
3021 480 3246 536 liberum
3277 480 3547 538 declinare
3586 500 3602 539 :

345 560 471 613 roga
523 559 645 614 qua:
688 547 797 600 sint
835 548 932 602 viae
963 548 1171 603 Domini
1221 561 1458 619 veterum,
1497 566 1551 610 et
1585 572 1704 625 quae
1741 559 1812 612 sit
1844 562 1925 614 via

343 639 478 690 bona
501 676 516 701 ,
569 648 623 691 et
664 637 856 693 incede
904 639 957 693 in
993 655 1055 693 ea
1081 680 1097 705 ,
1141 652 1194 696 et
1233 659 1337 699 non
1373 647 1604 702 accedas
1635 650 1702 704 ad
1729 649 1927 717 januas

340 729 534 784 demus
566 729 800 788 malitiae.
837 730 945 786 Sed
984 732 1045 786 si-
1068 737 1304 790 senseris
1337 738 1641 808 malignum
1669 743 1922 810 spiritmn

342 821 488 890 loqui
518 823 571 876 in
607 822 770 878 corde
802 832 912 887 tuo,
948 833 1007 878 ut
1034 835 1083 880 te
1112 827 1271 881 ducat
1296 831 1362 882 ad
1394 831 1610 900 aliquod
1643 847 1777 903 Opus
1801 850 1924 904 pec-

340 912 484 978 cati,
524 912 766 984 intellige
804 915 929 983 quia
969 925 1022 968 te
1055 916 1252 973 ducere
1289 920 1438 984 vult,
1467 931 1524 976 ut
1549 933 1831 979 consecret
1872 934 1922 980 te

338 1001 498 1056 alicui
535 1003 787 1059 daemonii.
826 1006 1032 1064 Ducere
1063 1018 1115 1063 te
1146 1011 1258 1064 vult
1284 1022 1339 1066 ut
1368 1014 1638 1083 suscipias
1661 1017 1914 1086 mysteria

338 1093 642 1156 diabolica,
689 1098 942 1166 mysteria
994 1099 1314 1168 iniquitatis.
1369 1105 1434 1159 Et
1481 1105 1582 1161 hoc
1625 1120 1740 1161 esse
1791 1118 1918 1176 puto

337 1185 479 1250 quod
510 1187 701 1241 scribit
727 1188 1016 1254 Apostolus
1046 1191 1093 1222 "
1126 1209 1139 1244 :
1177 1212 1194 1244 t
1234 1194 1368 1249 Cum
1395 1208 1572 1253 autem
1602 1209 1792 1268 gentes
1825 1215 1912 1254 es-

337 1276 488 1341 setis,
513 1277 580 1332 ad
607 1279 894 1335 simulacra
925 1294 1071 1338 muta
1099 1296 1287 1344 euntes
1313 1292 1848 1359 proutduccbamini.
1887 1315 1905 1348 ι

334 1367 377 1419 Α
413 1383 518 1435 quo
544 1369 626 1424 vel
657 1387 683 1424 a
708 1375 907 1442 quibus
941 1377 1321 1436 ducebamini?
1347 1397 1376 1435 a
1410 1384 1692 1452 spiritibus
1720 1401 1910 1453 nempe

338 1459 589 1529 malignis
643 1465 986 1523 ducebamini
1045 1472 1110 1523 ad
1163 1487 1323 1540 opera
1373 1485 1739 1544 peccatorum.
1786 1478 1911 1534 Haec

331 1553 557 1608 audiens
604 1556 834 1626 vigilans
882 1562 1116 1631 quisque
1164 1567 1379 1620 auditor
1429 1569 1575 1621 dicet
1617 1568 1846 1624 fortasse
1893 1595 1904 1626 ;

330 1641 470 1706 Quid
497 1659 627 1714 ergo
654 1644 954 1704 faciemus?
985 1652 1026 1704 si
1055 1653 1396 1710 circumeunt
1425 1657 1650 1726 spiritus
1683 1660 1904 1732 maligni

329 1745 768 1802 unumquemque
804 1747 1070 1803 nostrum,
1102 1749 1156 1795 et
1183 1742 1387 1799 ducunt
1411 1785 1424 1807 ,
1476 1760 1539 1800 ac
1581 1750 1904 1816 pertralmnt

327 1822 396 1874 ad
439 1833 722 1891 peccatum
760 1845 775 1880 :

332 1911 462 1964 tiam
497 1915 719 1982 trahat,
750 1919 842 1986 qui
877 1920 1065 1975 invitet
1095 1932 1151 1978 et
1177 1925 1338 1980 ducat
1365 1927 1432 1982 ad
1463 1928 1804 1997 pudicitiam,
1836 1933 1902 1985 ad

329 2003 624 2073 pietatem,
676 2011 945 2076 quomodo
991 2028 1100 2069 non
1144 2016 1415 2072 videbitur
1459 2019 1526 2072 ad
1569 2023 1900 2089 pereundum

327 2093 542 2160 quidem
590 2096 696 2152 lata
736 2100 819 2154 via
856 2111 1080 2169 patere,
1112 2105 1178 2159 ad
1207 2107 1436 2164 salutem
1467 2124 1596 2165 vero
1631 2126 1899 2182 nusquam

329 2184 470 2240 ullus
513 2188 694 2246 aditus
734 2191 877 2246 dari?
913 2194 1027 2250 lmo
1067 2211 1196 2253 vero
1241 2200 1461 2256 adverte
1489 2202 1822 2272 diligentius,
1854 2208 1897 2261 si

322 2285 516 2341 potes,
569 2289 624 2332 et
670 2291 857 2349 aperto
906 2286 1090 2341 cordis
1144 2289 1340 2355 oculo,
1394 2292 1649 2348 interiora
1689 2311 1898 2351 mecum

319 2366 608 2422 considera
638 2373 894 2440 mysteria
922 2390 936 2439 ;
968 2383 1022 2430 et
1047 2376 1258 2434 videbis
1280 2390 1486 2448 quanto
1520 2381 1694 2448 major
1725 2383 1776 2436 in
1812 2399 1897 2438 se-

317 2459 482 2512 cretis
523 2463 718 2517 salutis
761 2475 956 2520 nostrae
994 2483 1123 2522 cura
1159 2480 1389 2538 geratur
1419 2511 1434 2534 ,
1470 2487 1630 2540 quam
1665 2473 1897 2530 facultas

319 2548 385 2602 ad
450 2549 824 2618 decipiendum
875 2559 1200 2625 praebeatur.
1237 2561 1405 2616 Adest
1453 2564 1740 2634 unicuique
1795 2583 1893 2622 no-

317 2648 488 2694 strum
509 2642 619 2712 (97)
643 2683 656 2707 ,
681 2645 844 2702 etiam
876 2649 1114 2706 minimis
1143 2654 1232 2722 qui
1265 2663 1390 2708 sunt
1420 2654 1473 2709 in
1508 2655 1744 2711 Ecclesia
1775 2657 1891 2725 Dei,

317 2730 541 2801 angelus
574 2735 784 2802 bonus,
819 2742 1046 2811 angelus
1080 2744 1289 2801 Domini
1318 2748 1407 2817 qui
1435 2757 1620 2817 regat,
1654 2750 1742 2817 qui
1776 2767 1892 2805 mo-

317 2835 462 2889 neat,
499 2824 590 2892 qui
627 2827 928 2896 gubernet,
962 2835 1051 2902 qui
1088 2849 1184 2902 pro
1227 2839 1438 2892 actibus
1480 2841 1682 2912 nostris
1722 2843 1891 2895 corri-

312 2914 502 2980 gendis
521 2955 538 2980 ,
567 2926 622 2971 et
651 2919 1092 2980 miserationibus
1119 2930 1476 2996 evposcendis
1499 2969 1514 2993 ,
1545 2930 1781 2999 quotidie
1812 2932 1890 2986 vi-

312 3003 438 3059 deat
464 3005 657 3063 faciem
694 3009 873 3068 Patris
911 3016 998 3083 qui
1025 3017 1077 3070 iu
1111 3020 1261 3074 crelis
1288 3030 1371 3074 est
1403 3039 1416 3076 :
1453 3021 1591 3076 sicut
1630 3023 1888 3078 Dominus

310 3094 556 3164 designat
603 3098 656 3153 in
697 3100 1002 3170 Evangeliis
1038 3106 1103 3164 ".
1144 3108 1209 3163 Et
1251 3111 1445 3165 iterum
1489 3113 1786 3168 secundum
1820 3131 1882 3168 ea

311 3200 433 3252 qua:
458 3185 695 3246 Joannes
723 3192 775 3247 itt
800 3195 1126 3270 Apocalypsi
1157 3202 1346 3256 scribit
1371 3204 1437 3268 ³⁵,
1466 3203 1754 3274 unicuique
1783 3205 1882 3259 Ec-

306 3276 486 3331 clesiae
509 3281 833 3347 generaliter
855 3288 1080 3356 angelus
1106 3301 1303 3359 praeest
1322 3293 1410 3362 qui
1441 3292 1521 3347 vel
1550 3295 1886 3351 collaudatur

309 3381 406 3432 pro
444 3365 578 3422 bene
620 3372 790 3438 gestis
823 3377 1040 3446 populi;
1069 3379 1150 3434 vel
1186 3383 1346 3436 etiam
1384 3399 1480 3452 pro
1523 3385 1731 3441 delictis
1762 3388 1882 3457 ejus

308 3453 573 3524 culpatur.
622 3459 677 3514 ln
714 3476 819 3530 quo
859 3466 1023 3520 etiam
1067 3473 1314 3538 stupendi
1361 3476 1608 3542 mysterii
1643 3453 1882 3531 admira-

309 3546 454 3601 tione
485 3563 834 3621 permoveor,
883 3559 1022 3628 quod
1070 3560 1335 3616 intantmn
1373 3564 1483 3620 Deo
1513 3581 1643 3621 cura
1676 3569 1742 3622 de
1785 3586 1882 3624 no-

307 3636 389 3691 bis
411 3639 520 3707 sit,
565 3652 622 3698 ut
661 3647 824 3700 etiam
861 3651 1079 3718 angelos
1113 3669 1240 3709 suos
1271 3656 1475 3725 culpari
1510 3675 1607 3726 pro
1642 3661 1797 3716 nobis
1825 3672 1878 3716 et

300 3729 570 3786 confutari
618 3737 875 3803 patiatur.
918 3741 1012 3797 Sic
1044 3745 1188 3798 enim
1228 3762 1348 3802 cum
1379 3751 1669 3821 paedagogo
1703 3753 1877 3810 tradi-

301 3829 392 3873 tur
419 3837 586 3893 puer,
619 3826 664 3882 si
701 3827 840 3886 forte
871 3833 1050 3889 minus
1084 3836 1262 3905 dignis
1302 3855 1401 3894 nec
1439 3842 1737 3896 secundum
1780 3859 1876 3912 pa-

299 3919 513 3968 ternam
565 3917 899 3976 nobilitatem
949 3925 1188 3982 imbutus
1226 3940 1482 3998 appareat
1527 3932 1828 4000 disciplinis
1855 3976 1870 3998 ,

293 4004 556 4061 continuo
608 4009 764 4079 culpa
817 4013 884 4066 ad
936 4017 1281 4087 paedagogum
1331 4022 1601 4086 refertur,
1652 4039 1751 4079 nec
1799 4025 1870 4079 ita

292 4108 430 4161 puer
469 4111 499 4150 a
543 4106 700 4168 patre
750 4112 810 4156 ut
857 4108 1178 4179 paedagogus
1209 4112 1459 4180 arguitur
1484 4152 1500 4178 ,
1543 4113 1644 4168 nisi
1681 4115 1872 4170 durior

290 4183 490 4252 fuerit,
541 4199 594 4244 et
628 4192 902 4265 paedagogi
937 4200 1136 4254 monita
1174 4204 1468 4272 spreverit,
1507 4216 1668 4276 atque
1695 4208 1749 4261 in
1788 4208 1868 4262 la-

287 4274 516 4330 sciviam
562 4295 763 4349 pronus
809 4299 872 4340 ac
901 4291 1227 4355 proterviam
1255 4293 1512 4349 salutaria
1554 4295 1668 4364 ejus
1705 4301 1866 4356 verba

288 4371 699 4440 contempserit,
728 4375 833 4431 illis
864 4380 1033 4448 magis
1065 4383 1453 4454 obtemperans
1479 4390 1568 4458 qui
1595 4391 1863 4446 luxuriam

2030 573 2084 614 et
2131 565 2250 618 ideo
2276 567 2486 636 justum
2533 567 2622 621 Dei
2664 569 2924 638 judicium
2961 580 3077 637 est,
3118 574 3244 641 quia
3285 589 3474 645 sponte
3507 591 3602 630 sua

2029 655 2142 708 sive
2177 656 2333 709 bonis
2363 657 2476 710 sive
2510 659 2762 726 pessimis
2793 660 3153 716 monitoribus
3181 673 3351 730 paret.
3387 663 3477 718 Vis
3508 666 3601 719 tibi

2031 744 2208 798 adhuc
2236 747 2466 814 amplius
2495 749 2621 816 quid
2653 763 2717 802 ex
2752 749 3049 818 Scripturis
3067 753 3264 808 divinis
3293 759 3596 820 ostendam,

2026 835 2295 900 quomodo
2327 837 2500 906 major
2535 854 2666 891 cura
2697 839 2892 895 salutis
2923 857 3050 910 erga
3084 843 3330 900 homines
3362 848 3466 900 Deo
3493 862 3598 907 est.

2023 938 2181 991 quam
2215 926 2429 981 diabolo
2460 930 2827 998 perditionis?
2859 931 3108 1002 Nunquid
3151 953 3258 990 non
3299 937 3598 995 sufﬁciebat

2022 1017 2332 1084 angelorum
2385 1021 2662 1090 diligentia
2714 1023 2975 1080 adversus
3020 1027 3244 1083 insidias
3289 1030 3591 1086 daemonum

2018 1117 2072 1160 et
2112 1108 2399 1164 adversum
2441 1127 2536 1167 eos
2571 1114 2658 1183 qui
2710 1117 2776 1168 ad
2828 1119 3162 1185 peccandum
3199 1120 3445 1176 homines
3488 1134 3598 1178 tra-

2020 1199 2193 1253 hunt?
2248 1199 2368 1270 Ipse
2406 1203 2764 1272 Unigeuitus,
2815 1210 2950 1277 ipse,
3000 1211 3257 1280 inquam,
3296 1215 3463 1270 Filius
3501 1217 3592 1270 Dei

2017 1291 2190 1357 adest,
2241 1292 2354 1360 ipse
2393 1294 2667 1360 defendit,
2709 1298 2823 1364 ipse
2855 1301 3123 1362 custodit,
3165 1301 3277 1368 ipse
3313 1319 3408 1356 nos
3440 1304 3505 1357 ad
3536 1321 3593 1359 se

2018 1379 2202 1432 trahit.
2246 1381 2384 1435 Audi
2421 1384 2688 1451 quomodo
2727 1387 2842 1453 ipse
2871 1388 3002 1442 dicit
3036 1391 3078 1421 ’9
3118 1409 3130 1442 :
3173 1409 3190 1441 ι
3234 1391 3297 1444 Et
3331 1407 3458 1447 ecce
3491 1408 3590 1460 ego

2016 1471 2293 1524 vobiscum
2338 1487 2455 1526 sum
2490 1476 2744 1530 omnibus
2787 1477 2978 1530 diebus
3011 1495 3179 1548 usque
3220 1482 3284 1534 ad
3339 1498 3588 1537 consum-

2015 1561 2300 1615 mationem
2339 1563 2534 1617 SIBCltii.
2570 1583 2589 1616 ›
2615 1565 2717 1619 Sed
2749 1582 2846 1620 net:
2878 1569 3212 1624 sufticiteum
3253 1587 3371 1626 esse
3408 1575 3590 1627 nobis-

2010 1665 2156 1713 cum,
2187 1653 2280 1706 sed
2310 1655 2710 1722 quodammodo
2744 1659 2847 1711 vim
2875 1659 3032 1713 nobis
3063 1660 3214 1726 facit,
3252 1672 3306 1716 ut
3338 1679 3434 1718 nos
3466 1681 3585 1734 per-

2012 1742 2189 1797 trahat
2221 1745 2288 1798 ad
2322 1747 2570 1801 salutem.
2604 1749 2688 1801 Ait
2719 1749 2862 1802 enim
2895 1750 2944 1802 in
2977 1752 3082 1804 alio
3108 1753 3225 1806 loco
3257 1753 3300 1784 ³⁰
3331 1773 3342 1806 :
3388 1772 3406 1804 ι
3447 1755 3578 1810 Cum

822 1843 982 1884 nemo
1009 1841 1189 1886 autem
1228 1834 1364 1891 alius
1402 1846 1486 1892 es;
1520 1839 1608 1906 qui
1649 1840 1714 1892 ad
1749 1841 1906 1907 justi-
1940 1828 1982 1883 Β
2009 1843 2186 1886 autem
2242 1835 2512 1891 exaltatus
2553 1836 2748 1902 fuero,
2791 1839 2972 1893 omnia
3024 1841 3090 1894 ad
3137 1859 3222 1896 me
3267 1844 3499 1897 traham.
3557 1864 3576 1895 ι

2012 1922 2170 1978 Vides
2210 1928 2482 1993 quomodo
2516 1943 2622 1982 non
2660 1931 2836 1982 solum
2873 1930 3064 1985 invitat
3094 1934 3370 1998 volentes,
3403 1935 3495 1989 sed
3529 1946 3583 1989 ct

2003 2023 2326 2068 cunctantes
2363 2017 2549 2071 trahit.
2589 2016 2683 2072 Vis
2714 2028 2893 2074 autem
2927 2021 3116 2076 audire
3145 2024 3420 2090 quomodo
3463 2034 3579 2076 tra-

2004 2103 2098 2156 hat
2128 2104 2294 2159 etiam
2326 2111 2674 2163 cunctantes?
2703 2111 2819 2166 Non
2846 2114 3117 2167 concessit
3145 2114 3220 2166 illi
3248 2115 3337 2183 qui
3366 2114 3580 2168 volebat

2004 2195 2100 2258 ire,
2126 2204 2180 2250 et
2205 2197 2434 2266 sepelire
2460 2211 2667 2268 patrem
2704 2219 2886 2270 suum,
2921 2221 3020 2258 nec
3051 2206 3281 2274 spatium
3319 2207 3575 2273 temporis

2001 2289 2163 2353 dedit,
2195 2293 2288 2344 sed
2317 2291 2394 2344 ait
2427 2291 2501 2346 illi
2540 2293 2581 2324 ³¹
2623 2310 2635 2346 :
2674 2313 2692 2346 ι
2725 2293 2853 2349 Sine
2883 2306 3125 2350 mortuos
3160 2295 3392 2364 sepelire
3424 2313 3574 2351 mor-

2003 2388 2120 2433 tuos
2150 2395 2310 2446 suos,
2345 2391 2398 2436 tu
2429 2393 2609 2439 autem
2639 2400 2866 2455 sequere
2896 2402 3001 2442 me.
3039 2407 3058 2440 ι
3092 2388 3156 2442 Et
3176 2389 3300 2443 alibi
3324 2389 3453 2443 dicit
3481 2388 3524 2420 ³³
3553 2406 3571 2443 :

2003 2488 2020 2520 ι
2069 2469 2237 2526 Nemo
2283 2474 2500 2530 mittens
2548 2491 2763 2530 manum
2796 2493 2964 2537 suam
3001 2496 3164 2547 super
3202 2491 3476 2546 aratrum,
3519 2491 3574 2534 ct

1999 2569 2142 2613 retro
2192 2563 2510 2632 respiciens,
2566 2575 2726 2634 aptus
2763 2576 2847 2622 cst
2892 2582 3058 2635 regno
3093 2568 3209 2622 Dei.
3265 2587 3284 2619 ι
3329 2569 3482 2635 Quod
3523 2571 3566 2623 si

1994 2651 2224 2720 amplius
2294 2655 2470 2710 adlmc
2538 2659 2619 2711 vis
2674 2659 2751 2720 de
2827 2660 2926 2713 hoc
2989 2673 3323 2729 cognoscere
3382 2676 3567 2714 sacra-

1997 2753 2203 2808 mento,
2235 2749 2515 2799 ostendam
2563 2748 2656 2801 tibi
2699 2750 2765 2802 dc
2825 2748 3162 2818 Scripturis,
3217 2749 3358 2820 quod
3401 2750 3565 2803 etiam

1994 2835 2106 2903 ipse
2150 2837 2406 2892 Dominus
2463 2838 2621 2894 Pater
2682 2840 3142 2910 dispensationem
3207 2843 3400 2896 salutis
3466 2859 3566 2896 no-

1991 2939 2120 2982 stra:
2170 2944 2272 2983 non
2319 2931 2568 3001 negligit,
2618 2932 2709 2986 sed
2741 2941 2792 2986 et
2834 2933 2947 3003 ipse
2979 2948 3076 2986 nos
3108 2936 3172 2986 ad
3202 2932 3427 2986 salutem
3460 2948 3564 2985 non

1989 3017 2160 3072 solum
2197 3032 2384 3085 vocat,
2418 3022 2510 3074 sed
2541 3031 2594 3075 et
2640 3023 2926 3090 pertrahit.
2980 3023 3070 3078 Sic
3119 3023 3262 3077 enim
3305 3023 3566 3077 Dominus

1987 3112 2119 3166 dicit
2182 3115 2231 3168 in
2289 3115 2578 3184 Evangelio
2633 3117 2676 3147 ³³
2728 3136 2740 3172 :
2807 3135 2827 3169 ι
2888 3115 3057 3173 Nemo
3114 3118 3261 3171 venit
3317 3117 3385 3172 ad
3440 3132 3558 3178 me,

1987 3202 2143 3276 351
2179 3205 2278 3257 nisi
2329 3219 2484 3272 quem
2516 3204 2676 3260 Pater
2711 3221 2863 3261 meus
2912 3207 3147 3262 cmlestis
3187 3206 3491 3264 attraxerit.
3537 3227 3558 3260 ο

1988 3293 2092 3344 Sed
2125 3301 2176 3345 et
2207 3293 2617 3361 paterfamilias,
2651 3295 2741 3364 qui
2775 3297 3142 3351 mittitservos
3171 3311 3297 3350 suos
3333 3297 3561 3351 invitare

1986 3383 2192 3437 amicos
2215 3385 2280 3436 ad
2304 3385 2514 3453 nuptias
2539 3385 2630 3438 lilii
2655 3385 2758 3451 sui,
2783 3396 3138 3456 posteaquam
3161 3397 3561 3442 excusaveruut

1985 3471 2058 3524 illi
2112 3474 2201 3539 qui
2250 3475 2460 3544 priores
2511 3476 2724 3530 fuerant
2768 3477 3006 3542 invitati,
3056 3478 3187 3532 dicit
3229 3479 3403 3534 servis
3445 3479 3490 3512 “
3539 3497 3556 3534 :

1989 3588 2007 3619 ι
2059 3567 2215 3622 Exite
2245 3568 2310 3621 ad
2345 3570 2458 3623 vias
2489 3578 2542 3621 et
2567 3569 2903 3640 angiportus,
2938 3579 2992 3624 et
3015 3585 3369 3640 quoscunque
3409 3572 3558 3627 inve-

1983 3658 2196 3721 ueritis,
2229 3657 2404 3725 cegite
2434 3659 2680 3713 introire.
2719 3677 2738 3710 ι
2778 3658 3028 3730 Sic-ergo
3080 3675 3184 3715 non
3218 3662 3390 3716 solum
3421 3663 3558 3717 invi-

1985 3761 2162 3802 tamur
2191 3765 2220 3802 a
2259 3749 2390 3814 Deo,
2427 3753 2521 3804 sed
2566 3762 2626 3806 et
2671 3751 2956 3816 trahimur,
2987 3762 3040 3806 et
3093 3754 3338 3822 cogimur
3373 3754 3438 3807 ad
3467 3770 3557 3809 sa-

1978 3842 2164 3896 lutem.
2195 3843 2301 3896 Sed
2333 3857 2432 3897 nec
2459 3853 2678 3898 sanctus
2705 3849 2921 3916 quidem
2949 3850 3172 3917 spiritus
3207 3852 3258 3904 in
3295 3852 3552 3922 hujusce"

1979 3934 2119 3986 modi
2167 3933 2664 4004 dispensationibus
2716 3937 2888 3992 deest.
2944 3939 3059 4008 Ipse
3089 3941 3232 3993 enim
3281 3942 3412 3995 dicit
3456 3941 3549 3996 ":

1981 4045 1998 4077 t
2039 4025 2328 4095 Segregate
2354 4027 2482 4080 mibi
2527 4026 2750 4081 Paulum
2781 4036 2836 4082 et
2881 4027 3185 4084 Barnabam
3212 4031 3264 4084 in
3309 4032 3555 4087 ministe-

1977 4117 2140 4179 rium,
2172 4115 2237 4168 ad
2276 4118 2420 4184 quod
2453 4118 2722 4186 assumpsi
2757 4133 2871 4174 eos.
2913 4139 2930 4170 ι
2964 4120 3026 4173 Et
3061 4121 3255 4174 iterum
3303 4124 3551 4190 prohibet

1973 4201 2196 4275 Paulum
2239 4203 2318 4256 ire
2355 4203 2407 4257 in
2434 4203 2644 4270 Asiam,
2699 4215 2755 4259 et
2787 4222 3000 4262 rursum
3028 4211 3172 4279 cogit
3205 4227 3332 4264 eum
3386 4211 3465 4267 ire
3492 4213 3544 4266 iu

1969 4294 2382 4366 Jerosolymatn,
2417 4297 2715 4366 prtedieeus
2745 4299 2816 4365 ei,
2865 4302 2991 4369 quia
3024 4301 3237 4357 vincula
3277 4315 3331 4358 et
3362 4321 3548 4361 caree-

1973 4405 2058 4442 res
2095 4403 2219 4442 eum
2274 4388 2346 4442 ibi
2400 4389 2651 4442 maneant
2684 4389 2751 4445 ³⁶.
2810 4391 2961 4458 Quod
3002 4393 3046 4447 si
3101 4393 3278 4463 angeli
3333 4395 3544 4450 Domini

286 4458 538 4525 suadent,
574 4470 629 4516 et
661 4465 728 4519 ad
770 4466 1048 4530 lasciviam
1096 4489 1415 4546 provocant.
1463 4482 1601 4548 Quid
1649 4486 1742 4540 tiat
1787 4486 1859 4540 illi
1897 4503 1938 4557 ί)
1971 4481 2304 4534 circumdant
2339 4480 2390 4534 in
2423 4482 2650 4536 circuitu
2684 4482 2991 4538 timentium
3023 4501 3166 4552 eum,
3232 4497 3287 4539 ut
3315 4485 3547 4555 eripiant

285 4548 488 4646 animae
537 4556 810 4624 prophetae
857 4564 1082 4622 vocibus
1125 4569 1292 4624 disce.
1330 4589 1349 4623 ι
1404 4573 1856 4646 Derelinquetur,

285 4637 464 4707 inquit
500 4642 579 4708 ³⁸,
621 4646 726 4699 lilia
762 4649 890 4706 Sion
928 4653 1070 4710 sicut
1109 4659 1512 4717 tabernaculum
1555 4664 1607 4719 in
1638 4637 1856 4734 'vinea,

279 4739 339 4784 et
366 4731 507 4789 sicut
535 4750 658 4792 casa
683 4743 1007 4802 eustodiaria
1036 4747 1090 4804 in
1115 4755 1508 4820 cucumcrario,
1530 4765 1583 4810 et
1612 4759 1752 4813 sicut
1781 4763 1859 4814 ci-

281 4822 426 4879 vitas
456 4839 576 4894 qute
609 4843 914 4902 expugnata
944 4850 1050 4896 est.
1099 4859 1118 4892 ι
1167 4841 1232 4896 Ει
1275 4844 1470 4900 iterum
1508 4849 1551 4880 ’τ
1584 4867 1599 4902 :
1638 4869 1656 4900 ι
1694 4851 1858 4906 Aufe-

279 4922 431 4968 retur
476 4922 709 4977 maceria
753 4923 890 4992 ejus,
927 4939 983 4984 et
1029 4932 1133 4986 erit
1170 4933 1222 4988 in
1249 4938 1714 4996 conculcationem
1742 4983 1757 5004 ,
1802 4956 1858 4998 et

276 5005 538 5074 diripient
569 5026 686 5066 eam
721 5030 914 5073 omnes
949 5025 1038 5090 qui
1081 5033 1361 5082 transeunt
1387 5029 1528 5083 viam
1567 5051 1584 5084 ι
1613 5049 1627 5098 ;
1669 5045 1723 5088 et
1753 5035 1798 5066 ³⁸
1830 5053 1845 5089 :

279 5113 298 5146 ι
338 5094 646 5168 Singularis
681 5103 829 5162 ferus
863 5113 1114 5180 depascet
1149 5132 1290 5172 eam.
1327 5138 1346 5171 ι
1385 5119 1507 5175 llaec
1540 5125 1777 5192 patietur
1807 5129 1850 5180 si

273 5203 382 5241 lmn
430 5194 744 5260 acquiescat
787 5204 1012 5260 monitis
1053 5208 1258 5278 angeli,
1298 5212 1390 5282 qui
1427 5214 1532 5267 sibi
1575 5219 1853 5284 appositus

271 5290 355 5332 est
397 5281 464 5336 ad
505 5285 758 5343 salutem.
793 5290 889 5348 Sui
921 5311 1155 5366 namque
1191 5302 1404 5357 arbitrii
1435 5316 1518 5360 est
1551 5281 1728 5361 anima
1753 5349 1768 5374 ,
1799 5323 1853 5363 et

342 5397 387 5480 ff
414 5395 596 5480 tear.
636 5419 734 5467 xu,
769 5407 830 5480 2.
938 5411 1172 5468 “Matth.
1210 5433 1363 5480 mu.
1399 5419 1482 5472 tu.

272 5465 316 5552 εἰ
335 5466 523 5552 natui.
543 5465 734 5552 xxviii,
754 5479 844 5552 eo.
871 5550 877 5552 _
924 5481 967 5512 ³ο
989 5465 1376 5552 toaiifxiifa'a'.

274 5533 314 5564 ⁸⁵
337 5539 457 5592 Act.
495 5555 610 5606 xm,
640 5544 693 5596 2.
721 5533 732 5541 ’
770 5548 814 5579 ³⁸
852 5550 974 5606 Aet.
1169 5533 1268 5588 ’-θ’
1291 5533 1458 5612 Num.

297 5649 452 5742 2“(ii-‘7‘)
475 5653 649 5742 Iridst
673 5663 952 5742 unicuique
981 5678 1236 5742 nostrum,
1265 5679 1370 5726 etc.
1401 5671 1537 5737 Quid
1574 5675 1638 5728 de
1672 5690 1834 5742 ange-

275 5715 677 5784 lis'tutclaribus
699 5715 952 5801 opittaius

1597 5422 1641 5453 ’⁸
1685 5425 1853 5493 Apoc.
1909 5440 1969 5476 ll.

1455 5490 1495 5520 ³⁸
1524 5490 1710 5547 Matth.
1731 5490 1846 5556 vin,
1871 5494 1961 5547 ‘22.

1959 4593 2052 4632 cus
2085 4591 2098 4641 ;
2133 4574 2176 4629 si
2209 4574 2348 4630 Deus
2372 4573 2556 4639 Pater,
2594 4575 2638 4630 si
2683 4576 2874 4644 Filius,
2917 4579 2962 4632 si
3011 4578 3247 4648 Spiritus
3299 4591 3537 4643 sanctus,

1961 4687 2066 4723 non
2102 4667 2274 4723 solum
2327 4669 2616 4723 hortantur
2659 4680 2714 4724 et
2745 4683 3080 4740 provocant,
3113 4673 3209 4728 sed
3238 4683 3293 4727 et
3324 4686 3540 4743 pertra-

1959 4761 2113 4824 hnnt,
2159 4762 2429 4828 quomodo
2479 4776 2584 4814 non
2645 4765 2813 4816 multo
2861 4763 3033 4833 major
3079 4782 3208 4820 cura
3257 4782 3355 4834 pro
3383 4768 3538 4820 nobis

1957 4853 2160 4922 geritur
2199 4852 2265 4906 ad
2297 4853 2550 4918 salutem,
2573 4870 2737 4923 quam
2764 4857 2830 4909 ab
2860 4857 3192 4912 adversariis
3216 4869 3539 4924 procuretur

1959 4945 2023 4997 ad
2059 4947 2326 5000 mortem?
2355 4945 2479 5000 Haec
2501 4959 2681 5001 autem
2715 4949 2857 5002 dicta
2891 4950 3000 5003 sint
3028 4965 3123 5019 pro
3147 4965 3210 5004 eo
3232 4950 3371 5020 quod
3405 4966 3534 5004 con-

1959 5045 2203 5090 secretus
2233 5045 2318 5090 est
2356 5036 2584 5106 pepulus
2603 5035 2958 5107 Beelphegor.

2029 5125 2082 5179 4.
2126 5143 2145 5176 ι
2183 5126 2249 5179 Et
2305 5127 2474 5180 iratus
2538 5137 2641 5192 est,
2703 5128 2874 5195 inquit
2936 5129 3002 5194 ³⁷,
3055 5128 3234 5183 furore
3276 5129 3534 5184 Dominus

1961 5227 2148 5270 contra
2187 5217 2372 5281 Israel,
2405 5228 2457 5271 et
2488 5218 2625 5271 dixit
2659 5219 2916 5272 Dominus
2965 5220 3030 5273 ad
3064 5220 3280 5286 Moysen
3313 5239 3328 5276 :
3363 5221 3533 5276 Assu-

1960 5325 2044 5361 me
2076 5309 2345 5378 principes
2380 5310 2582 5377 populi,
2616 5320 2668 5364 et
2698 5323 2911 5364 ostenta
2949 5313 3067 5365 illus
3096 5313 3320 5368 Domino
3343 5323 3528 5369 contra

2069 5426 2113 5455 "‘
2140 5425 2238 5478 lsa.
2274 5441 2312 5486 ι,
2343 5425 2394 5477 8.
2500 5426 2542 5456 ³⁷
2572 5425 2670 5479 lsa.
2707 5442 2754 5493 v,
2791 5427 2844 5481 5.
2956 5429 2998 5459 ³⁸
3036 5429 3178 5483 Psal.
3219 5447 3404 5493 LXXIX,
3442 5431 3526 5484 Η.

2038 5496 2081 5524 ³²
2108 5496 2232 5548 Luc.
2263 5497 2440 5560 tx,ti:2.
2519 5497 2562 5527 ³³
2593 5497 2745 5551 Jnau.
2772 5513 2842 5562 vt,
2875 5497 2963 5552 41.
3018 5499 3063 5532 ³⁸
3094 5503 3282 5556 Matth.
3313 5517 3445 5567 ml,
3472 5503 3526 5557 9.

1945 5677 2546 5753 tiutnAOrigeniunornnt
2576 5680 2666 5736 lib.
2709 5699 2771 5747 tt,
2811 5696 2998 5752 quast.
3039 5685 3092 5753 5,
3143 5703 3287 5741 num.
3326 5688 3406 5753 19,
3433 5687 3523 5753 20,

1949 5748 2041 5809 es,
2074 5749 2160 5815 a7,
2191 5752 2281 5817 as,
2315 5753 2382 5804 ea
2408 5762 2460 5805 et
2493 5752 2580 5805 δυ.
