4086 6218
519 377 615 412 ιζιί)

515 563 708 618 Nescio
745 563 790 618 si
837 563 904 618 de
934 562 1020 617 bis
1066 557 1422 625 dissereriles,
1465 577 1574 615 non
1619 559 1954 616 offendamus
1979 560 2082 612 ali-

513 668 653 722 quos
681 671 695 708 :
731 655 824 708 sed
869 664 924 708 et
967 655 1012 706 si
1043 650 1400 715 oﬂ'endanms,
1432 651 1652 706 obedire
1685 652 1856 720 magis
1911 660 1964 705 et
1995 651 2084 703 de-

512 746 720 798 servire
769 755 982 813 oportet
1027 743 1190 796 verbo
1226 743 1462 806 Domini,
1496 757 1658 811 quam
1689 743 1877 808 gratia-
1911 741 2080 795 humi.

513 851 664 889 num.
697 834 946 890 Peccavit
969 834 1152 899 Israel,
1180 845 1234 888 et
1268 834 1405 888 dixit
1445 833 1705 888 Domi-nus
1738 833 1806 886 ad
1841 833 2084 904 Moysen,

511 935 571 979 ut
595 937 834 981 assumat
869 943 1059 982 omnes
1086 928 1382 996 prim-ipes,
1419 935 1472 980 et
1499 936 1739 981 ostentet
1765 942 1862 981 eos
1901 927 2085 980 Domi-

514 1040 582 1076 no
605 1036 792 1078 contra
825 1025 1014 1077 solem.
1037 1023 1276 1090 Populus
1301 1031 1508 1090 peccat,
1532 1032 1580 1076 et
1614 1023 1887 1092 principes
1905 1031 2088 1076 ostcno

515 1129 696 1172 tantur
727 1127 916 1173 contra
945 1117 1134 1172 solem.
1179 1118 1345 1172 Iidem
1394 1117 1459 1170 ad
1489 1118 1907 1172 examinandum
1965 1133 2088 1186 pro-

514 1211 805 1266 ducuntur.
845 1217 901 1260 ut
925 1221 1226 1278 arguantur
1257 1225 1286 1262 a
1318 1209 1465 1264 lucc.
1507 1207 1674 1262 Vides
1699 1224 1818 1278 qua:
1849 1209 1921 1264 sit
1959 1223 2089 1263 con-

514 1300 649 1353 ditio
681 1301 982 1366 principum
1030 1301 1206 1367 populi
1247 1318 1258 1352 :
1296 1315 1402 1355 non
1456 1301 1631 1354 soluat
1682 1316 1778 1368 pro
1807 1301 1924 1354 suis
1963 1314 2090 1368 pro.

515 1388 647 1456 priis
678 1399 977 1458 arguuntur
1009 1391 1244 1456 delictis,
1276 1389 1368 1444 sed
1418 1398 1472 1443 et
1499 1404 1596 1458 pro
1629 1389 1810 1458 populi
1854 1389 2091 1456 peccatis

514 1489 787 1547 coguntur
811 1482 1042 1536 reddere
1099 1483 1385 1547 rationem,
1435 1497 1500 1535 ne
1540 1482 1779 1550 ipsorum
1830 1481 1902 1534 sit
1930 1480 2087 1548 culpa

516 1573 656 1640 quod
707 1575 935 1642 pupulns
972 1575 1234 1642 deliquit,
1281 1589 1346 1628 ne
1399 1573 1539 1628 forte
1592 1590 1696 1626 non
1758 1572 2087 1636 monuerinl,

519 1677 692 1730 neque
719 1664 936 1718 solliciti
968 1664 1170 1718 fuerint
1192 1679 1421 1733 arguere
1445 1680 1536 1718 eos
1563 1664 1654 1733 qui
1682 1664 1890 1717 initium
1917 1663 2090 1732 culpae

521 1753 789 1850 dederint,
821 1756 893 1807 uti
944 1769 1010 1850 ne
1049 1755 1300 1850 contagio
1333 1754 1740 1824 dispergeretur
1788 1753 1840 1806 in
1885 1753 2086 1823 plures.
2123 1793 2165 1850 Β

521 1843 645 1898 Hec
674 1847 818 1900 enim
846 1846 1025 1899 omnia
1057 1845 1236 1900 facere
1265 1846 1602 1916 principibus
1637 1845 1882 1900 imminet
1909 1854 1964 1899 et
1994 1844 2092 1898 do.

517 1935 779 1989 ctoribus.
811 1934 868 1990 Si
908 1939 1054 1990 cnim
1087 1935 1193 1992 illis
1220 1937 1334 1992 haec
1370 1953 1475 1991 non
1511 1936 1817 2006 agentibus,
1849 1950 1949 1989 nec
1982 1935 2094 1989 sol-

519 2024 853 2078 liciludinem
887 2028 1198 2096 gerentibus
1228 2029 1375 2082 circa
1400 2029 1614 2094 plebem
1643 2027 1957 2096 peccaverit
2001 2043 2095 2095 po-

520 2116 696 2185 pulus.
739 2118 840 2186 ipsi
872 2128 1240 2187 ostentantur,
1265 2130 1320 2174 et
1350 2119 1449 2189 ipsi
1489 2120 1555 2173 ad
1591 2119 1852 2189 judicium
1899 2120 2097 2188 produ-

520 2215 738 2262 cuntur.
785 2209 977 2279 Arguit
1023 2210 1164 2263 enim
1216 2225 1310 2265 eos
1354 2209 1595 2279 Moyses,
1647 2209 1696 2262 id
1726 2217 1812 2263 est
1839 2208 1925 2263 lex
1979 2210 2094 2273 Dei,

520 2298 664 2352 velut
697 2299 1027 2370 negligentes
1056 2313 1105 2356 et
1143 2301 1380 2364 desides,
1415 2311 1470 2355 et
1504 2303 1555 2356 in
1616 2302 1763 2371 ipsos
1813 2310 2095 2356 converte-

522 2400 610 2442 tur
644 2389 926 2443 iracundia
957 2390 1074 2457 Dei,
1102 2400 1156 2445 et
1185 2391 1427 2445 cessabit
1457 2407 1486 2444 a
1518 2391 1735 2459 populo.
1765 2389 1896 2444 Haec
1923 2391 1966 2444 si
2003 2405 2095 2444 co-

520 2481 758 2548 gitarent
782 2483 1059 2550 homines,
1096 2498 1369 2552 nunquam
1397 2494 1680 2553 cuperent,
1706 2500 1802 2538 nec
1827 2483 2098 2537 ambirent

521 2572 589 2624 ad
617 2572 796 2641 populi
833 2574 1215 2643 principatum.
1241 2573 1450 2628 Suflicit
1486 2573 1628 2628 enim
1671 2573 1800 2627 mibi
1836 2587 1934 2642 pro
1963 2571 2099 2626 meis

522 2671 760 2739 propriis
800 2671 954 2740 argui
984 2671 1218 2734 delictis,
1255 2669 1453 2725 sufficit
1483 2669 1612 2723 mihi
1646 2685 1748 2737 pro
1777 2668 2098 2737 memetipso

521 2771 578 2814 et
603 2760 838 2830 peccatis
870 2761 1004 2815 meis
1033 2761 1259 2815 reddere
1312 2761 1601 2816 rationem.
1638 2759 1776 2827 Quid
1820 2758 1953 2812 mihi
2001 2773 2095 2812 ne-

523 2866 674 2903 cesse
720 2862 804 2904 est
840 2851 1003 2904 etiam
1054 2866 1150 2921 pro
1196 2851 1377 2921 populi
1429 2852 1666 2920 peccatis
1705 2849 1995 2915 ostentari,
2043 2857 2098 2902 et

521 2942 784 2997 ostentari
839 2953 1026 2996 contra
1095 2943 1288 3007 solem,
1342 2954 1466 2998 ante
1515 2958 1676 3012 quem
1732 2941 1864 2996 nihil
1921 2951 2096 3008 potest

521 3032 803 3094 abscondi,
835 3032 969 3085 nihil
1002 3033 1317 3088 obscurari?
1367 3031 1474 3086 Sed
1523 3032 1772 3087 fortassis
1819 3033 1980 3086 etiam
2026 3033 2096 3086 sit

1985 337 2310 401 (NIGEle

515 472 707 535 solem,
744 481 792 525 ct
817 479 1092 525 evertetur
1138 471 1217 524 ira
1257 470 1463 525 furoris
1517 469 1727 523 Domini
1759 466 2029 522 ablsrael.
2057 482 2076 514 ι
2113 466 2154 518 A
2188 455 2276 507 alii
2308 450 2448 505 id0‘0
2485 463 2583 518 N0
2609 445 2734 514 (illa:

3653 312 3756 366 756

2743 445 2870 497 itate
2903 439 3110 495 scilicet
3171 429 3428 504 peccandi
3466 441 3758 481 consecra-

2188 559 2295 598 rer.
2331 516 2497 607 Quod
2525 539 2570 592 si
2599 538 2849 606 princeps
2874 545 3025 584 meus
3051 525 3331 598 (angelum
3353 520 3476 576 dico
3503 517 3596 588 qui
3617 516 3753 569 mihi

2185 647 2270 692 est
2296 631 2666 703 consignatus)
2695 646 2800 685 non
2825 627 3022 688 defuit,
3047 623 3147 678 sed
3193 616 3530 675 commonuit
3565 615 3631 668 de
3656 613 3756 666 bo-

2185 728 2292 782 nis.
2317 735 2376 779 et
2396 725 2612 779 locutus
2640 731 2723 776 est
2770 721 2823 773 in
2852 717 3014 773 corde
3054 728 3178 768 meo
3225 713 3280 764 in
3305 724 3378 762 eo
3410 707 3675 760 duntaxat
3701 703 3754 756 in

2187 812 2762 887 quomeconscientia
2799 807 3091 864 revocabat
3136 818 3164 856 a
3213 807 3468 870 peccato,
3511 795 3608 850 sed
3657 807 3760 861 ego

2183 907 2514 976 contemptis
2551 907 2668 974 ejus
2698 901 2940 962 monitis,
2966 909 3024 954 et
3059 906 3246 965 spreto
3291 888 3643 947 conscientia:
3674 900 3761 939 re-
3785 887 3799 898 '

2188 997 2423 1052 tinacnlo
2461 1009 2705 1066 preceps
2745 993 2796 1046 in
2846 1000 3066 1060 peccata
3112 986 3345 1056 ντοιαιιί,
3393 979 3760 1050 ύιψῑίειὺίιιιι·

2189 1087 2322 1140 mihi
2354 1100 2533 1154 pce-ia,
2567 1085 2651 1139 vel
2699 1099 2798 1153 pro
2830 1092 3144 1149 contemptu
3195 1075 3498 1134 monitoris,
3544 1070 3632 1126 vel
3658 1085 3761 1138 pro

2193 1178 2435 1232 facinore
2464 1175 2766 1230 cmnmissi.
2807 1174 2916 1229 Nec
2937 1171 3154 1225 mireris
3183 1182 3314 1223 sane
3341 1165 3388 1218 si
3426 1162 3646 1233 angelos
3675 1160 3759 1213 di-

2181 1271 2359 1324 cimus
2401 1269 2590 1323 venire
2645 1283 2769 1322 cum
2811 1263 3123 1320 hominibus
3179 1261 3245 1314 ad
3297 1257 3584 1328 judicium,
3631 1266 3758 1306 eum

2192 1360 2471 1430 Scriptura
2521 1360 2666 1413 dicat
2693 1359 2759 1423 ³⁸,
2822 1357 2949 1427 quia
2985 1373 3005 1406 ι
3041 1355 3158 1424 ipse
3207 1351 3472 1407 Dominus
3515 1348 3585 1399 ad
3613 1344 3762 1415 judi-

2191 1458 2334 1510 cimn
2363 1453 2543 1507 veniet
2589 1467 2710 1506 cum
2743 1451 3055 1506 senioribus
3084 1445 3261 1518 populi
3299 1455 3356 1499 et
3400 1458 3521 1498 cum
3553 1440 3758 1510 prioci-

2193 1548 2348 1616 pibus
2369 1545 2507 1614 ejus.
2545 1564 2566 1596 ο
2615 1544 2978 1600 Ostentaotur
3027 1555 3158 1610 ergo
3189 1536 3482 1606 principes,
3526 1541 3586 1586 et
3623 1531 3668 1584 si
3699 1530 3758 1582 in

2193 1644 2296 1697 illis
2326 1640 2482 1707 culpa
2515 1647 2618 1704 est,
2651 1636 2851 1690 desiuit
2873 1635 2952 1688 ira
2975 1632 3067 1686 Dei
3097 1647 3127 1684 a
3165 1627 3383 1700 populo.
3408 1624 3578 1679 Debet
3603 1621 3761 1676 nobis

2196 1743 2248 1788 et
2273 1732 2454 1786 acrior
2478 1744 2599 1784 esse
2621 1724 2922 1782 sollicitudo
2945 1731 3160 1777 actuum
3220 1726 3549 1779 nostros-mn,
3584 1712 3762 1766 scicn-

2199 1825 2341 1878 tibus
2364 1822 2512 1892 quod
2565 1835 2672 1875 non
2707 1818 2881 1872 solum
2911 1829 3012 1868 nos
3053 1821 3184 1866 ante
3223 1805 3462 1863 tribunal
3517 1805 3610 1858 Dei
3662 1817 3765 1870 pro

2196 1919 2408 1972 actibus
2449 1913 2654 1968 nostris
2691 1911 2983 1970 subitum,
3021 1904 3124 1960 sed
3159 1901 3332 1972 angeli
3378 1913 3479 1969 pro
3502 1897 3664 1950 «(iliis
3687 1897 3762 1947 ad

2191 2009 2456 2080 indiciine
2520 2005 2859 2059 deduce-tne
2905 2010 3158 2067 tanquam
3204 1993 3481 2063 principes
3503 1999 3561 2042 et
3601 1988 3765 2039 duces

2193 2077 2390 2156 nostri.
2414 2099 2704 2166 emicem
2730 2092 2880 2148 enim
2905 2102 2965 2145 ει
2993 2088 3275 2156 Scriptura
3303 2082 3433 2138 dicit
3461 2080 3505 2111 ιο
3531 2098 3544 2130 ε
3569 2096 3587 2128 ι
3609 2077 3761 2130 υμε-

2194 2194 2309 2246 dite
2325 2189 2636 2261 praepositis
2666 2185 2890 2246 vestris,
2922 2190 2980 2237 et
3005 2181 3378 2246 obtetperate
3407 2173 3486 2226 eis
3509 2172 3561 2224 in
3588 2167 3765 2261 (Diluti-

2197 2257 2622 2350 bus.—lpsi_-enim
2661 2274 2984 2346 pervigilant
3008 2269 3164 2342 quasi
3208 2266 3472 2322 rationem
3531 2275 3626 2331 pro
3649 2257 3761 2312 ani-

2199 2374 2388 2429 mabus
2412 2372 2610 2426 vestris
2630 2366 2916 2424 reddituri.
2949 2383 2970 2416 ι

2264 2486 2321 2540 5.
2361 2484 2490 2539 Post
2523 2485 2638 2538 haec
2662 2479 2914 2544 refertur,
2948 2477 3070 2546 quia
3103 2489 3224 2528 cum
3259 2472 3484 2526 vidisset
3531 2465 3764 2520 Phincos

2200 2580 2344 2636 filius
2401 2577 2626 2632 Eleazar
2701 2572 2798 2627 ﬁlii
2857 2571 3036 2624 Aaron
3096 2564 3395 2621 sacerdotis
3461 2558 3762 2613 lsraelitem

2199 2668 2488 2738 quemdam
2540 2661 2799 2718 introisse
2838 2659 2910 2713 ad
2973 2657 3250 2712 mulierem
3318 2646 3762 2706 Madianitidem,

2200 2770 2354 2829 rapto
2383 2759 2666 2814 Siromaste
2713 2755 2765 2808 in
2806 2768 2966 2806 manu
3000 2765 3118 2813 sua,
3155 2748 3432 2816 ingressus
3476 2742 3547 2795 sit
3565 2739 3765 2809 prosti-

2195 2851 2406 2913 bulum,
2454 2857 2508 2904 et
2545 2857 2833 2913 utrumque
2863 2859 2957 2912 per
3005 2843 3117 2910 ipsa
3171 2835 3419 2906 pudenda
3455 2831 3763 2887 transfode-

2204 2943 2273 2995 rit
2295 2939 2430 3011 (99).
2475 2957 2494 2990 ι
2555 2937 2624 2990 Et
2670 2950 2767 3004 pro
2788 2935 2917 2996 hoc,
2947 2929 3120 2999 inquit
3151 2927 3219 2990 “,
3239 2926 3375 2980 dixit
3406 2921 3673 2977 Dmninus
3698 2918 3764 2970 ad

2199 3030 2419 3100 Moysen
2449 3046 2462 3081 :
2488 3026 2724 3081 'Phinees
2747 3024 2887 3078 ﬁlius
2919 3022 3147 3076 Eleazar
3173 3017 3264 3072 filii
3295 3017 3474 3070 Aaron
3503 3011 3765 3066 sacerdo-

522 3123 718 3192 aliquis
752 3123 803 3176 in
843 3123 945 3179 hoc
986 3139 1218 3178 arcanus
1259 3133 1313 3178 et
1359 3124 1673 3178 reconditus
1725 3136 1948 3185 sensus,
2002 3123 2090 3192 qui
2124 3135 2166 3191 ς,
2202 3125 2268 3177 tis
2293 3123 2502 3177 sedavit
2529 3119 2868 3174 iracundiam
2905 3130 3107 3169 meam.
3139 3132 3164 3165 ι
3193 3110 3321 3164 llzec
3375 3103 3768 3162 aedificaveritis

522 3213 640 3281 plus
666 3212 868 3280 aliquid
917 3215 1128 3276 doceat,
1183 3231 1340 3284 quant
1384 3214 1688 3293 communis
1747 3215 1860 3268 haec
1891 3213 2094 3268 habere

524 3301 740 3356 videtur
774 3304 1066 3371 expositio.
1123 3303 1390 3358 Fortassis
1444 3304 1588 3356 enim
1645 3301 1835 3357 referri
1887 3312 1941 3356 et
1991 3303 2094 3356 hoc

523 3403 702 3464 potest
747 3397 814 3448 ad
844 3395 969 3449 illos
1001 3395 1272 3465 principes
1323 3394 1522 3465 populi,
1575 3396 1640 3448 dc
1683 3395 1881 3464 quibus
1933 3394 2094 3462 paulo

523 3487 772 3555 superius
823 3487 1078 3542 diximus.
1153 3489 1380 3543 Vcn‘ient
1433 3488 1576 3542 enim
1634 3487 1808 3556 angeli
1841 3487 1908 3540 ad
1947 3485 2094 3556 judi-

523 3577 670 3630 cium
701 3577 812 3646 (98)
842 3578 1142 3643 nobiscum,
1172 3589 1226 3632 et
1257 3582 1477 3632 stabunt
1512 3593 1608 3648 pro
1638 3578 1794 3632 nobis
1848 3586 1976 3631 ante
2003 3591 2094 3631 so-

506 3663 629 3720 lem
655 3668 899 3734 justiti-.e,
934 3686 1000 3722 ne
1036 3668 1174 3724 forte
1202 3671 1405 3738 aliquid
1449 3670 1611 3723 etiam
1643 3683 1708 3723 ex
1741 3668 1874 3738 ipsis
1915 3681 2096 3722 causa:

524 3760 688 3815 fuerit
712 3761 854 3828 quod
877 3777 978 3816 nos
1008 3746 1355 3831 deliquimus,
1381 3777 1447 3817 ne
1474 3761 1612 3816 forte
1643 3761 1820 3814 minus
1844 3775 1972 3830 erga
2001 3776 2099 3816 nos

522 3855 703 3923 operis
730 3864 784 3908 et
814 3855 1017 3910 laboris
1069 3856 1449 3923 expendcrint,
1498 3868 1605 3924 quo
1649 3867 1746 3907 nos
1779 3869 1808 3906 a
1839 3863 2094 3921 peccatu-

525 3962 643 3998 rum
675 3946 798 4001 lahe
824 3948 1152 4002 revocarint.
1184 3946 1300 4005 Nisi
1336 3947 1479 4000 enim
1511 3954 1655 3998 esset
1691 3945 1855 3999 etiam
1888 3944 2095 4012 aliquid

525 4039 578 4090 in
611 4039 740 4107 ipsis
766 4039 908 4108 quod
933 4041 986 4092 in
1031 4054 1191 4091 causa
1234 4038 1406 4092 nostri
1437 4037 1761 4104 culpandum
1802 4036 2098 4100 videretur,

529 4144 802 4198 nunquam
840 4129 1045 4182 diceret
1070 4142 1252 4181 sermo
1275 4126 1570 4193 Scriptura:
1593 4124 1638 4155 ³⁸
1663 4127 1728 4178 ad
1752 4125 2002 4192 angelum
2035 4126 2101 4178 il-

527 4223 649 4286 lius,
684 4220 765 4274 vel
787 4221 930 4275 illius
954 4219 1236 4284 Ecclesiae,
1275 4219 1401 4288 quia
1455 4218 1648 4282 habes,
1711 4217 1861 4272 verbi
1901 4218 2097 4285 gratia,

524 4314 788 4378 quosdam
821 4323 1068 4368 tenentes
1100 4311 1405 4368 doctrinam
1453 4309 1691 4376 Balaam,
1738 4310 1822 4365 vel
1853 4308 1978 4379 quia
2008 4309 2102 4364 de-

526 4405 790 4474 reliquisti
829 4406 1154 4459 charitatem
1207 4414 1358 4457 tuam
1413 4402 1724 4474 pristinam,
1777 4403 1860 4456 vel
1894 4403 2099 4471 patien-

2200 3217 2432 3286 priorem
2467 3212 2716 3283 populum
2742 3226 2756 3262 :
2787 3207 2886 3263 tibi
2915 3216 3094 3260 autem
3123 3202 3217 3273 qui
3248 3198 3520 3256 aCbristo
3548 3197 3767 3286 redcmo

2193 3285 2322 3375 plus
2351 3321 2433 3368 es,
2463 3314 2519 3358 et
2538 3303 2624 3358 cui
2653 3301 2814 3373 352
2852 3301 2918 3354 de
2947 3297 3204 3352 manibus
3233 3293 3443 3366 gladius
3465 3285 3767 3357 corporalis

2200 3399 2410 3453 ablatus
2456 3405 2561 3460 est,
2615 3405 2670 3448 et
2726 3395 2884 3448 datus
2912 3402 2992 3446 est
3039 3389 3251 3459 glad-ius
3281 3385 3530 3455 spiritus,
3585 3379 3768 3449 arripe

2195 3489 2342 3544 hunc
2373 3488 2610 3559 gladium
2644 3503 2656 3539 :
2684 3493 2737 3538 et
2763 3485 2805 3537 si
2829 3482 2982 3535 vides
3009 3477 3369 3534 lsraeli‘ticum
3394 3487 3616 3528 sensum
3645 3485 3768 3524 cum

2197 3580 2562 3636 Madianiticis
2585 3587 2915 3634 scortantem
2955 3570 3352 3633 meretricibus,
3405 3568 3457 3621 id
3520 3577 3600 3620 est
3646 3580 3766 3618 cum

2199 3675 2482 3730 diabolicis
2513 3687 2570 3726 se
2595 3667 3020 3738 cogitationibus
3066 3664 3416 3726 volutantem,
3468 3659 3596 3712 nolo
3641 3672 3770 3725 par-

2199 3781 2314 3829 cas,
2365 3764 2489 3819 noio
2539 3758 2869 3822 dissimules,
2933 3756 3032 3812 sed
3080 3753 3261 3809 statim
3304 3747 3767 3821 peroute,statim

2201 3858 2431 3927 perime.
2461 3856 2637 3925 ipsam
2670 3864 2888 3922 quoque
2914 3847 3160 3910 vulvam,
3181 3843 3236 3900 id
3261 3851 3348 3898 est
3384 3849 3591 3896 secreta
3615 3849 3771 3891 natu-

2195 3959 2278 4000 rae
2303 3945 2603 3998 discutiens
2633 3951 2690 3996 et
2719 3946 3036 4010 penetrans,
3088 3935 3239 3990 illum
3287 3934 3464 4002 ipsum
3511 3927 3770 3998 peccandi

2202 4037 2444 4091 fomitem
2485 4036 2698 4098 deseca,
2735 4045 2802 4086 ne
2827 4029 2963 4083 ultra
2986 4027 3286 4096 concipiat,
3316 4039 3389 4078 ne
3417 4023 3554 4076 ultra
3597 4033 3769 4089 gene-

2201 4139 2306 4193 ret,
2335 4136 2388 4183 et
2414 4126 2697 4180 maledicta
2720 4132 3064 4193 peccatorum
3096 4119 3313 4175 soboles
3346 4113 3644 4172 Israelitica
3675 4126 3768 4165 ca-

2201 4230 2314 4274 stra
2347 4215 2701 4271 contaminet.
2753 4213 2865 4268 lloc
2890 4211 3036 4266 enim
3067 4211 3109 4264 si
3145 4209 3334 4271 facias,
3374 4204 3634 4260 continuo
3685 4215 3774 4254 sc-

2203 4308 2355 4364 dabis
2379 4303 2717 4361 iracundiam
2747 4304 3002 4359 Domini:
3042 4296 3356 4371 praevenisti
3386 4295 3535 4350 enim
3582 4291 3770 4359 iudicii

2203 4401 2369 4465 diem,
2402 4412 2522 4468 quae
2546 4396 2668 4450 dies
2689 4395 2785 4450 irae
2814 4394 3012 4448 dicitur
3031 4401 3088 4446 et
3115 4390 3334 4451 furoris,
3359 4394 3416 4438 et
3440 4381 3773 4438 extermina-

527 4473 658 4552 tiam
689 4507 857 4563 tuam,
897 4497 980 4552 vel
1013 4497 1116 4551 alia
1177 4473 1504 4565 bnjnsmodi,
1560 4511 1680 4565 qua:
1703 4493 1816 4563 jam
1845 4495 2094 4563 superius
2131 4475 2178 4534 Ῑ)
2203 4502 2259 4548 to
2298 4509 2327 4547 a
2355 4502 2410 4546 te
2440 4488 2625 4545 fomite
2642 4487 2880 4557 peccati,
2907 4485 3001 4554 qui
3022 4497 3170 4537 notio
3211 4480 3367 4534 vulva
3402 4473 3775 4565 Madianitidis

526 4594 962 4657 memoravimus,
992 4609 1097 4660 pro
1163 4593 1359 4661 quibus
1415 4593 1470 4646 in
1527 4591 1852 4663 Apocalypsi
1915 4591 2094 4660 angeli

525 4683 950 4753 uniuscujusque
974 4682 1234 4738 Ecclesia»
1259 4684 1573 4752 culpantur.
1607 4682 1664 4736 Si
1715 4683 1858 4735 enim
1887 4697 2097 4734 mercc-

523 4780 645 4835 dem
670 4789 852 4849 sperat
885 4776 1126 4846 angelus,
1161 4775 1307 4829 verbi
1343 4775 1538 4844 gratia,
1567 4775 1657 4844 qui
1693 4789 1776 4828 me
1809 4775 2097 4844 consigna-

525 4883 640 4926 tum
673 4871 886 4939 accepit
922 4887 950 4924 a
980 4869 1113 4931 Deo,
1146 4867 1332 4937 proiis
1360 4882 1480 4936 qua:
1503 4867 1644 4920 bene
1687 4865 1856 4935 gessi,
1888 4874 2095 4918 certum

523 4978 608 5021 est
638 4965 766 5035 quia
795 4975 850 5018 et
879 4954 1086 5033 culpari
1114 4961 1355 5032 sperabit
1380 4974 1477 5030 pro
1507 4959 1609 5022 eis,
1661 4973 1782 5027 qua:
1815 4973 1844 5011 a
1880 4971 1964 5010 me
1998 4973 2102 5010 non

525 5059 665 5113 bene
687 5065 836 5126 gesta
869 5067 1020 5110 sunt.
1052 5055 1114 5109 Et
1153 5055 1275 5107 ideo
1317 5051 1578 5106 ostentari
1633 5050 1889 5103 dicuntur
1919 5057 2106 5103 contra

524 5152 718 5215 solem,
756 5151 946 5218 procul
999 5147 1162 5202 dubio
1217 5155 1275 5198 ut
1325 5151 1584 5215 appareat
1633 5150 1811 5194 ulrmn
1848 5156 1953 5210 pro
1985 5155 2101 5192 mea

469 5281 474 5304 .
525 5239 916 5301 inobedientia,
978 5254 1044 5292 an
1104 5252 1198 5308 per
1245 5236 1390 5291 illius
1441 5233 1823 5304 negligentiam
1878 5241 2098 5301 peccata

525 5334 815 5386 commissa
842 5332 971 5397 sint,
1019 5346 1116 5399 per
1157 5345 1275 5398 qua:
1325 5327 1681 5396 Beelphegur,
1731 5327 1845 5379 sive
1877 5324 2096 5378 cuilibet

601 5470 644 5501 ³⁸
671 5472 844 5537 Apoc.
871 5482 934 5524 tt.
1010 5467 1055 5499 ³³
1095 5465 1220 5520 lsai.
1254 5482 1343 5530 tu.
1381 5461 1464 5519 l5.

604 5617 716 5690 (98)
757 5620 970 5675 Venicnt
1018 5623 1155 5674 enim
1210 5619 1380 5690 angeli
1409 5621 1478 5672 ad
1514 5619 1797 5688 judicium,
1823 5627 1928 5671 clc.
1969 5613 2103 5690 Vide

534 5685 780 5815 llncbium
827 5685 1402 5761 Origcnianormn'lib.
1437 5685 1718 5759 tt,'qu:cst.
1764 5689 1817 5753 5,
1860 5703 2007 5741 ιιιιιιι.
2039 5685 2103 5738 ll)

534 5772 586 5815 Cl.
614 5778 645 5813 ἰ.
686 5798 701 5815 ο
1761 5769 1764 5772 ’

532 5772 586 5816 et
614 5772 701 5815 Συ.

1541 5464 1587 5495 ⁵⁸
1625 5462 1791 5518 Hebr.
1834 5476 1954 5526 xm,
2005 5458 2092 5526 Π,
2133 5456 2218 5512 18.

2201 4583 2449 4640 numeris
2478 4580 2796 4651 appellatur,
2829 4574 3054 4632 secum
3082 4571 3272 4627 venies
3297 4571 3363 4623 ad
3387 4565 3581 4636 jtudicii
3607 4563 3772 4619 diem.

2204 4677 2272 4732 Et
2303 4677 2423 4730 ideo
2474 4680 2762 4742 surgentes
2797 4681 3039 4733 oremus,
3064 4676 3128 4718 ut
3159 4661 3496 4716 inveniamus
3529 4663 3774 4726 paratum

2206 4781 2420 4836 semper
2447 4765 2609 4818 istum
2641 4760 2875 4830 gladium
2913 4756 3160 4826 spiritus,
3217 4767 3313 4821 per
3337 4764 3498 4820 quem
3524 4743 3777 4801 (πίει-πιπί-

2210 4867 2410 4911 nentur
2453 4864 2509 4910 et
2532 4853 2738 4908 semina
2790 4850 2926 4916 ipsa,
2989 4855 3042 4901 et
3092 4841 3479 4912 conceptacula
3527 4845 3776 4907 peccato-

2213 4964 2354 5011 rum,
2392 4960 2455 5000 ac
2510 4942 2774 5014 propitius
2808 4939 2901 4992 fiat
2943 4935 3106 4990 nobis
3133 4935 3273 4990 Deus
3309 4949 3402 5002 per
3443 4945 3632 4984 verum
3657 4925 3779 4980 Phi-

2207 5057 2340 5095 nees
2393 5040 2567 5108 ipsum
2635 5035 2918 5091 Dominum
2961 5043 3211 5086 nostrum
3264 5027 3450 5082 Iesum
3473 5023 3775 5083 Christum,

2201 5133 2286 5187 cui
2330 5141 2414 5184 est
2466 5129 2634 5200 gloria
2676 5136 2730 5182 et
2779 5125 3068 5196 imperium
3107 5123 3166 5177 in
3195 5116 3390 5175 sarotda
3435 5112 3776 5169 stet-ulmum.

2200 5230 2395 5281 Amen.

2296 5453 2339 5485 “
2389 5450 2547 5505 Nunt.
2581 5463 2711 5514 xxv,
2758 5447 2820 5500 l0
2889 5448 2967 5500 ll.

2281 5610 2394 5680 (99)
2421 5608 2711 5676 Utrumque
2740 5622 2829 5672 per
2849 5604 2962 5680 ipsa
2986 5601 3235 5680 pudenda
3254 5584 3782 5680 Irqrtsfoilcrit.Eii-le

2211 5666 2584 5798 supra-potam
2615 5666 2680 5732 ad
2711 5666 2948 5730 bon-illa:
2983 5666 3170 5742 prima:
3217 5670 3272 5722 in
3318 5666 3561 5722 G-cneaim
3591 5671 3778 5714 nume-

2211 5769 2327 5807 rum
2365 5752 2382 5803 l
2431 5787 2444 5802 .
