4086 6218
414 278 519 332 737

975 387 1248 441 IIOMILlA
1297 388 1341 440 Χ
1354 384 1440 442 XI.

562 483 642 538 De
665 499 729 536 eo
751 481 892 551 quod
919 482 1149 533 secundo
1173 480 1399 547 populus
1426 486 1731 531 numeratus
1756 490 1853 531 est.

492 578 543 630 I.
580 572 804 631 Numeri
853 583 980 626 stunt
1004 585 1140 640 quos
1178 570 1409 639 legimus
1459 569 1633 641 (l):et
1660 570 1847 640 priore
1875 573 1998 640 qui-

421 672 543 726 dem
590 668 819 723 lectione
869 674 1114 733 tempore
1164 663 1371 717 exclusi
1436 677 1644 720 sumus.
1697 678 1765 717 ne
1791 664 1998 732 aliquid

421 765 584 819 etiam
630 762 697 815 de
737 757 977 814 secunda
1027 753 1465 808 dinumeratione
1512 753 1844 820 diceremus,
1904 758 1997 810 sed

422 852 757 909 conveniens
799 857 887 905 est
922 847 1121 903 omissa
1159 847 1239 902 vel
1283 848 1508 903 exclusa
1555 864 1699 903 nunc
1743 849 1997 905 reddere.

424 946 589 1015 Igitur
618 957 714 1011 per
741 947 1068 1008 praeceptum
1104 936 1317 991 Domini
1344 939 1523 1007 primo
1569 950 1886 994 numeratus
1915 950 1999 995 est

423 1035 677 1106 populus,
707 1033 800 1087 sed
827 1030 1080 1101 quoniam
1110 1028 1207 1094 illi,
1244 1030 1337 1098 qui
1363 1030 1543 1097 primo
1567 1031 1786 1085 fuerant
1814 1034 1994 1098 asciti,

422 1129 737 1183 ceciderunt
770 1136 987 1195 propter
1013 1126 1480 1195 perseverantiam
1510 1123 1854 1187 delictorum,
1903 1140 1993 1179 se-

422 1222 636 1275 cundus
664 1234 805 1273 nunc
834 1218 1082 1289 populus,
1110 1218 1205 1286 qui
1254 1218 1310 1271 in
1340 1217 1617 1285 lapsorum
1646 1217 1824 1272 locum
1856 1216 1999 1272 redi—

421 1313 540 1365 viva
570 1310 925 1381 generatione
962 1309 1251 1374 successit,
1300 1317 1525 1362 vocatur
1556 1308 1622 1361 ad
1682 1323 1998 1373 numerum,

420 1418 472 1460 et
509 1405 651 1474 quod
682 1404 747 1457 de
778 1402 881 1455 illis
918 1402 1197 1471 prioribus
1219 1401 1429 1453 dictum
1457 1414 1564 1453 non
1592 1398 1793 1464 fuerat,
1822 1401 1889 1454 de
1930 1402 1997 1454 iis

421 1499 637 1551 dicitur.
673 1495 862 1549 Postea
888 1495 1031 1548 enim
1056 1508 1219 1561 quam
1251 1507 1348 1561 per
1384 1492 1563 1544 tribus
1590 1499 1645 1544 et
1675 1491 1877 1559 plebes,
1903 1494 1999 1545 doc

423 1604 669 1659 mosque,
705 1602 771 1641 ac
820 1584 1057 1639 familias
1106 1584 1363 1637 collectus
1406 1594 1490 1638 est
1552 1598 1833 1646 numerus,
1867 1585 2003 1638 dicit

422 1680 687 1736 Dominus
711 1676 778 1730 ad
807 1675 1024 1744 Moysen
1067 1674 1136 1705 δι’
1165 1692 1180 1727 :
1217 1692 1238 1724 ι
1271 1673 1339 1728 lis
1371 1674 1726 1728 distribuatur
1768 1685 1910 1728 terra
1944 1676 1996 1728 in

418 1779 644 1830 sortem,
681 1782 748 1821 ex
786 1779 1013 1819 numero
1061 1762 1359 1817 nominum.
1402 1762 1655 1817 Pluribus
1694 1764 1850 1834 plura
1904 1766 1996 1819 da-

419 1860 618 1912 buntur
646 1857 703 1911 in
732 1866 957 1920 sortem,
991 1862 1050 1909 et
1075 1853 1290 1922 exiguis
1329 1852 1584 1923 exiguam
1634 1855 1792 1910 dabis
1821 1858 1996 1911 luere-

420 1952 672 2006 ditatem.
710 1970 731 2003 ι
766 1948 820 2003 Si
853 1951 922 2003 de
958 1946 1231 2018 prioribus
1258 1946 1465 2000 dictum
1498 1944 1715 2012 fuisset,
1771 1949 1897 2017 quia
1929 1948 1995 2002 iis

419 2043 771 2098 distribuetur
803 2052 944 2096 terra
982 2040 1037 2094 in
1073 2048 1305 2103 sortem,
1324 2038 1524 2092 falsum
1558 2039 1748 2109 utique
1777 2039 1993 2108 luisset,

417 2138 543 2204 quia
570 2136 891 2190 cecidemnt
916 2132 988 2187 illi
1032 2132 1087 2184 in
1123 2132 1343 2184 deserto
1377 2140 1605 2199 propter
1634 2130 1833 2187 delicta
1870 2148 1994 2188 sua.

416 2229 574 2296 Quod
598 2242 730 2297 ergo
764 2226 955 2296 primis
996 2240 1104 2279 non
1128 2232 1212 2277 est
1260 2225 1488 2288 dictum,
1539 2225 1835 2292 postremis
1861 2227 1997 2280 dici-

419 2328 526 2382 tur,
570 2317 767 2386 quibus
800 2323 851 2368 et
886 2323 1079 2368 cuncta
1140 2330 1263 2383 qua
1309 2314 1723 2382 promittuntur,
1774 2314 1999 2384 impleta

415 2416 563 2465 sunt.
599 2409 726 2463 llate
769 2419 949 2461 autem
980 2406 1110 2461 nolo
1156 2416 1315 2475 putes
1355 2406 1527 2462 solius
1575 2407 1818 2462 historia:
1848 2417 1995 2462 textu

415 2501 688 2557 concludi.
746 2499 994 2572 Mysteria
1056 2508 1184 2551 sunt
1208 2515 1328 2568 qum
1378 2514 1476 2568 per
1528 2498 1661 2569 legis
1698 2500 1993 2570 imaginem

417 2597 858 2651 conscribuntur.
886 2595 1227 2665 Reprobatur
1255 2594 1404 2647 enim
1441 2592 1589 2660 prior
1619 2593 1875 2661 populus,
1899 2593 1993 2663 qui

415 2692 579 2745 estin
633 2690 1057 2745 circumcisione
1109 2701 1119 2733 :
1178 2696 1233 2740 et
1281 2685 1646 2739 introducitur
1693 2687 1990 2754 secundus,

415 2782 506 2851 qui
541 2791 901 2851 congregatur
931 2794 995 2833 es
1022 2779 1296 2848 gentibus,
1354 2786 1407 2830 et
1441 2776 1555 2845 ipse
1580 2785 1663 2831 est
1698 2778 1787 2847 qui
1816 2777 1992 2833 hatre-

416 2872 642 2927 ditatem
664 2871 1019 2941 consequitur
1049 2880 1353 2939 paternam.
1403 2869 1459 2921 Et
1495 2886 1523 2921 a
1562 2882 1675 2936 quo
1700 2870 1991 2938 consequi-

419 2966 546 3020 tur?
594 2964 710 3019 Non
756 2963 825 3018 ab
870 2963 1072 3033 Moyse,
1138 2962 1231 3015 sed
1282 2960 1350 3014 ab
1396 2959 1545 3014 Iesu.
1600 2959 1732 3014 Nam
1779 2961 1992 3032 Moyses

1584 266 1648 319 IV
1681 263 2017 323 NUMEMOS
2056 263 2339 320 IIOMILIA
2402 267 2544 321 XXI.

2030 392 2073 444 Α
2102 385 2181 438 eis
2208 395 2263 438 et
2294 386 2587 440 hmreditas
2617 399 2736 439 esse
2770 395 3121 442 memoratur.
3154 388 3261 445 Per
3300 389 3401 446 hos
3431 391 3509 447 illi
3544 395 3678 449 mihi

3578 275 3679 330 738

2098 476 2354 531 videntur
2382 476 2634 539 indicari,
2664 477 2756 545 qui
2780 477 2941 532 nullis
2970 494 3246 549 corporea:
3274 487 3680 544 natumobsta-

2098 568 2236 624 culis
2266 567 2525 633 hebetati,
2562 569 2658 622 sed
2700 568 2943 623 omnium
2979 570 3275 627 visibilium
3313 576 3545 644 gloriam
3591 597 3680 635 su.

2100 658 2399 729 pergressi,
2436 660 2488 713 in
2533 660 2643 713 sola
2676 660 2779 715 sibi
2833 660 3097 730 sapientia
3142 664 3232 719 Dei
3266 675 3319 720 et
3354 668 3520 724 verbo
3563 672 3680 740 ejus

2100 749 2313 804 vivendi
2348 764 2503 804 usum
2540 751 2969 823 exercitiumque
2998 764 3317 823 posuerunt,
3354 756 3448 824 qui
3487 772 3682 828 corpo-

2101 856 2252 896 reum
2280 841 2412 895 nihil
2448 842 2756 909 requirunt,
2792 846 2925 899 nihil
2978 846 3208 901 rationis
3247 846 3506 904 alienum.
3539 848 3684 904 Con»

2101 932 2389 1001 cupierunt
2420 932 2563 986 enim
2601 932 2959 1001 sapientiam,
3008 937 3407 1005 concupierunt
3441 950 3682 993 secreto-

2104 1038 2221 1077 rum
2256 1022 2348 1077 Dei
2382 1023 2717 1092 agnitionem
2754 1042 2769 1079 :
2802 1035 2858 1081 et
2888 1027 2980 1081 ubi
3012 1037 3095 1082 est
3127 1043 3221 1082 cor
3247 1043 3461 1094 eorum,
3495 1030 3567 1085 ibi
3596 1043 3679 1086 est

2102 1123 2157 1167 ct
2187 1114 2473 1168 thesaurus
2516 1129 2709 1169 eorum
2741 1115 2806 1169 ⁸³.
2838 1116 2931 1171 Isti
2981 1132 3113 1186 ergo
3141 1116 3517 1176 ltmreditatem
3571 1143 3676 1178 non

2103 1205 2303 1259 habent
2333 1206 2385 1259 in
2425 1207 2607 1271 terris,
2651 1209 2744 1261 sed
2795 1212 3289 1277 supergrediuntur
3315 1226 3530 1269 summa
3558 1221 3678 1273 ραιιί

2102 1296 2340 1365 fastigia,
2374 1306 2427 1351 et
2465 1297 2539 1351 ibi
2568 1311 2787 1365 semper
2823 1298 2875 1352 in
2905 1300 3153 1369 Domino,
3186 1318 3402 1373 semper
3432 1306 3485 1359 in
3516 1311 3682 1365 verbo

2101 1389 2242 1458 ejus,
2271 1403 2487 1456 semper
2516 1389 2566 1441 in
2612 1390 2879 1458 sapientia
2922 1399 2977 1444 et
3024 1394 3077 1445 in
3121 1394 3396 1465 voluptate
3442 1399 3683 1455 scientia:

2101 1481 2220 1549 ejus
2250 1481 2672 1538 dclieiabuntur.
2709 1482 2809 1536 llic
2835 1483 2915 1538 eis
2938 1484 3113 1547 cibus.
3139 1486 3239 1542 hoc
3265 1491 3366 1542 erit
3401 1493 3681 1559 poculum,

2106 1573 2221 1626 ista:
2258 1572 2485 1637 divititc,
2513 1572 2619 1626 hoc
2651 1573 2756 1627 erit
2787 1588 3038 1643 regnum.
3070 1575 3231 1632 Tales
3264 1594 3395 1650 ergo
3423 1592 3684 1648 erunt,et

2104 1665 2155 1718 in
2194 1665 2262 1719 iis
2311 1674 2470 1718 erunt
2524 1664 2625 1731 illi,
2669 1665 2871 1732 quibus
2912 1666 3205 1724 haereditas
3263 1672 3378 1740 ipse
3423 1674 3683 1731 Dominus

2101 1760 2227 1813 erit.
2268 1758 2370 1824 Qui
2402 1767 2587 1811 autem
2616 1757 2910 1816 inferiores
2941 1772 3093 1826 sunt,
3130 1778 3231 1819 nec
3265 1765 3319 1818 in
3356 1766 3520 1820 istum
3557 1785 3684 1838 pro-

2100 1849 2341 1905 fectuum
2369 1852 2634 1905 verticem
2665 1864 3054 1920 pervenerunt,
3111 1856 3486 1914 hatreditatem
3522 1870 3684 1916 terra:

2099 1941 2389 2009 accipient,
2420 1940 2546 1995 licet
2578 1942 2910 1996 sublimioris
2963 1942 3192 2013 alicujus
3223 1957 3277 2001 et
3330 1949 3679 2017 potentioris.

2099 2032 2275 2088 Terra
2324 2033 2474 2087 enim
2525 2033 2823 2087 viventium
2867 2035 3288 2103 repromittitur,
3348 2055 3468 2108 qua:
3497 2042 3683 2110 utique

2101 2124 2306 2180 idcirco
2341 2134 2484 2179 terra
2514 2124 2809 2179 viventium
2854 2127 3082 2191 dicitur,
3118 2130 3263 2196 quod
3296 2133 3499 2186 nesciat
3534 2151 3685 2188 rnor-

2102 2226 2231 2271 tem.
2282 2215 2348 2271 Et
2376 2215 2463 2270 isti
2514 2216 2731 2284 quidem
2769 2218 2975 2287 magni,
3005 2228 3061 2273 et
3094 2219 3179 2273 isti
3209 2220 3387 2286 beati;
3417 2225 3516 2279 sed
3550 2226 3680 2281 bea-

2100 2306 2268 2361 tiores
2302 2306 2378 2361 illi
2405 2306 2494 2373 qui
2517 2304 2629 2373 jam
2664 2321 2769 2360 non
2802 2322 2901 2376 per
2927 2308 3215 2375 speculum
3247 2321 3301 2365 et
3334 2311 3387 2365 in
3419 2314 3683 2383 :rnigma-

2100 2406 2171 2464 te,
2208 2414 2384 2469 neque
2412 2400 2464 2452 in
2512 2398 2838 2453 substantiis
2863 2400 3259 2468 corporalibus,
3319 2407 3412 2457 sed
3443 2405 3578 2460 facie
3609 2411 3675 2461 ad

2098 2488 2299 2544 faciem
2332 2489 2496 2543 Deum
2526 2488 2808 2551 videbunt,
2843 2490 3123 2559 sapientiae
3163 2493 3558 2551 illutuinatione
3588 2515 3679 2551 ra-

2098 2580 2253 2643 diati,
2295 2588 2350 2634 et
2382 2594 2551 2647 ,verae
2598 2579 2909 2635 divinitatis
2951 2598 3183 2653 capaces
3249 2601 3346 2656 per
3388 2589 3680 2655 puritatem

2097 2672 2285 2729 cordis
2314 2672 2493 2727 effecti
2526 2686 2541 2726 :
2569 2673 2988 2744 portionemqne
3021 2691 3175 2731 suam
3209 2694 3319 2733 non
3379 2681 3430 2734 in
3461 2694 3679 2738 creato.

2098 2782 2180 2833 ra,
2208 2765 2307 2821 sed
2333 2766 2387 2819 in
2414 2774 2662 2819 creatore
2696 2764 2980 2832 habentes,
3017 2769 3109 2836 qui
3158 2779 3243 2825 est
3298 2786 3465 2839 super
3494 2775 3678 2830 omnia

2096 2857 2237 2913 Deus
2270 2856 2346 2927 (4)
2384 2855 2702 2911 benedictus
2728 2856 2781 2909 in
2820 2858 3043 2914 saecula.

2165 2983 2324 3054 353
2355 2983 2411 3036 2.
2437 2983 2523 3035 Ait
2550 2996 2679 3050 ergo
2708 2982 2754 3013 “
2786 3001 2800 3037 :
2836 3000 2854 3033 t
2893 2983 2968 3036 Ex
3003 2999 3227 3039 numero
3256 2988 3529 3042 nominum
3563 2993 3681 3060 pln-

415 3063 584 3115 ctiam
613 3059 657 3113 si
692 3059 781 3111 dat
819 3055 1091 3124 aliquibus
1134 3053 1528 3115 luereditatem,
1582 3069 1689 3107 non
1718 3057 1808 3107 dat
1848 3056 1987 3108 intra

2099 3053 2248 3130 ribus
2296 3053 2447 3143 plura
2474 3074 2748 3127 dabuntur
2780 3073 2831 3127 in
2858 3082 3082 3137 sortem,
3110 3085 3163 3129 et
3190 3078 3399 3148 exiguis
3430 3053 3679 3153 exiguam

415 3150 735 3211 Iordanem,
762 3163 860 3201 nec
895 3145 1088 3200 transit
1114 3146 1341 3199 omnino
1364 3143 1682 3208 Iordanem,
1712 3148 1805 3199 sed
1836 3157 1993 3200 extra

414 3240 709 3297 Iordanem
737 3240 826 3292 dat
861 3248 1085 3302 terram,
1118 3252 1223 3291 non
1251 3234 1505 3290 ﬂuentem
1538 3236 1680 3292 lacte
1726 3248 1780 3293 et
1811 3239 1988 3305 melle,

417 3335 512 3387 sed
546 3333 831 3402 pecoribus
873 3340 1073 3400 aptam,
1125 3339 1178 3383 ct
1209 3340 1352 3383 muta
1390 3331 1670 3395 animalia,
1724 3341 1887 3400 atque
1918 3332 1995 3384 ir-

418 3423 716 3479 rationales
744 3423 979 3493 pecudes
1026 3422 1218 3475 melius
1272 3438 1435 3490 quant
1488 3422 1783 3476 rationales
1817 3424 1991 3475 homi-

419 3534 515 3571 nes
542 3508 894 3570 nutrientem.
947 3514 1103 3569 Jesns
1157 3530 1288 3567 vero
1324 3529 1477 3567 meus
1525 3514 1766 3567 secundo
1797 3515 1994 3583 popqu

420 3620 621 3664 terram
654 3623 817 3677 quam
864 3607 978 3668 dat,
1012 3616 1153 3659 terra
1200 3613 1286 3657 est
1317 3605 1456 3657 lacte
1502 3614 1557 3659 et
1607 3607 1762 3660 melle
1796 3608 1989 3669 ﬂuens,

418 3703 526 3755 imo
576 3699 731 3755 favus
784 3698 957 3751 mellis
1008 3708 1091 3750 est
1143 3712 1254 3765 pra:
1283 3697 1429 3748 omni
1468 3704 1633 3752 terra.
1685 3698 1749 3751 Et
1782 3697 1993 3767 Moyses

416 3794 786 3849 hazreditatem
825 3808 931 3846 non
964 3792 1132 3843 datin
1162 3790 1333 3852 clero,
1368 3804 1469 3843 nec
1504 3800 1651 3844 sorte
1691 3791 1988 3856 distribuit,

417 3901 515 3939 nec
551 3893 728 3954 potest
751 3900 847 3952 per
881 3882 1062 3951 plebes
1092 3881 1191 3951 (‘2),
1229 3890 1285 3933 et
1316 3881 1527 3941 domos,
1563 3897 1627 3935 ac
1655 3882 1911 3947 familias,
1940 3892 1995 3936 ct

416 3977 654 4038 nomina,
683 3984 737 4030 et
765 3974 954 4027 merita
985 3972 1318 4042 singulorum
1348 3971 1525 4025 divina
1551 3982 1697 4027 sorte
1724 3988 1987 4041 pensare:

416 4073 520 4127 hoc
549 4072 695 4126 solus
727 4069 853 4123 facit
882 4068 1062 4133 Iesus,
1090 4069 1174 4122 cui
1217 4082 1377 4121 omne
1402 4066 1667 4134 judicium
1692 4067 1854 4121 Pater
1878 4077 1988 4120 tra-

415 4165 552 4219 didit
575 4163 621 4195 “
652 4182 665 4218 :
695 4164 809 4231 ipse
839 4162 941 4215 scit
965 4162 1238 4229 quomodo
1268 4160 1525 4229 populum
1574 4176 1729 4214 sumn
1762 4175 1868 4214 non
1901 4174 1992 4213 so—

417 4256 525 4311 lum
550 4270 647 4323 per
675 4255 871 4320 tribus,
896 4264 953 4307 ct
981 4252 1237 4316 familias,
1268 4264 1321 4306 et
1348 4253 1561 4315 domos,
1599 4267 1785 4304 rerum
1817 4260 1870 4305 et
1894 4266 1991 4321 per

416 4349 632 4403 nomina
676 4360 1118 4415 unumquemque
1167 4345 1327 4411 digna
1363 4352 1415 4399 et
1459 4345 1787 4413 competenti
1846 4361 1994 4398 man-

417 4443 571 4497 sione
596 4440 889 4508 dispenset.
918 4437 1058 4491 Sunt
1087 4448 1266 4491 tamen
1303 4435 1469 4506 aliqui
1502 4436 1553 4489 in
1594 4435 1711 4489 istis
1734 4435 1825 4505 qui
1859 4451 1989 4490 con-

417 4533 619 4588 ditione
650 4530 818 4585 sortis
850 4530 1273 4598 superemineat,
1308 4538 1361 4581 et
1385 4527 1609 4581 omnino
1647 4542 1746 4581 nec
1775 4527 1987 4581 addun-

417 4635 507 4679 tur
527 4627 593 4679 ad
621 4634 823 4679 sortem
854 4624 953 4692 (3).
985 4623 1187 4683 Omnes
1215 4621 1439 4680 chitae,
1476 4620 1527 4674 id
1560 4629 1645 4674 est
1676 4634 1864 4674 omnes
1896 4619 1987 4688 qni

418 4719 625 4773 intente
682 4726 736 4771 et
799 4715 1168 4770 indesinenter
1213 4723 1535 4784 permanent
1579 4713 1631 4766 in
1684 4712 1990 4766 ministerio

417 4811 533 4875 Dei,
570 4820 626 4865 et
664 4808 954 4881 pervigiles
996 4809 1047 4861 in
1073 4808 1296 4861 servitio
1322 4805 1437 4872 ejus
1464 4806 1731 4861 excubias
1767 4813 1983 4873 gerunt,

415 4914 616 4960 sortem
643 4904 782 4958 inter
812 4910 1035 4956 etetcros
1068 4917 1176 4955 non
1208 4900 1486 4969 accipiunt
1519 4917 1533 4952 :
1563 4900 1658 4950 sed
1690 4912 1788 4952 nec
1809 4898 1987 4951 omni-

417 5010 489 5051 no
523 4995 575 5050 in
609 5006 751 5050 terra
782 5004 866 5049 est
898 5009 1018 5049 sors
1046 5009 1259 5057 eorum,
1291 4994 1387 5048 sed
1419 4994 1535 5062 ipse
1574 4993 1836 5046 Dominus
1865 5006 1984 5046 sors

487 5183 739 5242 “‘Num.
793 5199 939 5245 xxvi.
978 5180 1067 5243 55,
1115 5181 1205 5236 54.

416 5254 629 5312 “Luc.
685 5274 804 5322 xm,
851 5256 943 5311 2'5.
1019 5255 1062 5287 "
1095 5253 1285 5308 Matth.
1346 5253 1606 5315 XXIV,I'2.

1280 5184 1327 5213 δ’
1354 5181 1509 5237 Joan.
1535 5197 1589 5243 ν,
1611 5181 1701 5234 2‘2.
1780 5181 1824 5211 ⁸⁸
1855 5181 1993 5233 Matt‘

1280 5292 1285 5305 .
1346 5269 1492 5306 χειν.
1519 5253 1606 5305 η.
1681 5251 1726 5283 ⁸⁸
1754 5250 1890 5306 Gen.
1944 5266 1993 5304 t1

491 5433 568 5507 (l)
605 5434 696 5489 Sic
719 5433 897 5507 Codex
925 5432 1108 5486 Sancti
1141 5429 1461 5507 Theudorici
1498 5428 1794 5507 Bernensis.
1824 5427 1980 5507 ψῦξιν.

415 5497 564 5569 editi,
602 5524 619 5556 ι
659 5506 866 5557 numeri
912 5510 1036 5555 sunt
1066 5513 1120 5557 et
1153 5504 1203 5554 in
1236 5502 1299 5554 iis
1337 5516 1471 5567 quos
1504 5500 1750 5568 legimus.
1783 5518 1800 5547 ι
1840 5497 1977 5551 Infra

420 5577 556 5627 idem
590 5590 715 5637 ms.,
756 5590 775 5624 ι
812 5576 1045 5627 secundo
1070 5587 1211 5626 nunc
1242 5572 1466 5639 populus
1495 5572 1609 5637 qui,
1648 5588 1667 5620 ι
1693 5580 1797 5621 etc.

488 5644 564 5714 (2)
598 5645 738 5697 Idem
774 5658 897 5708 ms.,
935 5660 954 5693 ι
986 5652 1039 5695 et
1098 5641 1307 5710 Moyses
1351 5640 1565 5714 quidem
1611 5638 1975 5693 brercditatem

425 5709 555 5768 non'
582 5716 633 5768 in
671 5713 841 5777 clero,
898 5727 1073 5781 neque
1119 5709 1265 5765 sorte
1319 5709 1613 5773 distribuit,
1665 5723 1762 5763 nec
1796 5718 1975 5775 potest

1780 5181 1824 5211 ⁸³
1855 5179 2124 5246 Matth.vt,
2155 5180 2249 5235 2|.

2098 3166 2254 3221 dabis
2285 3165 2676 3225 hzcreditatem.
2728 3164 3021 3234 unicuique
3057 3168 3199 3221 sicut
3240 3172 3540 3227 recensitos
3572 3188 3677 3238 est,

2097 3255 2320 3310 dabitur
2372 3255 2661 3308 hmrcditas
2713 3254 2849 3321 ejus.
2889 3274 2910 3306 ι
2944 3255 3181 3312 llistoria
3240 3261 3343 3316 hoc
3408 3276 3489 3318 est
3537 3268 3677 3334 quod

2096 3349 2276 3413 docet,
2310 3355 2367 3399 ut
2397 3346 2440 3399 si
2471 3360 2576 3413 qua
2636 3345 2809 3398 tribus
2859 3350 3203 3403 numerosior
3237 3352 3467 3407 habetur
3501 3356 3552 3408 in
3583 3371 3678 3425 po.

2097 3439 2258 3509 pulis,
2294 3436 2499 3503 majora
2532 3446 2691 3490 terrae
2724 3438 2895 3506 spatia
2927 3442 3231 3496 sortiatur:
3263 3445 3307 3497 si
3352 3460 3455 3513 qua
3499 3456 3676 3500 autent

2097 3531 2307 3585 minore
2357 3528 2635 3581 hominum
2689 3545 2917 3583 nurnero
2953 3543 3228 3597 censetur,
3259 3536 3503 3591 breviore
3552 3555 3679 3607 pos-

2096 3622 2340 3677 sessione
2394 3630 2649 3674 contcnta
2699 3622 2791 3675 sit.
2846 3621 2953 3676 Sed
3005 3625 3260 3691 quoniam
3299 3636 3455 3681 terra:
3520 3630 3679 3697 hujus

2095 3714 2414 3769 divisionem
2452 3713 2935 3780 htrreditaturnque
2984 3724 3278 3781 terrenam,
3309 3722 3540 3789 speciem
3598 3724 3680 3776 di-

2094 3808 2268 3861 cimus
2290 3814 2475 3859 tenere
2506 3805 2585 3875 (5)
2617 3815 2671 3858 et
2700 3804 2987 3873 imaginem
3025 3806 3334 3862 futurorum
3385 3812 3673 3877 bonorum,

2094 3912 2157 3952 ac
2191 3898 2419 3950 formam
2455 3895 2698 3950 caelestis
2734 3897 2900 3961 illius,
2929 3912 3051 3966 qua:
3090 3913 3119 3951 ιι
3172 3900 3418 3955 ﬁdelibus
3448 3913 3502 3956 et
3552 3920 3679 3958 sau-

2094 3992 2199 4047 cris
2235 4000 2508 4059 speratur,
2541 3988 2873 4042 Itrereditatis
2903 3990 3229 4046 ostendere:
3259 3993 3477 4061 requiro
3503 3995 3553 4048 in
3588 3996 3674 4050 illa

2096 4083 2417 4138 hmreditate
2446 4096 2564 4147 qua:
2599 4082 2865 4149 speranda
2890 4091 2990 4147 est,
3021 4084 3109 4150 qui
3137 4083 3247 4137 sint
3273 4085 3473 4154 plures,
3507 4096 3559 4142 et
3583 4091 3673 4157 qui

2092 4174 2201 4228 sint
2233 4173 2414 4242 pauci,
2448 4182 2503 4225 et
2548 4172 2763 4226 invenio
2800 4172 2870 4225 ibi
2922 4172 3196 4229 beatiores
3240 4192 3443 4244 paucos
3486 4181 3672 4235 haberi

2092 4282 2252 4335 quam
2291 4266 2492 4336 plures.
2519 4263 2649 4317 Nam
2676 4264 2767 4332 qui
2800 4280 2894 4333 per
2916 4265 3058 4320 viam
3089 4266 3249 4321 latam
3278 4278 3331 4323 et
3355 4272 3672 4339 spatiosum,

2092 4373 2213 4426 quin
2253 4357 2400 4411 ducit
2449 4356 2517 4410 ad
2563 4356 2945 4425 perditionem,
2978 4360 3187 4428 egerint
3223 4361 3345 4426 iter,
3393 4364 3544 4416 multi
3586 4364 3674 4418 di-

2095 4460 2294 4504 cuntur
2321 4448 2389 4504 ”.
2417 4449 2517 4517 Qui
2563 4463 2692 4505 vero
2740 4466 2837 4519 per
2880 4459 3085 4504 arctam
3128 4460 3182 4505 et
3213 4462 3493 4518 angustam
3529 4453 3670 4509 viam

2096 4542 2456 4608 perrcxcrint,
2480 4556 2601 4611 qua:
2628 4542 2779 4596 ducit
2812 4542 2876 4595 ad
2904 4543 3087 4606 vitam,
3115 4544 3272 4610 pauci
3309 4545 3670 4615 appellantur.

2098 4626 2159 4680 Et
2191 4629 2384 4682 iterum
2427 4629 2480 4683 in
2521 4630 2647 4684 aliis
2686 4630 2886 4684 dicitur
2912 4630 2999 4684 δοῖ
3039 4648 3059 4682 ι
3106 4632 3275 4697 Quam
3320 4636 3475 4703 pauci
3524 4650 3674 4700 sunt,

2097 4721 2186 4790 qui
2221 4720 2519 4775 salvantur.
2554 4741 2572 4773 ι
2607 4721 2671 4776 Et
2703 4724 2895 4777 iterum
2934 4723 2987 4777 in
3025 4723 3150 4777 aliis
3176 4724 3260 4779 ‘7:
3293 4744 3311 4775 ι
3348 4725 3449 4781 Ubi
3486 4728 3672 4782 multi-

2094 4811 2327 4880 plicatur
2366 4813 2645 4883 iniquitas,
2678 4814 2992 4884 refrigescet
3026 4816 3267 4869 Charitas
3300 4817 3616 4882 multorum,
3649 4839 3669 4871 ι

2097 4918 2200 4957 non
2231 4918 2548 4973 paucorum.
2578 4903 2684 4959 Sed
2716 4916 2770 4959 ct
2799 4906 2850 4959 in
2884 4920 3032 4969 arca,
3065 4921 3185 4973 quae
3224 4921 3251 4958 a
3278 4905 3391 4961 Noe
3425 4918 3676 4963 constru-

2094 5003 2180 5047 cta
2215 5002 2300 5047 est
2321 4992 2390 5061 “,
2422 4995 2513 5049 ubi
2552 5009 2817 5048 mensura:
2849 4994 3066 5050 caelitus
3095 4998 3312 5062 dantur,
3346 4998 3399 5053 in
3447 4999 3671 5055 inferio—

2326 5179 2375 5213 “
2411 5179 2567 5235 Num.
2607 5195 2752 5245 xm,
2782 5181 2869 5244 53,
2897 5182 2992 5234 5i.
3064 5180 3111 5211 ⁸⁸
3136 5180 3328 5236 Matth.
3358 5196 3453 5249 vlt,
3482 5181 3667 5249 15,14.

2093 5425 2298 5494 plebes,
2339 5445 2357 5477 ι
2396 5435 2501 5481 etc.

2160 5498 2237 5563 (5)
2272 5498 2415 5550 Idem
2447 5513 2572 5559 ms.,
2611 5515 2628 5546 ι
2664 5498 2939 5553 ducuntur
2965 5496 3030 5548 ad
3062 5504 3289 5550 sortem.
3321 5515 3342 5546 ι

2162 5565 2239 5636 (ι)
2270 5567 2476 5620 Nomen
2516 5585 2534 5617 ι
2578 5569 2715 5620 Detts
2744 5586 2762 5618 ι
2798 5566 3075 5635 suppletur
3105 5581 3136 5620 e
3173 5581 3309 5619 mss.

2159 5637 2235 5706 (5)
2263 5637 2441 5690 (iudex
2497 5636 2684 5691 Sancti
2723 5636 3046 5692 'l'bcodorici
3093 5635 3397 5703 Bernensis,
3423 5640 3659 5697 «(ιίὧοί-

2088 5723 2203 5760 111115
2235 5720 2437 5761 tenere.
2471 5725 2489 5757 ι
