4086 6218
381 365 477 418 7H

1546 351 1611 406 IN
1653 350 1984 407 NUMEROS
2022 348 2305 403 IlOMlUA
2342 349 2506 402 XXII.

3537 346 3643 398 τις

382 489 678 548 exposcunt
730 480 993 534 dicentes,
1033 488 1098 525 ne
1144 470 1385 524 deleatur
1426 482 1620 521 nomen
1669 468 1840 535 patris
1870 482 1957 519 ca-
1990 469 2031 523 Λ
2064 474 2394 531 terpretatur
2424 464 2608 515 umbra
2661 460 2713 512 in
2757 475 2845 511 ore
2894 458 3007 514 cius
3041 460 3187 527 (ll);
3220 469 3371 528 pater
3414 475 3638 528 operum

386 588 500 624 rum
536 574 599 623 de
637 568 812 622 medio
844 564 1013 634 plebis
1044 578 1174 626 suae,
1216 562 1339 629 quia
1371 575 1477 613 non
1507 568 1601 613 est-
1624 559 1671 613 ei
1706 560 1789 612 vir
1819 559 1960 611 ﬁlius

385 673 565 715 natus.
612 659 795 712 Refert
854 672 952 726 pro
1000 656 1102 709 hoc
1147 653 1355 723 Moyses
1405 648 1855 706 cousultatioii'em
1895 648 1959 701 ad

390 750 574 803 Demn.
600 744 996 814 Omnipotentis
1028 753 1207 797 autem
1240 741 1330 795 Dei
1364 739 1649 794 clementia
1679 754 1784 792 non
1813 754 1962 806 sper-

389 842 490 904 nit,
554 856 651 894 nec
708 837 933 907 despicit
985 835 1437 891 consultationem
1491 847 1610 901 qua!
1662 830 1887 885 ochrtnr
1931 847 1958 883 a

390 932 600 1001 puellis,
625 940 678 983 et
724 945 829 983 non
883 928 1053 984 solmn
1102 939 1357 993 responsa
1391 925 1520 977 dare
1568 923 1838 990 dignatur,
1867 921 1960 975 sed

390 1024 654 1075 intantum
707 1020 920 1089 probat,
971 1028 1024 1072 et
1069 1013 1408 1084 amplectitur
1460 1012 1622 1065 verba
1661 1024 1867 1073 earum,
1904 1020 1961 1063 ut

384 1129 450 1165 ex
487 1114 619 1183 ipsis
644 1123 847 1166 mterna
889 1112 1196 1166 hominibus
1226 1110 1343 1177 jura
1375 1104 1667 1159 constituat
1702 1114 1754 1157 et
1790 1119 1957 1158 saecu-

388 1207 453 1259 lis
478 1205 729 1259 omnibus
749 1203 1098 1256 observanda.
1129 1202 1215 1254 Ait
1237 1199 1381 1253 enim
1401 1196 1444 1227 ⁵⁷
1479 1216 1491 1250 :
1522 1216 1538 1247 ι
1575 1194 1823 1264 Loquens
1845 1205 1960 1249 erat

393 1298 645 1353 Dominus
670 1296 733 1349 ad
761 1294 1025 1371 Moysen:
1057 1293 1223 1347 Recte
1318 1291 1506 1346 locuta)
1532 1300 1654 1343 sunt
1686 1289 1806 1343 ﬁliae
1843 1288 1959 1341 Sal—

388 1392 570 1457 phaat.
605 1388 760 1441 Dabis
791 1386 870 1439 eis
900 1384 1291 1455 possessionem
1325 1383 1376 1436 in
1404 1381 1579 1437 medio
1607 1380 1830 1433 fratrum
1868 1396 1959 1449 pa-

388 1483 485 1537 tris
520 1482 625 1542 sui,
657 1488 709 1533 et
739 1478 891 1531 dabis
940 1485 1139 1531 sortem
1185 1474 1354 1542 patris
1409 1475 1647 1541 ipsarum
1705 1472 1854 1540 ipsis,
1903 1482 1959 1526 et

386 1576 513 1631 filiis
537 1572 698 1627 Israel
728 1569 965 1639 loqueris
1001 1569 1225 1621 dicens:
1260 1566 1425 1619 llotno
1455 1566 1499 1619 si
1550 1573 1795 1619 mortuus
1843 1564 1959 1618 fue-

385 1668 475 1731 rit,
512 1676 567 1720 et
602 1665 741 1718 ﬁlius
770 1677 873 1715 non
910 1659 1070 1713 fuerit
1103 1658 1178 1719 ei,
1214 1656 1411 1710 dabitis
1442 1656 1814 1710 haereditatem
1844 1655 1959 1721 ejus

387 1758 508 1809 lilia:
554 1755 691 1821 ejus.
729 1751 879 1817 Quod
934 1749 975 1803 si
1015 1763 1120 1802 non
1162 1747 1326 1800 fuerit
1373 1748 1420 1799 ei
1476 1745 1580 1798 ﬁlia
1612 1746 1710 1813 (9),
1758 1745 1956 1801 dabitis

2068 558 2370 612 intellectus
2392 565 2494 610 est.
2521 554 2675 619 Saepe
2699 566 2829 619 ergo
2854 551 3072 616 accidit,
3102 561 3156 604 et
3187 566 3287 603 non
3320 552 3475 619 pauci
3501 552 3642 604 inter

2065 650 2264 704 fratres
2289 657 2501 703 nostros
2535 655 2684 708 sunt,
2714 646 2763 698 in
2797 644 2997 713 quibus
3051 642 3352 696 intellectus
3399 642 3557 695 altior
3587 654 3642 694 et

2064 739 2386 810 profundior
2416 738 2611 801 nullus,
2643 737 2736 791 sed
2788 745 2870 791 est
2910 736 2960 789 in
2996 735 3075 788 eis
3112 749 3302 788 sensus
3342 743 3640 797 emortuus,

2063 832 2201 885 sicut
2249 831 2313 884 de
2350 828 2580 897 quodam
2616 826 2877 894 scriptum
2931 833 3013 879 est
3049 824 3093 855 ⁸⁸
3125 841 3137 876 :
3172 843 3189 875 ι
3230 823 3293 876 Et
3339 831 3640 876 emortuum

2062 932 2144 976 est
2172 937 2267 976 cor
2290 919 2413 987 ejus
2444 920 2495 972 in
2533 919 2669 988 ipso.
2711 936 2729 969 ι
2770 918 2871 972 lste
2903 932 3031 986 ergo
3079 916 3290 969 etiamsi
3334 916 3399 967 ad
3440 914 3641 967 intelli-

2063 1012 2298 1081 gentiam
2334 1011 2637 1080 spiritalem
2692 1009 2826 1062 nihil
2880 1008 3040 1077 sapit,
3074 1007 3166 1061 sed
3210 1015 3291 1060 est
3334 1013 3641 1065 emortuus.

2067 1115 2243 1156 tamen
2291 1103 2337 1155 si
2384 1102 2631 1169 genuerit
2686 1100 2843 1164 ﬁlias,
2893 1098 2946 1152 id
2996 1109 3077 1152 est
3123 1112 3284 1167 opera
3332 1096 3641 1157 ministerii,

2063 1210 2226 1262 opera
2264 1193 2673 1261 obsequiorum,
2710 1207 2875 1261 opera
2911 1191 3286 1244 mandatorum
3326 1189 3443 1249 Dei,
3471 1189 3642 1241 luere-

2062 1285 2283 1338 ditatem
2315 1293 2471 1337 terrae
2503 1299 2623 1337 cum
2672 1283 2828 1353 plebe
2870 1283 3079 1337 Domini
3128 1281 3497 1348 consequitur.
3530 1278 3643 1332 Non

2063 1374 2256 1441 poterit
2292 1375 2507 1442 quidem
2554 1374 2699 1428 inter
2741 1390 2835 1429 eos
2884 1373 3178 1435 numerari,
3208 1385 3434 1439 quorum
3469 1370 3645 1438 portio

2066 1466 2324 1521 Dominus
2353 1476 2458 1530 est,
2487 1482 2716 1536 quorum
2764 1467 3053 1521 hmreditas
3088 1467 3224 1520 Deus
3254 1476 3360 1528 εει,
3404 1479 3508 1518 non
3547 1478 3645 1532 po—

2061 1559 2187 1612 terit
2213 1560 2264 1611 iu
2296 1559 2670 1612 ministrorum
2701 1568 2754 1613 et
2776 1558 3120 1613 sacerdotum
3155 1571 3383 1611 numero
3410 1554 3645 1622 suscipi,

2064 1652 2115 1704 in
2148 1650 2361 1718 plebeio
2408 1661 2584 1704 tamen
2636 1652 2825 1705 ordine
2873 1651 3241 1704 haereditatem
3273 1659 3431 1703 terrm
3461 1661 3649 1716 repro-

2062 1740 2336 1795 missionis
2369 1740 2639 1806 accipiet:
2677 1759 2695 1790 ι
2732 1740 2880 1794 Multi
2912 1741 3056 1794 enim
3091 1750 3215 1795 sunt
3242 1738 3441 1804 vocati,
3484 1739 3642 1807 pauci

384 1808 772 1901 literedi'tatemw
791 1840 941 1896 fratri
974 1839 1108 1907 ejus.
1138 1839 1288 1905 Quod
1319 1838 1365 1891 si
1398 1854 1498 1891 non
1538 1838 1735 1892 fuerint
1771 1840 1818 1893 ei
1851 1840 1957 1893 fra-

2064 1839 2239 1882 autem
2288 1829 2444 1883 electi
2499 1830 2565 1881 σθ.
2601 1849 2619 1880 ι
2654 1828 2969 1884 Ostenditur
3020 1839 3199 1883 tamen
3249 1839 3304 1883 et
3359 1842 3521 1881 causa
3577 1840 3646 1880 ex

388 1944 519 1993 tres.
555 1928 756 1983 dabitis
806 1927 1171 1981 luereditatem
1214 1924 1365 1978 fratri
1402 1928 1569 1992 patris
1614 1927 1748 1991 ejus.
1802 1929 1953 1994 Quod

386 2023 429 2077 si
464 2036 566 2075 non
598 2021 799 2075 fuerint
827 2020 873 2073 ei
910 2019 1103 2072 fratres
1130 2022 1294 2087 patris
1327 2016 1459 2085 ejus.
1489 2018 1684 2072 dabitis
1734 2021 1956 2075 Incredi-

388 2121 552 2166 tatem
584 2111 902 2175 domestico,
927 2110 1017 2179 qui
1041 2109 1203 2162 fuerit
1236 2110 1587 2178 propinquior
1620 2110 1689 2162 illi
1715 2126 1777 2163 cx
1814 2111 1953 2164 tribu

386 2219 504 2268 sua,
553 2214 606 2257 et
650 2202 824 2270 capiet
866 2200 1233 2253 luereditatem
1284 2199 1422 2267 ejus,
1470 2210 1523 2253 et
1561 2201 1665 2254 erit
1700 2202 1797 2255 hoc
1837 2202 1958 2256 ﬁliis

386 2294 546 2349 Israel
574 2292 892 2361 jusniﬁeatio
934 2289 1146 2358 judicii,
1190 2290 1333 2345 sicut
1390 2291 1959 2347 constituitDominus

385 2385 575 2454 Moysi.
616 2403 635 2436 ι
673 2383 796 2439 Haec
825 2383 1119 2438 secundum
1152 2383 1438 2437 historiam
1467 2383 1593 2451 quid
1626 2383 1829 2451 vigoris
1860 2386 1957 2436 ha-

384 2478 568 2539 beant,
601 2478 851 2530 omnibus
879 2475 1054 2544 palam
1084 2483 1166 2529 est
1195 2475 1283 2544 qui
1314 2476 1491 2530 sciunt
1519 2475 1665 2544 leges
1696 2477 1824 2530 istas
1854 2492 1957 2529 non

383 2567 556 2622 solum
592 2567 731 2637 apud
773 2566 909 2620 ﬁlios
953 2565 1116 2621 Israel
1159 2566 1439 2629 custodiri,
1471 2568 1564 2620 sed
1603 2567 1743 2635 apud
1771 2582 1961 2622 omnes

383 2660 650 2724 homines,
681 2660 775 2729 qui
814 2671 992 2713 tamen
1044 2658 1252 2729 legibus
1307 2660 1513 2713 vivunt.
1547 2658 1700 2713 Unde
1740 2670 1962 2729 apparet

385 2755 533 2823 quod
585 2754 810 2809 libertas
859 2755 1087 2808 filiarum
1139 2752 1398 2822 Salphaat
1449 2768 1553 2806 non
1617 2755 1789 2808 solum
1830 2756 1961 2823 ipsis

383 2847 751 2902 hereditatem
800 2846 1124 2911 c0ntulerit,
1174 2848 1269 2899 sed
1322 2855 1378 2899 et
1432 2856 1690 2915 perpetua
1744 2848 1960 2902 vivendi

380 2938 499 3005 jura
531 2936 727 2992 saeculo
760 2939 987 2991 dederit.
1019 2938 1182 2991 Vides
1230 2944 1429 3005 quanta
1468 2939 1539 2991 sit
1581 2939 1743 2992 etiam
1792 2940 1963 2994 histo-

384 3029 478 3081 riae
514 3028 684 3097 ipsius
720 3028 923 3082 utilitas
973 3030 1023 3081 in
1088 3028 1202 3098 lege
1247 3027 1362 3082 Dei.
1415 3028 1547 3094 Quis
1594 3040 1769 3099 potest
1814 3031 1961 3101 leges

382 3121 515 3174 istas
564 3119 853 3188 aliquando
886 3120 1204 3185 dissolvere,
1234 3121 1430 3189 quibus
1479 3122 1765 3177 universus
1793 3124 1963 3177 utitnr
1989 3140 2031 3197 α

383 3212 656 3267 mundus?
689 3212 793 3266 Sed
827 3224 1003 3266 tamen
1037 3226 1134 3267 nos
1162 3227 1466 3281 quaeramus
1489 3218 1759 3283 quomodo
1797 3216 1961 3269 etiam

382 3306 701 3375 spiritaliter
735 3306 1086 3359 aediﬁcentur.
1121 3305 1302 3360 Potest
1338 3308 1483 3360 enim
1537 3309 1650 3361 ﬁeri
1699 3318 1755 3361 ut
1790 3324 1963 3379 neque

385 3399 505 3451 lilize
535 3398 647 3469 (10)
681 3398 810 3451 ιιιίΙιί
834 3397 1257 3451 sintsecundum
1286 3413 1528 3463 carnem,
1558 3416 1729 3468 neque
1760 3400 1960 3467 aliquid

388 3491 550 3553 ruris,
582 3489 733 3556 cujus
755 3491 872 3557 capi
905 3490 1077 3557 possit
1117 3490 1423 3544 han'editas.
1464 3490 1599 3556 Quid
1629 3492 1795 3561 ergo?
1828 3491 1963 3545 nihil

384 3583 522 3650 apud
559 3598 679 3634 eum
722 3583 813 3650 qui
855 3581 1157 3647 huiusmodi
1213 3591 1318 3645 est,
1364 3582 1465 3635 ista
1509 3584 1591 3635 lex
1631 3583 1961 3651 Operahitur,

384 3687 437 3726 et
466 3674 570 3727 erit
612 3674 769 3726 alicui
818 3674 1051 3727 otiosum
1096 3673 1239 3741 quod
1283 3674 1463 3726 divina
1510 3690 1643 3729 voce
1690 3676 1959 3730 sancitum

381 3766 499 3820 est?
530 3767 885 3834 Requiramus
915 3779 1045 3834 ergo
1073 3764 1234 3818 etiam
1281 3766 1417 3833 apud
1451 3765 1749 3834 spiritalem
1793 3768 1962 3836 legem

381 3873 502 3929 qua
539 3859 645 3911 sint
685 3858 801 3913 ista:
829 3856 950 3911 ﬁli'e
1001 3856 1262 3925 quinque,
1295 3872 1522 3925 quarum
1567 3859 1777 3912 etiamsi
1811 3868 1965 3929 pater

382 3959 628 4003 mortuus
664 3950 823 4003 fuerit
850 3964 948 4019 pro
979 3947 1162 4016 aliquo
1186 3958 1430 4015 peccato,
1465 3950 1593 4018 ipsa:
1641 3960 1819 4003 tamen
1856 3951 1964 4003 luc-

383 4041 669 4095 retlitatem
719 4056 783 4094 cx
831 4042 996 4095 verbo
1039 4042 1132 4096 Dei
1188 4046 1423 4113 capiant.
1463 4044 1521 4095 ιιι
1568 4044 1960 4111 superioribus,

387 4152 507 4189 cum
542 4136 606 4190 de
634 4135 966 4205 spiritalibus
992 4135 1115 4190 ﬁliis
1142 4146 1517 4202 tractaremus,
1539 4136 1769 4190 virtutes
1797 4136 1960 4190 animi

381 4242 434 4284 ct
471 4246 663 4285 sensus
695 4231 890 4285 mentis
941 4230 1079 4283 lilios
1114 4228 1221 4284 dici
1272 4229 1573 4283 docuimus.
1615 4230 1963 4298 Consequens

382 4326 496 4377 siue
524 4323 688 4376 dubio
722 4332 777 4377 et
813 4324 1143 4377 conveniens
1175 4323 1392 4377 videtur
1432 4324 1592 4378 etiam
1629 4322 1765 4376 ﬁlias
1799 4338 1961 4390 opera

383 4432 502 4483 qua:
543 4414 788 4482 corporis
826 4415 1128 4470 ministerio
1172 4416 1489 4483 explentur,
1538 4416 1804 4483 accipere.
1840 4415 1962 4469 ldco

2057 1920 2224 1990 ipsius
2269 1921 2505 1975 nominis
2559 1921 3032 1991 interpretatione,
3069 1921 3195 1991 quia
3245 1920 3347 1974 iste
3385 1919 3647 1988 Salphaat

2058 2026 2163 2065 non
2216 2013 2453 2079 potuerit
2508 2012 2644 2065 ﬁlios
2705 2028 2995 2081 generare,
3045 2013 3137 2066 sed
3177 2012 3334 2067 ﬁlias.
3380 2011 3648 2079 Interpre-

2070 2107 2216 2154 tatur
2256 2103 2425 2164 enim,
2484 2112 2539 2155 ut
2587 2103 2844 2165 diximus,
2882 2107 3067 2155 umbra
3108 2104 3159 2154 in
3190 2118 3277 2154 ore
3312 2101 3446 2169 ejus.
3486 2098 3650 2153 Vides

2059 2205 2186 2259 ergo
2245 2192 2497 2255 quoniam
2570 2192 2613 2245 si
2687 2192 2810 2260 quis
2871 2192 3119 2246 umbram
3174 2189 3305 2259 legis
3375 2189 3540 2243 habet
3593 2188 3646 2240 in

2059 2297 2175 2345 ore,
2207 2291 2258 2336 et
2289 2297 2392 2335 non
2425 2283 2596 2350 ipsam
2626 2283 2915 2353 imaginem
2971 2298 3175 2346 rerum,
3204 2283 3292 2335 hic
3335 2281 3460 2349 quia
3509 2279 3650 2333 nihil

2059 2373 2221 2444 355
2272 2373 2553 2441 spiritale,
2608 2374 2738 2426 nihil
2788 2372 3037 2442 profundi
3089 2372 3395 2427 intellectus
3445 2371 3650 2425 sentire

2063 2477 2262 2537 potest,
2294 2468 2388 2519 sed
2422 2467 2537 2520 sola
2563 2469 2756 2520 umbra
2794 2465 2927 2535 legis
2957 2465 3008 2518 in
3042 2480 3135 2520 ore
3165 2465 3281 2533 ejus
3309 2474 3414 2531 est,
3449 2479 3645 2518 sensus

2062 2559 2213 2613 vivos
2254 2567 2310 2613 et
2354 2557 2633 2627 spiritales
2674 2573 2780 2613 non
2828 2567 3006 2626 potest
3060 2571 3349 2626 generare,
3384 2571 3646 2624 generare

2066 2662 2243 2706 tamen
2281 2659 2462 2719 potest
2488 2664 2651 2718 opera
2690 2660 2739 2701 et
2783 2659 2963 2711 actus,
2991 2664 3111 2716 quze
3140 2655 3267 2701 sunt
3299 2647 3649 2715 simplicioris

2064 2744 2187 2796 vita:
2236 2741 2560 2794 ministeria.
2606 2740 2669 2793 Et
2707 2740 2827 2793 ideo
2880 2738 3120 2792 ostendit
3168 2738 3218 2790 in
3260 2737 3343 2791 his
3408 2737 3645 2791 clemen-

2065 2836 2138 2888 tia
2171 2835 2283 2895 Dei,
2334 2834 2477 2902 quod
2519 2832 2922 2886 innocentiores
2970 2832 3187 2900 quique,
3223 2831 3435 2885 etiamsi
3486 2845 3646 2884 sensu

2065 2926 2342 2990 deficiant,
2384 2925 2587 2979 habent
2627 2932 2803 2977 tamen
2862 2938 3025 2992 opera
3082 2922 3256 2986 bona,
3306 2937 3412 2976 non
3456 2920 3647 2976 exclu-

2066 3019 2266 3072 duntur
2311 3022 2380 3070 ab
2430 3016 2747 3070 litereditate
2784 3024 3119 3067 sanctorum.
3176 3012 3339 3068 Recte
3385 3026 3514 3082 ergo
3560 3012 3638 3067 lo-

2067 3120 2203 3163 cuta:
2231 3119 2355 3162 sunt
2387 3109 2508 3161 filia:
2543 3107 2822 3175 Salphaat.

2140 3221 2196 3274 2.
2242 3221 2364 3274 Post
2414 3222 2528 3273 haec
2575 3219 2793 3287 ponitur
2826 3218 2907 3270 lex
2948 3217 3037 3269 Dei
3085 3218 3151 3270 de
3194 3218 3559 3281 successione,
3591 3226 3650 3269 nt

2068 3315 2243 3382 primo
2274 3316 2437 3377 ﬁlius,
2486 3314 2595 3366 ﬁlia
2644 3314 2883 3367 secundo
2915 3314 2966 3366 in
3015 3314 3132 3367 loco
3164 3314 3451 3377 succedat,
3487 3314 3647 3366 tertio

2068 3406 2257 3467 frater,
2305 3415 2500 3473 quarto
2534 3406 2704 3474 patris
2750 3405 2938 3458 frater.
2983 3404 3217 3470 Quintus
3267 3419 3405 3459 vero
3449 3404 3648 3473 gradus

2067 3492 2275 3549 certum
2310 3496 2550 3564 aliquem
2582 3511 2686 3547 non
2714 3496 2982 3563 designat,
3014 3497 3105 3549 sed
3137 3495 3393 3564 quisquis
3426 3496 3501 3548 illi
3531 3510 3647 3564 pro-

2068 3584 2321 3651 pinquior
2352 3599 2414 3637 ex
2463 3585 2609 3637 omni
2654 3584 2856 3638 familia
2896 3583 3086 3651 fuerit,
3121 3596 3178 3637 ιιι
3216 3586 3331 3654 ipse
3363 3589 3643 3641 succedat.

2068 3675 2121 3728 In
2172 3678 2256 3729 his
2293 3687 2399 3728 tam
2435 3678 2646 3745 integer
2689 3688 2743 3730 et
2795 3678 3069 3746 perfectus
3116 3690 3200 3733 est
3238 3680 3476 3734 historim
3520 3694 3644 3733 seu-

2067 3783 2181 3833 sus,
2214 3778 2273 3821 ut
2317 3768 2450 3821 nihil
2499 3770 2784 3838 requirere
2816 3772 3066 3825 videatur
3113 3774 3456 3827 extrinsecus
3506 3772 3643 3843 (12).

2067 3862 2271 3915 Tamen
2322 3864 2364 3914 si
2416 3861 2541 3928 quis
2577 3861 2714 3914 bene
2762 3862 2813 3914 in
2866 3863 3211 3930 spiritalibus
3260 3864 3467 3933 legibus
3513 3880 3641 3919 ern-

2068 3953 2212 4006 ditus
2250 3962 2366 4015 est,
2407 3960 2461 4006 ct
2514 3951 2759 4020 pleniore
2822 3955 3064 4007 scientia:
3118 3955 3324 4008 lumine
3374 3957 3641 4022 radiatus,

2068 4043 2154 4097 ille
2205 4052 2384 4111 potest
2423 4042 2723 4111 intelligere
2763 4044 3008 4098 diversos
3057 4047 3189 4099 istos
3232 4048 3639 4101 successionum

2066 4136 2283 4205 gradus,
2318 4144 2370 4188 et
2418 4135 2687 4201 quomodo
2732 4134 2939 4203 primus
2984 4136 3054 4188 sit
3089 4138 3481 4204 consequeuda:
3530 4153 3643 4192 ete-

2066 4230 2220 4284 lestis
2257 4230 2589 4283 luereditatis
2618 4228 2836 4295 gradus,
2865 4228 3125 4282 doctrinm
3155 4239 3210 4281 et
3243 4230 3487 4283 scientia:
3526 4248 3641 4283 me-

2069 4321 2192 4384 rito,
2240 4321 2331 4389 qui
2378 4328 2461 4374 est
2510 4320 2783 4373 masculus
2842 4320 3000 4374 ﬁlius.
3054 4320 3337 4374 Secundus
3406 4336 3635 4389 cperunt

2068 4413 2453 4483 praerogativa,
2503 4428 2623 4482 qua:
2672 4413 2779 4466 ﬁlia
2831 4422 2933 4467 εει.
2984 4412 3203 4467 Tertius
3242 4415 3641 4482 compassionis

383 4507 612 4573 denique
648 4514 702 4558 et
726 4504 1010 4572 quinarius
1054 4506 1133 4559 eis
1164 4520 1418 4560 numerus
1450 4506 1758 4560 ascribitur.
1794 4507 1961 4572 Quin-
1992 4480 2042 4540 D
2065 4505 2298 4573 alicujus
2339 4512 2392 4558 et
2429 4504 2770 4568 imitationis,
2804 4514 3028 4575 prepter
3060 4505 3200 4574 quod
3251 4513 3303 4559 et
3340 4504 3508 4558 frater
3540 4521 3641 4559 no-

383 4612 487 4665 que
528 4596 670 4650 enim
697 4597 944 4664 corporei
989 4612 1178 4651 sensus
1215 4608 1363 4662 sunt,
1410 4598 1606 4665 quibus
1636 4614 1796 4652 omne
1827 4615 1962 4667 opus

382 4686 628 4755 expletur
658 4685 709 4738 in
736 4699 984 4753 corpore.
1021 4686 1141 4740 Ista:
1172 4702 1301 4755 ergo
1329 4687 1569 4757 quinque
1606 4687 1747 4749 ﬁliae,
1780 4688 1829 4740 id
1878 4698 1963 4744 est

380 4793 601 4846 operum
632 4777 915 4845 perfectio,
940 4778 1152 4833 etiamsi
1188 4788 1339 4848 patre
1382 4780 1643 4833 orbentur
1676 4788 1728 4832 et
1776 4794 1957 4833 rema-

383 4877 545 4923 neant
594 4868 870 4937 orphanm,
926 4883 1029 4921 non
1062 4877 1244 4922 tamen
1295 4868 1583 4935 ejiciuntnr
1614 4870 1680 4922 ab
1730 4869 1959 4923 hmredi-

382 4968 511 5021 tate,
552 4973 725 5028 neque
759 4957 1116 5012 excluduntur
1147 4976 1175 5012 a
1204 4974 1391 5024 regno,
1420 4961 1512 5012 sed
1552 4959 1603 5011 in
1637 4958 1813 5012 medio
1847 4959 1959 5027 ple-

381 5052 465 5107 bis
505 5051 596 5105 Dei
649 5051 950 5121 portionem
998 5052 1333 5106 hatreditatis
1386 5051 1682 5120 accipiunt.
1738 5052 1957 5107 Interim

380 5143 661 5198 videamus
701 5145 823 5214 quis
871 5153 953 5198 est
1011 5143 1113 5196 iste
1156 5153 1308 5212 pater
1356 5158 1562 5206 earum,
1592 5145 1681 5211 qni
1717 5153 1961 5197 mortuus

380 5248 503 5291 esse
535 5236 751 5291 dicitur.
788 5235 1067 5304 Salphaat,
1111 5235 1301 5304 inquit,
1354 5234 1609 5303 Salphaat
1641 5244 1820 5289 autem
1876 5236 1959 5289 in-

451 5350 498 5382 ³⁷
522 5346 680 5401 Νυιιι.
714 5364 884 5411 xxvn,
916 5347 969 5411 7,
992 5347 1045 5411 8,
1071 5349 1126 5412 9,
1160 5348 1249 5411 10,
1284 5348 1368 5401 Η.
1446 5348 1491 5379 ³⁸
1526 5348 1540 5400 Ι
1578 5347 1711 5418 Reg.
1749 5365 1878 5413 xxv,
1906 5350 1997 5404 57.

455 5441 531 5512 (9)
563 5441 715 5504 Mss.,
744 5459 780 5512 ¢_
800 5441 942 5507 quod
971 5442 1013 5495 si
1047 5456 1152 5512 non
1195 5442 1354 5512 fuerit
1380 5441 1428 5512 ei
1460 5442 1587 5512 lilia,
1629 5452 1728 5512 ret
1758 5442 1838 5512 ita
1864 5443 1959 5495 ha-

383 5509 475 5585 bet
498 5509 702 5585 _’te.x_t‘us
744 5510 971 5585 Graecus
1010 5510 1118 5585 τῶν
1155 5512 1229 5585 Of,
1264 5509 1379 5585 sua
1406 5511 1461 5564 δὲ
1512 5510 1585 5583 μὴ
1711 5510 1955 5585 θυγάτηρ

387 5581 552 5652 αὐτῷ.
597 5581 895 5652 maleergu
942 5581 1071 5636 libb.
1119 5582 1248 5635 editi
1298 5581 1515 5641 habent,
1551 5581 1742 5652 (quod
1772 5584 1814 5636 si
1850 5581 1953 5635 non

383 5649 588 5705 fuerint
618 5650 665 5702 ei
699 5649 842 5703 lilia).
880 5668 897 5698 ι

455 5722 567 5792 (10)
598 5719 751 5781 Mss,
784 5735 800 5769 t
839 5718 978 5771 lilite.
1006 5721 1198 5792 illibh.
1229 5718 1381 5779 editi,
1418 5735 1435 5768 ι
1475 5715 1590 5769 filii.
1636 5736 1656 5765 ι

453 5792 563 5858 (tl)
599 5792 854 5857 Salplmat
895 5802 1066 5843 autem
1121 5791 1489 5858 interpretatur
1535 5797 1710 5838 υΜΒιιΑ
1756 5792 1805 5832 IN
1847 5792 1951 5833 one

2065 4599 2325 4652 minatur.
2370 4597 2509 4651 Sunt
2553 4598 2698 4651 enim
2743 4598 3011 4661 nonnulli,
3057 4599 3146 4665 qui
3196 4607 3387 4665 sponte
3420 4598 3638 4665 quidem

2060 4704 2178 4753 sua,
2207 4698 2261 4742 et
2301 4688 2522 4757 proprio
2548 4688 2832 4741 intellectu
2876 4688 3011 4742 nihil
3040 4700 3224 4758 agunt,
3256 4690 3412 4758 positi
3460 4700 3637 4742 tamen

2058 4779 2203 4834 inter
2238 4780 2455 4843 fratres,
2487 4794 2551 4834 ex
2596 4781 2901 4836 imitatione
2944 4791 3267 4834 cmterorum
3313 4780 3503 4833 eadem
3555 4781 3637 4831 vi-

2063 4873 2257 4926 dentur
2287 4886 2449 4941 agere
2479 4887 2598 4941 qute
2626 4882 2679 4926 et
2719 4873 2794 4925 illi
2836 4882 3025 4939 agunt,
3072 4872 3162 4938 qui
3201 4870 3473 4923 intellectu
3511 4884 3637 4937 pro-

2064 4963 2183 5030 prio
2228 4972 2534 5017 moventur.
2574 4964 2744 5016 Datur
2776 4964 2939 5015 etiam
2987 4961 3107 5015 istis
3161 4962 3351 5013 tertius
3402 4958 3637 5011 haeredi-

2065 5056 2194 5108 tatis
2236 5056 2335 5108 sub
2383 5054 2536 5108 titulo
2572 5054 2806 5108 fratrum
2866 5051 3105 5106 nominis
3146 5050 3367 5119 gradus.
3398 5048 3635 5115 Quartus

2064 5160 2213 5211 vero,
2265 5161 2425 5214 quem
2478 5146 2699 5200 fratrem
2748 5146 2919 5215 patris
2974 5144 3253 5211 nominat,
3296 5152 3472 5212 potest
3521 5144 3637 5197 for-

2066 5238 2227 5290 lassis
2273 5237 2497 5307 intelligi
2552 5238 2640 5291 ille
2697 5238 2829 5291 ordo
2884 5237 3201 5301 hominum,
3244 5236 3333 5305 qui
3378 5235 3560 5289 audita
3603 5247 3637 5288 a

2057 5352 2103 5383 '9
2135 5347 2323 5402 Matth.
2357 5365 2490 5413 xxtt,
2524 5351 2623 5416 14η

2068 5440 2267 5492 EJUS.A
2292 5423 2381 5503 '72,
2412 5458 2428 5491 ι
2459 5444 2667 5506 nuthra,
2698 5461 2715 5493 ι
2744 5452 2797 5496 et
2818 5450 2915 5504 ηε,
2954 5461 2972 5493 ‹
3007 5457 3089 5505 os,
3112 5444 3244 5497 oris.
3280 5461 3297 5491 ι

2118 5511 2242 5589 ,(12)
2283 5510 2462 5565 Codex
2508 5512 2690 5567 Sancti
2735 5514 3057 5567 Theudorici
3112 5511 3418 5579 [tentensis,
3466 5531 3485 5564 ι
3543 5513 3629 5568 in-

2063 5588 2352 5635 trinsecus.
2380 5601 2396 5631 ι

2132 5649 2245 5729 (Ιᾷ)
2287 5649 2444 5714 Mss.,
2498 5670 2516 5701 ι
2548 5652 2673 5707 huic
2719 5650 3022 5721 proximus.
3053 5670 3071 5704 ι
3123 5652 3277 5708 Libb.
3306 5653 3473 5716 editi,
3515 5669 3534 5704 ι
3566 5653 3632 5717 iis

2060 5732 2359 5786 proxunus.
2387 5740 2406 5773 ι
