4086 6218
516 272 621 325 763

1977 261 2298 321 ORIGENIS

3673 274 3781 331 714

514 384 781 452 patribus,
822 390 872 433 et
906 392 1149 434 veterum
1186 380 1502 435 narratione
1540 393 1792 450 suscepta
1822 396 2091 437 conantur
2123 389 2163 440 Α
2196 381 2307 446 ipse
2325 379 2994 447 transgressioniscrimen
3018 378 3269 446 incurrit,
3290 381 3784 453 ctiamipsefactus

515 472 763 540 imp‘lere,
808 482 861 526 et
896 488 1000 527 non
1048 483 1154 525 tam
1193 474 1425 543 propriis
1473 475 1724 527 sensibus
1777 474 1944 537 moti,
1992 488 2089 528 nec

512 564 800 630 prtesentis
828 564 1088 617 doctrinae
1115 565 1630 619 commonitionibus
1649 564 1895 625 excitati,
1924 578 2088 632 quam

514 665 756 707 veterum
802 655 884 710 vel
933 656 1244 721 traditione,
1289 658 1370 711 vel
1414 659 1807 711 consuetudine
1854 658 1966 711 sola
2010 658 2091 711 in-

511 747 708 809 stituti,
743 748 871 801 boni
921 757 1102 801 tamen
1155 748 1355 817 aliquid
1408 760 1625 815 gerunt.
1678 750 1914 805 Ultimus
1962 765 2091 803 vero

517 841 717 906 gradus
753 840 1015 893 scribitur
1047 840 1157 903 ille,
1193 842 1285 909 qui
1320 842 1565 909 quolibet
1611 852 1766 911 pacto
1804 842 1928 895 huic
1968 857 2090 910 pro-

466 994 467 999 η
509 930 689 983 ximus
721 933 831 1000 (15)
868 933 1031 985 fuerit
1060 952 1073 986 :
1105 934 1261 1000 quasi
1308 934 1351 987 si
1394 933 1624 998 diceret,
1644 934 1771 988 Sive
1804 934 2090 988 occasione

462 1002 469 1037 ³
508 1022 621 1074 sive
650 1024 879 1076 veritate
922 1023 1184 1078 doctrinae
1214 1027 1257 1078 si
1305 1026 1429 1094 quis
1462 1025 1663 1095 aliquid
1710 1025 1837 1078 boni
1870 1027 2085 1091 fecerit,

507 1126 614 1163 non
651 1112 845 1179 peribit
876 1113 999 1165 boni
1033 1114 1217 1182 Operis
1268 1130 1497 1179 merces,
1543 1116 1634 1169 sed
1684 1117 1945 1186 largiente
1987 1119 2089 1172 Do-

507 1204 655 1255 mino
691 1204 864 1256 locum
917 1205 1255 1260 hmreditatis
1305 1208 1560 1275 accipiet.
1610 1206 1736 1262 Hinc
1791 1209 2007 1275 quidem
2056 1225 2085 1263 a

506 1294 663 1346 nobis
718 1297 973 1349 audacter
1032 1296 1276 1352 fortassis
1340 1309 1701 1368 pnesumpta,
1747 1308 1801 1352 et
1855 1300 1908 1352 in
1973 1314 2088 1353 me-

508 1384 657 1436 dium
701 1385 910 1452 prolata
942 1387 1251 1450 videantur,
1291 1404 1395 1441 non
1437 1398 1611 1443 tamen
1651 1389 1755 1442 erit
1795 1390 2086 1443 absurdum

511 1478 559 1527 si
617 1476 954 1544 spiritalibus
1008 1478 1273 1546 spiritalia
1334 1491 1730 1547 proponentes,
1777 1483 2089 1536 secretioris

510 1582 603 1620 eos
644 1566 1015 1635 intelligentia:
1038 1568 1402 1629 mmulatores,
1423 1570 1755 1637 cupidosque
1780 1570 2087 1625 reddamus.

575 1656 629 1709 5.
674 1657 801 1711 Post
837 1660 949 1711 hmc
982 1658 1210 1712 historia
1253 1657 1509 1720 refertur,
1548 1670 1600 1713 et
1634 1661 1947 1715 narratione
1991 1662 2089 1715 Ini-

2199 482 2275 522 est
2300 469 2397 522 sub
2418 479 2657 538 peccato.
2679 469 2904 532 Idcirco,
2925 470 3115 534 credo,
3130 485 3254 525 cum
3278 474 3603 531 confidentia
3627 478 3778 533 dice-

2200 561 2590 631 batApostolus
2610 559 2675 624 6',
2693 560 2819 629 quia
2840 578 2859 611 ι
2890 562 3136 630 regnavit
3161 577 3309 619 mors
3335 565 3405 619 ab
3424 566 3594 620 Adam
3616 584 3780 639 usque

2200 654 2263 709 ad
2296 654 2533 724 Moysen.
2561 672 2579 704 ι
2620 652 2867 707 Accessit
2896 652 3039 706 enim
3079 654 3147 707 ad
3182 654 3431 727 Moysen,
3455 668 3510 712 et
3540 675 3643 715 nec
3678 662 3787 731 ipse

2199 744 2456 812 pepercit.
2484 742 2550 796 Et
2570 742 2710 807 ideo,
2739 742 2953 810 Opinor,
2981 743 3197 798 dicebat
3216 746 3289 810 ⁸⁸,
3314 748 3438 816 quia
3456 767 3475 800 ι
3504 761 3795 817 peccatum

2199 835 2443 888 introivit
2475 834 2526 887 in
2563 834 2706 887 hunc
2740 835 3023 896 mundum,
3049 846 3107 888 et
3154 851 3251 903 per
3288 850 3569 907 peccatum
3605 846 3787 907 mors,’

2199 925 2252 977 in
2296 938 2402 992 quo
2430 937 2624 978 onmcs
2663 935 3047 991 peccaverunt.
3073 942 3092 976 ι
3133 927 3199 979 Ει
3238 928 3434 982 iterum
3470 931 3552 985 “:
3586 950 3605 982 ‹
3634 932 3776 987 Con-

2197 1017 2360 1070 clusit
2393 1017 2534 1070 Deus
2566 1030 2755 1070 omnes
2800 1016 2902 1069 sub
2949 1029 3192 1085 peccato,
3241 1030 3301 1073 ut
3332 1023 3580 1078 omnibus
3609 1027 3768 1079 miscv

2197 1117 2399 1161 reatur.
2422 1124 2443 1160 ι
2482 1104 2586 1160 Sed
2619 1106 2820 1175 gratias
2853 1105 3079 1161 Domino
3107 1106 3232 1161 Jesn
3265 1110 3507 1176 Christo,
3542 1115 3635 1182 qui
3678 1130 3773 1169 nos

2199 1193 2450 1247 liberavit
2481 1195 2547 1247 de
2575 1209 2803 1263 corpore
2836 1196 3024 1248 mortis
3050 1197 3223 1265 hujus,
3259 1210 3319 1253 nt
3353 1202 3446 1257 ubi
3480 1202 3783 1259 abundavit"

2196 1295 2500 1355 peccatum,
2551 1285 3019 1352 superabundaret
3061 1288 3221 1355 gratia
3254 1290 3323 1343 ⁸³.
3368 1290 3506 1345 Nam
3557 1295 3773 1368 Moyses

2197 1380 2466 1446 quomodo
2521 1376 2753 1444 aliquem
2815 1375 3051 1429 liberare
3098 1378 3355 1445 potuisset
3400 1396 3432 1434 a
3496 1389 3769 1453 peccatis,

2196 1488 2317 1524 cum
2341 1471 2503 1525 etiam
2533 1470 2631 1537 ipsi
2660 1468 2893 1530 dicatur,
2920 1467 3045 1536 quia
3086 1485 3104 1518 ι
3139 1473 3445 1539 transgressi
3471 1476 3611 1530 estis
3641 1493 3769 1531 ver-

2198 1565 2321 1616 bum
2375 1578 2551 1617 meum
2599 1564 2651 1616 in
2700 1563 2916 1616 deserto
2963 1560 3060 1615 Sin
3088 1600 3104 1627 ,
3146 1570 3202 1613 et
3246 1578 3346 1615 non
3389 1578 3466 1618 me
3504 1569 3761 1625 sancti“-

2197 1657 2361 1710 castis
2385 1657 2437 1709 in
2461 1669 2598 1723 aqua
2622 1667 2806 1707 coram
2834 1653 2959 1705 [iliis
2984 1652 3185 1706 Israel?
3209 1670 3227 1705 ι
3256 1661 3313 1707 ιιι
3333 1656 3652 1711 manifestum
3682 1663 3760 1713 sit

505 1748 713 1809 rabilis,
740 1757 793 1801 et
826 1748 1100 1802 intellectu
1153 1750 1460 1817 magnifica.
1495 1749 1719 1805 Ponitur
1761 1755 1904 1807 enim
1951 1768 2087 1823 quo-
2121 1743 2163 1797 B
2195 1748 2445 1801 omnibus
2466 1745 2609 1815 quod
2636 1745 2723 1800 ille
2748 1745 2941 1801 debeat
2963 1745 3110 1798 solus
3136 1744 3464 1815 requiri,qui
3484 1750 3615 1805 solus
3630 1766 3752 1819 pec-

503 1838 665 1891 modo
713 1837 853 1891 Deus
898 1838 1096 1891 dixerit
1133 1839 1197 1891 ad
1254 1838 1508 1908 Moysen,
1557 1852 1614 1895 ut
1664 1844 1985 1898 ascenderet
2033 1844 2085 1896 in

504 1938 765 1992 montem,
786 1938 840 1981 et
874 1930 995 1982 inde
1024 1944 1146 1983 eum
1170 1932 1562 1999 prospexisset,
1584 1934 1876 1990 etintuitus
1896 1938 2088 1991 fuisset

504 2033 723 2071 omnem
748 2028 946 2072 terram
978 2020 1436 2087 repromissionis,
1464 2022 1537 2075 ibi
1559 2023 1959 2095 defungeretur.
1981 2028 2085 2083 Sed

501 2110 593 2164 ille
649 2111 738 2178 qui
800 2111 975 2179 populi
1026 2127 1209 2164 curam
1270 2115 1441 2181 magis
1487 2132 1647 2185 quam
1694 2118 1777 2172 sui
1835 2131 2084 2188 gereret,

501 2211 624 2255 orat
660 2203 725 2254 ad
767 2201 933 2254 Deum
971 2211 1026 2255 ut
1060 2204 1342 2271 provideat
1378 2207 1647 2261 hominem
1682 2210 1771 2277 qui
1804 2221 1957 2281 regat
1990 2229 2084 2282 po-

502 2295 686 2362 pulum
740 2293 949 2347 Israel:
991 2312 1009 2344 (
1040 2294 1118 2349 Ne
1168 2298 1297 2360 fiat,
1348 2298 1614 2365 inquit",
1665 2316 1934 2372 synagoga
1974 2305 2086 2359 lucc

503 2386 646 2439 sicut
677 2401 808 2440 ovcs
838 2387 1035 2453 quibus
1068 2402 1173 2440 non
1206 2399 1288 2442 est
1326 2400 1564 2458 pastor.»
1590 2390 1725 2445 Vide
1750 2408 1878 2462 ergo
1905 2394 2085 2462 primo

501 2477 743 2529 onmium
778 2479 1049 2545 quomodo
1080 2480 1170 2547 qui
1210 2481 1484 2548 perfectus
1524 2492 1580 2536 et
1614 2484 1804 2539 beatus
1834 2496 1939 2550 est,
1975 2502 2081 2540 non

504 2568 557 2618 in
594 2566 748 2630 valle,
800 2582 898 2620 nec
934 2569 985 2621 in
1018 2568 1200 2637 aliqua
1238 2580 1396 2624 terrte
1431 2571 1677 2641 planitie,
1712 2584 1805 2628 aut
1841 2576 1892 2630 in
1946 2577 2085 2632 colle

502 2660 703 2729 aliquo,
751 2660 840 2714 sed
879 2658 934 2712 in
980 2672 1183 2728 monte,
1228 2662 1277 2715 id
1338 2672 1424 2716 est
1469 2666 1520 2717 in
1560 2665 1670 2718 alto
1704 2674 1757 2719 et
1808 2666 1861 2720 in
1913 2671 2082 2725 arduo

499 2749 807 2817 defungitur
838 2749 972 2802 loco.
1007 2749 1139 2803 Vitre
1172 2767 1402 2821 namque
1433 2754 1547 2823 ejus
1586 2758 1992 2813 consummatio
2027 2768 2083 2814 et

502 2838 763 2909 perfectio
794 2839 1099 2895 habebatur
1137 2841 1193 2896 in
1242 2843 1481 2899 excelso.
1525 2843 1630 2899 Sed
1660 2855 1716 2901 et
1757 2847 1935 2903 oculis
1967 2852 2081 2907 suis

499 2932 747 2986 contueri
785 2932 1009 3001 jubetur
1032 2947 1246 2987 onmem
1285 2943 1484 2990 terram
1525 2939 1987 3009 repromissionis,
2021 2953 2079 2997 et

504 3025 794 3094 diligenter
819 3041 886 3079 ex
935 3024 1193 3079 eminenti
1242 3028 1476 3083 statione
1506 3040 1703 3083 cuncta
1740 3034 2074 3103 perspicere.

502 3116 806 3186 Oportebat
837 3116 981 3170 enim
1027 3131 1295 3170 snn'tmam
1327 3118 1679 3186 perfectionis
1721 3134 2079 3179 consecutura

507 3208 643 3263 nihil
692 3208 1024 3276 inc0gnitnm
1090 3224 1395 3273 remanere,
1443 3210 1536 3264 sed
1590 3221 1911 3268 cunctorum
1958 3231 2081 3284 qua:

503 3301 752 3357 videntur
798 3312 853 3354 et
901 3301 1197 3355 audiuntur
1255 3302 1458 3358 habere
1511 3304 1811 3360 nmitiam:
1855 3306 1925 3360 ob
1977 3307 2078 3362 hoc

502 3394 685 3457 credo,
715 3401 772 3446 ut
805 3391 1045 3447 omnium
1079 3407 1201 3459 quse
1238 3393 1290 3445 in
1330 3408 1494 3451 carne
1536 3397 1765 3465 positus,
1801 3399 2073 3467 corp'orali

501 3485 666 3553 «epit
711 3491 963 3550 aspectu,
1002 3482 1053 3535 in
1099 3481 1294 3550 spiritu
1343 3485 1588 3551 effectus,
1631 3496 1687 3540 et
1720 3489 1866 3541 nuda
1902 3501 2082 3545 mente

501 3575 569 3629 ad
602 3574 872 3627 auditoria
904 3582 960 3627 et
989 3573 1376 3642 discipulatum
1425 3578 1707 3645 sapientiae
1756 3595 2073 3648 properans,

503 3667 764 3723 velociter
788 3682 975 3721 eorum
1006 3666 1245 3722 rationes
1268 3678 1588 3736 assequatnr
1611 3680 1667 3723 et
1696 3686 1910 3728 causas.
1943 3672 2075 3728 Nam

506 3761 638 3830 quid
670 3759 944 3814 videbitur
980 3760 1235 3814 utilitatis
1268 3768 1325 3811 ut
1351 3760 1643 3815 decessuro
1674 3762 1739 3816 de
1774 3765 1994 3830 saeculo,
2025 3777 2080 3820 et

501 3854 666 3908 finem
706 3853 833 3907 vitae
863 3850 1023 3919 hujus
1064 3851 1315 3920 protinus
1340 3861 1627 3921 accepturo
1657 3856 2079 3911 ostenderentur

502 3954 663 4001 terrae
706 3954 762 3999 et
808 3945 929 4000 loca
985 3958 1215 4013 quorum
1275 3957 1375 3999 nec
1426 3945 1666 4001 laborem
1719 3962 2080 4015 perpessurus

497 4051 645 4095 esset
680 4037 815 4109 (14),
847 4052 948 4093 nec
982 4038 1210 4107 gratiam
1246 4039 1637 4107 suscepturus?
1665 4038 1945 4095 Perterret
1989 4058 2075 4098 me

499 4146 631 4185 sane
673 4145 851 4185 sermo
897 4131 987 4199 qui
1039 4131 1305 4199 sequitur,
1347 4141 1406 4187 et
1440 4132 1507 4186 ad
1549 4131 1840 4185 dicendum
1891 4134 2072 4190 reddit

503 4222 747 4275 timidum
785 4238 851 4277 ac
900 4224 1205 4292 trepidum,
1252 4240 1359 4294 quo
1413 4226 1480 4279 de
1525 4239 1721 4293 magno
1762 4224 1853 4279 illo
1895 4226 2076 4297 Moyse

501 4314 703 4368 t'amulo
743 4324 799 4370 et
832 4317 1010 4371 amico
1056 4318 1172 4383 Dei,
1203 4321 1293 4375 cui
1344 4320 1483 4375 facie
1529 4319 1595 4373 ad
1632 4321 1825 4375 faciem
1866 4320 2075 4377 locutus

2192 1849 2370 1894 catum
2412 1852 2516 1891 non
2541 1836 2667 1890 fecit
2685 1875 2700 1899 ,
2742 1851 2839 1891 nec
2871 1838 3125 1890 inventus
3150 1847 3235 1891 est
3262 1837 3417 1892 dolus
3440 1840 3490 1891 in
3512 1854 3601 1894 ore
3622 1842 3749 1908 eius.

2259 1930 2313 1983 4.
2358 1929 2463 1984 Sed
2493 1929 2706 1983 interim
2734 1928 3009 1982 videamus
3035 1928 3238 1997 Moysis
3286 1930 3759 1998 magnificentiam.

2190 2020 2528 2075 Recessnrus
2574 2021 2639 2073 de
2686 2017 2887 2075 smculo
2944 2029 3067 2072 orat
3126 2018 3329 2082 Deum,
3373 2031 3433 2072 ut
3496 2021 3772 2090 provideat

2188 2112 2381 2165 ducem
2424 2109 2643 2177 populo.
2685 2108 2824 2174 Quid
2856 2108 2993 2177 agis,
3020 2123 3052 2162 ο
3095 2107 3343 2179 Moyses?
3372 2109 3627 2178 Nunquid
3678 2111 3770 2165 ﬁlii

2191 2201 2286 2255 tibi
2317 2215 2421 2255 non
2458 2210 2605 2261 sunt,
2629 2198 2857 2253 Gersum
2882 2210 2936 2253 et
2958 2199 3170 2254 Elieler
3207 2200 3357 2272 (15)?
3390 2201 3557 2273 356
3588 2204 3697 2256 Aut
3723 2205 3769 2259 si

2188 2292 2392 2360 aliquid
2422 2292 2486 2345 de
2515 2290 2647 2359 ipsis
2677 2290 2913 2355 dubitas,
2942 2304 3047 2344 non
3074 2300 3204 2344 sunt
3236 2290 3332 2345 filii
3371 2290 3557 2346 fratris
3588 2296 3766 2364 magni

2187 2395 2243 2438 et
2268 2382 2470 2453 egregii
2498 2382 2636 2435 viri?
2674 2381 2957 2448 Quomodo
2995 2395 3101 2434 non
3127 2395 3253 2436 oras
3282 2382 3446 2436 Deum
3486 2398 3586 2452 pro
3615 2386 3767 2454 ipsis,

2188 2483 2246 2529 ut
2268 2490 2365 2531 eos
2406 2473 2702 2529 constituat
2734 2473 2929 2544 populo
2955 2473 3154 2528 duces?
3192 2473 3298 2529 Sed
3329 2475 3557 2539 discant,
3582 2476 3770 2532 Eccle-

2186 2566 2388 2621 siartnn
2418 2564 2690 2633 principes
2714 2578 3056 2619 successores
3081 2565 3186 2619 sibi
3228 2581 3334 2620 non
3364 2582 3480 2628 eos,
3508 2570 3600 2636 qui
3630 2583 3760 2624 con-

2184 2658 2555 2726 sanguinitate
2574 2656 2980 2726 generisjuncti
3008 2666 3156 2725 sunt,
3185 2672 3285 2712 nec
3308 2660 3398 2725 qui
3428 2661 3612 2715 carnis
3636 2676 3767 2730 ραις

2185 2751 2492 2820 pinqnitate
2538 2750 2838 2814 sociantur,
2912 2758 3239 2805 testamento
3298 2750 3547 2820 signare,
3592 2768 3768 2820 neque

2186 2843 2598 2900 hazreditarium
2648 2844 2865 2898 tradere
2915 2841 3175 2898 Ecclesia:
3232 2845 3625 2914 principatum,
3669 2851 3767 2901 sed

2186 2936 2393 2993 referre
2416 2937 2483 2990 ad
2503 2935 2766 3003 judicium
2802 2934 2917 2997 Dei,
2948 2942 3002 2987 et
3032 2949 3137 2987 non
3162 2936 3369 3004 eligere
3399 2937 3575 3000 illum,
3602 2953 3766 3005 quem

2186 3027 2455 3081 humanus
2490 3026 2831 3079 commendat
2874 3020 3119 3087 ati‘ectus,
3157 3026 3251 3079 sed
3297 3026 3386 3079 Dei
3428 3025 3638 3093 judicio
3682 3037 3765 3080 to-

2188 3127 2300 3172 tutn
2340 3118 2409 3172 de
2447 3114 2786 3172 successoris
2824 3115 3093 3171 electione
3125 3116 3470 3184 permittere.
3514 3116 3765 3187 Nunquid

2186 3228 2289 3267 non
2320 3218 2533 3280 poterat
2578 3208 2791 3279 Moyses
2836 3206 3035 3276 eligere
3083 3209 3393 3279 principem
3447 3210 3668 3281 populo,
3709 3223 3768 3266 et

2186 3322 2312 3361 vero
2335 3304 2540 3373 judicio
2565 3303 2790 3373 eligere,
2816 3313 2871 3358 et
2914 3312 3058 3356 recta
3091 3302 3349 3372 iustaque
3373 3305 3671 3365 sententia,
3696 3305 3765 3359 ad

2184 3415 2342 3470 quem
2385 3399 2598 3453 dixerat
2638 3397 2783 3453 Dens
2814 3396 2902 3452 "z
2943 3415 2962 3450 ι
2991 3396 3143 3466 Elige
3184 3403 3527 3466 presbyteros
3571 3398 3767 3467 populo

2184 3509 2321 3562 quos
2365 3500 2418 3544 tu
2454 3490 2569 3560 ipse
2598 3492 2708 3545 scis
2750 3494 3102 3562 presbyteros
3126 3504 3268 3555 esse,
3300 3507 3320 3541 ι
3348 3498 3403 3544 et
3429 3489 3594 3558 elegit
3628 3489 3769 3543 tales

2186 3587 2239 3639 in
2288 3586 2486 3655 quibus
2530 3583 2789 3639 continuo
2841 3582 2932 3637 Dei
2982 3583 3213 3653 spiritus
3265 3581 3670 3650 requiesceret,
3710 3589 3766 3634 et

2186 3679 2579 3747 prophetarent
2605 3676 2832 3732 omnes?
2859 3675 2993 3743 Quis
3037 3689 3171 3743 ergo
3221 3674 3295 3726 ita
3343 3671 3518 3740 potuit
3557 3670 3765 3741 eligere

2184 3770 2484 3838 principem
2513 3770 2719 3838 populi,
2747 3781 2806 3823 ut
2851 3769 3065 3839 Moyses
3104 3764 3355 3835 poterat?
3390 3763 3495 3819 Sed
3525 3763 3628 3818 hoc
3653 3780 3763 3818 non

2188 3861 2338 3923 facit,
2368 3876 2473 3914 non
2501 3860 2674 3929 eligit,
2707 3873 2810 3912 ιιοιι
2858 3860 3044 3913 audet.
3070 3855 3181 3910 Cur
3211 3869 3316 3909 non
3347 3852 3541 3907 audet?
3564 3852 3641 3907 Ne
3667 3868 3766 3921 po-

2185 3952 2349 4007 steris
2416 3951 2856 4021 prmsumptionis
2928 3949 3201 4016 relinquat
3265 3945 3595 4013 exemplum.
3653 3945 3762 4000 Sed

2184 4040 2427 4095 ausculta
2456 4040 2584 4108 quid
2612 4040 2742 4095 dicit
2768 4058 2780 4093 :
2818 4059 2834 4090 ι
2863 4038 3177 4100 Provideat,
3208 4036 3381 4104 inquit
3401 4035 3468 4101 ⁸⁷,
3504 4035 3765 4088 Dominus

2185 4132 2327 4186 Deus
2356 4131 2644 4201 spirituum
2696 4141 2752 4185 et
2789 4131 2965 4185 omnis
3010 4129 3218 4193 carnis,
3273 4124 3548 4179 hominem
3597 4140 3762 4194 super

2183 4239 2511 4297 synagogam
2557 4224 2718 4286 hanc.
2757 4226 2847 4293 qui
2894 4224 3207 4294 egrediatur
3252 4234 3381 4278 ante
3424 4224 3619 4279 faciem
3660 4237 3760 4277 eo-

2186 4335 2325 4383 rum,
2350 4327 2403 4372 et
2429 4317 2519 4385 qui
2558 4315 2911 4385 ingrediatur,
2943 4326 2996 4370 et
3021 4317 3111 4385 qui
3141 4318 3407 4386 producat
3428 4332 3549 4382 eos,
3577 4325 3631 4371 et
3662 4315 3757 4385 qui

498 4416 583 4461 est
608 4407 772 4472 Deus,
803 4426 897 4478 per
924 4426 1085 4480 quem
1119 4414 1271 4483 signa
1300 4424 1354 4469 et
1382 4414 1614 4469 virtutes
1658 4414 1906 4470 mirifica:
1955 4432 2079 4483 per-
2111 4415 2154 4468 D
2188 4409 2428 4464 reducat.
2455 4426 2473 4460 ι
2511 4406 2569 4462 Si
2616 4421 2745 4476 ergo
2790 4414 2972 4461 tantus
3000 4407 3088 4462 ille
3117 4422 3180 4464 ac
3221 4410 3345 4464 talis
3390 4408 3607 4479 Moyses
3648 4422 3756 4462 non

500 4508 721 4567 petrata:
748 4513 895 4564 sunt,
920 4511 1026 4554 tam
1057 4505 1263 4571 gravia,
1294 4513 1397 4558 tam
1422 4504 1721 4571 periculosa
1746 4506 2077 4563 referuntur.

502 4588 639 4655 Quid
668 4590 813 4643 enim
848 4590 897 4645 ei
930 4591 1065 4646 dicit
1107 4594 1281 4647 Deus?
1318 4613 1337 4646 ι
1365 4596 1433 4651 Ει
1477 4599 1783 4664 apponeris,
1817 4599 1988 4666 inquit
2012 4599 2079 4662 “,

504 4683 568 4736 ad
606 4682 858 4752 papulum
892 4692 1040 4736 tuum
1070 4694 1125 4737 et
1156 4692 1233 4753 ιιι,
1269 4686 1409 4739 sicut
1457 4688 1735 4756 appositus
1779 4697 1861 4742 est
1900 4690 2079 4743 Aaron

510 4775 680 4827 frater
704 4783 823 4828 tuus
858 4774 911 4827 in
950 4782 1130 4829 monte
1162 4773 1255 4829 Or.
1286 4794 1305 4828 ι
1343 4776 1409 4830 Et
1438 4777 1600 4845 quasi
1628 4793 1850 4832 causam
1886 4781 2077 4835 mortis

502 4866 720 4933 exponit
741 4866 927 4919 dicens
953 4883 969 4921 :
994 4884 1012 4917 ι
1046 4865 1275 4934 Propter
1300 4867 1441 4936 quod
1459 4869 1783 4937 transgressi
1803 4870 1935 4924 estis
1954 4886 2072 4923 ver-

500 4953 627 5008 bum
658 4970 837 5010 menm
871 4958 923 5011 in
947 4957 1163 5012 deserto
1187 4958 1303 5023 Sin,
1328 4972 1451 5012 cum
1482 4959 1679 5013 resnitit
1706 4974 1977 5030 synagoga
2009 4974 2076 5013 ne

500 5062 587 5100 me
619 5048 1005 5105 sanetiﬂcaret.
1038 5051 1157 5106 Non
1198 5067 1287 5107 me
1327 5052 1706 5107 sanctiticastis
1743 5053 1794 5105 in
1818 5067 1957 5121 aqua
1988 5068 2079 5105 co-

496 5149 616 5193 ram
647 5140 746 5195 eis.
773 5161 791 5194 ι
833 5142 1045 5213 Ergone
1074 5143 1128 5197 in
1152 5145 1308 5214 culpa
1326 5154 1408 5200 est
1432 5145 1593 5199 etiam
1630 5143 1879 5214 Moyses?
1903 5142 2076 5196 Etiam

1242 5283 1283 5313 ⁶¹
1327 5282 1457 5336 ibid.
1500 5281 1585 5344 15,
1634 5281 1718 5334 Id.

1079 5352 1121 5382 ⁸⁷
1161 5349 1324 5407 Νυω.
1357 5367 1528 5417 xxvii,
1573 5352 1658 5415 16,
1696 5353 1771 5406 17.

569 5275 616 5306 ⁶⁶
657 5276 815 5329 Νυιη.
856 5293 1036 5344 xxvtt,
1082 5280 1166 5333 17.

508 5342 553 5375 ⁸⁸
596 5344 758 5402 Num.
796 5364 874 5413 χι,
915 5350 1001 5402 16.

571 5480 682 5550 (Η)
723 5484 887 5543 Μῦς..
946 5504 963 5535 ι
1011 5500 1365 5554 perpessurus
1417 5497 1584 5544 esset.
1617 5508 1634 5540 ι
1694 5486 1851 5542 Libb.
1898 5486 2069 5551 editi,

504 5570 521 5601 ι
557 5566 840 5620 perpessus
869 5565 972 5609 est.
993 5576 1011 5608 ι

573 5623 684 5692 (15)
726 5624 892 5677 Recte
936 5642 1068 5681 mss.
1098 5627 1322 5690 habent,
1369 5646 1386 5678 ι
1412 5627 1642 5681 Gersum
1685 5636 1740 5681 et
1788 5627 2020 5687 Eliczer,
2049 5646 2066 5676 ι

503 5696 642 5746 male
674 5709 803 5746 vero
838 5694 958 5748 libri
989 5707 1146 5748 antea
1185 5698 1347 5763 editi,
1391 5716 1407 5748 ι
1437 5698 1642 5751 Gerson
1681 5707 1733 5751 et
1776 5699 2016 5751 Eleazar.
2046 5714 2066 5747 ι

1808 5280 1853 5311 ⁸³
1894 5279 2120 5341 ῐὶυηι.ν,
2152 5276 2237 5328 14.

1857 5351 1900 5382 ⁸⁸
1941 5350 2014 5403 Ibi
2040 5362 2098 5407 ι..
2135 5347 2221 5408 18,
2267 5346 2354 5410 19,
2377 5347 2467 5399 9.0.

2182 4498 2677 4570 permittitjudicio
2723 4512 2821 4552 suo
2862 4499 2928 4552 de
2966 4498 3219 4568 eligendo
3252 4502 3497 4570 principe
3536 4500 3756 4570 populi,

2181 4594 2247 4647 de
2289 4591 2675 4647 constituendo
2720 4605 3060 4656 successore,
3107 4592 3231 4660 quis
3267 4592 3373 4648 erit
3411 4593 3501 4661 qui
3530 4593 3755 4656 audeat,

2179 4682 2263 4737 vel
2305 4697 2373 4737 ex
2399 4682 2551 4751 plebe
2576 4696 2697 4750 qua:
2724 4698 2867 4752 saepe
2907 4685 3244 4739 clamoribus
3268 4685 3335 4738 ad
3382 4684 3633 4750 gratiam,
3663 4694 3758 4737 aut

2179 4775 2355 4842 pretio
2389 4775 2638 4830 fortassis
2684 4775 2926 4829 excitata
2972 4774 3085 4844 (l6)
3117 4776 3325 4830 moveri
3352 4775 3522 4841 solet,
3562 4775 3646 4828 vel
3686 4790 3755 4827 ex

2186 4867 2318 4935 ipsis
2342 4868 2506 4921 etiam
2532 4868 2907 4922 sacerdotibus
2932 4867 3055 4936 quis
3080 4867 3185 4921 erit
3206 4868 3293 4936 qui
3324 4883 3382 4923 se
3409 4868 3656 4921 idoneum
3686 4870 3753 4919 ad

2184 4960 2285 5014 hoc
2307 4960 2535 5026 judicet,
2562 4960 2664 5015 nisi
2704 4961 2749 5016 si
2780 4961 2867 5015 cui
2897 4962 3098 5028 oranti,
3136 4972 3192 5014 et
3218 4959 3422 5029 petenti
3465 4974 3495 5011 ο
3527 4958 3757 5012 Domino

2185 5050 2490 5105 reveletur?
2534 5051 2689 5105 Sicut
2724 5062 2777 5105 et
2810 5051 2950 5106 Deus
2977 5053 3108 5105 dicit
3135 5053 3200 5106 ad
3243 5050 3459 5120 Moysen
3486 5048 3573 5104 ":
3604 5066 3621 5099 σ
3650 5048 3760 5101 As-

2186 5157 2339 5195 sume
2361 5142 2427 5195 ad
2473 5144 2818 5212 temetipsum
2863 5139 3047 5196 Jesum
3079 5142 3248 5194 lilium
3277 5140 3443 5205 Nave,
3473 5139 3752 5192 hominem

2331 5276 2376 5307 ”
2428 5275 2555 5328 ibid.
2602 5276 2683 5330 12.
2762 5277 2807 5309 ⁸⁸
2843 5278 2997 5331 110111.
3029 5294 3103 5339 XI,
3141 5276 3229 5329 5‘2.
3310 5276 3355 5307 “
3385 5276 3539 5328 Rom.
3570 5291 3622 5337 ν,
3657 5272 3753 5328 20.

2186 5485 2315 5540 Υίόε
2344 5485 2513 5539 Exod.
2544 5500 2602 5549 tt,
2628 5484 2722 5545 ‘22,
2748 5494 2800 5538 et
2832 5484 3001 5538 Exod.
3032 5497 3189 5537 xvttt.
3216 5482 3268 5533 Δ.

2250 5556 2363 5625 (l6)
2405 5554 2559 5617 Mss.,
2590 5545 2612 5607 ι
2641 5567 2733 5607 aut
2772 5554 2948 5621 pretio
2979 5552 3230 5605 fortassis
3256 5550 3547 5625 excitata.»
3581 5545 3751 5602 Libb.

2176 5621 2353 5693 edi‘ti,’
2373 5643 2391 5677 ι
2419 5635 2512 5677 aut
2541 5628 2604 5679 ad
2640 5626 2872 5694 pretium
2905 5625 3137 5678 fortasse
3165 5621 3434 5677 excitatis.
3457 5637 3476 5670 ι
