  <div class='ocr_page' id='page_1' title='image "/cluster/home/n/w/nwhite01/storage/ocr_20150623/12/hvd.32044052796216/378.png"; bbox 0 0 4086 6218; ppageno 0'>
   <div class='ocr_carea' id='block_1_1' title="bbox 370 380 477 439">
    <p class='ocr_par' dir='ltr' id='par_1_1' title="bbox 370 380 477 439">
     <span class='ocr_line' id='line_1_1' title="bbox 370 380 477 439; baseline -0.019 0"><span class='ocrx_word' id='word_1_1' title='bbox 370 380 477 439; x_wconf 69' lang='grc' dir='ltr'>ηδ</span> 
     </span>
    </p>
   </div>
   <div class='ocr_carea' id='block_1_2' title="bbox 372 582 1948 650">
    <p class='ocr_par' dir='ltr' id='par_1_2' title="bbox 372 582 1948 650">
     <span class='ocr_line' id='line_1_2' title="bbox 372 582 1948 650; baseline -0.003 -10"><span class='ocrx_word' id='word_1_2' title='bbox 372 599 564 640; x_wconf 91' lang='lat' dir='ltr'><strong>manus</strong></span> <span class='ocrx_word' id='word_1_3' title='bbox 591 592 711 637; x_wconf 89' lang='lat' dir='ltr'><strong>tuas</strong></span> <span class='ocrx_word' id='word_1_4' title='bbox 740 597 904 650; x_wconf 89' lang='lat' dir='ltr'><strong>super</strong></span> <span class='ocrx_word' id='word_1_5' title='bbox 928 597 1073 648; x_wconf 89' lang='lat' dir='ltr'><strong>eum,</strong></span> <span class='ocrx_word' id='word_1_6' title='bbox 1096 589 1150 635; x_wconf 88' lang='lat' dir='ltr'><strong>et</strong></span> <span class='ocrx_word' id='word_1_7' title='bbox 1173 590 1381 636; x_wconf 91' lang='lat' dir='ltr'><strong>statues</strong></span> <span class='ocrx_word' id='word_1_8' title='bbox 1405 596 1528 636; x_wconf 90' lang='lat' dir='ltr'><strong>eum</strong></span> <span class='ocrx_word' id='word_1_9' title='bbox 1563 597 1749 637; x_wconf 88' lang='lat' dir='ltr'><strong>coram</strong></span> <span class='ocrx_word' id='word_1_10' title='bbox 1793 582 1948 635; x_wconf 87' lang='lat' dir='ltr'><strong>Elea-</strong></span> 
     </span>
    </p>
   </div>
   <div class='ocr_carea' id='block_1_3' title="bbox 373 671 1945 741">
    <p class='ocr_par' dir='ltr' id='par_1_3' title="bbox 373 671 1945 741">
     <span class='ocr_line' id='line_1_3' title="bbox 373 671 1945 741; baseline -0.004 -11"><span class='ocrx_word' id='word_1_11' title='bbox 373 690 502 730; x_wconf 83' lang='lat' dir='ltr'><strong>zaro</strong></span> <span class='ocrx_word' id='word_1_12' title='bbox 542 673 842 733; x_wconf 86' lang='lat' dir='ltr'><strong>sacerdote.</strong></span> <span class='ocrx_word' id='word_1_13' title='bbox 879 682 933 727; x_wconf 91' lang='lat' dir='ltr'><strong>et</strong></span> <span class='ocrx_word' id='word_1_14' title='bbox 973 680 1244 741; x_wconf 63' lang='lat' dir='ltr'><strong>prxcepta</strong></span> <span class='ocrx_word' id='word_1_15' title='bbox 1287 671 1415 725; x_wconf 88' lang='lat' dir='ltr'><strong>dato</strong></span> <span class='ocrx_word' id='word_1_16' title='bbox 1457 673 1505 727; x_wconf 92' lang='lat' dir='ltr'><strong>ei</strong></span> <span class='ocrx_word' id='word_1_17' title='bbox 1553 673 1605 725; x_wconf 92' lang='lat' dir='ltr'><strong>in</strong></span> <span class='ocrx_word' id='word_1_18' title='bbox 1652 682 1945 741; x_wconf 80' lang='lat' dir='ltr'><strong>couSpectu</strong></span> 
     </span>
    </p>
   </div>
   <div class='ocr_carea' id='block_1_4' title="bbox 375 761 1950 837">
    <p class='ocr_par' dir='ltr' id='par_1_4' title="bbox 375 761 1950 837">
     <span class='ocr_line' id='line_1_4' title="bbox 375 761 1950 837; baseline -0.002 -18"><span class='ocrx_word' id='word_1_19' title='bbox 375 766 540 820; x_wconf 88' lang='lat' dir='ltr'><strong>totius</strong></span> <span class='ocrx_word' id='word_1_20' title='bbox 578 778 881 837; x_wconf 79' lang='lat' dir='ltr'><strong>synagogas,</strong></span> <span class='ocrx_word' id='word_1_21' title='bbox 908 773 962 818; x_wconf 90' lang='lat' dir='ltr'><strong>et</strong></span> <span class='ocrx_word' id='word_1_22' title='bbox 988 761 1223 832; x_wconf 84' lang='lat' dir='ltr'><strong>praecipe</strong></span> <span class='ocrx_word' id='word_1_23' title='bbox 1261 762 1325 816; x_wconf 90' lang='lat' dir='ltr'><strong>de</strong></span> <span class='ocrx_word' id='word_1_24' title='bbox 1373 765 1489 829; x_wconf 89' lang='lat' dir='ltr'><strong>ipso</strong></span> <span class='ocrx_word' id='word_1_25' title='bbox 1528 778 1713 817; x_wconf 85' lang='lat' dir='ltr'><strong>coram</strong></span> <span class='ocrx_word' id='word_1_26' title='bbox 1761 763 1864 825; x_wconf 92' lang='lat' dir='ltr'><strong>eis,</strong></span> <span class='ocrx_word' id='word_1_27' title='bbox 1893 771 1950 816; x_wconf 91' lang='lat' dir='ltr'><strong>et</strong></span> 
     </span>
    </p>
   </div>
   <div class='ocr_carea' id='block_1_5' title="bbox 374 852 1943 922">
    <p class='ocr_par' dir='ltr' id='par_1_5' title="bbox 374 852 1943 922">
     <span class='ocr_line' id='line_1_5' title="bbox 374 852 1943 922; baseline -0.003 -10"><span class='ocrx_word' id='word_1_28' title='bbox 374 856 532 912; x_wconf 86' lang='lat' dir='ltr'><strong>dabis</strong></span> <span class='ocrx_word' id='word_1_29' title='bbox 556 856 858 910; x_wconf 73' lang='lat' dir='ltr'><strong>claritatem</strong></span> <span class='ocrx_word' id='word_1_30' title='bbox 898 864 1042 909; x_wconf 91' lang='lat' dir='ltr'><strong>tuam</strong></span> <span class='ocrx_word' id='word_1_31' title='bbox 1069 868 1230 922; x_wconf 81' lang='lat' dir='ltr'><strong>super</strong></span> <span class='ocrx_word' id='word_1_32' title='bbox 1256 852 1429 917; x_wconf 90' lang='lat' dir='ltr'><strong>illum,</strong></span> <span class='ocrx_word' id='word_1_33' title='bbox 1456 862 1515 907; x_wconf 92' lang='lat' dir='ltr'><strong>ut</strong></span> <span class='ocrx_word' id='word_1_34' title='bbox 1540 854 1759 907; x_wconf 89' lang='lat' dir='ltr'><strong>audiant</strong></span> <span class='ocrx_word' id='word_1_35' title='bbox 1793 854 1943 908; x_wconf 92' lang='lat' dir='ltr'><strong>illum</strong></span> 
     </span>
    </p>
   </div>
   <div class='ocr_carea' id='block_1_6' title="bbox 377 945 1948 1021">
    <p class='ocr_par' dir='ltr' id='par_1_6' title="bbox 377 945 1948 1021">
     <span class='ocr_line' id='line_1_6' title="bbox 377 945 1948 1021; baseline 0 -20"><span class='ocrx_word' id='word_1_36' title='bbox 377 948 468 1003; x_wconf 87' lang='lat' dir='ltr'><strong>lilii</strong></span> <span class='ocrx_word' id='word_1_37' title='bbox 501 947 690 1002; x_wconf 82' lang='lat' dir='ltr'><strong>Israel.</strong></span> <span class='ocrx_word' id='word_1_38' title='bbox 720 966 739 1000; x_wconf 71' lang='grc' dir='ltr'><strong><em>ι</em></strong></span> <span class='ocrx_word' id='word_1_39' title='bbox 770 946 939 1000; x_wconf 80' lang='lat' dir='ltr'><strong>Audis</strong></span> <span class='ocrx_word' id='word_1_40' title='bbox 961 946 1241 1021; x_wconf 75' lang='lat' dir='ltr'><strong>evidenter</strong></span> <span class='ocrx_word' id='word_1_41' title='bbox 1264 945 1660 1000; x_wconf 75' lang='lat' dir='ltr'><strong>ordinationem</strong></span> <span class='ocrx_word' id='word_1_42' title='bbox 1686 946 1948 1016; x_wconf 88' lang='lat' dir='ltr'><strong>principis</strong></span> 
     </span>
    </p>
   </div>
   <div class='ocr_carea' id='block_1_7' title="bbox 379 1024 1951 1109">
    <p class='ocr_par' dir='ltr' id='par_1_7' title="bbox 379 1024 1951 1109">
     <span class='ocr_line' id='line_1_7' title="bbox 379 1024 1951 1109; baseline 0 -18"><span class='ocrx_word' id='word_1_43' title='bbox 379 1039 558 1109; x_wconf 87' lang='lat' dir='ltr'><strong>populi</strong></span> <span class='ocrx_word' id='word_1_44' title='bbox 599 1049 708 1093; x_wconf 89' lang='lat' dir='ltr'><strong>tam</strong></span> <span class='ocrx_word' id='word_1_45' title='bbox 744 1024 1427 1105; x_wconf 75' lang='lat' dir='ltr'><strong>manifestedescriptam,</strong></span> <span class='ocrx_word' id='word_1_46' title='bbox 1465 1047 1523 1089; x_wconf 93' lang='lat' dir='ltr'><strong>ttt</strong></span> <span class='ocrx_word' id='word_1_47' title='bbox 1563 1052 1701 1107; x_wconf 89' lang='lat' dir='ltr'><strong>pene</strong></span> <span class='ocrx_word' id='word_1_48' title='bbox 1740 1038 1951 1108; x_wconf 82' lang='lat' dir='ltr'><strong>exposi-</strong></span> 
     </span>
    </p>
   </div>
   <div class='ocr_carea' id='block_1_8' title="bbox 378 1126 1947 1198">
    <p class='ocr_par' dir='ltr' id='par_1_8' title="bbox 378 1126 1947 1198">
     <span class='ocr_line' id='line_1_8' title="bbox 378 1126 1947 1198; baseline 0.002 -19"><span class='ocrx_word' id='word_1_49' title='bbox 378 1128 523 1182; x_wconf 91' lang='lat' dir='ltr'><strong>tione</strong></span> <span class='ocrx_word' id='word_1_50' title='bbox 550 1143 655 1182; x_wconf 92' lang='lat' dir='ltr'><strong>non</strong></span> <span class='ocrx_word' id='word_1_51' title='bbox 686 1136 863 1198; x_wconf 91' lang='lat' dir='ltr'><strong>egeat.</strong></span> <span class='ocrx_word' id='word_1_52' title='bbox 891 1127 1043 1181; x_wconf 88' lang='lat' dir='ltr'><strong>Nulla</strong></span> <span class='ocrx_word' id='word_1_53' title='bbox 1073 1126 1164 1181; x_wconf 91' lang='lat' dir='ltr'><strong>hic</strong></span> <span class='ocrx_word' id='word_1_54' title='bbox 1188 1127 1369 1196; x_wconf 88' lang='lat' dir='ltr'><strong>p0puli</strong></span> <span class='ocrx_word' id='word_1_55' title='bbox 1408 1128 1758 1191; x_wconf 71' lang='lat' dir='ltr'><strong>acclamatio,</strong></span> <span class='ocrx_word' id='word_1_56' title='bbox 1804 1128 1947 1183; x_wconf 89' lang='lat' dir='ltr'><strong>nulla</strong></span> 
     </span>
    </p>
   </div>
   <div class='ocr_carea' id='block_1_9' title="bbox 377 1219 1949 1292">
    <p class='ocr_par' dir='ltr' id='par_1_9' title="bbox 377 1219 1949 1292">
     <span class='ocr_line' id='line_1_9' title="bbox 377 1219 1949 1292; baseline 0.002 -20"><span class='ocrx_word' id='word_1_57' title='bbox 377 1220 873 1288; x_wconf 74' lang='lat' dir='ltr'><strong>consanguinitatis</strong></span> <span class='ocrx_word' id='word_1_58' title='bbox 901 1220 1063 1286; x_wconf 83' lang='lat' dir='ltr'><strong>ratio,</strong></span> <span class='ocrx_word' id='word_1_59' title='bbox 1106 1219 1250 1273; x_wconf 89' lang='lat' dir='ltr'><strong>nulla</strong></span> <span class='ocrx_word' id='word_1_60' title='bbox 1297 1222 1718 1292; x_wconf 89' lang='lat' dir='ltr'><strong>propinquitatis</strong></span> <span class='ocrx_word' id='word_1_61' title='bbox 1762 1221 1949 1276; x_wconf 85' lang='lat' dir='ltr'><strong>habita</strong></span> 
     </span>
    </p>
   </div>
   <div class='ocr_carea' id='block_1_10' title="bbox 377 1310 1953 1384">
    <p class='ocr_par' dir='ltr' id='par_1_10' title="bbox 377 1310 1953 1384">
     <span class='ocr_line' id='line_1_10' title="bbox 377 1310 1953 1384; baseline 0.003 -21"><span class='ocrx_word' id='word_1_62' title='bbox 377 1312 764 1379; x_wconf 83' lang='lat' dir='ltr'><strong>contemplatio</strong></span> <span class='ocrx_word' id='word_1_63' title='bbox 801 1320 903 1365; x_wconf 88' lang='lat' dir='ltr'><strong>est.</strong></span> <span class='ocrx_word' id='word_1_64' title='bbox 949 1310 1281 1381; x_wconf 88' lang='lat' dir='ltr'><strong>Propiuquis</strong></span> <span class='ocrx_word' id='word_1_65' title='bbox 1326 1328 1582 1382; x_wconf 84' lang='lat' dir='ltr'><strong>agrorum</strong></span> <span class='ocrx_word' id='word_1_66' title='bbox 1628 1323 1683 1369; x_wconf 88' lang='lat' dir='ltr'><strong>ct</strong></span> <span class='ocrx_word' id='word_1_67' title='bbox 1726 1314 1953 1384; x_wconf 76' lang='lat' dir='ltr'><strong>praedio-</strong></span> 
     </span>
    </p>
   </div>
   <div class='ocr_carea' id='block_1_11' title="bbox 378 1401 1948 1474">
    <p class='ocr_par' dir='ltr' id='par_1_11' title="bbox 378 1401 1948 1474">
     <span class='ocr_line' id='line_1_11' title="bbox 378 1401 1948 1474; baseline 0.004 -21"><span class='ocrx_word' id='word_1_68' title='bbox 378 1416 495 1454; x_wconf 88' lang='lat' dir='ltr'><strong>rum</strong></span> <span class='ocrx_word' id='word_1_69' title='bbox 542 1401 883 1471; x_wconf 87' lang='lat' dir='ltr'><strong>relinquatur</strong></span> <span class='ocrx_word' id='word_1_70' title='bbox 926 1402 1257 1458; x_wconf 65' lang='lat' dir='ltr'><strong>hereditas:</strong></span> <span class='ocrx_word' id='word_1_71' title='bbox 1288 1406 1609 1474; x_wconf 81' lang='lat' dir='ltr'><strong>gubernatio</strong></span> <span class='ocrx_word' id='word_1_72' title='bbox 1655 1405 1835 1474; x_wconf 81' lang='lat' dir='ltr'><strong>pOpuli</strong></span> <span class='ocrx_word' id='word_1_73' title='bbox 1872 1405 1948 1459; x_wconf 93' lang='lat' dir='ltr'><strong>illi</strong></span> 
     </span>
    </p>
   </div>
   <div class='ocr_carea' id='block_1_12' title="bbox 379 1493 1948 1564">
    <p class='ocr_par' dir='ltr' id='par_1_12' title="bbox 379 1493 1948 1564">
     <span class='ocr_line' id='line_1_12' title="bbox 379 1493 1948 1564; baseline 0.002 -18"><span class='ocrx_word' id='word_1_74' title='bbox 379 1493 651 1557; x_wconf 91' lang='lat' dir='ltr'><strong>tradatttr,</strong></span> <span class='ocrx_word' id='word_1_75' title='bbox 677 1508 840 1564; x_wconf 88' lang='lat' dir='ltr'><strong>quem</strong></span> <span class='ocrx_word' id='word_1_76' title='bbox 870 1494 1010 1548; x_wconf 84' lang='lat' dir='ltr'><strong>Deus</strong></span> <span class='ocrx_word' id='word_1_77' title='bbox 1037 1494 1262 1562; x_wconf 80' lang='lat' dir='ltr'><strong>elegerit</strong></span> <span class='ocrx_word' id='word_1_78' title='bbox 1290 1513 1303 1548; x_wconf 94' lang='lat'><strong>:</strong></span> <span class='ocrx_word' id='word_1_79' title='bbox 1336 1496 1539 1550; x_wconf 87' lang='lat' dir='ltr'><strong>homini</strong></span> <span class='ocrx_word' id='word_1_80' title='bbox 1570 1495 1781 1551; x_wconf 89' lang='lat' dir='ltr'><strong>scilicet</strong></span> <span class='ocrx_word' id='word_1_81' title='bbox 1826 1496 1948 1561; x_wconf 88' lang='lat' dir='ltr'><strong>tali,</strong></span> 
     </span>
    </p>
   </div>
   <div class='ocr_carea' id='block_1_13' title="bbox 376 1586 1952 1655">
    <p class='ocr_par' dir='ltr' id='par_1_13' title="bbox 376 1586 1952 1655">
     <span class='ocr_line' id='line_1_13' title="bbox 376 1586 1952 1655; baseline 0.004 -20"><span class='ocrx_word' id='word_1_82' title='bbox 376 1588 466 1652; x_wconf 89' lang='lat' dir='ltr'><strong>qui</strong></span> <span class='ocrx_word' id='word_1_83' title='bbox 511 1586 697 1650; x_wconf 81' lang='lat' dir='ltr'><strong>habet,</strong></span> <span class='ocrx_word' id='word_1_84' title='bbox 749 1586 894 1641; x_wconf 88' lang='lat' dir='ltr'><strong>sicut</strong></span> <span class='ocrx_word' id='word_1_85' title='bbox 940 1586 1201 1655; x_wconf 88' lang='lat' dir='ltr'><strong>scriptum</strong></span> <span class='ocrx_word' id='word_1_86' title='bbox 1248 1589 1509 1653; x_wconf 85' lang='lat' dir='ltr'><strong>audistis,</strong></span> <span class='ocrx_word' id='word_1_87' title='bbox 1556 1589 1609 1642; x_wconf 90' lang='lat' dir='ltr'><strong>in</strong></span> <span class='ocrx_word' id='word_1_88' title='bbox 1654 1588 1952 1654; x_wconf 86' lang='lat' dir='ltr'><strong>semetipso</strong></span> 
     </span>
    </p>
   </div>
   <div class='ocr_carea' id='block_1_14' title="bbox 375 1674 1953 1746">
    <p class='ocr_par' dir='ltr' id='par_1_14' title="bbox 375 1674 1953 1746">
     <span class='ocr_line' id='line_1_14' title="bbox 375 1674 1953 1746; baseline 0 -16"><span class='ocrx_word' id='word_1_89' title='bbox 375 1674 643 1743; x_wconf 82' lang='lat' dir='ltr'><strong>Spiritum</strong></span> <span class='ocrx_word' id='word_1_90' title='bbox 694 1676 789 1729; x_wconf 86' lang='lat' dir='ltr'><strong>Dei</strong></span> <span class='ocrx_word' id='word_1_91' title='bbox 842 1684 899 1729; x_wconf 90' lang='lat' dir='ltr'><strong>et</strong></span> <span class='ocrx_word' id='word_1_92' title='bbox 946 1684 1216 1745; x_wconf 69' lang='lat' dir='ltr'><strong>praecepta</strong></span> <span class='ocrx_word' id='word_1_93' title='bbox 1262 1675 1355 1730; x_wconf 91' lang='lat' dir='ltr'><strong>Dei</strong></span> <span class='ocrx_word' id='word_1_94' title='bbox 1407 1678 1459 1731; x_wconf 93' lang='lat' dir='ltr'><strong>in</strong></span> <span class='ocrx_word' id='word_1_95' title='bbox 1493 1686 1785 1746; x_wconf 87' lang='lat' dir='ltr'><strong>conspectu</strong></span> <span class='ocrx_word' id='word_1_96' title='bbox 1834 1676 1953 1742; x_wconf 88' lang='lat' dir='ltr'><strong>ejus</strong></span> 
     </span>
    </p>
   </div>
   <div class='ocr_carea' id='block_1_15' title="bbox 375 1768 1949 1839">
    <p class='ocr_par' dir='ltr' id='par_1_15' title="bbox 375 1768 1949 1839">
     <span class='ocr_line' id='line_1_15' title="bbox 375 1768 1949 1839; baseline -0.003 -13"><span class='ocrx_word' id='word_1_97' title='bbox 375 1780 517 1837; x_wconf 90' lang='lat' dir='ltr'><strong>sunt,</strong></span> <span class='ocrx_word' id='word_1_98' title='bbox 544 1782 598 1825; x_wconf 87' lang='lat' dir='ltr'><strong>et</strong></span> <span class='ocrx_word' id='word_1_99' title='bbox 633 1771 725 1839; x_wconf 92' lang='lat' dir='ltr'><strong>qui</strong></span> <span class='ocrx_word' id='word_1_100' title='bbox 764 1768 934 1836; x_wconf 77' lang='lat' dir='ltr'><strong>Moysi</strong></span> <span class='ocrx_word' id='word_1_101' title='bbox 964 1768 1119 1821; x_wconf 88' lang='lat' dir='ltr'><strong>valde</strong></span> <span class='ocrx_word' id='word_1_102' title='bbox 1159 1777 1321 1823; x_wconf 90' lang='lat' dir='ltr'><strong>notus</strong></span> <span class='ocrx_word' id='word_1_103' title='bbox 1360 1777 1416 1822; x_wconf 91' lang='lat' dir='ltr'><strong>et</strong></span> <span class='ocrx_word' id='word_1_104' title='bbox 1449 1768 1734 1823; x_wconf 88' lang='lat' dir='ltr'><strong>lamiliaris</strong></span> <span class='ocrx_word' id='word_1_105' title='bbox 1774 1769 1865 1834; x_wconf 89' lang='lat' dir='ltr'><strong>sit,</strong></span> <span class='ocrx_word' id='word_1_106' title='bbox 1898 1768 1949 1822; x_wconf 92' lang='lat' dir='ltr'><strong>id</strong></span> 
     </span>
    </p>
   </div>
   <div class='ocr_carea' id='block_1_16' title="bbox 1540 371 2506 430">
    <p class='ocr_par' dir='ltr' id='par_1_16' title="bbox 1540 371 2506 430">
     <span class='ocr_line' id='line_1_16' title="bbox 1540 371 2506 430; baseline 0.001 -3"><span class='ocrx_word' id='word_1_107' title='bbox 1540 373 1603 427; x_wconf 92' lang='lat' dir='ltr'><strong>IN</strong></span> <span class='ocrx_word' id='word_1_108' title='bbox 1640 371 1971 430; x_wconf 80' lang='lat' dir='ltr'><strong>NUMEBOS</strong></span> <span class='ocrx_word' id='word_1_109' title='bbox 2004 373 2287 430; x_wconf 71' lang='lat' dir='ltr'>IIOMIIJA</span> <span class='ocrx_word' id='word_1_110' title='bbox 2318 373 2506 428; x_wconf 73' lang='lat' dir='ltr'>XXIII.</span> 
     </span>
    </p>
   </div>
   <div class='ocr_carea' id='block_1_17' title="bbox 370 488 2023 563">
    <p class='ocr_par' dir='ltr' id='par_1_17' title="bbox 370 488 2023 563">
     <span class='ocr_line' id='line_1_17' title="bbox 370 488 2023 563; baseline 0 -17"><span class='ocrx_word' id='word_1_111' title='bbox 370 492 463 563; x_wconf 79' lang='lat' dir='ltr'><strong>qui</strong></span> <span class='ocrx_word' id='word_1_112' title='bbox 508 490 671 545; x_wconf 84' lang='lat' dir='ltr'><strong>habet</strong></span> <span class='ocrx_word' id='word_1_113' title='bbox 722 489 987 559; x_wconf 86' lang='lat' dir='ltr'><strong>Spiritum</strong></span> <span class='ocrx_word' id='word_1_114' title='bbox 1035 488 1129 545; x_wconf 90' lang='lat' dir='ltr'><strong>Dei</strong></span> <span class='ocrx_word' id='word_1_115' title='bbox 1173 489 1225 543; x_wconf 94' lang='lat' dir='ltr'><strong>in</strong></span> <span class='ocrx_word' id='word_1_116' title='bbox 1272 488 1587 559; x_wconf 88' lang='lat' dir='ltr'><strong>semetipso,</strong></span> <span class='ocrx_word' id='word_1_117' title='bbox 1616 500 1671 544; x_wconf 90' lang='lat' dir='ltr'><strong>et</strong></span> <span class='ocrx_word' id='word_1_118' title='bbox 1705 492 1949 560; x_wconf 89' lang='lat' dir='ltr'><strong>impones</strong></span> <span class='ocrx_word' id='word_1_119' title='bbox 1978 497 2023 551; x_wconf 75' lang='grc' dir='ltr'><strong>Α</strong></span> 
     </span>
    </p>
   </div>
   <div class='ocr_carea' id='block_1_18' title="bbox 3519 371 3621 430">
    <p class='ocr_par' dir='ltr' id='par_1_18' title="bbox 3519 371 3621 430">
     <span class='ocr_line' id='line_1_18' title="bbox 3519 371 3621 430; baseline 0.059 -6"><span class='ocrx_word' id='word_1_120' title='bbox 3519 371 3621 430; x_wconf 64' lang='grc'><strong>746</strong></span> 
     </span>
    </p>
   </div>
   <div class='ocr_carea' id='block_1_19' title="bbox 2588 484 3088 542">
    <p class='ocr_par' dir='ltr' id='par_1_19' title="bbox 2588 484 3088 542">
     <span class='ocr_line' id='line_1_19' title="bbox 2588 484 3088 542; baseline -0.006 0"><span class='ocrx_word' id='word_1_121' title='bbox 2588 484 2862 542; x_wconf 71' lang='lat' dir='ltr'>HOMILIA</span> <span class='ocrx_word' id='word_1_122' title='bbox 2905 485 3088 542; x_wconf 81' lang='lat' dir='ltr'>XXIII.</span> 
     </span>
    </p>
   </div>
   <div class='ocr_carea' id='block_1_20' title="bbox 2053 578 3618 648">
    <p class='ocr_par' dir='ltr' id='par_1_20' title="bbox 2053 578 3618 648">
     <span class='ocr_line' id='line_1_20' title="bbox 2053 578 3618 648; baseline 0.003 -15"><span class='ocrx_word' id='word_1_123' title='bbox 2053 581 2129 635; x_wconf 82' lang='lat' dir='ltr'><strong>De</strong></span> <span class='ocrx_word' id='word_1_124' title='bbox 2175 594 2234 635; x_wconf 81' lang='lat' dir='ltr'><strong>eo</strong></span> <span class='ocrx_word' id='word_1_125' title='bbox 2283 581 2422 648; x_wconf 81' lang='lat' dir='ltr'><strong>quod</strong></span> <span class='ocrx_word' id='word_1_126' title='bbox 2470 580 2723 645; x_wconf 79' lang='lat' dir='ltr'><strong>scriptum</strong></span> <span class='ocrx_word' id='word_1_127' title='bbox 2773 589 2847 632; x_wconf 84' lang='lat' dir='ltr'><strong>est</strong></span> <span class='ocrx_word' id='word_1_128' title='bbox 2889 595 2907 632; x_wconf 93' lang='lat'><strong><em>:</em></strong></span> <span class='ocrx_word' id='word_1_129' title='bbox 2951 597 2969 629; x_wconf 85' lang='grc'><strong>‹</strong></span> <span class='ocrx_word' id='word_1_130' title='bbox 3014 578 3234 631; x_wconf 80' lang='lat' dir='ltr'><strong>Munera</strong></span> <span class='ocrx_word' id='word_1_131' title='bbox 3287 595 3443 645; x_wconf 85' lang='lat' dir='ltr'><strong>mea,</strong></span> <span class='ocrx_word' id='word_1_132' title='bbox 3490 582 3618 640; x_wconf 83' lang='lat' dir='ltr'><strong>data</strong></span> 
     </span>
    </p>
   </div>
   <div class='ocr_carea' id='block_1_21' title="bbox 2279 649 3425 717">
    <p class='ocr_par' dir='ltr' id='par_1_21' title="bbox 2279 649 3425 717">
     <span class='ocr_line' id='line_1_21' title="bbox 2279 649 3425 717; baseline 0 -15"><span class='ocrx_word' id='word_1_133' title='bbox 2279 667 2391 704; x_wconf 80' lang='lat' dir='ltr'><strong>mea</strong></span> <span class='ocrx_word' id='word_1_134' title='bbox 2415 649 2484 712; x_wconf 71' lang='grc'><strong>⁷³,</strong></span> <span class='ocrx_word' id='word_1_135' title='bbox 2510 668 2528 701; x_wconf 75' lang='grc' dir='ltr'><strong><em>ι</em></strong></span> <span class='ocrx_word' id='word_1_136' title='bbox 2559 661 2605 704; x_wconf 78' lang='lat' dir='ltr'><strong>et</strong></span> <span class='ocrx_word' id='word_1_137' title='bbox 2634 649 2697 701; x_wconf 89' lang='lat' dir='ltr'><strong>de</strong></span> <span class='ocrx_word' id='word_1_138' title='bbox 2725 649 3027 703; x_wconf 75' lang='lat' dir='ltr'><strong>diversitate</strong></span> <span class='ocrx_word' id='word_1_139' title='bbox 3058 649 3425 717; x_wconf 73' lang='lat' dir='ltr'><strong>festivitatum.</strong></span> 
     </span>
    </p>
   </div>
   <div class='ocr_carea' id='block_1_22' title="bbox 2123 762 3621 826">
    <p class='ocr_par' dir='ltr' id='par_1_22' title="bbox 2123 762 3621 826">
     <span class='ocr_line' id='line_1_22' title="bbox 2123 762 3621 826; baseline 0.003 -10"><span class='ocrx_word' id='word_1_140' title='bbox 2123 764 2176 818; x_wconf 82' lang='grc'><strong>1.</strong></span> <span class='ocrx_word' id='word_1_141' title='bbox 2217 762 2272 816; x_wconf 91' lang='lat' dir='ltr'><strong>Si</strong></span> <span class='ocrx_word' id='word_1_142' title='bbox 2318 762 2629 815; x_wconf 76' lang='lat' dir='ltr'><strong>observatio</strong></span> <span class='ocrx_word' id='word_1_143' title='bbox 2678 762 3112 826; x_wconf 88' lang='lat' dir='ltr'><strong>sacriﬁciorum,</strong></span> <span class='ocrx_word' id='word_1_144' title='bbox 3159 772 3213 815; x_wconf 91' lang='lat' dir='ltr'><strong>et</strong></span> <span class='ocrx_word' id='word_1_145' title='bbox 3262 763 3507 818; x_wconf 86' lang='lat' dir='ltr'><strong>instituta</strong></span> <span class='ocrx_word' id='word_1_146' title='bbox 3540 766 3621 821; x_wconf 88' lang='lat' dir='ltr'><strong>le-</strong></span> 
     </span>
    </p>
   </div>
   <div class='ocr_carea' id='block_1_23' title="bbox 2050 854 3623 928">
    <p class='ocr_par' dir='ltr' id='par_1_23' title="bbox 2050 854 3623 928">
     <span class='ocr_line' id='line_1_23' title="bbox 2050 854 3623 928; baseline 0.001 -17"><span class='ocrx_word' id='word_1_147' title='bbox 2050 856 2211 928; x_wconf 86' lang='lat' dir='ltr'><strong>galia,</strong></span> <span class='ocrx_word' id='word_1_148' title='bbox 2247 870 2367 924; x_wconf 63' lang='lat' dir='ltr'><strong>quae</strong></span> <span class='ocrx_word' id='word_1_149' title='bbox 2398 855 2450 908; x_wconf 91' lang='lat' dir='ltr'><strong>itt</strong></span> <span class='ocrx_word' id='word_1_150' title='bbox 2490 866 2611 926; x_wconf 91' lang='lat' dir='ltr'><strong>typo</strong></span> <span class='ocrx_word' id='word_1_151' title='bbox 2648 856 2766 910; x_wconf 83' lang='lat' dir='ltr'><strong>data</strong></span> <span class='ocrx_word' id='word_1_152' title='bbox 2814 864 2941 909; x_wconf 88' lang='lat' dir='ltr'><strong>sunt</strong></span> <span class='ocrx_word' id='word_1_153' title='bbox 2982 855 3179 923; x_wconf 87' lang='lat' dir='ltr'><strong>populo</strong></span> <span class='ocrx_word' id='word_1_154' title='bbox 3215 854 3405 920; x_wconf 81' lang='lat' dir='ltr'><strong>Israel,</strong></span> <span class='ocrx_word' id='word_1_155' title='bbox 3450 873 3623 927; x_wconf 88' lang='lat' dir='ltr'><strong>usque</strong></span> 
     </span>
    </p>
   </div>
   <div class='ocr_carea' id='block_1_24' title="bbox 2051 946 3625 1017">
    <p class='ocr_par' dir='ltr' id='par_1_24' title="bbox 2051 946 3625 1017">
     <span class='ocr_line' id='line_1_24' title="bbox 2051 946 3625 1017; baseline 0.002 -15"><span class='ocrx_word' id='word_1_156' title='bbox 2051 950 2115 1002; x_wconf 90' lang='lat' dir='ltr'><strong>ad</strong></span> <span class='ocrx_word' id='word_1_157' title='bbox 2148 961 2391 1017; x_wconf 64' lang='lat' dir='ltr'><strong>praesens</strong></span> <span class='ocrx_word' id='word_1_158' title='bbox 2435 955 2647 1016; x_wconf 86' lang='lat' dir='ltr'><strong>tempus</strong></span> <span class='ocrx_word' id='word_1_159' title='bbox 2679 959 2831 1003; x_wconf 87' lang='lat' dir='ltr'><strong>stare</strong></span> <span class='ocrx_word' id='word_1_160' title='bbox 2876 946 3210 1015; x_wconf 91' lang='lat' dir='ltr'><strong>potuissent,</strong></span> <span class='ocrx_word' id='word_1_161' title='bbox 3259 949 3625 1005; x_wconf 85' lang='lat' dir='ltr'><strong>exclusissent</strong></span> 
     </span>
    </p>
   </div>
   <div class='ocr_carea' id='block_1_25' title="bbox 2052 1036 3621 1106">
    <p class='ocr_par' dir='ltr' id='par_1_25' title="bbox 2052 1036 3621 1106">
     <span class='ocr_line' id='line_1_25' title="bbox 2052 1036 3621 1106; baseline 0.001 -14"><span class='ocrx_word' id='word_1_162' title='bbox 2052 1038 2171 1093; x_wconf 91' lang='lat' dir='ltr'><strong>sine</strong></span> <span class='ocrx_word' id='word_1_163' title='bbox 2206 1037 2371 1090; x_wconf 91' lang='lat' dir='ltr'><strong>dubio</strong></span> <span class='ocrx_word' id='word_1_164' title='bbox 2417 1036 2691 1106; x_wconf 82' lang='lat' dir='ltr'><strong>Evangelii</strong></span> <span class='ocrx_word' id='word_1_165' title='bbox 2740 1037 2896 1089; x_wconf 79' lang='lat' dir='ltr'><strong>Iidem</strong></span> <span class='ocrx_word' id='word_1_166' title='bbox 2946 1050 3043 1102; x_wconf 83' lang='lat' dir='ltr'><strong>per</strong></span> <span class='ocrx_word' id='word_1_167' title='bbox 3081 1044 3253 1103; x_wconf 88' lang='lat' dir='ltr'><strong>quam</strong></span> <span class='ocrx_word' id='word_1_168' title='bbox 3279 1051 3347 1090; x_wconf 78' lang='lat' dir='ltr'><strong>ex</strong></span> <span class='ocrx_word' id='word_1_169' title='bbox 3387 1040 3621 1094; x_wconf 87' lang='lat' dir='ltr'><strong>adventu</strong></span> 
     </span>
    </p>
   </div>
   <div class='ocr_carea' id='block_1_26' title="bbox 2056 1128 3622 1196">
    <p class='ocr_par' dir='ltr' id='par_1_26' title="bbox 2056 1128 3622 1196">
     <span class='ocr_line' id='line_1_26' title="bbox 2056 1128 3622 1196; baseline 0.001 -12"><span class='ocrx_word' id='word_1_170' title='bbox 2056 1131 2264 1184; x_wconf 87' lang='lat' dir='ltr'><strong>Domini</strong></span> <span class='ocrx_word' id='word_1_171' title='bbox 2297 1129 2467 1183; x_wconf 89' lang='lat' dir='ltr'><strong>nostri</strong></span> <span class='ocrx_word' id='word_1_172' title='bbox 2505 1128 2631 1183; x_wconf 85' lang='lat' dir='ltr'><strong>Jesu</strong></span> <span class='ocrx_word' id='word_1_173' title='bbox 2669 1128 2871 1183; x_wconf 85' lang='lat' dir='ltr'><strong>Christi</strong></span> <span class='ocrx_word' id='word_1_174' title='bbox 2919 1136 3107 1196; x_wconf 79' lang='lat' dir='ltr'><strong>gentes</strong></span> <span class='ocrx_word' id='word_1_175' title='bbox 3133 1140 3529 1185; x_wconf 86' lang='lat' dir='ltr'><strong>convertuntur</strong></span> <span class='ocrx_word' id='word_1_176' title='bbox 3557 1134 3622 1185; x_wconf 89' lang='lat' dir='ltr'><strong>ad</strong></span> 
     </span>
    </p>
   </div>
   <div class='ocr_carea' id='block_1_27' title="bbox 2052 1219 3620 1289">
    <p class='ocr_par' dir='ltr' id='par_1_27' title="bbox 2052 1219 3620 1289">
     <span class='ocr_line' id='line_1_27' title="bbox 2052 1219 3620 1289; baseline 0.001 -16"><span class='ocrx_word' id='word_1_177' title='bbox 2052 1221 2244 1275; x_wconf 88' lang='lat' dir='ltr'><strong>Deum.</strong></span> <span class='ocrx_word' id='word_1_178' title='bbox 2271 1220 2399 1273; x_wconf 85' lang='lat' dir='ltr'><strong>Erat</strong></span> <span class='ocrx_word' id='word_1_179' title='bbox 2426 1220 2568 1274; x_wconf 88' lang='lat' dir='ltr'><strong>enim</strong></span> <span class='ocrx_word' id='word_1_180' title='bbox 2609 1220 2659 1273; x_wconf 92' lang='lat' dir='ltr'><strong>in</strong></span> <span class='ocrx_word' id='word_1_181' title='bbox 2696 1220 2802 1273; x_wconf 90' lang='lat' dir='ltr'><strong>illis</strong></span> <span class='ocrx_word' id='word_1_182' title='bbox 2828 1235 2951 1289; x_wconf 63' lang='lat' dir='ltr'><strong>qum</strong></span> <span class='ocrx_word' id='word_1_183' title='bbox 3000 1227 3127 1272; x_wconf 90' lang='lat' dir='ltr'><strong>tunc</strong></span> <span class='ocrx_word' id='word_1_184' title='bbox 3165 1219 3620 1287; x_wconf 87' lang='lat' dir='ltr'><strong>ohservabantur,</strong></span> 
     </span>
    </p>
   </div>
   <div class='ocr_carea' id='block_1_28' title="bbox 2053 1309 3626 1380">
    <p class='ocr_par' dir='ltr' id='par_1_28' title="bbox 2053 1309 3626 1380">
     <span class='ocr_line' id='line_1_28' title="bbox 2053 1309 3626 1380; baseline -0.001 -14"><span class='ocrx_word' id='word_1_185' title='bbox 2053 1310 2336 1380; x_wconf 82' lang='lat' dir='ltr'><strong>magniﬁca</strong></span> <span class='ocrx_word' id='word_1_186' title='bbox 2365 1309 2636 1378; x_wconf 58' lang='lat' dir='ltr'><strong>quaedam,</strong></span> <span class='ocrx_word' id='word_1_187' title='bbox 2678 1319 2731 1363; x_wconf 92' lang='lat' dir='ltr'><strong>et</strong></span> <span class='ocrx_word' id='word_1_188' title='bbox 2764 1311 2930 1363; x_wconf 89' lang='lat' dir='ltr'><strong>totius</strong></span> <span class='ocrx_word' id='word_1_189' title='bbox 2970 1311 3293 1363; x_wconf 52' lang='lat' dir='ltr'><strong>reverentia</strong></span> <span class='ocrx_word' id='word_1_190' title='bbox 3331 1310 3488 1377; x_wconf 89' lang='lat' dir='ltr'><strong>plena</strong></span> <span class='ocrx_word' id='word_1_191' title='bbox 3538 1327 3626 1366; x_wconf 74' lang='lat' dir='ltr'><strong>re~</strong></span> 
     </span>
    </p>
   </div>
   <div class='ocr_carea' id='block_1_29' title="bbox 2055 1399 3629 1472">
    <p class='ocr_par' dir='ltr' id='par_1_29' title="bbox 2055 1399 3629 1472">
     <span class='ocr_line' id='line_1_29' title="bbox 2055 1399 3629 1472; baseline -0.001 -16"><span class='ocrx_word' id='word_1_192' title='bbox 2055 1402 2202 1472; x_wconf 80' lang='lat' dir='ltr'><strong>ligio,</strong></span> <span class='ocrx_word' id='word_1_193' title='bbox 2246 1415 2367 1471; x_wconf 72' lang='lat' dir='ltr'><strong>qua:</strong></span> <span class='ocrx_word' id='word_1_194' title='bbox 2393 1416 2459 1454; x_wconf 81' lang='lat' dir='ltr'><strong>ex</strong></span> <span class='ocrx_word' id='word_1_195' title='bbox 2492 1400 2610 1469; x_wconf 88' lang='lat' dir='ltr'><strong>ipso</strong></span> <span class='ocrx_word' id='word_1_196' title='bbox 2645 1399 2805 1454; x_wconf 89' lang='lat' dir='ltr'><strong>etiam</strong></span> <span class='ocrx_word' id='word_1_197' title='bbox 2839 1400 3015 1470; x_wconf 90' lang='lat' dir='ltr'><strong>primo</strong></span> <span class='ocrx_word' id='word_1_198' title='bbox 3044 1412 3267 1470; x_wconf 87' lang='lat' dir='ltr'><strong>aspectu</strong></span> <span class='ocrx_word' id='word_1_199' title='bbox 3312 1402 3629 1471; x_wconf 67' lang='lat' dir='ltr'><strong>obstupefa-</strong></span> 
     </span>
    </p>
   </div>
   <div class='ocr_carea' id='block_1_30' title="bbox 2054 1493 3629 1565">
    <p class='ocr_par' dir='ltr' id='par_1_30' title="bbox 2054 1493 3629 1565">
     <span class='ocr_line' id='line_1_30' title="bbox 2054 1493 3629 1565; baseline 0 -15"><span class='ocrx_word' id='word_1_200' title='bbox 2054 1505 2207 1551; x_wconf 88' lang='lat' dir='ltr'><strong>ceret</strong></span> <span class='ocrx_word' id='word_1_201' title='bbox 2244 1497 2530 1549; x_wconf 88' lang='lat' dir='ltr'><strong>intuetttes.</strong></span> <span class='ocrx_word' id='word_1_202' title='bbox 2564 1493 2697 1560; x_wconf 85' lang='lat' dir='ltr'><strong>Quis</strong></span> <span class='ocrx_word' id='word_1_203' title='bbox 2728 1495 2870 1548; x_wconf 85' lang='lat' dir='ltr'><strong>enim</strong></span> <span class='ocrx_word' id='word_1_204' title='bbox 2918 1495 3106 1549; x_wconf 84' lang='lat' dir='ltr'><strong>videns</strong></span> <span class='ocrx_word' id='word_1_205' title='bbox 3153 1495 3311 1560; x_wconf 90' lang='lat' dir='ltr'><strong>illud,</strong></span> <span class='ocrx_word' id='word_1_206' title='bbox 3352 1497 3494 1565; x_wconf 86' lang='lat' dir='ltr'><strong>quod</strong></span> <span class='ocrx_word' id='word_1_207' title='bbox 3531 1514 3629 1565; x_wconf 80' lang='lat' dir='ltr'><strong>ap-</strong></span> 
     </span>
    </p>
   </div>
   <div class='ocr_carea' id='block_1_31' title="bbox 2055 1587 3629 1655">
    <p class='ocr_par' dir='ltr' id='par_1_31' title="bbox 2055 1587 3629 1655">
     <span class='ocr_line' id='line_1_31' title="bbox 2055 1587 3629 1655; baseline 0.003 -15"><span class='ocrx_word' id='word_1_208' title='bbox 2055 1587 2356 1655; x_wconf 85' lang='lat' dir='ltr'><strong>pellabatur</strong></span> <span class='ocrx_word' id='word_1_209' title='bbox 2426 1588 2800 1642; x_wconf 88' lang='lat' dir='ltr'><strong>sanctuarium</strong></span> <span class='ocrx_word' id='word_1_210' title='bbox 2830 1587 2946 1641; x_wconf 84' lang='lat' dir='ltr'><strong>sive</strong></span> <span class='ocrx_word' id='word_1_211' title='bbox 2973 1589 3301 1654; x_wconf 88' lang='lat' dir='ltr'><strong>sacrarium,</strong></span> <span class='ocrx_word' id='word_1_212' title='bbox 3331 1592 3384 1642; x_wconf 85' lang='lat' dir='ltr'><strong>et</strong></span> <span class='ocrx_word' id='word_1_213' title='bbox 3413 1590 3629 1645; x_wconf 88' lang='lat' dir='ltr'><strong>intuens</strong></span> 
     </span>
    </p>
   </div>
   <div class='ocr_carea' id='block_1_32' title="bbox 2054 1678 3629 1742">
    <p class='ocr_par' dir='ltr' id='par_1_32' title="bbox 2054 1678 3629 1742">
     <span class='ocr_line' id='line_1_32' title="bbox 2054 1678 3629 1742; baseline 0.001 -10"><span class='ocrx_word' id='word_1_214' title='bbox 2054 1679 2245 1742; x_wconf 90' lang='lat' dir='ltr'><strong>altare,</strong></span> <span class='ocrx_word' id='word_1_215' title='bbox 2274 1683 2511 1732; x_wconf 67' lang='lat' dir='ltr'><strong>astantes</strong></span> <span class='ocrx_word' id='word_1_216' title='bbox 2537 1678 2699 1732; x_wconf 89' lang='lat' dir='ltr'><strong>etiam</strong></span> <span class='ocrx_word' id='word_1_217' title='bbox 2730 1679 3046 1734; x_wconf 79' lang='lat' dir='ltr'><strong>sacerdotes</strong></span> <span class='ocrx_word' id='word_1_218' title='bbox 3072 1680 3342 1735; x_wconf 87' lang='lat' dir='ltr'><strong>sacriﬁcia</strong></span> <span class='ocrx_word' id='word_1_219' title='bbox 3372 1695 3629 1735; x_wconf 87' lang='lat' dir='ltr'><strong>consum-</strong></span> 
     </span>
    </p>
   </div>
   <div class='ocr_carea' id='block_1_33' title="bbox 2055 1771 3628 1841">
    <p class='ocr_par' dir='ltr' id='par_1_33' title="bbox 2055 1771 3628 1841">
     <span class='ocr_line' id='line_1_33' title="bbox 2055 1771 3628 1841; baseline 0.004 -20"><span class='ocrx_word' id='word_1_220' title='bbox 2055 1779 2286 1833; x_wconf 90' lang='lat' dir='ltr'><strong>mantes,</strong></span> <span class='ocrx_word' id='word_1_221' title='bbox 2312 1784 2636 1839; x_wconf 89' lang='lat' dir='ltr'><strong>omnemque</strong></span> <span class='ocrx_word' id='word_1_222' title='bbox 2676 1771 2923 1825; x_wconf 87' lang='lat' dir='ltr'><strong>ordinem</strong></span> <span class='ocrx_word' id='word_1_223' title='bbox 2957 1786 3071 1839; x_wconf 86' lang='lat' dir='ltr'><strong>quo</strong></span> <span class='ocrx_word' id='word_1_224' title='bbox 3098 1774 3299 1826; x_wconf 79' lang='lat' dir='ltr'><strong>cuncta</strong></span> <span class='ocrx_word' id='word_1_225' title='bbox 3336 1772 3427 1825; x_wconf 86' lang='lat' dir='ltr'><strong>illa</strong></span> <span class='ocrx_word' id='word_1_226' title='bbox 3471 1786 3628 1841; x_wconf 88' lang='lat' dir='ltr'><strong>gere-</strong></span> 
     </span>
    </p>
   </div>
   <div class='ocr_carea' id='block_1_34' title="bbox 373 1848 3628 1930">
    <p class='ocr_par' dir='ltr' id='par_1_34' title="bbox 373 1848 3628 1930">
     <span class='ocr_line' id='line_1_34' title="bbox 373 1848 3628 1930; baseline 0.001 -17"><span class='ocrx_word' id='word_1_227' title='bbox 373 1870 479 1923; x_wconf 89' lang='lat' dir='ltr'><strong>est,</strong></span> <span class='ocrx_word' id='word_1_228' title='bbox 514 1860 566 1912; x_wconf 91' lang='lat' dir='ltr'><strong>in</strong></span> <span class='ocrx_word' id='word_1_229' title='bbox 607 1872 715 1926; x_wconf 93' lang='lat' dir='ltr'><strong>quo</strong></span> <span class='ocrx_word' id='word_1_230' title='bbox 741 1858 811 1912; x_wconf 90' lang='lat' dir='ltr'><strong>sit</strong></span> <span class='ocrx_word' id='word_1_231' title='bbox 846 1857 1066 1911; x_wconf 91' lang='lat' dir='ltr'><strong>claritas</strong></span> <span class='ocrx_word' id='word_1_232' title='bbox 1098 1855 1231 1927; x_wconf 89' lang='lat' dir='ltr'><strong>legis</strong></span> <span class='ocrx_word' id='word_1_233' title='bbox 1258 1867 1313 1911; x_wconf 91' lang='lat' dir='ltr'><strong>et</strong></span> <span class='ocrx_word' id='word_1_234' title='bbox 1356 1858 1608 1926; x_wconf 89' lang='lat' dir='ltr'><strong>scientia,</strong></span> <span class='ocrx_word' id='word_1_235' title='bbox 1652 1867 1709 1912; x_wconf 89' lang='lat' dir='ltr'><strong>ut</strong></span> <span class='ocrx_word' id='word_1_236' title='bbox 1739 1857 1949 1926; x_wconf 89' lang='lat' dir='ltr'><strong>possint</strong></span> <span class='ocrx_word' id='word_1_237' title='bbox 1980 1848 2023 1904; x_wconf 83' lang='grc' dir='ltr'><strong>Β</strong></span> <span class='ocrx_word' id='word_1_238' title='bbox 2052 1859 2251 1914; x_wconf 88' lang='lat' dir='ltr'><strong>bantur</strong></span> <span class='ocrx_word' id='word_1_239' title='bbox 2267 1859 2677 1928; x_wconf 89' lang='lat' dir='ltr'><strong>aspiciens,non</strong></span> <span class='ocrx_word' id='word_1_240' title='bbox 2705 1868 2917 1929; x_wconf 84' lang='lat' dir='ltr'><strong>putaret</strong></span> <span class='ocrx_word' id='word_1_241' title='bbox 2940 1859 3316 1930; x_wconf 89' lang='lat' dir='ltr'><strong>plenissimum</strong></span> <span class='ocrx_word' id='word_1_242' title='bbox 3343 1862 3484 1916; x_wconf 89' lang='lat' dir='ltr'><strong>hunc</strong></span> <span class='ocrx_word' id='word_1_243' title='bbox 3509 1860 3628 1918; x_wconf 85' lang='lat' dir='ltr'><strong>esse</strong></span> 
     </span>
    </p>
   </div>
   <div class='ocr_carea' id='block_1_35' title="bbox 376 1947 1951 2021">
    <p class='ocr_par' dir='ltr' id='par_1_35' title="bbox 376 1947 1951 2021">
     <span class='ocr_line' id='line_1_35' title="bbox 376 1947 1951 2021; baseline 0.001 -18"><span class='ocrx_word' id='word_1_244' title='bbox 376 1965 499 2003; x_wconf 87' lang='lat' dir='ltr'><strong>eum</strong></span> <span class='ocrx_word' id='word_1_245' title='bbox 540 1950 730 2001; x_wconf 85' lang='lat' dir='ltr'><strong>audire</strong></span> <span class='ocrx_word' id='word_1_246' title='bbox 765 1947 858 2001; x_wconf 88' lang='lat' dir='ltr'><strong>ﬁlii</strong></span> <span class='ocrx_word' id='word_1_247' title='bbox 903 1948 1087 2002; x_wconf 89' lang='lat' dir='ltr'><strong>Israel.</strong></span> <span class='ocrx_word' id='word_1_248' title='bbox 1133 1947 1331 2002; x_wconf 83' lang='lat' dir='ltr'><strong>Verum</strong></span> <span class='ocrx_word' id='word_1_249' title='bbox 1372 1948 1625 2016; x_wconf 90' lang='lat' dir='ltr'><strong>quoniam</strong></span> <span class='ocrx_word' id='word_1_250' title='bbox 1671 1947 1951 2021; x_wconf 84' lang='lat' dir='ltr'><strong>mysteriis</strong></span> 
     </span>
    </p>
   </div>
   <div class='ocr_carea' id='block_1_36' title="bbox 379 2040 1951 2110">
    <p class='ocr_par' dir='ltr' id='par_1_36' title="bbox 379 2040 1951 2110">
     <span class='ocr_line' id='line_1_36' title="bbox 379 2040 1951 2110; baseline 0.003 -17"><span class='ocrx_word' id='word_1_251' title='bbox 379 2048 576 2093; x_wconf 89' lang='lat' dir='ltr'><strong>cuncta</strong></span> <span class='ocrx_word' id='word_1_252' title='bbox 609 2040 806 2094; x_wconf 77' lang='lat' dir='ltr'><strong>referta</strong></span> <span class='ocrx_word' id='word_1_253' title='bbox 847 2050 995 2104; x_wconf 89' lang='lat' dir='ltr'><strong>sunt,</strong></span> <span class='ocrx_word' id='word_1_254' title='bbox 1020 2057 1123 2094; x_wconf 89' lang='lat' dir='ltr'><strong>non</strong></span> <span class='ocrx_word' id='word_1_255' title='bbox 1155 2056 1439 2110; x_wconf 89' lang='lat' dir='ltr'><strong>possumus</strong></span> <span class='ocrx_word' id='word_1_256' title='bbox 1474 2054 1595 2109; x_wconf 82' lang='lat' dir='ltr'><strong>quae</strong></span> <span class='ocrx_word' id='word_1_257' title='bbox 1623 2040 1951 2109; x_wconf 81' lang='lat' dir='ltr'><strong>pretiosiora</strong></span> 
     </span>
    </p>
   </div>
   <div class='ocr_carea' id='block_1_37' title="bbox 378 2131 1953 2201">
    <p class='ocr_par' dir='ltr' id='par_1_37' title="bbox 378 2131 1953 2201">
     <span class='ocr_line' id='line_1_37' title="bbox 378 2131 1953 2201; baseline 0.002 -16"><span class='ocrx_word' id='word_1_258' title='bbox 378 2140 503 2185; x_wconf 89' lang='lat' dir='ltr'><strong>sunt</strong></span> <span class='ocrx_word' id='word_1_259' title='bbox 558 2131 839 2197; x_wconf 88' lang='lat' dir='ltr'><strong>omittere,</strong></span> <span class='ocrx_word' id='word_1_260' title='bbox 892 2132 1099 2186; x_wconf 88' lang='lat' dir='ltr'><strong>etiamsi</strong></span> <span class='ocrx_word' id='word_1_261' title='bbox 1156 2133 1270 2186; x_wconf 67' lang='lat' dir='ltr'><strong>lucc</strong></span> <span class='ocrx_word' id='word_1_262' title='bbox 1323 2147 1444 2201; x_wconf 69' lang='lat' dir='ltr'><strong>qua:</strong></span> <span class='ocrx_word' id='word_1_263' title='bbox 1505 2133 1800 2187; x_wconf 86' lang='lat' dir='ltr'><strong>secundum</strong></span> <span class='ocrx_word' id='word_1_264' title='bbox 1861 2132 1953 2188; x_wconf 84' lang='lat' dir='ltr'><strong>lit-</strong></span> 
     </span>
    </p>
   </div>
   <div class='ocr_carea' id='block_1_38' title="bbox 381 2223 1948 2287">
    <p class='ocr_par' dir='ltr' id='par_1_38' title="bbox 381 2223 1948 2287">
     <span class='ocr_line' id='line_1_38' title="bbox 381 2223 1948 2287; baseline 0.004 -12"><span class='ocrx_word' id='word_1_265' title='bbox 381 2230 552 2276; x_wconf 82' lang='lat' dir='ltr'><strong>teram</strong></span> <span class='ocrx_word' id='word_1_266' title='bbox 591 2223 939 2287; x_wconf 85' lang='lat' dir='ltr'><strong>mandantur,</strong></span> <span class='ocrx_word' id='word_1_267' title='bbox 992 2223 1297 2277; x_wconf 85' lang='lat' dir='ltr'><strong>necessaria</strong></span> <span class='ocrx_word' id='word_1_268' title='bbox 1348 2223 1636 2278; x_wconf 88' lang='lat' dir='ltr'><strong>videantur</strong></span> <span class='ocrx_word' id='word_1_269' title='bbox 1675 2235 1730 2279; x_wconf 90' lang='lat' dir='ltr'><strong>et</strong></span> <span class='ocrx_word' id='word_1_270' title='bbox 1770 2226 1948 2282; x_wconf 85' lang='lat' dir='ltr'><strong>utilia.</strong></span> 
     </span>
    </p>
   </div>
   <div class='ocr_carea' id='block_1_39' title="bbox 377 2311 1953 2382">
    <p class='ocr_par' dir='ltr' id='par_1_39' title="bbox 377 2311 1953 2382">
     <span class='ocr_line' id='line_1_39' title="bbox 377 2311 1953 2382; baseline 0.003 -16"><span class='ocrx_word' id='word_1_271' title='bbox 377 2311 795 2367; x_wconf 84' lang='lat' dir='ltr'><strong>Consideretuus</strong></span> <span class='ocrx_word' id='word_1_272' title='bbox 821 2327 949 2381; x_wconf 87' lang='lat' dir='ltr'><strong>ergo</strong></span> <span class='ocrx_word' id='word_1_273' title='bbox 974 2328 1092 2380; x_wconf 67' lang='lat' dir='ltr'><strong>qua:</strong></span> <span class='ocrx_word' id='word_1_274' title='bbox 1127 2313 1197 2367; x_wconf 90' lang='lat' dir='ltr'><strong>sit</strong></span> <span class='ocrx_word' id='word_1_275' title='bbox 1224 2312 1424 2382; x_wconf 83' lang='lat' dir='ltr'><strong>Moysis</strong></span> <span class='ocrx_word' id='word_1_276' title='bbox 1468 2329 1636 2379; x_wconf 91' lang='lat' dir='ltr'><strong>mors,</strong></span> <span class='ocrx_word' id='word_1_277' title='bbox 1666 2315 1790 2369; x_wconf 89' lang='lat' dir='ltr'><strong>ﬁnis</strong></span> <span class='ocrx_word' id='word_1_278' title='bbox 1835 2316 1953 2371; x_wconf 89' lang='lat' dir='ltr'><strong>sine</strong></span> 
     </span>
    </p>
   </div>
   <div class='ocr_carea' id='block_1_40' title="bbox 377 2403 1949 2474">
    <p class='ocr_par' dir='ltr' id='par_1_40' title="bbox 377 2403 1949 2474">
     <span class='ocr_line' id='line_1_40' title="bbox 377 2403 1949 2474; baseline 0.003 -17"><span class='ocrx_word' id='word_1_279' title='bbox 377 2405 543 2459; x_wconf 92' lang='lat' dir='ltr'><strong>dubio</strong></span> <span class='ocrx_word' id='word_1_280' title='bbox 576 2404 710 2473; x_wconf 83' lang='lat' dir='ltr'><strong>legis</strong></span> <span class='ocrx_word' id='word_1_281' title='bbox 739 2425 750 2459; x_wconf 87' lang='lat'><strong>:</strong></span> <span class='ocrx_word' id='word_1_282' title='bbox 777 2405 869 2458; x_wconf 89' lang='lat' dir='ltr'><strong>sed</strong></span> <span class='ocrx_word' id='word_1_283' title='bbox 897 2405 1029 2474; x_wconf 91' lang='lat' dir='ltr'><strong>legis</strong></span> <span class='ocrx_word' id='word_1_284' title='bbox 1064 2403 1206 2459; x_wconf 88' lang='lat' dir='ltr'><strong>illius</strong></span> <span class='ocrx_word' id='word_1_285' title='bbox 1233 2421 1350 2474; x_wconf 84' lang='lat' dir='ltr'><strong>quae</strong></span> <span class='ocrx_word' id='word_1_286' title='bbox 1383 2407 1678 2460; x_wconf 90' lang='lat' dir='ltr'><strong>secundum</strong></span> <span class='ocrx_word' id='word_1_287' title='bbox 1716 2407 1949 2462; x_wconf 90' lang='lat' dir='ltr'><strong>litteram</strong></span> 
     </span>
    </p>
   </div>
   <div class='ocr_carea' id='block_1_41' title="bbox 376 2495 1948 2567">
    <p class='ocr_par' dir='ltr' id='par_1_41' title="bbox 376 2495 1948 2567">
     <span class='ocr_line' id='line_1_41' title="bbox 376 2495 1948 2567; baseline 0.003 -17"><span class='ocrx_word' id='word_1_288' title='bbox 376 2498 596 2551; x_wconf 86' lang='lat' dir='ltr'><strong>dicitur.</strong></span> <span class='ocrx_word' id='word_1_289' title='bbox 638 2497 769 2564; x_wconf 85' lang='lat' dir='ltr'><strong>Quis</strong></span> <span class='ocrx_word' id='word_1_290' title='bbox 813 2506 994 2551; x_wconf 87' lang='lat' dir='ltr'><strong>autem</strong></span> <span class='ocrx_word' id='word_1_291' title='bbox 1042 2495 1159 2567; x_wconf 85' lang='lat' dir='ltr'><strong>ejus</strong></span> <span class='ocrx_word' id='word_1_292' title='bbox 1203 2497 1327 2551; x_wconf 90' lang='lat' dir='ltr'><strong>linis</strong></span> <span class='ocrx_word' id='word_1_293' title='bbox 1369 2498 1488 2552; x_wconf 90' lang='lat' dir='ltr'><strong>est?</strong></span> <span class='ocrx_word' id='word_1_294' title='bbox 1547 2497 1948 2554; x_wconf 89' lang='lat' dir='ltr'><strong>Sacriﬁciorum</strong></span> 
     </span>
    </p>
   </div>
   <div class='ocr_carea' id='block_1_42' title="bbox 374 2587 1949 2659">
    <p class='ocr_par' dir='ltr' id='par_1_42' title="bbox 374 2587 1949 2659">
     <span class='ocr_line' id='line_1_42' title="bbox 374 2587 1949 2659; baseline 0.004 -18"><span class='ocrx_word' id='word_1_295' title='bbox 374 2587 585 2641; x_wconf 90' lang='lat' dir='ltr'><strong>scilicet</strong></span> <span class='ocrx_word' id='word_1_296' title='bbox 630 2588 975 2657; x_wconf 90' lang='lat' dir='ltr'><strong>iuterruptio,</strong></span> <span class='ocrx_word' id='word_1_297' title='bbox 1005 2598 1061 2642; x_wconf 95' lang='lat' dir='ltr'><strong>et</strong></span> <span class='ocrx_word' id='word_1_298' title='bbox 1107 2597 1430 2642; x_wconf 80' lang='lat' dir='ltr'><strong>caeterorum</strong></span> <span class='ocrx_word' id='word_1_299' title='bbox 1484 2605 1603 2659; x_wconf 74' lang='lat' dir='ltr'><strong>qua:</strong></span> <span class='ocrx_word' id='word_1_300' title='bbox 1647 2590 1809 2644; x_wconf 89' lang='lat' dir='ltr'><strong>simili</strong></span> <span class='ocrx_word' id='word_1_301' title='bbox 1848 2591 1949 2647; x_wconf 87' lang='lat' dir='ltr'><strong>ob-</strong></span> 
     </span>
    </p>
   </div>
   <div class='ocr_carea' id='block_1_43' title="bbox 377 2677 1946 2751">
    <p class='ocr_par' dir='ltr' id='par_1_43' title="bbox 377 2677 1946 2751">
     <span class='ocr_line' id='line_1_43' title="bbox 377 2677 1946 2751; baseline 0.005 -20"><span class='ocrx_word' id='word_1_302' title='bbox 377 2677 651 2733; x_wconf 80' lang='lat' dir='ltr'><strong>servantia</strong></span> <span class='ocrx_word' id='word_1_303' title='bbox 684 2679 1012 2733; x_wconf 86' lang='lat' dir='ltr'><strong>mandantur</strong></span> <span class='ocrx_word' id='word_1_304' title='bbox 1038 2678 1090 2732; x_wconf 91' lang='lat' dir='ltr'><strong>in</strong></span> <span class='ocrx_word' id='word_1_305' title='bbox 1135 2678 1273 2747; x_wconf 89' lang='lat' dir='ltr'><strong>lege.</strong></span> <span class='ocrx_word' id='word_1_306' title='bbox 1314 2680 1439 2734; x_wconf 59' lang='lat' dir='ltr'><strong>Haec</strong></span> <span class='ocrx_word' id='word_1_307' title='bbox 1481 2696 1609 2751; x_wconf 84' lang='lat' dir='ltr'><strong>ergo</strong></span> <span class='ocrx_word' id='word_1_308' title='bbox 1649 2683 1737 2737; x_wconf 94' lang='lat' dir='ltr'><strong>ttbi</strong></span> <span class='ocrx_word' id='word_1_309' title='bbox 1785 2683 1946 2739; x_wconf 88' lang='lat' dir='ltr'><strong>ﬁnem</strong></span> 
     </span>
    </p>
   </div>
   <div class='ocr_carea' id='block_1_44' title="bbox 377 2769 1946 2841">
    <p class='ocr_par' dir='ltr' id='par_1_44' title="bbox 377 2769 1946 2841">
     <span class='ocr_line' id='line_1_44' title="bbox 377 2769 1946 2841; baseline 0.005 -18"><span class='ocrx_word' id='word_1_310' title='bbox 377 2769 668 2840; x_wconf 87' lang='lat' dir='ltr'><strong>accipiunt.</strong></span> <span class='ocrx_word' id='word_1_311' title='bbox 698 2769 857 2824; x_wconf 78' lang='lat' dir='ltr'><strong>Jesus</strong></span> <span class='ocrx_word' id='word_1_312' title='bbox 884 2770 1111 2841; x_wconf 90' lang='lat' dir='ltr'><strong>suscipit</strong></span> <span class='ocrx_word' id='word_1_313' title='bbox 1136 2771 1499 2841; x_wconf 91' lang='lat' dir='ltr'><strong>principatum</strong></span> <span class='ocrx_word' id='word_1_314' title='bbox 1528 2791 1541 2827; x_wconf 90' lang='lat'><strong>:</strong></span> <span class='ocrx_word' id='word_1_315' title='bbox 1581 2792 1599 2824; x_wconf 77' lang='grc' dir='ltr'>ι</span> <span class='ocrx_word' id='word_1_316' title='bbox 1628 2775 1778 2829; x_wconf 89' lang='lat' dir='ltr'><strong>Finis</strong></span> <span class='ocrx_word' id='word_1_317' title='bbox 1802 2778 1946 2831; x_wconf 89' lang='lat' dir='ltr'><strong>enim</strong></span> 
     </span>
    </p>
   </div>
   <div class='ocr_carea' id='block_1_45' title="bbox 375 2858 1951 2929">
    <p class='ocr_par' dir='ltr' id='par_1_45' title="bbox 375 2858 1951 2929">
     <span class='ocr_line' id='line_1_45' title="bbox 375 2858 1951 2929; baseline 0.005 -17"><span class='ocrx_word' id='word_1_318' title='bbox 375 2858 512 2929; x_wconf 81' lang='lat' dir='ltr'><strong>legis</strong></span> <span class='ocrx_word' id='word_1_319' title='bbox 557 2858 807 2914; x_wconf 88' lang='lat' dir='ltr'><strong>Christus</strong></span> <span class='ocrx_word' id='word_1_320' title='bbox 853 2860 920 2915; x_wconf 89' lang='lat' dir='ltr'><strong>ad</strong></span> <span class='ocrx_word' id='word_1_321' title='bbox 953 2860 1223 2929; x_wconf 63' lang='lat' dir='ltr'><strong>justitiam</strong></span> <span class='ocrx_word' id='word_1_322' title='bbox 1264 2862 1410 2915; x_wconf 90' lang='lat' dir='ltr'><strong>omni</strong></span> <span class='ocrx_word' id='word_1_323' title='bbox 1458 2863 1788 2919; x_wconf 72' lang='lat' dir='ltr'><strong>credenti“.</strong></span> <span class='ocrx_word' id='word_1_324' title='bbox 1818 2883 1839 2916; x_wconf 84' lang='grc'><em>›</em></span> <span class='ocrx_word' id='word_1_325' title='bbox 1884 2865 1951 2920; x_wconf 87' lang='lat' dir='ltr'><strong>Et</strong></span> 
     </span>
    </p>
   </div>
   <div class='ocr_carea' id='block_1_46' title="bbox 376 2949 1950 3027">
    <p class='ocr_par' dir='ltr' id='par_1_46' title="bbox 376 2949 1950 3027">
     <span class='ocr_line' id='line_1_46' title="bbox 376 2949 1950 3027; baseline 0.005 -23"><span class='ocrx_word' id='word_1_326' title='bbox 376 2950 518 3004; x_wconf 85' lang='lat' dir='ltr'><strong>sicut</strong></span> <span class='ocrx_word' id='word_1_327' title='bbox 539 2951 605 3004; x_wconf 90' lang='lat' dir='ltr'><strong>de</strong></span> <span class='ocrx_word' id='word_1_328' title='bbox 624 2949 898 3020; x_wconf 90' lang='lat' dir='ltr'><strong>prioribus</strong></span> <span class='ocrx_word' id='word_1_329' title='bbox 922 2951 1124 3005; x_wconf 87' lang='lat' dir='ltr'><strong>dictum</strong></span> <span class='ocrx_word' id='word_1_330' title='bbox 1152 2959 1253 3017; x_wconf 88' lang='lat' dir='ltr'><strong>est,</strong></span> <span class='ocrx_word' id='word_1_331' title='bbox 1278 2953 1403 3022; x_wconf 87' lang='lat' dir='ltr'><strong>quia</strong></span> <span class='ocrx_word' id='word_1_332' title='bbox 1429 2971 1449 3003; x_wconf 72' lang='grc' dir='ltr'>ι</span> <span class='ocrx_word' id='word_1_333' title='bbox 1469 2969 1659 3010; x_wconf 88' lang='lat' dir='ltr'><strong>omnes</strong></span> <span class='ocrx_word' id='word_1_334' title='bbox 1685 2956 1737 3009; x_wconf 92' lang='lat' dir='ltr'><strong>in</strong></span> <span class='ocrx_word' id='word_1_335' title='bbox 1765 2956 1950 3027; x_wconf 84' lang='lat' dir='ltr'><strong>Moyse</strong></span> 
     </span>
    </p>
   </div>
   <div class='ocr_carea' id='block_1_47' title="bbox 378 3042 1947 3113">
    <p class='ocr_par' dir='ltr' id='par_1_47' title="bbox 378 3042 1947 3113">
     <span class='ocr_line' id='line_1_47' title="bbox 378 3042 1947 3113; baseline 0.006 -18"><span class='ocrx_word' id='word_1_336' title='bbox 378 3042 633 3113; x_wconf 83' lang='lat' dir='ltr'><strong>haptlzati</strong></span> <span class='ocrx_word' id='word_1_337' title='bbox 669 3052 795 3099; x_wconf 88' lang='lat' dir='ltr'><strong>sunt</strong></span> <span class='ocrx_word' id='word_1_338' title='bbox 820 3044 874 3099; x_wconf 93' lang='lat' dir='ltr'><strong>in</strong></span> <span class='ocrx_word' id='word_1_339' title='bbox 901 3043 1043 3099; x_wconf 91' lang='lat' dir='ltr'><strong>nube</strong></span> <span class='ocrx_word' id='word_1_340' title='bbox 1073 3053 1128 3099; x_wconf 93' lang='lat' dir='ltr'><strong>et</strong></span> <span class='ocrx_word' id='word_1_341' title='bbox 1158 3045 1211 3098; x_wconf 88' lang='lat' dir='ltr'><strong>itt</strong></span> <span class='ocrx_word' id='word_1_342' title='bbox 1248 3048 1381 3100; x_wconf 88' lang='lat' dir='ltr'><strong>mari</strong></span> <span class='ocrx_word' id='word_1_343' title='bbox 1408 3047 1485 3113; x_wconf 77' lang='lat'><strong>7°;</strong></span> <span class='ocrx_word' id='word_1_344' title='bbox 1514 3065 1531 3097; x_wconf 73' lang='grc' dir='ltr'><strong>ι</strong></span> <span class='ocrx_word' id='word_1_345' title='bbox 1564 3048 1634 3100; x_wconf 91' lang='lat' dir='ltr'><strong>ita</strong></span> <span class='ocrx_word' id='word_1_346' title='bbox 1657 3057 1709 3100; x_wconf 88' lang='lat' dir='ltr'><strong>et</strong></span> <span class='ocrx_word' id='word_1_347' title='bbox 1733 3048 1799 3103; x_wconf 90' lang='lat' dir='ltr'><strong>de</strong></span> <span class='ocrx_word' id='word_1_348' title='bbox 1825 3048 1947 3105; x_wconf 88' lang='lat' dir='ltr'><strong>Jesu</strong></span> 
     </span>
    </p>
   </div>
   <div class='ocr_carea' id='block_1_48' title="bbox 374 3133 1946 3209">
    <p class='ocr_par' dir='ltr' id='par_1_48' title="bbox 374 3133 1946 3209">
     <span class='ocr_line' id='line_1_48' title="bbox 374 3133 1946 3209; baseline 0.003 -19"><span class='ocrx_word' id='word_1_349' title='bbox 374 3135 578 3191; x_wconf 89' lang='lat' dir='ltr'><strong>dicitur</strong></span> <span class='ocrx_word' id='word_1_350' title='bbox 602 3133 739 3209; x_wconf 84' lang='lat' dir='ltr'><strong>(l7),</strong></span> <span class='ocrx_word' id='word_1_351' title='bbox 764 3136 889 3206; x_wconf 90' lang='lat' dir='ltr'><strong>quia</strong></span> <span class='ocrx_word' id='word_1_352' title='bbox 915 3150 1106 3192; x_wconf 88' lang='lat' dir='ltr'><strong>omnes</strong></span> <span class='ocrx_word' id='word_1_353' title='bbox 1154 3138 1207 3191; x_wconf 93' lang='lat' dir='ltr'><strong>in</strong></span> <span class='ocrx_word' id='word_1_354' title='bbox 1246 3135 1371 3192; x_wconf 80' lang='lat' dir='ltr'><strong>Jesu</strong></span> <span class='ocrx_word' id='word_1_355' title='bbox 1423 3138 1677 3209; x_wconf 80' lang='lat' dir='ltr'><strong>baptizati</strong></span> <span class='ocrx_word' id='word_1_356' title='bbox 1724 3150 1851 3194; x_wconf 90' lang='lat' dir='ltr'><strong>sunt</strong></span> <span class='ocrx_word' id='word_1_357' title='bbox 1896 3142 1946 3195; x_wconf 92' lang='lat' dir='ltr'><strong>in</strong></span> 
     </span>
    </p>
   </div>
   <div class='ocr_carea' id='block_1_49' title="bbox 374 3226 1949 3302">
    <p class='ocr_par' dir='ltr' id='par_1_49' title="bbox 374 3226 1949 3302">
     <span class='ocr_line' id='line_1_49' title="bbox 374 3226 1949 3302; baseline 0.003 -19"><span class='ocrx_word' id='word_1_358' title='bbox 374 3227 581 3296; x_wconf 73' lang='lat' dir='ltr'><strong>Spiritu</strong></span> <span class='ocrx_word' id='word_1_359' title='bbox 610 3236 797 3282; x_wconf 88' lang='lat' dir='ltr'><strong>sancto</strong></span> <span class='ocrx_word' id='word_1_360' title='bbox 814 3237 870 3283; x_wconf 91' lang='lat' dir='ltr'><strong>et</strong></span> <span class='ocrx_word' id='word_1_361' title='bbox 890 3243 1050 3299; x_wconf 87' lang='lat' dir='ltr'><strong>aqua.</strong></span> <span class='ocrx_word' id='word_1_362' title='bbox 1070 3226 1229 3284; x_wconf 84' lang='lat' dir='ltr'><strong>Jesus</strong></span> <span class='ocrx_word' id='word_1_363' title='bbox 1252 3245 1484 3299; x_wconf 89' lang='lat' dir='ltr'><strong>namque</strong></span> <span class='ocrx_word' id='word_1_364' title='bbox 1511 3241 1614 3295; x_wconf 88' lang='lat' dir='ltr'><strong>est,</strong></span> <span class='ocrx_word' id='word_1_365' title='bbox 1633 3234 1724 3302; x_wconf 93' lang='lat' dir='ltr'><strong>qui</strong></span> <span class='ocrx_word' id='word_1_366' title='bbox 1757 3234 1949 3288; x_wconf 88' lang='lat' dir='ltr'><strong>transit</strong></span> 
     </span>
    </p>
   </div>
   <div class='ocr_carea' id='block_1_50' title="bbox 374 3316 1949 3393">
    <p class='ocr_par' dir='ltr' id='par_1_50' title="bbox 374 3316 1949 3393">
     <span class='ocr_line' id='line_1_50' title="bbox 374 3316 1949 3393; baseline 0.006 -24"><span class='ocrx_word' id='word_1_367' title='bbox 374 3331 547 3385; x_wconf 86' lang='lat' dir='ltr'><strong>aquas</strong></span> <span class='ocrx_word' id='word_1_368' title='bbox 569 3316 841 3383; x_wconf 70' lang='lat' dir='ltr'><strong>Iordanis,</strong></span> <span class='ocrx_word' id='word_1_369' title='bbox 862 3328 921 3374; x_wconf 91' lang='lat' dir='ltr'><strong>et</strong></span> <span class='ocrx_word' id='word_1_370' title='bbox 944 3318 998 3374; x_wconf 91' lang='lat' dir='ltr'><strong>in</strong></span> <span class='ocrx_word' id='word_1_371' title='bbox 1023 3320 1158 3388; x_wconf 90' lang='lat' dir='ltr'><strong>ipsis</strong></span> <span class='ocrx_word' id='word_1_372' title='bbox 1177 3321 1572 3389; x_wconf 73' lang='lat' dir='ltr'><strong>quodaminodo</strong></span> <span class='ocrx_word' id='word_1_373' title='bbox 1587 3324 1699 3391; x_wconf 79' lang='lat' dir='ltr'><strong>jam</strong></span> <span class='ocrx_word' id='word_1_374' title='bbox 1729 3334 1835 3377; x_wconf 89' lang='lat' dir='ltr'><strong>tum</strong></span> <span class='ocrx_word' id='word_1_375' title='bbox 1862 3341 1949 3393; x_wconf 84' lang='lat' dir='ltr'><strong>po-</strong></span> 
     </span>
    </p>
   </div>
   <div class='ocr_carea' id='block_1_51' title="bbox 377 3405 1945 3481">
    <p class='ocr_par' dir='ltr' id='par_1_51' title="bbox 377 3405 1945 3481">
     <span class='ocr_line' id='line_1_51' title="bbox 377 3405 1945 3481; baseline 0.008 -23"><span class='ocrx_word' id='word_1_376' title='bbox 377 3405 563 3473; x_wconf 88' lang='lat' dir='ltr'><strong>pulum</strong></span> <span class='ocrx_word' id='word_1_377' title='bbox 591 3408 835 3475; x_wconf 85' lang='lat' dir='ltr'><strong>baptizat</strong></span> <span class='ocrx_word' id='word_1_378' title='bbox 858 3421 874 3461; x_wconf 88' lang='lat'><strong>:</strong></span> <span class='ocrx_word' id='word_1_379' title='bbox 900 3416 955 3461; x_wconf 90' lang='lat' dir='ltr'><strong>et</strong></span> <span class='ocrx_word' id='word_1_380' title='bbox 987 3408 1101 3477; x_wconf 89' lang='lat' dir='ltr'><strong>ipse</strong></span> <span class='ocrx_word' id='word_1_381' title='bbox 1125 3421 1209 3465; x_wconf 90' lang='lat' dir='ltr'><strong>est</strong></span> <span class='ocrx_word' id='word_1_382' title='bbox 1247 3412 1339 3479; x_wconf 92' lang='lat' dir='ltr'><strong>qui</strong></span> <span class='ocrx_word' id='word_1_383' title='bbox 1371 3420 1568 3467; x_wconf 88' lang='lat' dir='ltr'><strong>terram</strong></span> <span class='ocrx_word' id='word_1_384' title='bbox 1594 3415 1945 3481; x_wconf 69' lang='lat' dir='ltr'><strong>haereditatis,</strong></span> 
     </span>
    </p>
   </div>
   <div class='ocr_carea' id='block_1_52' title="bbox 379 3501 1947 3578">
    <p class='ocr_par' dir='ltr' id='par_1_52' title="bbox 379 3501 1947 3578">
     <span class='ocr_line' id='line_1_52' title="bbox 379 3501 1947 3578; baseline 0.007 -27"><span class='ocrx_word' id='word_1_385' title='bbox 379 3506 578 3552; x_wconf 86' lang='lat' dir='ltr'><strong>terram</strong></span> <span class='ocrx_word' id='word_1_386' title='bbox 596 3509 836 3554; x_wconf 74' lang='lat' dir='ltr'><strong>sanetam</strong></span> <span class='ocrx_word' id='word_1_387' title='bbox 858 3501 1092 3569; x_wconf 89' lang='lat' dir='ltr'><strong>partitur</strong></span> <span class='ocrx_word' id='word_1_388' title='bbox 1108 3503 1399 3566; x_wconf 86' lang='lat' dir='ltr'><strong>universis,</strong></span> <span class='ocrx_word' id='word_1_389' title='bbox 1416 3519 1520 3559; x_wconf 90' lang='lat' dir='ltr'><strong>non</strong></span> <span class='ocrx_word' id='word_1_390' title='bbox 1540 3506 1707 3574; x_wconf 90' lang='lat' dir='ltr'><strong>priori</strong></span> <span class='ocrx_word' id='word_1_391' title='bbox 1726 3509 1947 3578; x_wconf 89' lang='lat' dir='ltr'><strong>populo,</strong></span> 
     </span>
    </p>
   </div>
   <div class='ocr_carea' id='block_1_53' title="bbox 377 3592 1948 3665">
    <p class='ocr_par' dir='ltr' id='par_1_53' title="bbox 377 3592 1948 3665">
     <span class='ocr_line' id='line_1_53' title="bbox 377 3592 1948 3665; baseline 0.004 -19"><span class='ocrx_word' id='word_1_392' title='bbox 377 3592 472 3646; x_wconf 78' lang='lat' dir='ltr'><strong>sed</strong></span> <span class='ocrx_word' id='word_1_393' title='bbox 516 3592 774 3647; x_wconf 85' lang='lat' dir='ltr'><strong>secundo.</strong></span> <span class='ocrx_word' id='word_1_394' title='bbox 815 3592 971 3646; x_wconf 74' lang='lat' dir='ltr'><strong>I‘rior</strong></span> <span class='ocrx_word' id='word_1_395' title='bbox 1004 3592 1147 3647; x_wconf 88' lang='lat' dir='ltr'><strong>enim</strong></span> <span class='ocrx_word' id='word_1_396' title='bbox 1173 3592 1403 3663; x_wconf 89' lang='lat' dir='ltr'><strong>populus</strong></span> <span class='ocrx_word' id='word_1_397' title='bbox 1442 3604 1663 3664; x_wconf 86' lang='lat' dir='ltr'><strong>propter</strong></span> <span class='ocrx_word' id='word_1_398' title='bbox 1690 3598 1948 3665; x_wconf 73' lang='lat' dir='ltr'><strong>praevari-</strong></span> 
     </span>
    </p>
   </div>
   <div class='ocr_carea' id='block_1_54' title="bbox 377 3683 1946 3745">
    <p class='ocr_par' dir='ltr' id='par_1_54' title="bbox 377 3683 1946 3745">
     <span class='ocr_line' id='line_1_54' title="bbox 377 3683 1946 3745; baseline 0.006 -10"><span class='ocrx_word' id='word_1_399' title='bbox 377 3683 648 3737; x_wconf 87' lang='lat' dir='ltr'><strong>cationem</strong></span> <span class='ocrx_word' id='word_1_400' title='bbox 689 3698 841 3738; x_wconf 89' lang='lat' dir='ltr'><strong>suam</strong></span> <span class='ocrx_word' id='word_1_401' title='bbox 889 3683 1089 3738; x_wconf 89' lang='lat' dir='ltr'><strong>cecidit</strong></span> <span class='ocrx_word' id='word_1_402' title='bbox 1131 3684 1183 3738; x_wconf 91' lang='lat' dir='ltr'><strong>in</strong></span> <span class='ocrx_word' id='word_1_403' title='bbox 1214 3685 1454 3740; x_wconf 86' lang='lat' dir='ltr'><strong>deserto.</strong></span> <span class='ocrx_word' id='word_1_404' title='bbox 1490 3687 1565 3741; x_wconf 89' lang='lat' dir='ltr'><strong>De</strong></span> <span class='ocrx_word' id='word_1_405' title='bbox 1601 3686 1728 3742; x_wconf 85' lang='lat' dir='ltr'><strong>Jesu</strong></span> <span class='ocrx_word' id='word_1_406' title='bbox 1767 3699 1946 3745; x_wconf 90' lang='lat' dir='ltr'><strong>autem</strong></span> 
     </span>
    </p>
   </div>
   <div class='ocr_carea' id='block_1_55' title="bbox 380 3775 1941 3846">
    <p class='ocr_par' dir='ltr' id='par_1_55' title="bbox 380 3775 1941 3846">
     <span class='ocr_line' id='line_1_55' title="bbox 380 3775 1941 3846; baseline 0.004 -18"><span class='ocrx_word' id='word_1_407' title='bbox 380 3775 719 3845; x_wconf 87' lang='lat' dir='ltr'><strong>temporibus</strong></span> <span class='ocrx_word' id='word_1_408' title='bbox 742 3776 964 3841; x_wconf 86' lang='lat' dir='ltr'><strong>dicitur,</strong></span> <span class='ocrx_word' id='word_1_409' title='bbox 988 3778 1118 3845; x_wconf 90' lang='lat' dir='ltr'><strong>quia</strong></span> <span class='ocrx_word' id='word_1_410' title='bbox 1148 3793 1167 3828; x_wconf 73' lang='grc' dir='ltr'>ι</span> <span class='ocrx_word' id='word_1_411' title='bbox 1199 3784 1343 3830; x_wconf 89' lang='lat' dir='ltr'><strong>terra</strong></span> <span class='ocrx_word' id='word_1_412' title='bbox 1369 3778 1577 3845; x_wconf 83' lang='lat' dir='ltr'><strong>quievit</strong></span> <span class='ocrx_word' id='word_1_413' title='bbox 1598 3793 1627 3832; x_wconf 85' lang='lat' dir='ltr'><strong>a</strong></span> <span class='ocrx_word' id='word_1_414' title='bbox 1658 3779 1891 3846; x_wconf 82' lang='lat' dir='ltr'><strong>bellis&quot;;</strong></span> <span class='ocrx_word' id='word_1_415' title='bbox 1921 3800 1941 3834; x_wconf 77' lang='grc' dir='ltr'><strong><em>ι</em></strong></span> 
     </span>
    </p>
   </div>
   <div class='ocr_carea' id='block_1_56' title="bbox 377 3865 1947 3938">
    <p class='ocr_par' dir='ltr' id='par_1_56' title="bbox 377 3865 1947 3938">
     <span class='ocr_line' id='line_1_56' title="bbox 377 3865 1947 3938; baseline 0.005 -19"><span class='ocrx_word' id='word_1_416' title='bbox 377 3867 519 3934; x_wconf 80' lang='lat' dir='ltr'><strong>quod</strong></span> <span class='ocrx_word' id='word_1_417' title='bbox 555 3865 724 3935; x_wconf 82' lang='lat' dir='ltr'><strong>Moysi</strong></span> <span class='ocrx_word' id='word_1_418' title='bbox 757 3875 1000 3938; x_wconf 87' lang='lat' dir='ltr'><strong>tempore</strong></span> <span class='ocrx_word' id='word_1_419' title='bbox 1026 3867 1134 3922; x_wconf 89' lang='lat' dir='ltr'><strong>dici</strong></span> <span class='ocrx_word' id='word_1_420' title='bbox 1182 3881 1287 3922; x_wconf 92' lang='lat' dir='ltr'><strong>non</strong></span> <span class='ocrx_word' id='word_1_421' title='bbox 1340 3870 1534 3937; x_wconf 91' lang='lat' dir='ltr'><strong>potuit.</strong></span> <span class='ocrx_word' id='word_1_422' title='bbox 1567 3870 1672 3925; x_wconf 89' lang='lat' dir='ltr'><strong>Sed</strong></span> <span class='ocrx_word' id='word_1_423' title='bbox 1716 3874 1782 3926; x_wconf 90' lang='lat' dir='ltr'><strong>de</strong></span> <span class='ocrx_word' id='word_1_424' title='bbox 1821 3870 1947 3928; x_wconf 81' lang='lat' dir='ltr'><strong>.lesu</strong></span> 
     </span>
    </p>
   </div>
   <div class='ocr_carea' id='block_1_57' title="bbox 377 3954 1949 4029">
    <p class='ocr_par' dir='ltr' id='par_1_57' title="bbox 377 3954 1949 4029">
     <span class='ocr_line' id='line_1_57' title="bbox 377 3954 1949 4029; baseline 0.003 -17"><span class='ocrx_word' id='word_1_425' title='bbox 377 3958 481 4012; x_wconf 87' lang='lat' dir='ltr'><strong>hoc</strong></span> <span class='ocrx_word' id='word_1_426' title='bbox 521 3954 717 4008; x_wconf 90' lang='lat' dir='ltr'><strong>dicitur</strong></span> <span class='ocrx_word' id='word_1_427' title='bbox 744 3968 863 4009; x_wconf 91' lang='lat' dir='ltr'><strong>meo</strong></span> <span class='ocrx_word' id='word_1_428' title='bbox 888 3954 1135 4018; x_wconf 86' lang='lat' dir='ltr'><strong>Domino,</strong></span> <span class='ocrx_word' id='word_1_429' title='bbox 1177 3973 1284 4012; x_wconf 91' lang='lat' dir='ltr'><strong>non</strong></span> <span class='ocrx_word' id='word_1_430' title='bbox 1314 3959 1408 4013; x_wconf 95' lang='lat' dir='ltr'><strong>illo</strong></span> <span class='ocrx_word' id='word_1_431' title='bbox 1433 3956 1599 4013; x_wconf 86' lang='lat' dir='ltr'><strong>Nave.</strong></span> <span class='ocrx_word' id='word_1_432' title='bbox 1634 3963 1813 4029; x_wconf 85' lang='lat' dir='ltr'><strong>Atque</strong></span> <span class='ocrx_word' id='word_1_433' title='bbox 1840 3961 1949 4017; x_wconf 86' lang='lat' dir='ltr'><strong>uti-</strong></span> 
     </span>
    </p>
   </div>
   <div class='ocr_carea' id='block_1_58' title="bbox 378 4049 1946 4126">
    <p class='ocr_par' dir='ltr' id='par_1_58' title="bbox 378 4049 1946 4126">
     <span class='ocr_line' id='line_1_58' title="bbox 378 4049 1946 4126; baseline 0.003 -20"><span class='ocrx_word' id='word_1_434' title='bbox 378 4053 508 4107; x_wconf 87' lang='lat' dir='ltr'><strong>nam</strong></span> <span class='ocrx_word' id='word_1_435' title='bbox 535 4066 652 4105; x_wconf 87' lang='lat' dir='ltr'><strong>mea</strong></span> <span class='ocrx_word' id='word_1_436' title='bbox 684 4059 826 4105; x_wconf 91' lang='lat' dir='ltr'><strong>terra</strong></span> <span class='ocrx_word' id='word_1_437' title='bbox 856 4060 1030 4105; x_wconf 89' lang='lat' dir='ltr'><strong>cesset</strong></span> <span class='ocrx_word' id='word_1_438' title='bbox 1056 4065 1086 4103; x_wconf 92' lang='lat' dir='ltr'><strong>a</strong></span> <span class='ocrx_word' id='word_1_439' title='bbox 1117 4049 1292 4104; x_wconf 89' lang='lat' dir='ltr'><strong>bellis.</strong></span> <span class='ocrx_word' id='word_1_440' title='bbox 1336 4049 1402 4104; x_wconf 86' lang='lat' dir='ltr'><strong>Et</strong></span> <span class='ocrx_word' id='word_1_441' title='bbox 1442 4068 1655 4109; x_wconf 77' lang='lat' dir='ltr'><strong>cessare</strong></span> <span class='ocrx_word' id='word_1_442' title='bbox 1685 4065 1869 4126; x_wconf 89' lang='lat' dir='ltr'><strong>posset</strong></span> <span class='ocrx_word' id='word_1_443' title='bbox 1900 4057 1946 4111; x_wconf 90' lang='lat' dir='ltr'><strong>si</strong></span> 
     </span>
    </p>
   </div>
   <div class='ocr_carea' id='block_1_59' title="bbox 374 4141 1945 4215">
    <p class='ocr_par' dir='ltr' id='par_1_59' title="bbox 374 4141 1945 4215">
     <span class='ocr_line' id='line_1_59' title="bbox 374 4141 1945 4215; baseline -0.001 -14"><span class='ocrx_word' id='word_1_444' title='bbox 374 4162 475 4215; x_wconf 85' lang='lat' dir='ltr'><strong>ego</strong></span> <span class='ocrx_word' id='word_1_445' title='bbox 500 4143 623 4199; x_wconf 81' lang='lat' dir='ltr'><strong>Jesu</strong></span> <span class='ocrx_word' id='word_1_446' title='bbox 652 4142 881 4214; x_wconf 89' lang='lat' dir='ltr'><strong>principi</strong></span> <span class='ocrx_word' id='word_1_447' title='bbox 924 4155 1044 4197; x_wconf 90' lang='lat' dir='ltr'><strong>meo</strong></span> <span class='ocrx_word' id='word_1_448' title='bbox 1072 4141 1303 4196; x_wconf 87' lang='lat' dir='ltr'><strong>ﬁdeliter</strong></span> <span class='ocrx_word' id='word_1_449' title='bbox 1341 4142 1658 4197; x_wconf 86' lang='lat' dir='ltr'><strong>militarem.</strong></span> <span class='ocrx_word' id='word_1_450' title='bbox 1695 4142 1753 4198; x_wconf 90' lang='lat' dir='ltr'><strong>Si</strong></span> <span class='ocrx_word' id='word_1_451' title='bbox 1801 4148 1945 4199; x_wconf 74' lang='lat' dir='ltr'><strong>enim</strong></span> 
     </span>
    </p>
   </div>
   <div class='ocr_carea' id='block_1_60' title="bbox 377 4233 1949 4308">
    <p class='ocr_par' dir='ltr' id='par_1_60' title="bbox 377 4233 1949 4308">
     <span class='ocr_line' id='line_1_60' title="bbox 377 4233 1949 4308; baseline 0 -18"><span class='ocrx_word' id='word_1_452' title='bbox 377 4252 596 4308; x_wconf 83' lang='lat' dir='ltr'><strong>paream</strong></span> <span class='ocrx_word' id='word_1_453' title='bbox 642 4251 761 4291; x_wconf 90' lang='lat' dir='ltr'><strong>meo</strong></span> <span class='ocrx_word' id='word_1_454' title='bbox 798 4237 1024 4290; x_wconf 91' lang='lat' dir='ltr'><strong>Domino</strong></span> <span class='ocrx_word' id='word_1_455' title='bbox 1048 4233 1206 4299; x_wconf 84' lang='lat' dir='ltr'><strong>Jesu,</strong></span> <span class='ocrx_word' id='word_1_456' title='bbox 1234 4248 1509 4302; x_wconf 90' lang='lat' dir='ltr'><strong>nunquam</strong></span> <span class='ocrx_word' id='word_1_457' title='bbox 1550 4246 1681 4287; x_wconf 90' lang='lat' dir='ltr'><strong>caro</strong></span> <span class='ocrx_word' id='word_1_458' title='bbox 1719 4248 1838 4290; x_wconf 86' lang='lat' dir='ltr'><strong>mea</strong></span> <span class='ocrx_word' id='word_1_459' title='bbox 1868 4235 1949 4290; x_wconf 86' lang='lat' dir='ltr'><strong>in-</strong></span> 
     </span>
    </p>
   </div>
   <div class='ocr_carea' id='block_1_61' title="bbox 377 4325 1947 4399">
    <p class='ocr_par' dir='ltr' id='par_1_61' title="bbox 377 4325 1947 4399">
     <span class='ocr_line' id='line_1_61' title="bbox 377 4325 1947 4399; baseline -0.003 -14"><span class='ocrx_word' id='word_1_460' title='bbox 377 4339 562 4399; x_wconf 83' lang='lat' dir='ltr'><strong>surget</strong></span> <span class='ocrx_word' id='word_1_461' title='bbox 589 4329 850 4381; x_wconf 87' lang='lat' dir='ltr'><strong>adversus</strong></span> <span class='ocrx_word' id='word_1_462' title='bbox 886 4328 1133 4396; x_wconf 89' lang='lat' dir='ltr'><strong>spiritum</strong></span> <span class='ocrx_word' id='word_1_463' title='bbox 1177 4340 1381 4389; x_wconf 91' lang='lat' dir='ltr'><strong>meum,</strong></span> <span class='ocrx_word' id='word_1_464' title='bbox 1410 4339 1509 4381; x_wconf 89' lang='lat' dir='ltr'><strong>nec</strong></span> <span class='ocrx_word' id='word_1_465' title='bbox 1539 4325 1947 4396; x_wconf 89' lang='lat' dir='ltr'><strong>impugnabitur</strong></span> 
     </span>
    </p>
   </div>
   <div class='ocr_carea' id='block_1_62' title="bbox 378 4417 1947 4488">
    <p class='ocr_par' dir='ltr' id='par_1_62' title="bbox 378 4417 1947 4488">
     <span class='ocr_line' id='line_1_62' title="bbox 378 4417 1947 4488; baseline -0.003 -11"><span class='ocrx_word' id='word_1_466' title='bbox 378 4432 526 4477; x_wconf 91' lang='lat' dir='ltr'><strong>terra</strong></span> <span class='ocrx_word' id='word_1_467' title='bbox 559 4435 675 4475; x_wconf 88' lang='lat' dir='ltr'><strong>mea</strong></span> <span class='ocrx_word' id='word_1_468' title='bbox 716 4421 783 4475; x_wconf 90' lang='lat' dir='ltr'><strong>ab</strong></span> <span class='ocrx_word' id='word_1_469' title='bbox 809 4419 1137 4474; x_wconf 88' lang='lat' dir='ltr'><strong>adversariis</strong></span> <span class='ocrx_word' id='word_1_470' title='bbox 1165 4418 1440 4488; x_wconf 89' lang='lat' dir='ltr'><strong>gentibus,</strong></span> <span class='ocrx_word' id='word_1_471' title='bbox 1469 4417 1703 4472; x_wconf 91' lang='lat' dir='ltr'><strong>diversis</strong></span> <span class='ocrx_word' id='word_1_472' title='bbox 1739 4418 1947 4472; x_wconf 87' lang='lat' dir='ltr'><strong>scilicet</strong></span> 
     </span>
    </p>
   </div>
   <div class='ocr_carea' id='block_1_63' title="bbox 376 4508 1945 4582">
    <p class='ocr_par' dir='ltr' id='par_1_63' title="bbox 376 4508 1945 4582">
     <span class='ocr_line' id='line_1_63' title="bbox 376 4508 1945 4582; baseline -0.003 -13"><span class='ocrx_word' id='word_1_473' title='bbox 376 4513 836 4582; x_wconf 87' lang='lat' dir='ltr'><strong>concupiscentiis</strong></span> <span class='ocrx_word' id='word_1_474' title='bbox 879 4511 1173 4567; x_wconf 89' lang='lat' dir='ltr'><strong>stimulata.</strong></span> <span class='ocrx_word' id='word_1_475' title='bbox 1222 4509 1453 4565; x_wconf 91' lang='lat' dir='ltr'><strong>Oremus</strong></span> <span class='ocrx_word' id='word_1_476' title='bbox 1493 4524 1645 4580; x_wconf 90' lang='lat' dir='ltr'><strong>ergo,</strong></span> <span class='ocrx_word' id='word_1_477' title='bbox 1688 4519 1748 4564; x_wconf 91' lang='lat' dir='ltr'><strong>ut</strong></span> <span class='ocrx_word' id='word_1_478' title='bbox 1787 4508 1945 4564; x_wconf 78' lang='lat' dir='ltr'><strong>Jesus</strong></span> 
     </span>
    </p>
   </div>
   <div class='ocr_carea' id='block_1_64' title="bbox 380 4602 1943 4674">
    <p class='ocr_par' dir='ltr' id='par_1_64' title="bbox 380 4602 1943 4674">
     <span class='ocr_line' id='line_1_64' title="bbox 380 4602 1943 4674; baseline -0.003 -15"><span class='ocrx_word' id='word_1_479' title='bbox 380 4613 569 4674; x_wconf 79' lang='lat' dir='ltr'><strong>regnet</strong></span> <span class='ocrx_word' id='word_1_480' title='bbox 607 4617 769 4673; x_wconf 90' lang='lat' dir='ltr'><strong>super</strong></span> <span class='ocrx_word' id='word_1_481' title='bbox 804 4618 923 4669; x_wconf 90' lang='lat' dir='ltr'><strong>nos,</strong></span> <span class='ocrx_word' id='word_1_482' title='bbox 967 4610 1021 4657; x_wconf 92' lang='lat' dir='ltr'><strong>et</strong></span> <span class='ocrx_word' id='word_1_483' title='bbox 1052 4609 1233 4657; x_wconf 88' lang='lat' dir='ltr'><strong>cesset</strong></span> <span class='ocrx_word' id='word_1_484' title='bbox 1276 4611 1422 4656; x_wconf 92' lang='lat' dir='ltr'><strong>terra</strong></span> <span class='ocrx_word' id='word_1_485' title='bbox 1470 4610 1657 4656; x_wconf 87' lang='lat' dir='ltr'><strong>nostra</strong></span> <span class='ocrx_word' id='word_1_486' title='bbox 1698 4618 1727 4655; x_wconf 92' lang='lat' dir='ltr'><strong>a</strong></span> <span class='ocrx_word' id='word_1_487' title='bbox 1768 4602 1943 4666; x_wconf 91' lang='lat' dir='ltr'><strong>bellis,</strong></span> 
     </span>
    </p>
   </div>
   <div class='ocr_carea' id='block_1_65' title="bbox 376 4693 1944 4765">
    <p class='ocr_par' dir='ltr' id='par_1_65' title="bbox 376 4693 1944 4765">
     <span class='ocr_line' id='line_1_65' title="bbox 376 4693 1944 4765; baseline -0.002 -14"><span class='ocrx_word' id='word_1_488' title='bbox 376 4705 554 4751; x_wconf 87' lang='lat' dir='ltr'><strong>cesset</strong></span> <span class='ocrx_word' id='word_1_489' title='bbox 597 4697 665 4750; x_wconf 94' lang='lat' dir='ltr'><strong>ab</strong></span> <span class='ocrx_word' id='word_1_490' title='bbox 713 4695 1212 4765; x_wconf 89' lang='lat' dir='ltr'><strong>impugnationibus</strong></span> <span class='ocrx_word' id='word_1_491' title='bbox 1273 4693 1575 4748; x_wconf 89' lang='lat' dir='ltr'><strong>carnalium</strong></span> <span class='ocrx_word' id='word_1_492' title='bbox 1643 4693 1944 4748; x_wconf 89' lang='lat' dir='ltr'><strong>desiderio-</strong></span> 
     </span>
    </p>
   </div>
   <div class='ocr_carea' id='block_1_66' title="bbox 373 4784 1947 4854">
    <p class='ocr_par' dir='ltr' id='par_1_66' title="bbox 373 4784 1947 4854">
     <span class='ocr_line' id='line_1_66' title="bbox 373 4784 1947 4854; baseline -0.004 -11"><span class='ocrx_word' id='word_1_493' title='bbox 373 4802 495 4843; x_wconf 87' lang='lat' dir='ltr'><strong>rum</strong></span> <span class='ocrx_word' id='word_1_494' title='bbox 531 4804 547 4841; x_wconf 84' lang='lat'><strong>:</strong></span> <span class='ocrx_word' id='word_1_495' title='bbox 588 4796 642 4841; x_wconf 88' lang='lat' dir='ltr'><strong>et</strong></span> <span class='ocrx_word' id='word_1_496' title='bbox 684 4800 806 4839; x_wconf 92' lang='lat' dir='ltr'><strong>cum</strong></span> <span class='ocrx_word' id='word_1_497' title='bbox 857 4787 961 4841; x_wconf 88' lang='lat' dir='ltr'><strong>ista</strong></span> <span class='ocrx_word' id='word_1_498' title='bbox 1007 4785 1371 4851; x_wconf 86' lang='lat' dir='ltr'><strong>cessaverint,</strong></span> <span class='ocrx_word' id='word_1_499' title='bbox 1397 4794 1527 4840; x_wconf 90' lang='lat' dir='ltr'><strong>tune</strong></span> <span class='ocrx_word' id='word_1_500' title='bbox 1575 4784 1947 4854; x_wconf 87' lang='lat' dir='ltr'><strong>unusquisque</strong></span> 
     </span>
    </p>
   </div>
   <div class='ocr_carea' id='block_1_67' title="bbox 377 4874 1943 4948">
    <p class='ocr_par' dir='ltr' id='par_1_67' title="bbox 377 4874 1943 4948">
     <span class='ocr_line' id='line_1_67' title="bbox 377 4874 1943 4948; baseline -0.006 -14"><span class='ocrx_word' id='word_1_501' title='bbox 377 4879 680 4948; x_wconf 84' lang='lat' dir='ltr'><strong>requiescet</strong></span> <span class='ocrx_word' id='word_1_502' title='bbox 707 4878 805 4932; x_wconf 80' lang='lat' dir='ltr'><strong>sub</strong></span> <span class='ocrx_word' id='word_1_503' title='bbox 830 4880 938 4932; x_wconf 86' lang='lat' dir='ltr'><strong>vite</strong></span> <span class='ocrx_word' id='word_1_504' title='bbox 962 4892 1080 4940; x_wconf 91' lang='lat' dir='ltr'><strong>sua,</strong></span> <span class='ocrx_word' id='word_1_505' title='bbox 1105 4887 1158 4931; x_wconf 90' lang='lat' dir='ltr'><strong>et</strong></span> <span class='ocrx_word' id='word_1_506' title='bbox 1185 4878 1285 4932; x_wconf 89' lang='lat' dir='ltr'><strong>sub</strong></span> <span class='ocrx_word' id='word_1_507' title='bbox 1310 4877 1413 4930; x_wconf 86' lang='lat' dir='ltr'><strong>ﬁcu</strong></span> <span class='ocrx_word' id='word_1_508' title='bbox 1441 4891 1560 4939; x_wconf 91' lang='lat' dir='ltr'><strong>sua,</strong></span> <span class='ocrx_word' id='word_1_509' title='bbox 1588 4886 1643 4929; x_wconf 93' lang='lat' dir='ltr'><strong>et</strong></span> <span class='ocrx_word' id='word_1_510' title='bbox 1671 4875 1772 4929; x_wconf 89' lang='lat' dir='ltr'><strong>sub</strong></span> <span class='ocrx_word' id='word_1_511' title='bbox 1799 4874 1943 4928; x_wconf 90' lang='lat' dir='ltr'><strong>oliva</strong></span> 
     </span>
    </p>
   </div>
   <div class='ocr_carea' id='block_1_68' title="bbox 374 4966 1945 5035">
    <p class='ocr_par' dir='ltr' id='par_1_68' title="bbox 374 4966 1945 5035">
     <span class='ocr_line' id='line_1_68' title="bbox 374 4966 1945 5035; baseline -0.004 -9"><span class='ocrx_word' id='word_1_512' title='bbox 374 4986 469 5026; x_wconf 85' lang='lat' dir='ltr'><strong>sua</strong></span> <span class='ocrx_word' id='word_1_513' title='bbox 492 4973 562 5024; x_wconf 75' lang='grc' dir='ltr'><strong>τ’.</strong></span> <span class='ocrx_word' id='word_1_514' title='bbox 592 4971 706 5025; x_wconf 88' lang='lat' dir='ltr'><strong>Sub</strong></span> <span class='ocrx_word' id='word_1_515' title='bbox 733 4970 1036 5025; x_wconf 88' lang='lat' dir='ltr'><strong>velamento</strong></span> <span class='ocrx_word' id='word_1_516' title='bbox 1075 4970 1220 5024; x_wconf 90' lang='lat' dir='ltr'><strong>enim</strong></span> <span class='ocrx_word' id='word_1_517' title='bbox 1249 4970 1448 5035; x_wconf 86' lang='lat' dir='ltr'><strong>Patris,</strong></span> <span class='ocrx_word' id='word_1_518' title='bbox 1484 4977 1539 5022; x_wconf 90' lang='lat' dir='ltr'><strong>et</strong></span> <span class='ocrx_word' id='word_1_519' title='bbox 1565 4966 1709 5029; x_wconf 83' lang='lat' dir='ltr'><strong>Filii,</strong></span> <span class='ocrx_word' id='word_1_520' title='bbox 1738 4977 1796 5021; x_wconf 91' lang='lat' dir='ltr'><strong>et</strong></span> <span class='ocrx_word' id='word_1_521' title='bbox 1824 4966 1945 5034; x_wconf 86' lang='lat' dir='ltr'><strong>Spi-</strong></span> 
     </span>
    </p>
   </div>
   <div class='ocr_carea' id='block_1_69' title="bbox 376 5058 1945 5131">
    <p class='ocr_par' dir='ltr' id='par_1_69' title="bbox 376 5058 1945 5131">
     <span class='ocr_line' id='line_1_69' title="bbox 376 5058 1945 5131; baseline -0.005 -13"><span class='ocrx_word' id='word_1_522' title='bbox 376 5064 514 5119; x_wconf 89' lang='lat' dir='ltr'><strong>ritus</strong></span> <span class='ocrx_word' id='word_1_523' title='bbox 560 5063 730 5118; x_wconf 89' lang='lat' dir='ltr'><strong>sancti</strong></span> <span class='ocrx_word' id='word_1_524' title='bbox 770 5063 1075 5131; x_wconf 89' lang='lat' dir='ltr'><strong>requiescet</strong></span> <span class='ocrx_word' id='word_1_525' title='bbox 1124 5062 1302 5115; x_wconf 87' lang='lat' dir='ltr'><strong>anima</strong></span> <span class='ocrx_word' id='word_1_526' title='bbox 1329 5101 1343 5125; x_wconf 94' lang='lat'><strong>,</strong></span> <span class='ocrx_word' id='word_1_527' title='bbox 1380 5075 1501 5129; x_wconf 69' lang='lat' dir='ltr'><strong>quae</strong></span> <span class='ocrx_word' id='word_1_528' title='bbox 1549 5074 1738 5128; x_wconf 84' lang='lat' dir='ltr'><strong>pacem</strong></span> <span class='ocrx_word' id='word_1_529' title='bbox 1784 5058 1839 5111; x_wconf 92' lang='lat' dir='ltr'><strong>in</strong></span> <span class='ocrx_word' id='word_1_530' title='bbox 1886 5072 1945 5111; x_wconf 88' lang='lat' dir='ltr'><strong>se</strong></span> 
     </span>
    </p>
   </div>
   <div class='ocr_carea' id='block_1_70' title="bbox 377 5147 1944 5222">
    <p class='ocr_par' dir='ltr' id='par_1_70' title="bbox 377 5147 1944 5222">
     <span class='ocr_line' id='line_1_70' title="bbox 377 5147 1944 5222; baseline -0.004 -14"><span class='ocrx_word' id='word_1_531' title='bbox 377 5159 775 5222; x_wconf 89' lang='lat' dir='ltr'><strong>recuperaverit</strong></span> <span class='ocrx_word' id='word_1_532' title='bbox 805 5156 988 5208; x_wconf 85' lang='lat' dir='ltr'><strong>carnis</strong></span> <span class='ocrx_word' id='word_1_533' title='bbox 1032 5169 1097 5209; x_wconf 87' lang='lat' dir='ltr'><strong>ac</strong></span> <span class='ocrx_word' id='word_1_534' title='bbox 1146 5153 1391 5222; x_wconf 90' lang='lat' dir='ltr'><strong>spiritus.</strong></span> <span class='ocrx_word' id='word_1_535' title='bbox 1440 5149 1545 5219; x_wconf 86' lang='lat' dir='ltr'><strong>Ipsi</strong></span> <span class='ocrx_word' id='word_1_536' title='bbox 1599 5158 1804 5203; x_wconf 83' lang='lat' dir='ltr'><strong>aeterno</strong></span> <span class='ocrx_word' id='word_1_537' title='bbox 1836 5147 1944 5201; x_wconf 84' lang='lat' dir='ltr'><strong>Deo</strong></span> 
     </span>
    </p>
   </div>
   <div class='ocr_carea' id='block_1_71' title="bbox 374 5244 1433 5319">
    <p class='ocr_par' dir='ltr' id='par_1_71' title="bbox 374 5244 1433 5319">
     <span class='ocr_line' id='line_1_71' title="bbox 374 5244 1433 5319; baseline -0.006 -18"><span class='ocrx_word' id='word_1_538' title='bbox 374 5246 543 5319; x_wconf 82' lang='lat' dir='ltr'><strong>gloria</strong></span> <span class='ocrx_word' id='word_1_539' title='bbox 571 5246 622 5300; x_wconf 92' lang='lat' dir='ltr'><strong>in</strong></span> <span class='ocrx_word' id='word_1_540' title='bbox 648 5246 840 5301; x_wconf 54' lang='lat' dir='ltr'><strong>saecula</strong></span> <span class='ocrx_word' id='word_1_541' title='bbox 869 5245 1211 5300; x_wconf 75' lang='lat' dir='ltr'><strong>szeculorum.</strong></span> <span class='ocrx_word' id='word_1_542' title='bbox 1237 5244 1433 5296; x_wconf 83' lang='lat' dir='ltr'><strong>Amen.</strong></span> 
     </span>
    </p>
   </div>
   <div class='ocr_carea' id='block_1_72' title="bbox 443 5540 1387 5607">
    <p class='ocr_par' dir='ltr' id='par_1_72' title="bbox 443 5540 1387 5607">
     <span class='ocr_line' id='line_1_72' title="bbox 443 5540 1387 5607; baseline -0.008 -6"><span class='ocrx_word' id='word_1_543' title='bbox 443 5546 488 5578; x_wconf 84' lang='lat'><strong>&quot;</strong></span> <span class='ocrx_word' id='word_1_544' title='bbox 530 5545 687 5600; x_wconf 83' lang='lat' dir='ltr'><strong>Rom.</strong></span> <span class='ocrx_word' id='word_1_545' title='bbox 731 5561 785 5607; x_wconf 73' lang='grc' dir='ltr'><strong>χ,</strong></span> <span class='ocrx_word' id='word_1_546' title='bbox 816 5544 871 5597; x_wconf 73' lang='grc'><strong>4.</strong></span> <span class='ocrx_word' id='word_1_547' title='bbox 949 5542 997 5575; x_wconf 80' lang='grc'><strong>⁷⁸</strong></span> <span class='ocrx_word' id='word_1_548' title='bbox 1034 5541 1053 5595; x_wconf 93' lang='grc'><strong>1</strong></span> <span class='ocrx_word' id='word_1_549' title='bbox 1084 5542 1210 5596; x_wconf 85' lang='lat' dir='ltr'><strong>Cor.</strong></span> <span class='ocrx_word' id='word_1_550' title='bbox 1244 5557 1296 5605; x_wconf 83' lang='lat' dir='ltr'><strong>x,</strong></span> <span class='ocrx_word' id='word_1_551' title='bbox 1330 5540 1387 5593; x_wconf 73' lang='grc'><strong>2.</strong></span> 
     </span>
    </p>
   </div>
   <div class='ocr_carea' id='block_1_73' title="bbox 396 5611 1420 5681">
    <p class='ocr_par' dir='ltr' id='par_1_73' title="bbox 396 5611 1420 5681">
     <span class='ocr_line' id='line_1_73' title="bbox 396 5611 1420 5681; baseline -0.005 -12"><span class='ocrx_word' id='word_1_552' title='bbox 396 5629 483 5681; x_wconf 88' lang='lat' dir='ltr'><strong>nt,</strong></span> <span class='ocrx_word' id='word_1_553' title='bbox 510 5620 562 5681; x_wconf 83' lang='lat' dir='ltr'><strong>l,</strong></span> <span class='ocrx_word' id='word_1_554' title='bbox 585 5617 640 5670; x_wconf 76' lang='lat'><strong>2.</strong></span> <span class='ocrx_word' id='word_1_555' title='bbox 736 5616 783 5647; x_wconf 74' lang='grc' dir='ltr'><strong>τ’</strong></span> <span class='ocrx_word' id='word_1_556' title='bbox 807 5613 965 5669; x_wconf 86' lang='lat' dir='ltr'><strong>Num.</strong></span> <span class='ocrx_word' id='word_1_557' title='bbox 994 5628 1186 5678; x_wconf 76' lang='lat' dir='ltr'><strong>xxvnt,</strong></span> <span class='ocrx_word' id='word_1_558' title='bbox 1206 5612 1256 5677; x_wconf 82' lang='lat' dir='ltr'><strong>l,</strong></span> <span class='ocrx_word' id='word_1_559' title='bbox 1284 5611 1338 5677; x_wconf 75' lang='lat'><strong>2,</strong></span> <span class='ocrx_word' id='word_1_560' title='bbox 1366 5612 1420 5665; x_wconf 83' lang='lat'><strong>&#39;5.</strong></span> 
     </span>
    </p>
   </div>
   <div class='ocr_carea' id='block_1_74' title="bbox 1462 5536 1941 5603">
    <p class='ocr_par' dir='ltr' id='par_1_74' title="bbox 1462 5536 1941 5603">
     <span class='ocr_line' id='line_1_74' title="bbox 1462 5536 1941 5603; baseline -0.002 -11"><span class='ocrx_word' id='word_1_561' title='bbox 1462 5540 1506 5571; x_wconf 75' lang='grc'>⁷⁸</span> <span class='ocrx_word' id='word_1_562' title='bbox 1548 5537 1659 5593; x_wconf 74' lang='lat' dir='ltr'><strong>los.</strong></span> <span class='ocrx_word' id='word_1_563' title='bbox 1710 5553 1801 5603; x_wconf 76' lang='lat' dir='ltr'><strong>XI,</strong></span> <span class='ocrx_word' id='word_1_564' title='bbox 1846 5536 1941 5592; x_wconf 72' lang='lat'><strong>25.</strong></span> 
     </span>
    </p>
   </div>
   <div class='ocr_carea' id='block_1_75' title="bbox 448 5795 1823 5874">
    <p class='ocr_par' dir='ltr' id='par_1_75' title="bbox 448 5795 1823 5874">
     <span class='ocr_line' id='line_1_75' title="bbox 448 5795 1823 5874; baseline -0.008 -20"><span class='ocrx_word' id='word_1_565' title='bbox 448 5802 558 5874; x_wconf 77' lang='grc' dir='ltr'><strong>(ΓΙ)</strong></span> <span class='ocrx_word' id='word_1_566' title='bbox 599 5801 754 5863; x_wconf 74' lang='lat' dir='ltr'><strong>Mss.,</strong></span> <span class='ocrx_word' id='word_1_567' title='bbox 788 5820 807 5852; x_wconf 70' lang='grc' dir='ltr'>ι</span> <span class='ocrx_word' id='word_1_568' title='bbox 839 5801 1092 5854; x_wconf 61' lang='lat' dir='ltr'><strong>dicitur.»</strong></span> <span class='ocrx_word' id='word_1_569' title='bbox 1129 5798 1283 5853; x_wconf 82' lang='lat' dir='ltr'><strong>Libb.</strong></span> <span class='ocrx_word' id='word_1_570' title='bbox 1310 5797 1461 5862; x_wconf 82' lang='lat' dir='ltr'><strong>editi,</strong></span> <span class='ocrx_word' id='word_1_571' title='bbox 1495 5814 1513 5847; x_wconf 68' lang='grc' dir='ltr'>ι</span> <span class='ocrx_word' id='word_1_572' title='bbox 1545 5795 1759 5850; x_wconf 80' lang='lat' dir='ltr'><strong>dicatur</strong></span> <span class='ocrx_word' id='word_1_573' title='bbox 1803 5810 1823 5843; x_wconf 72' lang='grc' dir='ltr'><strong><em>ο</em></strong></span> 
     </span>
    </p>
   </div>
   <div class='ocr_carea' id='block_1_76' title="bbox 697 5895 1317 5958">
    <p class='ocr_par' dir='ltr' id='par_1_76' title="bbox 697 5895 1317 5958">
     <span class='ocr_line' id='line_1_76' title="bbox 697 5895 1317 5958; baseline -0.008 -1"><span class='ocrx_word' id='word_1_574' title='bbox 697 5899 963 5958; x_wconf 54' lang='lat' dir='ltr'><strong>Parnm&quot;</strong></span> <span class='ocrx_word' id='word_1_575' title='bbox 1012 5896 1128 5956; x_wconf 79' lang='lat' dir='ltr'><strong>Gn.</strong></span> <span class='ocrx_word' id='word_1_576' title='bbox 1174 5895 1317 5957; x_wconf 82' lang='lat' dir='ltr'>XII.</span> 
     </span>
    </p>
   </div>
   <div class='ocr_carea' id='block_1_77' title="bbox 2038 5530 3250 5605">
    <p class='ocr_par' dir='ltr' id='par_1_77' title="bbox 2038 5530 3250 5605">
     <span class='ocr_line' id='line_1_77' title="bbox 2038 5530 3250 5605; baseline -0.005 -15"><span class='ocrx_word' id='word_1_577' title='bbox 2038 5538 2085 5571; x_wconf 73' lang='grc' dir='ltr'><strong>τ’</strong></span> <span class='ocrx_word' id='word_1_578' title='bbox 2141 5534 2206 5591; x_wconf 93' lang='lat' dir='ltr'><strong>III</strong></span> <span class='ocrx_word' id='word_1_579' title='bbox 2265 5533 2397 5605; x_wconf 77' lang='lat' dir='ltr'><strong>Reg.</strong></span> <span class='ocrx_word' id='word_1_580' title='bbox 2430 5548 2517 5600; x_wconf 86' lang='lat' dir='ltr'><strong>tv,</strong></span> <span class='ocrx_word' id='word_1_581' title='bbox 2553 5533 2643 5587; x_wconf 77' lang='lat'><strong>25.</strong></span> <span class='ocrx_word' id='word_1_582' title='bbox 2720 5532 2768 5564; x_wconf 83' lang='grc'>⁷³</span> <span class='ocrx_word' id='word_1_583' title='bbox 2815 5530 3124 5595; x_wconf 58' lang='lat' dir='ltr'><strong>Numam,</strong></span> <span class='ocrx_word' id='word_1_584' title='bbox 3160 5530 3250 5584; x_wconf 74' lang='grc' dir='ltr'><strong>ω.</strong></span> 
     </span>
    </p>
   </div>
   <div class='ocr_carea' id='block_1_78' title="bbox 2054 1947 3629 2021">
    <p class='ocr_par' dir='ltr' id='par_1_78' title="bbox 2054 1947 3629 2021">
     <span class='ocr_line' id='line_1_78' title="bbox 2054 1947 3629 2021; baseline 0.001 -17"><span class='ocrx_word' id='word_1_585' title='bbox 2054 1949 2235 2011; x_wconf 89' lang='lat' dir='ltr'><strong>ritum,</strong></span> <span class='ocrx_word' id='word_1_586' title='bbox 2265 1965 2373 2019; x_wconf 92' lang='lat' dir='ltr'><strong>quo</strong></span> <span class='ocrx_word' id='word_1_587' title='bbox 2398 1947 2541 2003; x_wconf 88' lang='lat' dir='ltr'><strong>Deus</strong></span> <span class='ocrx_word' id='word_1_588' title='bbox 2565 1958 2783 2004; x_wconf 87' lang='lat' dir='ltr'><strong>creator</strong></span> <span class='ocrx_word' id='word_1_589' title='bbox 2804 1951 3046 2004; x_wconf 91' lang='lat' dir='ltr'><strong>omnium</strong></span> <span class='ocrx_word' id='word_1_590' title='bbox 3071 1950 3139 2003; x_wconf 90' lang='lat' dir='ltr'><strong>ab</strong></span> <span class='ocrx_word' id='word_1_591' title='bbox 3163 1949 3629 2021; x_wconf 76' lang='lat' dir='ltr'><strong>humanogenere</strong></span> 
     </span>
    </p>
   </div>
   <div class='ocr_carea' id='block_1_79' title="bbox 2052 2040 3629 2113">
    <p class='ocr_par' dir='ltr' id='par_1_79' title="bbox 2052 2040 3629 2113">
     <span class='ocr_line' id='line_1_79' title="bbox 2052 2040 3629 2113; baseline 0.001 -17"><span class='ocrx_word' id='word_1_592' title='bbox 2052 2041 2155 2097; x_wconf 92' lang='lat' dir='ltr'><strong>coli</strong></span> <span class='ocrx_word' id='word_1_593' title='bbox 2176 2042 2395 2095; x_wconf 89' lang='lat' dir='ltr'><strong>deberet</strong></span> <span class='ocrx_word' id='word_1_594' title='bbox 2409 2042 2432 2094; x_wconf 80' lang='lat' dir='ltr'><strong>i</strong></span> <span class='ocrx_word' id='word_1_595' title='bbox 2448 2040 2553 2095; x_wconf 89' lang='lat' dir='ltr'><strong>Sed</strong></span> <span class='ocrx_word' id='word_1_596' title='bbox 2571 2041 2777 2111; x_wconf 80' lang='lat' dir='ltr'><strong>gratias</strong></span> <span class='ocrx_word' id='word_1_597' title='bbox 2794 2042 3047 2096; x_wconf 90' lang='lat' dir='ltr'><strong>adventui</strong></span> <span class='ocrx_word' id='word_1_598' title='bbox 3066 2042 3293 2107; x_wconf 87' lang='lat' dir='ltr'><strong>Christi,</strong></span> <span class='ocrx_word' id='word_1_599' title='bbox 3312 2042 3401 2113; x_wconf 89' lang='lat' dir='ltr'><strong>qui</strong></span> <span class='ocrx_word' id='word_1_600' title='bbox 3418 2045 3629 2098; x_wconf 87' lang='lat' dir='ltr'><strong>animas</strong></span> 
     </span>
    </p>
   </div>
   <div class='ocr_carea' id='block_1_80' title="bbox 2054 2133 3625 2197">
    <p class='ocr_par' dir='ltr' id='par_1_80' title="bbox 2054 2133 3625 2197">
     <span class='ocr_line' id='line_1_80' title="bbox 2054 2133 3625 2197; baseline 0.001 -10"><span class='ocrx_word' id='word_1_601' title='bbox 2054 2143 2271 2189; x_wconf 90' lang='lat' dir='ltr'><strong>nostras</strong></span> <span class='ocrx_word' id='word_1_602' title='bbox 2301 2133 2539 2188; x_wconf 80' lang='lat' dir='ltr'><strong>avellens</strong></span> <span class='ocrx_word' id='word_1_603' title='bbox 2562 2133 2629 2186; x_wconf 92' lang='lat' dir='ltr'><strong>ab</strong></span> <span class='ocrx_word' id='word_1_604' title='bbox 2656 2134 2758 2187; x_wconf 91' lang='lat' dir='ltr'><strong>hoc</strong></span> <span class='ocrx_word' id='word_1_605' title='bbox 2786 2133 3005 2197; x_wconf 91' lang='lat' dir='ltr'><strong>intuitu,</strong></span> <span class='ocrx_word' id='word_1_606' title='bbox 3036 2134 3103 2188; x_wconf 87' lang='lat' dir='ltr'><strong>ad</strong></span> <span class='ocrx_word' id='word_1_607' title='bbox 3130 2134 3625 2189; x_wconf 88' lang='lat' dir='ltr'><strong>considerationem</strong></span> 
     </span>
    </p>
   </div>
   <div class='ocr_carea' id='block_1_81' title="bbox 2052 2221 3633 2294">
    <p class='ocr_par' dir='ltr' id='par_1_81' title="bbox 2052 2221 3633 2294">
     <span class='ocr_line' id='line_1_81' title="bbox 2052 2221 3633 2294; baseline 0 -17"><span class='ocrx_word' id='word_1_608' title='bbox 2052 2222 2213 2294; x_wconf 81' lang='lat'><strong>357</strong></span> <span class='ocrx_word' id='word_1_609' title='bbox 2251 2222 2554 2277; x_wconf 76' lang='lat' dir='ltr'><strong>cmlestium</strong></span> <span class='ocrx_word' id='word_1_610' title='bbox 2599 2229 2655 2276; x_wconf 88' lang='lat' dir='ltr'><strong>et</strong></span> <span class='ocrx_word' id='word_1_611' title='bbox 2697 2221 3205 2290; x_wconf 86' lang='lat' dir='ltr'><strong>contemplationem</strong></span> <span class='ocrx_word' id='word_1_612' title='bbox 3242 2238 3423 2278; x_wconf 87' lang='lat' dir='ltr'><strong>rerum</strong></span> <span class='ocrx_word' id='word_1_613' title='bbox 3460 2225 3633 2293; x_wconf 89' lang='lat' dir='ltr'><strong>spiri-</strong></span> 
     </span>
    </p>
   </div>
   <div class='ocr_carea' id='block_1_82' title="bbox 2055 2311 3628 2382">
    <p class='ocr_par' dir='ltr' id='par_1_82' title="bbox 2055 2311 3628 2382">
     <span class='ocr_line' id='line_1_82' title="bbox 2055 2311 3628 2382; baseline 0 -16"><span class='ocrx_word' id='word_1_614' title='bbox 2055 2313 2241 2366; x_wconf 88' lang='lat' dir='ltr'><strong>talium</strong></span> <span class='ocrx_word' id='word_1_615' title='bbox 2274 2311 2527 2376; x_wconf 88' lang='lat' dir='ltr'><strong>contulit,</strong></span> <span class='ocrx_word' id='word_1_616' title='bbox 2557 2319 2611 2366; x_wconf 88' lang='lat' dir='ltr'><strong>et</strong></span> <span class='ocrx_word' id='word_1_617' title='bbox 2640 2312 2907 2366; x_wconf 85' lang='lat' dir='ltr'><strong>destruxit</strong></span> <span class='ocrx_word' id='word_1_618' title='bbox 2935 2312 3157 2382; x_wconf 86' lang='lat' dir='ltr'><strong>quidem</strong></span> <span class='ocrx_word' id='word_1_619' title='bbox 3182 2313 3267 2367; x_wconf 86' lang='lat' dir='ltr'><strong>illa</strong></span> <span class='ocrx_word' id='word_1_620' title='bbox 3293 2330 3412 2382; x_wconf 62' lang='lat' dir='ltr'><strong>quae</strong></span> <span class='ocrx_word' id='word_1_621' title='bbox 3434 2330 3628 2379; x_wconf 75' lang='lat' dir='ltr'><strong>magna</strong></span> 
     </span>
    </p>
   </div>
   <div class='ocr_carea' id='block_1_83' title="bbox 2054 2402 3633 2473">
    <p class='ocr_par' dir='ltr' id='par_1_83' title="bbox 2054 2402 3633 2473">
     <span class='ocr_line' id='line_1_83' title="bbox 2054 2402 3633 2473; baseline 0.004 -16"><span class='ocrx_word' id='word_1_622' title='bbox 2054 2404 2378 2460; x_wconf 88' lang='lat' dir='ltr'><strong>videbantur</strong></span> <span class='ocrx_word' id='word_1_623' title='bbox 2426 2406 2481 2458; x_wconf 90' lang='lat' dir='ltr'><strong>in</strong></span> <span class='ocrx_word' id='word_1_624' title='bbox 2535 2404 2734 2466; x_wconf 89' lang='lat' dir='ltr'><strong>terris,</strong></span> <span class='ocrx_word' id='word_1_625' title='bbox 2781 2402 3096 2473; x_wconf 89' lang='lat' dir='ltr'><strong>cultumque</strong></span> <span class='ocrx_word' id='word_1_626' title='bbox 3134 2405 3224 2460; x_wconf 92' lang='lat' dir='ltr'><strong>Dei</strong></span> <span class='ocrx_word' id='word_1_627' title='bbox 3259 2421 3287 2459; x_wconf 89' lang='lat' dir='ltr'><strong>a</strong></span> <span class='ocrx_word' id='word_1_628' title='bbox 3325 2408 3633 2463; x_wconf 85' lang='lat' dir='ltr'><strong>visibilibus</strong></span> 
     </span>
    </p>
   </div>
   <div class='ocr_carea' id='block_1_84' title="bbox 2052 2493 3625 2565">
    <p class='ocr_par' dir='ltr' id='par_1_84' title="bbox 2052 2493 3625 2565">
     <span class='ocr_line' id='line_1_84' title="bbox 2052 2493 3625 2565; baseline 0.003 -15"><span class='ocrx_word' id='word_1_629' title='bbox 2052 2497 2121 2552; x_wconf 88' lang='lat' dir='ltr'><strong>ad</strong></span> <span class='ocrx_word' id='word_1_630' title='bbox 2152 2495 2449 2551; x_wconf 87' lang='lat' dir='ltr'><strong>invisibilia</strong></span> <span class='ocrx_word' id='word_1_631' title='bbox 2487 2493 2786 2559; x_wconf 90' lang='lat' dir='ltr'><strong>transtulit,</strong></span> <span class='ocrx_word' id='word_1_632' title='bbox 2813 2504 2868 2549; x_wconf 87' lang='lat' dir='ltr'><strong>et</strong></span> <span class='ocrx_word' id='word_1_633' title='bbox 2898 2510 2927 2549; x_wconf 91' lang='lat' dir='ltr'><strong>a</strong></span> <span class='ocrx_word' id='word_1_634' title='bbox 2954 2497 3347 2565; x_wconf 89' lang='lat' dir='ltr'><strong>temporalibus</strong></span> <span class='ocrx_word' id='word_1_635' title='bbox 3373 2500 3441 2552; x_wconf 91' lang='lat' dir='ltr'><strong>ad</strong></span> <span class='ocrx_word' id='word_1_636' title='bbox 3468 2510 3625 2557; x_wconf 65' lang='lat' dir='ltr'><strong>teter.</strong></span> 
     </span>
    </p>
   </div>
   <div class='ocr_carea' id='block_1_85' title="bbox 2053 2586 3632 2655">
    <p class='ocr_par' dir='ltr' id='par_1_85' title="bbox 2053 2586 3632 2655">
     <span class='ocr_line' id='line_1_85' title="bbox 2053 2586 3632 2655; baseline 0.003 -12"><span class='ocrx_word' id='word_1_637' title='bbox 2053 2605 2144 2643; x_wconf 88' lang='lat' dir='ltr'><strong>na.</strong></span> <span class='ocrx_word' id='word_1_638' title='bbox 2180 2589 2284 2644; x_wconf 91' lang='lat' dir='ltr'><strong>Sed</strong></span> <span class='ocrx_word' id='word_1_639' title='bbox 2330 2602 2522 2642; x_wconf 87' lang='lat' dir='ltr'><strong>revera</strong></span> <span class='ocrx_word' id='word_1_640' title='bbox 2576 2588 2692 2655; x_wconf 90' lang='lat' dir='ltr'><strong>ipse</strong></span> <span class='ocrx_word' id='word_1_641' title='bbox 2748 2588 3010 2642; x_wconf 90' lang='lat' dir='ltr'><strong>Dominus</strong></span> <span class='ocrx_word' id='word_1_642' title='bbox 3067 2586 3225 2641; x_wconf 84' lang='lat' dir='ltr'><strong>Jesus</strong></span> <span class='ocrx_word' id='word_1_643' title='bbox 3276 2588 3527 2645; x_wconf 90' lang='lat' dir='ltr'><strong>Christus</strong></span> <span class='ocrx_word' id='word_1_644' title='bbox 3574 2604 3632 2648; x_wconf 89' lang='lat' dir='ltr'><strong>et</strong></span> 
     </span>
    </p>
   </div>
   <div class='ocr_carea' id='block_1_86' title="bbox 2054 2677 3633 2750">
    <p class='ocr_par' dir='ltr' id='par_1_86' title="bbox 2054 2677 3633 2750">
     <span class='ocr_line' id='line_1_86' title="bbox 2054 2677 3633 2750; baseline 0.003 -16"><span class='ocrx_word' id='word_1_645' title='bbox 2054 2695 2216 2736; x_wconf 85' lang='lat' dir='ltr'><strong>aures</strong></span> <span class='ocrx_word' id='word_1_646' title='bbox 2256 2679 2486 2747; x_wconf 90' lang='lat' dir='ltr'><strong>requirit</strong></span> <span class='ocrx_word' id='word_1_647' title='bbox 2517 2694 2637 2748; x_wconf 76' lang='lat' dir='ltr'><strong>quae</strong></span> <span class='ocrx_word' id='word_1_648' title='bbox 2670 2680 2783 2734; x_wconf 81' lang='lat' dir='ltr'><strong>haec</strong></span> <span class='ocrx_word' id='word_1_649' title='bbox 2819 2678 3043 2733; x_wconf 88' lang='lat' dir='ltr'><strong>audiant</strong></span> <span class='ocrx_word' id='word_1_650' title='bbox 3089 2687 3146 2732; x_wconf 87' lang='lat' dir='ltr'><strong>et</strong></span> <span class='ocrx_word' id='word_1_651' title='bbox 3177 2677 3363 2734; x_wconf 91' lang='lat' dir='ltr'><strong>oculos</strong></span> <span class='ocrx_word' id='word_1_652' title='bbox 3392 2682 3484 2750; x_wconf 86' lang='lat' dir='ltr'><strong>qui</strong></span> <span class='ocrx_word' id='word_1_653' title='bbox 3518 2683 3633 2739; x_wconf 83' lang='lat' dir='ltr'><strong>haec</strong></span> 
     </span>
    </p>
   </div>
   <div class='ocr_carea' id='block_1_87' title="bbox 2054 2769 3633 2845">
    <p class='ocr_par' dir='ltr' id='par_1_87' title="bbox 2054 2769 3633 2845">
     <span class='ocr_line' id='line_1_87' title="bbox 2054 2769 3633 2845; baseline 0.001 -20"><span class='ocrx_word' id='word_1_654' title='bbox 2054 2772 2289 2828; x_wconf 86' lang='lat' dir='ltr'><strong>videant.</strong></span> <span class='ocrx_word' id='word_1_655' title='bbox 2326 2771 2482 2827; x_wconf 84' lang='lat' dir='ltr'><strong>Unde</strong></span> <span class='ocrx_word' id='word_1_656' title='bbox 2507 2782 2560 2828; x_wconf 92' lang='lat' dir='ltr'><strong>et</strong></span> <span class='ocrx_word' id='word_1_657' title='bbox 2589 2786 2689 2826; x_wconf 90' lang='lat' dir='ltr'><strong>nos</strong></span> <span class='ocrx_word' id='word_1_658' title='bbox 2722 2785 2866 2824; x_wconf 92' lang='lat' dir='ltr'><strong>nunc</strong></span> <span class='ocrx_word' id='word_1_659' title='bbox 2906 2769 3080 2838; x_wconf 82' lang='lat' dir='ltr'><strong>legem</strong></span> <span class='ocrx_word' id='word_1_660' title='bbox 3128 2769 3313 2823; x_wconf 85' lang='lat' dir='ltr'><strong>datam</strong></span> <span class='ocrx_word' id='word_1_661' title='bbox 3350 2785 3447 2839; x_wconf 90' lang='lat' dir='ltr'><strong>per</strong></span> <span class='ocrx_word' id='word_1_662' title='bbox 3476 2771 3633 2845; x_wconf 63' lang='lat' dir='ltr'><strong>Moy-</strong></span> 
     </span>
    </p>
   </div>
   <div class='ocr_carea' id='block_1_88' title="bbox 2053 2859 3633 2925">
    <p class='ocr_par' dir='ltr' id='par_1_88' title="bbox 2053 2859 3633 2925">
     <span class='ocr_line' id='line_1_88' title="bbox 2053 2859 3633 2925; baseline 0.002 -6"><span class='ocrx_word' id='word_1_663' title='bbox 2053 2878 2165 2919; x_wconf 89' lang='lat' dir='ltr'><strong>sem</strong></span> <span class='ocrx_word' id='word_1_664' title='bbox 2191 2864 2454 2918; x_wconf 87' lang='lat' dir='ltr'><strong>habentes</strong></span> <span class='ocrx_word' id='word_1_665' title='bbox 2482 2863 2535 2916; x_wconf 90' lang='lat' dir='ltr'><strong>in</strong></span> <span class='ocrx_word' id='word_1_666' title='bbox 2572 2861 2843 2925; x_wconf 88' lang='lat' dir='ltr'><strong>manibus,</strong></span> <span class='ocrx_word' id='word_1_667' title='bbox 2865 2868 2920 2915; x_wconf 93' lang='lat' dir='ltr'><strong>et</strong></span> <span class='ocrx_word' id='word_1_668' title='bbox 2942 2859 3187 2915; x_wconf 90' lang='lat' dir='ltr'><strong>volentes</strong></span> <span class='ocrx_word' id='word_1_669' title='bbox 3203 2874 3323 2917; x_wconf 89' lang='lat' dir='ltr'><strong>eam</strong></span> <span class='ocrx_word' id='word_1_670' title='bbox 3345 2866 3633 2925; x_wconf 78' lang='lat' dir='ltr'><strong>ostendere</strong></span> 
     </span>
    </p>
   </div>
   <div class='ocr_carea' id='block_1_89' title="bbox 2054 2954 3633 3026">
    <p class='ocr_par' dir='ltr' id='par_1_89' title="bbox 2054 2954 3633 3026">
     <span class='ocr_line' id='line_1_89' title="bbox 2054 2954 3633 3026; baseline 0.001 -15"><span class='ocrx_word' id='word_1_671' title='bbox 2054 2960 2227 3026; x_wconf 84' lang='lat' dir='ltr'><strong>legem</strong></span> <span class='ocrx_word' id='word_1_672' title='bbox 2262 2970 2383 3011; x_wconf 87' lang='lat' dir='ltr'><strong>esse</strong></span> <span class='ocrx_word' id='word_1_673' title='bbox 2413 2955 2711 3026; x_wconf 89' lang='lat' dir='ltr'><strong>spiritalem</strong></span> <span class='ocrx_word' id='word_1_674' title='bbox 2741 2991 2756 3017; x_wconf 91' lang='lat'><strong>,</strong></span> <span class='ocrx_word' id='word_1_675' title='bbox 2794 2967 2956 3007; x_wconf 87' lang='lat' dir='ltr'><strong>aures</strong></span> <span class='ocrx_word' id='word_1_676' title='bbox 2991 2969 3021 3007; x_wconf 93' lang='lat' dir='ltr'><strong>a</strong></span> <span class='ocrx_word' id='word_1_677' title='bbox 3069 2954 3231 3010; x_wconf 87' lang='lat' dir='ltr'><strong>vobis</strong></span> <span class='ocrx_word' id='word_1_678' title='bbox 3252 2966 3307 3010; x_wconf 86' lang='lat' dir='ltr'><strong>et</strong></span> <span class='ocrx_word' id='word_1_679' title='bbox 3335 2958 3524 3015; x_wconf 89' lang='lat' dir='ltr'><strong>oculos</strong></span> <span class='ocrx_word' id='word_1_680' title='bbox 3553 2968 3633 3013; x_wconf 86' lang='lat' dir='ltr'><strong>ta-</strong></span> 
     </span>
    </p>
   </div>
   <div class='ocr_carea' id='block_1_90' title="bbox 2053 3042 3629 3117">
    <p class='ocr_par' dir='ltr' id='par_1_90' title="bbox 2053 3042 3629 3117">
     <span class='ocr_line' id='line_1_90' title="bbox 2053 3042 3629 3117; baseline 0.005 -21"><span class='ocrx_word' id='word_1_681' title='bbox 2053 3043 2131 3101; x_wconf 89' lang='lat' dir='ltr'><strong>les</strong></span> <span class='ocrx_word' id='word_1_682' title='bbox 2162 3048 2510 3117; x_wconf 88' lang='lat' dir='ltr'><strong>requirimus,</strong></span> <span class='ocrx_word' id='word_1_683' title='bbox 2555 3045 2647 3114; x_wconf 89' lang='lat' dir='ltr'><strong>qui</strong></span> <span class='ocrx_word' id='word_1_684' title='bbox 2689 3057 2794 3098; x_wconf 90' lang='lat' dir='ltr'><strong>non</strong></span> <span class='ocrx_word' id='word_1_685' title='bbox 2828 3043 2892 3096; x_wconf 88' lang='lat' dir='ltr'><strong>ad</strong></span> <span class='ocrx_word' id='word_1_686' title='bbox 2932 3042 3022 3098; x_wconf 80' lang='lat' dir='ltr'><strong>illa</strong></span> <span class='ocrx_word' id='word_1_687' title='bbox 3052 3058 3177 3113; x_wconf 75' lang='lat' dir='ltr'><strong>quae</strong></span> <span class='ocrx_word' id='word_1_688' title='bbox 3202 3055 3327 3101; x_wconf 90' lang='lat' dir='ltr'><strong>sunt</strong></span> <span class='ocrx_word' id='word_1_689' title='bbox 3351 3048 3629 3105; x_wconf 87' lang='lat' dir='ltr'><strong>destructa</strong></span> 
     </span>
    </p>
   </div>
   <div class='ocr_carea' id='block_1_91' title="bbox 2057 3133 3630 3207">
    <p class='ocr_par' dir='ltr' id='par_1_91' title="bbox 2057 3133 3630 3207">
     <span class='ocr_line' id='line_1_91' title="bbox 2057 3133 3630 3207; baseline 0.003 -16"><span class='ocrx_word' id='word_1_690' title='bbox 2057 3138 2374 3207; x_wconf 87' lang='lat' dir='ltr'><strong>respiciant,</strong></span> <span class='ocrx_word' id='word_1_691' title='bbox 2402 3138 2495 3193; x_wconf 88' lang='lat' dir='ltr'><strong>sed</strong></span> <span class='ocrx_word' id='word_1_692' title='bbox 2524 3136 2615 3204; x_wconf 92' lang='lat' dir='ltr'><strong>qui</strong></span> <span class='ocrx_word' id='word_1_693' title='bbox 2654 3133 2724 3188; x_wconf 91' lang='lat' dir='ltr'><strong>ibi</strong></span> <span class='ocrx_word' id='word_1_694' title='bbox 2756 3135 2871 3189; x_wconf 65' lang='lat' dir='ltr'><strong>haec</strong></span> <span class='ocrx_word' id='word_1_695' title='bbox 2902 3135 3206 3205; x_wconf 88' lang='lat' dir='ltr'><strong>requirant,</strong></span> <span class='ocrx_word' id='word_1_696' title='bbox 3252 3135 3338 3190; x_wconf 91' lang='lat' dir='ltr'><strong>ubi</strong></span> <span class='ocrx_word' id='word_1_697' title='bbox 3383 3137 3630 3203; x_wconf 79' lang='lat' dir='ltr'><strong>Christus</strong></span> 
     </span>
    </p>
   </div>
   <div class='ocr_carea' id='block_1_92' title="bbox 2057 3227 3629 3294">
    <p class='ocr_par' dir='ltr' id='par_1_92' title="bbox 2057 3227 3629 3294">
     <span class='ocr_line' id='line_1_92' title="bbox 2057 3227 3629 3294; baseline -0.001 -10"><span class='ocrx_word' id='word_1_698' title='bbox 2057 3241 2141 3285; x_wconf 91' lang='lat' dir='ltr'><strong>est</strong></span> <span class='ocrx_word' id='word_1_699' title='bbox 2196 3230 2249 3284; x_wconf 89' lang='lat' dir='ltr'><strong>in</strong></span> <span class='ocrx_word' id='word_1_700' title='bbox 2282 3230 2469 3284; x_wconf 80' lang='lat' dir='ltr'><strong>dextra</strong></span> <span class='ocrx_word' id='word_1_701' title='bbox 2516 3227 2609 3282; x_wconf 92' lang='lat' dir='ltr'><strong>Dei</strong></span> <span class='ocrx_word' id='word_1_702' title='bbox 2662 3227 2881 3291; x_wconf 89' lang='lat' dir='ltr'><strong>sedens,</strong></span> <span class='ocrx_word' id='word_1_703' title='bbox 2912 3235 2967 3280; x_wconf 93' lang='lat' dir='ltr'><strong>et</strong></span> <span class='ocrx_word' id='word_1_704' title='bbox 2992 3241 3112 3294; x_wconf 67' lang='lat' dir='ltr'><strong>quae</strong></span> <span class='ocrx_word' id='word_1_705' title='bbox 3142 3241 3356 3281; x_wconf 90' lang='lat' dir='ltr'><strong>sursum</strong></span> <span class='ocrx_word' id='word_1_706' title='bbox 3389 3239 3514 3283; x_wconf 88' lang='lat' dir='ltr'><strong>sunt</strong></span> <span class='ocrx_word' id='word_1_707' title='bbox 3543 3246 3629 3284; x_wconf 78' lang='lat' dir='ltr'><strong>sa-</strong></span> 
     </span>
    </p>
   </div>
   <div class='ocr_carea' id='block_1_93' title="bbox 2057 3317 3629 3391">
    <p class='ocr_par' dir='ltr' id='par_1_93' title="bbox 2057 3317 3629 3391">
     <span class='ocr_line' id='line_1_93' title="bbox 2057 3317 3629 3391; baseline -0.002 -16"><span class='ocrx_word' id='word_1_708' title='bbox 2057 3323 2229 3391; x_wconf 84' lang='lat' dir='ltr'><strong>piant,</strong></span> <span class='ocrx_word' id='word_1_709' title='bbox 2267 3337 2370 3375; x_wconf 92' lang='lat' dir='ltr'><strong>non</strong></span> <span class='ocrx_word' id='word_1_710' title='bbox 2399 3334 2520 3389; x_wconf 67' lang='lat' dir='ltr'><strong>qua:</strong></span> <span class='ocrx_word' id='word_1_711' title='bbox 2553 3328 2681 3373; x_wconf 89' lang='lat' dir='ltr'><strong>sunt</strong></span> <span class='ocrx_word' id='word_1_712' title='bbox 2715 3332 2885 3387; x_wconf 88' lang='lat' dir='ltr'><strong>supra</strong></span> <span class='ocrx_word' id='word_1_713' title='bbox 2923 3326 3101 3371; x_wconf 81' lang='lat' dir='ltr'><strong>terras</strong></span> <span class='ocrx_word' id='word_1_714' title='bbox 3127 3318 3193 3371; x_wconf 72' lang='lat'><strong>7&quot;.</strong></span> <span class='ocrx_word' id='word_1_715' title='bbox 3229 3317 3471 3372; x_wconf 86' lang='lat' dir='ltr'><strong>Sulﬁciat</strong></span> <span class='ocrx_word' id='word_1_716' title='bbox 3500 3335 3629 3389; x_wconf 83' lang='lat' dir='ltr'><strong>ergo</strong></span> 
     </span>
    </p>
   </div>
   <div class='ocr_carea' id='block_1_94' title="bbox 2059 3408 3629 3481">
    <p class='ocr_par' dir='ltr' id='par_1_94' title="bbox 2059 3408 3629 3481">
     <span class='ocr_line' id='line_1_94' title="bbox 2059 3408 3629 3481; baseline 0.002 -16"><span class='ocrx_word' id='word_1_717' title='bbox 2059 3414 2159 3466; x_wconf 89' lang='lat' dir='ltr'><strong>ista</strong></span> <span class='ocrx_word' id='word_1_718' title='bbox 2204 3411 2538 3481; x_wconf 81' lang='lat' dir='ltr'><strong>praetationis</strong></span> <span class='ocrx_word' id='word_1_719' title='bbox 2586 3410 2706 3464; x_wconf 93' lang='lat' dir='ltr'><strong>loco</strong></span> <span class='ocrx_word' id='word_1_720' title='bbox 2751 3424 2851 3479; x_wconf 89' lang='lat' dir='ltr'><strong>pro</strong></span> <span class='ocrx_word' id='word_1_721' title='bbox 2898 3408 2963 3463; x_wconf 92' lang='lat' dir='ltr'><strong>iis</strong></span> <span class='ocrx_word' id='word_1_722' title='bbox 3000 3422 3124 3476; x_wconf 65' lang='lat' dir='ltr'><strong>quas</strong></span> <span class='ocrx_word' id='word_1_723' title='bbox 3156 3409 3384 3474; x_wconf 80' lang='lat' dir='ltr'><strong>dicenda</strong></span> <span class='ocrx_word' id='word_1_724' title='bbox 3415 3420 3564 3478; x_wconf 89' lang='lat' dir='ltr'><strong>sunt,</strong></span> <span class='ocrx_word' id='word_1_725' title='bbox 3596 3428 3629 3468; x_wconf 90' lang='lat' dir='ltr'><strong>a</strong></span> 
     </span>
    </p>
   </div>
   <div class='ocr_carea' id='block_1_95' title="bbox 2058 3498 2695 3571">
    <p class='ocr_par' dir='ltr' id='par_1_95' title="bbox 2058 3498 2695 3571">
     <span class='ocr_line' id='line_1_95' title="bbox 2058 3498 2695 3571; baseline -0.006 -16"><span class='ocrx_word' id='word_1_726' title='bbox 2058 3502 2215 3557; x_wconf 92' lang='lat' dir='ltr'><strong>nobis</strong></span> <span class='ocrx_word' id='word_1_727' title='bbox 2243 3515 2364 3556; x_wconf 88' lang='lat' dir='ltr'><strong>esse</strong></span> <span class='ocrx_word' id='word_1_728' title='bbox 2396 3498 2695 3571; x_wconf 69' lang='lat' dir='ltr'><strong>praemissa.</strong></span> 
     </span>
    </p>
   </div>
   <div class='ocr_carea' id='block_1_96' title="bbox 2126 3590 3629 3660">
    <p class='ocr_par' dir='ltr' id='par_1_96' title="bbox 2126 3590 3629 3660">
     <span class='ocr_line' id='line_1_96' title="bbox 2126 3590 3629 3660; baseline 0.001 -14"><span class='ocrx_word' id='word_1_729' title='bbox 2126 3592 2182 3646; x_wconf 74' lang='lat'><strong>2.</strong></span> <span class='ocrx_word' id='word_1_730' title='bbox 2211 3590 2366 3647; x_wconf 88' lang='lat' dir='ltr'><strong>Nunc</strong></span> <span class='ocrx_word' id='word_1_731' title='bbox 2390 3600 2570 3647; x_wconf 79' lang='lat' dir='ltr'><strong>autem</strong></span> <span class='ocrx_word' id='word_1_732' title='bbox 2608 3594 2675 3647; x_wconf 88' lang='lat' dir='ltr'><strong>ad</strong></span> <span class='ocrx_word' id='word_1_733' title='bbox 2702 3606 2764 3647; x_wconf 82' lang='lat' dir='ltr'><strong>ea</strong></span> <span class='ocrx_word' id='word_1_734' title='bbox 2788 3590 2920 3660; x_wconf 90' lang='lat' dir='ltr'><strong>jam,</strong></span> <span class='ocrx_word' id='word_1_735' title='bbox 2967 3604 3088 3659; x_wconf 66' lang='lat' dir='ltr'><strong>qua:</strong></span> <span class='ocrx_word' id='word_1_736' title='bbox 3121 3591 3324 3660; x_wconf 86' lang='lat' dir='ltr'><strong>scripta</strong></span> <span class='ocrx_word' id='word_1_737' title='bbox 3348 3601 3499 3657; x_wconf 89' lang='lat' dir='ltr'><strong>sunt,</strong></span> <span class='ocrx_word' id='word_1_738' title='bbox 3536 3606 3629 3649; x_wconf 84' lang='lat' dir='ltr'><strong>ve-</strong></span> 
     </span>
    </p>
   </div>
   <div class='ocr_carea' id='block_1_97' title="bbox 2058 3681 3629 3749">
    <p class='ocr_par' dir='ltr' id='par_1_97' title="bbox 2058 3681 3629 3749">
     <span class='ocr_line' id='line_1_97' title="bbox 2058 3681 3629 3749; baseline -0.001 -12"><span class='ocrx_word' id='word_1_739' title='bbox 2058 3684 2293 3738; x_wconf 87' lang='lat' dir='ltr'><strong>niamus.</strong></span> <span class='ocrx_word' id='word_1_740' title='bbox 2350 3700 2369 3735; x_wconf 72' lang='grc' dir='ltr'>ι</span> <span class='ocrx_word' id='word_1_741' title='bbox 2405 3682 2473 3737; x_wconf 87' lang='lat' dir='ltr'><strong>Et</strong></span> <span class='ocrx_word' id='word_1_742' title='bbox 2514 3685 2730 3737; x_wconf 91' lang='lat' dir='ltr'><strong>locutus</strong></span> <span class='ocrx_word' id='word_1_743' title='bbox 2778 3691 2862 3736; x_wconf 93' lang='lat' dir='ltr'><strong>est</strong></span> <span class='ocrx_word' id='word_1_744' title='bbox 2888 3720 2904 3743; x_wconf 92' lang='lat'><strong>,</strong></span> <span class='ocrx_word' id='word_1_745' title='bbox 2965 3681 3141 3749; x_wconf 89' lang='lat' dir='ltr'><strong>inquit</strong></span> <span class='ocrx_word' id='word_1_746' title='bbox 3168 3683 3236 3746; x_wconf 79' lang='grc'><strong>⁷³,</strong></span> <span class='ocrx_word' id='word_1_747' title='bbox 3276 3683 3532 3737; x_wconf 90' lang='lat' dir='ltr'><strong>Dominus</strong></span> <span class='ocrx_word' id='word_1_748' title='bbox 3563 3685 3629 3736; x_wconf 87' lang='lat' dir='ltr'><strong>ad</strong></span> 
     </span>
    </p>
   </div>
   <div class='ocr_carea' id='block_1_98' title="bbox 2057 3773 3630 3846">
    <p class='ocr_par' dir='ltr' id='par_1_98' title="bbox 2057 3773 3630 3846">
     <span class='ocr_line' id='line_1_98' title="bbox 2057 3773 3630 3846; baseline -0.001 -16"><span class='ocrx_word' id='word_1_749' title='bbox 2057 3776 2280 3846; x_wconf 83' lang='lat' dir='ltr'><strong>Moysen</strong></span> <span class='ocrx_word' id='word_1_750' title='bbox 2310 3776 2498 3831; x_wconf 90' lang='lat' dir='ltr'><strong>dicens</strong></span> <span class='ocrx_word' id='word_1_751' title='bbox 2529 3792 2543 3828; x_wconf 88' lang='lat'><strong>:</strong></span> <span class='ocrx_word' id='word_1_752' title='bbox 2579 3775 2823 3843; x_wconf 84' lang='lat' dir='ltr'><strong>Praecipe</strong></span> <span class='ocrx_word' id='word_1_753' title='bbox 2877 3773 3001 3827; x_wconf 90' lang='lat' dir='ltr'><strong>ﬁliis</strong></span> <span class='ocrx_word' id='word_1_754' title='bbox 3061 3774 3246 3840; x_wconf 80' lang='lat' dir='ltr'><strong>ISrael,</strong></span> <span class='ocrx_word' id='word_1_755' title='bbox 3285 3784 3339 3829; x_wconf 88' lang='lat' dir='ltr'><strong>et</strong></span> <span class='ocrx_word' id='word_1_756' title='bbox 3383 3776 3533 3830; x_wconf 87' lang='lat' dir='ltr'><strong>dices</strong></span> <span class='ocrx_word' id='word_1_757' title='bbox 3564 3778 3630 3829; x_wconf 86' lang='lat' dir='ltr'><strong>ad</strong></span> 
     </span>
    </p>
   </div>
   <div class='ocr_carea' id='block_1_99' title="bbox 2055 3865 3631 3931">
    <p class='ocr_par' dir='ltr' id='par_1_99' title="bbox 2055 3865 3631 3931">
     <span class='ocr_line' id='line_1_99' title="bbox 2055 3865 3631 3931; baseline -0.002 -7"><span class='ocrx_word' id='word_1_758' title='bbox 2055 3883 2196 3924; x_wconf 89' lang='lat' dir='ltr'><strong>eos:</strong></span> <span class='ocrx_word' id='word_1_759' title='bbox 2233 3868 2455 3923; x_wconf 80' lang='lat' dir='ltr'><strong>Munera</strong></span> <span class='ocrx_word' id='word_1_760' title='bbox 2492 3881 2634 3931; x_wconf 88' lang='lat' dir='ltr'><strong>mea,</strong></span> <span class='ocrx_word' id='word_1_761' title='bbox 2676 3867 2799 3921; x_wconf 86' lang='lat' dir='ltr'><strong>data</strong></span> <span class='ocrx_word' id='word_1_762' title='bbox 2829 3880 2970 3929; x_wconf 87' lang='lat' dir='ltr'><strong>mea,</strong></span> <span class='ocrx_word' id='word_1_763' title='bbox 3007 3865 3216 3919; x_wconf 88' lang='lat' dir='ltr'><strong>hostias</strong></span> <span class='ocrx_word' id='word_1_764' title='bbox 3239 3880 3388 3920; x_wconf 88' lang='lat' dir='ltr'><strong>meas</strong></span> <span class='ocrx_word' id='word_1_765' title='bbox 3417 3867 3468 3920; x_wconf 92' lang='lat' dir='ltr'><strong>in</strong></span> <span class='ocrx_word' id='word_1_766' title='bbox 3500 3866 3631 3921; x_wconf 75' lang='lat' dir='ltr'><strong>odo~</strong></span> 
     </span>
    </p>
   </div>
   <div class='ocr_carea' id='block_1_100' title="bbox 2055 3956 3631 4023">
    <p class='ocr_par' dir='ltr' id='par_1_100' title="bbox 2055 3956 3631 4023">
     <span class='ocr_line' id='line_1_100' title="bbox 2055 3956 3631 4023; baseline -0.002 -8"><span class='ocrx_word' id='word_1_767' title='bbox 2055 3974 2169 4016; x_wconf 88' lang='lat' dir='ltr'><strong>rem</strong></span> <span class='ocrx_word' id='word_1_768' title='bbox 2225 3959 2512 4015; x_wconf 87' lang='lat' dir='ltr'><strong>suavitatis</strong></span> <span class='ocrx_word' id='word_1_769' title='bbox 2556 3958 2867 4023; x_wconf 89' lang='lat' dir='ltr'><strong>observate,</strong></span> <span class='ocrx_word' id='word_1_770' title='bbox 2897 3965 2956 4017; x_wconf 90' lang='lat' dir='ltr'><strong>ut</strong></span> <span class='ocrx_word' id='word_1_771' title='bbox 2986 3956 3228 4011; x_wconf 71' lang='lat' dir='ltr'><strong>offeratis</strong></span> <span class='ocrx_word' id='word_1_772' title='bbox 3264 3957 3395 4011; x_wconf 90' lang='lat' dir='ltr'><strong>mihi</strong></span> <span class='ocrx_word' id='word_1_773' title='bbox 3429 3958 3481 4011; x_wconf 92' lang='lat' dir='ltr'><strong>in</strong></span> <span class='ocrx_word' id='word_1_774' title='bbox 3517 3958 3631 4012; x_wconf 60' lang='lat' dir='ltr'><strong>tliec</strong></span> 
     </span>
    </p>
   </div>
   <div class='ocr_carea' id='block_1_101' title="bbox 2056 4046 3626 4114">
    <p class='ocr_par' dir='ltr' id='par_1_101' title="bbox 2056 4046 3626 4114">
     <span class='ocr_line' id='line_1_101' title="bbox 2056 4046 3626 4114; baseline -0.003 -6"><span class='ocrx_word' id='word_1_775' title='bbox 2056 4054 2157 4109; x_wconf 79' lang='lat' dir='ltr'><strong>ltus</strong></span> <span class='ocrx_word' id='word_1_776' title='bbox 2176 4054 2327 4109; x_wconf 81' lang='lat' dir='ltr'><strong>testis</strong></span> <span class='ocrx_word' id='word_1_777' title='bbox 2352 4052 2504 4113; x_wconf 90' lang='lat' dir='ltr'><strong>meis,</strong></span> <span class='ocrx_word' id='word_1_778' title='bbox 2524 4060 2578 4107; x_wconf 89' lang='lat' dir='ltr'><strong>et</strong></span> <span class='ocrx_word' id='word_1_779' title='bbox 2592 4051 2740 4106; x_wconf 88' lang='lat' dir='ltr'><strong>dices</strong></span> <span class='ocrx_word' id='word_1_780' title='bbox 2760 4049 2829 4102; x_wconf 88' lang='lat' dir='ltr'><strong>ad</strong></span> <span class='ocrx_word' id='word_1_781' title='bbox 2852 4063 2947 4103; x_wconf 92' lang='lat' dir='ltr'><strong>eos</strong></span> <span class='ocrx_word' id='word_1_782' title='bbox 2968 4064 2982 4100; x_wconf 89' lang='lat'><strong>:</strong></span> <span class='ocrx_word' id='word_1_783' title='bbox 3005 4046 3097 4101; x_wconf 83' lang='lat' dir='ltr'><strong>Hae</strong></span> <span class='ocrx_word' id='word_1_784' title='bbox 3114 4056 3238 4101; x_wconf 89' lang='lat' dir='ltr'><strong>sunt</strong></span> <span class='ocrx_word' id='word_1_785' title='bbox 3265 4048 3454 4103; x_wconf 71' lang='lat' dir='ltr'><strong>hostiae</strong></span> <span class='ocrx_word' id='word_1_786' title='bbox 3471 4065 3626 4114; x_wconf 79' lang='lat' dir='ltr'><strong>meas,</strong></span> 
     </span>
    </p>
   </div>
   <div class='ocr_carea' id='block_1_102' title="bbox 2055 4138 3628 4216">
    <p class='ocr_par' dir='ltr' id='par_1_102' title="bbox 2055 4138 3628 4216">
     <span class='ocr_line' id='line_1_102' title="bbox 2055 4138 3628 4216; baseline -0.003 -16"><span class='ocrx_word' id='word_1_787' title='bbox 2055 4161 2190 4216; x_wconf 86' lang='lat' dir='ltr'><strong>quas</strong></span> <span class='ocrx_word' id='word_1_788' title='bbox 2225 4144 2471 4201; x_wconf 79' lang='lat' dir='ltr'><strong>oﬁ‘eratis</strong></span> <span class='ocrx_word' id='word_1_789' title='bbox 2498 4142 2748 4198; x_wconf 90' lang='lat' dir='ltr'><strong>Domino.</strong></span> <span class='ocrx_word' id='word_1_790' title='bbox 2781 4160 2801 4192; x_wconf 75' lang='grc' dir='ltr'><strong><em>ι</em></strong></span> <span class='ocrx_word' id='word_1_791' title='bbox 2838 4138 3009 4194; x_wconf 85' lang='lat' dir='ltr'><strong>Nemo</strong></span> <span class='ocrx_word' id='word_1_792' title='bbox 3038 4154 3190 4193; x_wconf 92' lang='lat' dir='ltr'><strong>suum</strong></span> <span class='ocrx_word' id='word_1_793' title='bbox 3238 4138 3441 4209; x_wconf 85' lang='lat' dir='ltr'><strong>aliquid</strong></span> <span class='ocrx_word' id='word_1_794' title='bbox 3474 4140 3628 4197; x_wconf 74' lang='lat' dir='ltr'><strong>olfert</strong></span> 
     </span>
    </p>
   </div>
   <div class='ocr_carea' id='block_1_103' title="bbox 2054 4229 3626 4302">
    <p class='ocr_par' dir='ltr' id='par_1_103' title="bbox 2054 4229 3626 4302">
     <span class='ocr_line' id='line_1_103' title="bbox 2054 4229 3626 4302; baseline -0.003 -13"><span class='ocrx_word' id='word_1_795' title='bbox 2054 4235 2187 4300; x_wconf 90' lang='lat' dir='ltr'><strong>Deo,</strong></span> <span class='ocrx_word' id='word_1_796' title='bbox 2224 4240 2321 4289; x_wconf 83' lang='lat' dir='ltr'><strong>sed</strong></span> <span class='ocrx_word' id='word_1_797' title='bbox 2352 4235 2497 4302; x_wconf 90' lang='lat' dir='ltr'><strong>quod</strong></span> <span class='ocrx_word' id='word_1_798' title='bbox 2531 4232 2688 4289; x_wconf 84' lang='lat' dir='ltr'><strong>oll‘ert</strong></span> <span class='ocrx_word' id='word_1_799' title='bbox 2721 4229 2931 4287; x_wconf 89' lang='lat' dir='ltr'><strong>Domini</strong></span> <span class='ocrx_word' id='word_1_800' title='bbox 2967 4237 3092 4294; x_wconf 87' lang='lat' dir='ltr'><strong>est,</strong></span> <span class='ocrx_word' id='word_1_801' title='bbox 3122 4238 3193 4297; x_wconf 38' lang='lat' dir='ltr'><strong>,et</strong></span> <span class='ocrx_word' id='word_1_802' title='bbox 3232 4245 3337 4284; x_wconf 91' lang='lat' dir='ltr'><strong>non</strong></span> <span class='ocrx_word' id='word_1_803' title='bbox 3388 4241 3497 4285; x_wconf 89' lang='lat' dir='ltr'><strong>tam</strong></span> <span class='ocrx_word' id='word_1_804' title='bbox 3530 4247 3626 4285; x_wconf 86' lang='lat' dir='ltr'><strong>sua</strong></span> 
     </span>
    </p>
   </div>
   <div class='ocr_carea' id='block_1_104' title="bbox 2055 4323 3625 4396">
    <p class='ocr_par' dir='ltr' id='par_1_104' title="bbox 2055 4323 3625 4396">
     <span class='ocr_line' id='line_1_104' title="bbox 2055 4323 3625 4396; baseline -0.001 -15"><span class='ocrx_word' id='word_1_805' title='bbox 2055 4327 2178 4396; x_wconf 82' lang='lat' dir='ltr'><strong>quis</strong></span> <span class='ocrx_word' id='word_1_806' title='bbox 2228 4323 2385 4380; x_wconf 75' lang='lat' dir='ltr'><strong>olfert</strong></span> <span class='ocrx_word' id='word_1_807' title='bbox 2436 4323 2569 4386; x_wconf 90' lang='lat' dir='ltr'><strong>Deo,</strong></span> <span class='ocrx_word' id='word_1_808' title='bbox 2603 4338 2767 4391; x_wconf 75' lang='lat' dir='ltr'><strong>quam</strong></span> <span class='ocrx_word' id='word_1_809' title='bbox 2804 4323 2905 4387; x_wconf 80' lang='lat' dir='ltr'><strong>ipsi</strong></span> <span class='ocrx_word' id='word_1_810' title='bbox 2948 4336 3071 4392; x_wconf 56' lang='lat' dir='ltr'><strong>quae.</strong></span> <span class='ocrx_word' id='word_1_811' title='bbox 3117 4336 3214 4375; x_wconf 88' lang='lat' dir='ltr'><strong>sua</strong></span> <span class='ocrx_word' id='word_1_812' title='bbox 3268 4329 3396 4376; x_wconf 88' lang='lat' dir='ltr'><strong>sunt</strong></span> <span class='ocrx_word' id='word_1_813' title='bbox 3430 4324 3625 4379; x_wconf 87' lang='lat' dir='ltr'><strong>reddit.</strong></span> 
     </span>
    </p>
   </div>
   <div class='ocr_carea' id='block_1_105' title="bbox 2054 4411 3629 4488">
    <p class='ocr_par' dir='ltr' id='par_1_105' title="bbox 2054 4411 3629 4488">
     <span class='ocr_line' id='line_1_105' title="bbox 2054 4411 3629 4488; baseline -0.003 -15"><span class='ocrx_word' id='word_1_814' title='bbox 2054 4419 2353 4488; x_wconf 87' lang='lat' dir='ltr'><strong>Propterea</strong></span> <span class='ocrx_word' id='word_1_815' title='bbox 2395 4430 2526 4486; x_wconf 84' lang='lat' dir='ltr'><strong>ergo</strong></span> <span class='ocrx_word' id='word_1_816' title='bbox 2580 4413 2768 4469; x_wconf 87' lang='lat' dir='ltr'><strong>volens</strong></span> <span class='ocrx_word' id='word_1_817' title='bbox 2816 4411 3081 4465; x_wconf 82' lang='lat' dir='ltr'><strong>Dominus</strong></span> <span class='ocrx_word' id='word_1_818' title='bbox 3130 4414 3530 4469; x_wconf 83' lang='lat' dir='ltr'><strong>sacriﬁciorum</strong></span> <span class='ocrx_word' id='word_1_819' title='bbox 3572 4426 3629 4469; x_wconf 75' lang='lat' dir='ltr'><strong>et</strong></span> 
     </span>
    </p>
   </div>
   <div class='ocr_carea' id='block_1_106' title="bbox 1978 4502 3626 4600">
    <p class='ocr_par' dir='ltr' id='par_1_106' title="bbox 1978 4502 3626 4600">
     <span class='ocr_line' id='line_1_106' title="bbox 1978 4502 3626 4600; baseline -0.004 -33"><span class='ocrx_word' id='word_1_820' title='bbox 1978 4541 2025 4600; x_wconf 64' lang='grc' dir='ltr'><strong>Β</strong></span> <span class='ocrx_word' id='word_1_821' title='bbox 2056 4525 2339 4566; x_wconf 92' lang='lat' dir='ltr'><strong>munerum</strong></span> <span class='ocrx_word' id='word_1_822' title='bbox 2386 4505 2788 4562; x_wconf 69' lang='lat' dir='ltr'><strong>oll‘erendorum</strong></span> <span class='ocrx_word' id='word_1_823' title='bbox 2836 4502 2940 4557; x_wconf 89' lang='lat' dir='ltr'><strong>sibi</strong></span> <span class='ocrx_word' id='word_1_824' title='bbox 2995 4502 3065 4556; x_wconf 89' lang='lat' dir='ltr'><strong>ab</strong></span> <span class='ocrx_word' id='word_1_825' title='bbox 3122 4502 3435 4558; x_wconf 91' lang='lat' dir='ltr'><strong>hominibus</strong></span> <span class='ocrx_word' id='word_1_826' title='bbox 3480 4505 3626 4574; x_wconf 86' lang='lat' dir='ltr'><strong>leges</strong></span> 
     </span>
    </p>
   </div>
   <div class='ocr_carea' id='block_1_107' title="bbox 2052 4592 3627 4668">
    <p class='ocr_par' dir='ltr' id='par_1_107' title="bbox 2052 4592 3627 4668">
     <span class='ocr_line' id='line_1_107' title="bbox 2052 4592 3627 4668; baseline -0.004 -10"><span class='ocrx_word' id='word_1_827' title='bbox 2052 4603 2315 4664; x_wconf 89' lang='lat' dir='ltr'><strong>scribere,</strong></span> <span class='ocrx_word' id='word_1_828' title='bbox 2373 4598 2549 4668; x_wconf 90' lang='lat' dir='ltr'><strong>primo</strong></span> <span class='ocrx_word' id='word_1_829' title='bbox 2597 4595 2839 4651; x_wconf 91' lang='lat' dir='ltr'><strong>omnium</strong></span> <span class='ocrx_word' id='word_1_830' title='bbox 2875 4594 3137 4663; x_wconf 88' lang='lat' dir='ltr'><strong>ipsorum,</strong></span> <span class='ocrx_word' id='word_1_831' title='bbox 3179 4607 3300 4661; x_wconf 63' lang='lat' dir='ltr'><strong>quae</strong></span> <span class='ocrx_word' id='word_1_832' title='bbox 3353 4592 3627 4651; x_wconf 80' lang='lat' dir='ltr'><strong>oﬁ‘erenda</strong></span> 
     </span>
    </p>
   </div>
   <div class='ocr_carea' id='block_1_108' title="bbox 2052 4683 3626 4760">
    <p class='ocr_par' dir='ltr' id='par_1_108' title="bbox 2052 4683 3626 4760">
     <span class='ocr_line' id='line_1_108' title="bbox 2052 4683 3626 4760; baseline -0.008 -12"><span class='ocrx_word' id='word_1_833' title='bbox 2052 4701 2232 4756; x_wconf 88' lang='lat' dir='ltr'><strong>erant,</strong></span> <span class='ocrx_word' id='word_1_834' title='bbox 2292 4691 2469 4760; x_wconf 88' lang='lat' dir='ltr'><strong>aperit</strong></span> <span class='ocrx_word' id='word_1_835' title='bbox 2522 4688 2787 4742; x_wconf 88' lang='lat' dir='ltr'><strong>rationem</strong></span> <span class='ocrx_word' id='word_1_836' title='bbox 2829 4695 2885 4740; x_wconf 91' lang='lat' dir='ltr'><strong>et</strong></span> <span class='ocrx_word' id='word_1_837' title='bbox 2933 4686 3116 4739; x_wconf 87' lang='lat' dir='ltr'><strong>dicit:</strong></span> <span class='ocrx_word' id='word_1_838' title='bbox 3152 4702 3170 4737; x_wconf 72' lang='grc' dir='ltr'><strong>ε</strong></span> <span class='ocrx_word' id='word_1_839' title='bbox 3210 4683 3430 4740; x_wconf 81' lang='lat' dir='ltr'><strong>Munera</strong></span> <span class='ocrx_word' id='word_1_840' title='bbox 3484 4702 3626 4749; x_wconf 75' lang='lat' dir='ltr'><strong>mea,</strong></span> 
     </span>
    </p>
   </div>
   <div class='ocr_carea' id='block_1_109' title="bbox 2053 4776 3627 4847">
    <p class='ocr_par' dir='ltr' id='par_1_109' title="bbox 2053 4776 3627 4847">
     <span class='ocr_line' id='line_1_109' title="bbox 2053 4776 3627 4847; baseline -0.008 -9"><span class='ocrx_word' id='word_1_841' title='bbox 2053 4784 2176 4838; x_wconf 90' lang='lat' dir='ltr'><strong>data</strong></span> <span class='ocrx_word' id='word_1_842' title='bbox 2211 4795 2354 4847; x_wconf 86' lang='lat' dir='ltr'><strong>mea,</strong></span> <span class='ocrx_word' id='word_1_843' title='bbox 2385 4779 2652 4836; x_wconf 88' lang='lat' dir='ltr'><strong>sacriﬁcia</strong></span> <span class='ocrx_word' id='word_1_844' title='bbox 2683 4792 2800 4830; x_wconf 91' lang='lat' dir='ltr'><strong>mea</strong></span> <span class='ocrx_word' id='word_1_845' title='bbox 2857 4776 2908 4831; x_wconf 93' lang='lat' dir='ltr'><strong>in</strong></span> <span class='ocrx_word' id='word_1_846' title='bbox 2951 4776 3173 4831; x_wconf 89' lang='lat' dir='ltr'><strong>odorem</strong></span> <span class='ocrx_word' id='word_1_847' title='bbox 3212 4776 3495 4829; x_wconf 86' lang='lat' dir='ltr'><strong>suavitatis</strong></span> <span class='ocrx_word' id='word_1_848' title='bbox 3527 4776 3627 4827; x_wconf 88' lang='lat' dir='ltr'><strong>ob-</strong></span> 
     </span>
    </p>
   </div>
   <div class='ocr_carea' id='block_1_110' title="bbox 2052 4865 3620 4937">
    <p class='ocr_par' dir='ltr' id='par_1_110' title="bbox 2052 4865 3620 4937">
     <span class='ocr_line' id='line_1_110' title="bbox 2052 4865 3620 4937; baseline -0.009 -7"><span class='ocrx_word' id='word_1_849' title='bbox 2052 4882 2303 4937; x_wconf 89' lang='lat' dir='ltr'><strong>servate,</strong></span> <span class='ocrx_word' id='word_1_850' title='bbox 2350 4882 2410 4927; x_wconf 94' lang='lat' dir='ltr'><strong>ut</strong></span> <span class='ocrx_word' id='word_1_851' title='bbox 2455 4869 2700 4927; x_wconf 81' lang='lat' dir='ltr'><strong>oﬁ‘eratis</strong></span> <span class='ocrx_word' id='word_1_852' title='bbox 2748 4869 2879 4923; x_wconf 89' lang='lat' dir='ltr'><strong>ntihi</strong></span> <span class='ocrx_word' id='word_1_853' title='bbox 2912 4868 2967 4923; x_wconf 90' lang='lat' dir='ltr'><strong>in</strong></span> <span class='ocrx_word' id='word_1_854' title='bbox 3001 4868 3191 4923; x_wconf 88' lang='lat' dir='ltr'><strong>diebus</strong></span> <span class='ocrx_word' id='word_1_855' title='bbox 3218 4865 3370 4921; x_wconf 84' lang='lat' dir='ltr'><strong>festis</strong></span> <span class='ocrx_word' id='word_1_856' title='bbox 3414 4866 3566 4919; x_wconf 85' lang='lat' dir='ltr'><strong>meis.</strong></span> <span class='ocrx_word' id='word_1_857' title='bbox 3601 4880 3620 4917; x_wconf 66' lang='grc' dir='ltr'><strong><em>ι</em></strong></span> 
     </span>
    </p>
   </div>
   <div class='ocr_carea' id='block_1_111' title="bbox 2055 4958 3626 5033">
    <p class='ocr_par' dir='ltr' id='par_1_111' title="bbox 2055 4958 3626 5033">
     <span class='ocr_line' id='line_1_111' title="bbox 2055 4958 3626 5033; baseline -0.006 -14"><span class='ocrx_word' id='word_1_858' title='bbox 2055 4966 2201 5030; x_wconf 75' lang='lat' dir='ltr'><strong>llaec,</strong></span> <span class='ocrx_word' id='word_1_859' title='bbox 2235 4964 2431 5033; x_wconf 89' lang='lat' dir='ltr'><strong>inquit,</strong></span> <span class='ocrx_word' id='word_1_860' title='bbox 2475 4976 2699 5017; x_wconf 88' lang='lat' dir='ltr'><strong>munera</strong></span> <span class='ocrx_word' id='word_1_861' title='bbox 2745 4961 2811 5015; x_wconf 89' lang='lat' dir='ltr'><strong>de</strong></span> <span class='ocrx_word' id='word_1_862' title='bbox 2843 4958 3040 5029; x_wconf 89' lang='lat' dir='ltr'><strong>quibus</strong></span> <span class='ocrx_word' id='word_1_863' title='bbox 3074 4958 3224 5013; x_wconf 86' lang='lat' dir='ltr'><strong>vobis</strong></span> <span class='ocrx_word' id='word_1_864' title='bbox 3259 4965 3626 5027; x_wconf 68' lang='lat' dir='ltr'><strong>praecepturns</strong></span> 
     </span>
    </p>
   </div>
   <div class='ocr_carea' id='block_1_112' title="bbox 2049 5047 3622 5112">
    <p class='ocr_par' dir='ltr' id='par_1_112' title="bbox 2049 5047 3622 5112">
     <span class='ocr_line' id='line_1_112' title="bbox 2049 5047 3622 5112; baseline -0.008 0"><span class='ocrx_word' id='word_1_865' title='bbox 2049 5072 2171 5112; x_wconf 93' lang='lat' dir='ltr'><strong>sum</strong></span> <span class='ocrx_word' id='word_1_866' title='bbox 2203 5066 2263 5111; x_wconf 92' lang='lat' dir='ltr'><strong>ut</strong></span> <span class='ocrx_word' id='word_1_867' title='bbox 2287 5055 2533 5111; x_wconf 74' lang='lat' dir='ltr'><strong>oﬂeratis</strong></span> <span class='ocrx_word' id='word_1_868' title='bbox 2582 5054 2715 5108; x_wconf 90' lang='lat' dir='ltr'><strong>mihi</strong></span> <span class='ocrx_word' id='word_1_869' title='bbox 2765 5054 2816 5107; x_wconf 91' lang='lat' dir='ltr'><strong>in</strong></span> <span class='ocrx_word' id='word_1_870' title='bbox 2872 5052 3066 5107; x_wconf 91' lang='lat' dir='ltr'><strong>diebus</strong></span> <span class='ocrx_word' id='word_1_871' title='bbox 3104 5050 3262 5105; x_wconf 89' lang='lat' dir='ltr'><strong>l‘estis</strong></span> <span class='ocrx_word' id='word_1_872' title='bbox 3305 5049 3461 5111; x_wconf 81' lang='lat' dir='ltr'><strong>meis,</strong></span> <span class='ocrx_word' id='word_1_873' title='bbox 3496 5047 3622 5101; x_wconf 80' lang='lat' dir='ltr'><strong>data</strong></span> 
     </span>
    </p>
   </div>
   <div class='ocr_carea' id='block_1_113' title="bbox 2050 5139 3622 5215">
    <p class='ocr_par' dir='ltr' id='par_1_113' title="bbox 2050 5139 3622 5215">
     <span class='ocr_line' id='line_1_113' title="bbox 2050 5139 3622 5215; baseline -0.01 -11"><span class='ocrx_word' id='word_1_874' title='bbox 2050 5166 2167 5206; x_wconf 90' lang='lat' dir='ltr'><strong>mea</strong></span> <span class='ocrx_word' id='word_1_875' title='bbox 2204 5158 2357 5215; x_wconf 88' lang='lat' dir='ltr'><strong>sunt,</strong></span> <span class='ocrx_word' id='word_1_876' title='bbox 2387 5149 2491 5204; x_wconf 92' lang='lat' dir='ltr'><strong>hoc</strong></span> <span class='ocrx_word' id='word_1_877' title='bbox 2517 5155 2633 5210; x_wconf 89' lang='lat' dir='ltr'><strong>est,</strong></span> <span class='ocrx_word' id='word_1_878' title='bbox 2673 5161 2702 5199; x_wconf 88' lang='lat' dir='ltr'><strong>a</strong></span> <span class='ocrx_word' id='word_1_879' title='bbox 2738 5159 2823 5198; x_wconf 89' lang='lat' dir='ltr'><strong>me</strong></span> <span class='ocrx_word' id='word_1_880' title='bbox 2849 5142 3007 5199; x_wconf 88' lang='lat' dir='ltr'><strong>vobis</strong></span> <span class='ocrx_word' id='word_1_881' title='bbox 3038 5142 3249 5197; x_wconf 88' lang='lat' dir='ltr'><strong>dantur.</strong></span> <span class='ocrx_word' id='word_1_882' title='bbox 3288 5140 3329 5194; x_wconf 84' lang='lat' dir='ltr'><strong>A</strong></span> <span class='ocrx_word' id='word_1_883' title='bbox 3365 5155 3450 5193; x_wconf 85' lang='lat' dir='ltr'><strong>me</strong></span> <span class='ocrx_word' id='word_1_884' title='bbox 3480 5139 3622 5193; x_wconf 90' lang='lat' dir='ltr'><strong>enim</strong></span> 
     </span>
    </p>
   </div>
   <div class='ocr_carea' id='block_1_114' title="bbox 2048 5228 3622 5308">
    <p class='ocr_par' dir='ltr' id='par_1_114' title="bbox 2048 5228 3622 5308">
     <span class='ocr_line' id='line_1_114' title="bbox 2048 5228 3622 5308; baseline -0.009 -12"><span class='ocrx_word' id='word_1_885' title='bbox 2048 5251 2246 5296; x_wconf 90' lang='lat' dir='ltr'><strong>cuncta</strong></span> <span class='ocrx_word' id='word_1_886' title='bbox 2296 5254 2419 5308; x_wconf 65' lang='lat' dir='ltr'><strong>quae</strong></span> <span class='ocrx_word' id='word_1_887' title='bbox 2464 5239 2625 5293; x_wconf 88' lang='lat' dir='ltr'><strong>habet</strong></span> <span class='ocrx_word' id='word_1_888' title='bbox 2676 5235 2972 5289; x_wconf 86' lang='lat' dir='ltr'><strong>humanum</strong></span> <span class='ocrx_word' id='word_1_889' title='bbox 3024 5234 3255 5304; x_wconf 84' lang='lat' dir='ltr'><strong>percipit</strong></span> <span class='ocrx_word' id='word_1_890' title='bbox 3311 5246 3502 5300; x_wconf 89' lang='lat' dir='ltr'><strong>genus.</strong></span> <span class='ocrx_word' id='word_1_891' title='bbox 3544 5228 3622 5283; x_wconf 83' lang='lat' dir='ltr'><strong>Ne</strong></span> 
     </span>
    </p>
   </div>
   <div class='ocr_carea' id='block_1_115' title="bbox 2053 5317 3618 5399">
    <p class='ocr_par' dir='ltr' id='par_1_115' title="bbox 2053 5317 3618 5399">
     <span class='ocr_line' id='line_1_115' title="bbox 2053 5317 3618 5399; baseline -0.005 -18"><span class='ocrx_word' id='word_1_892' title='bbox 2053 5330 2169 5399; x_wconf 86' lang='lat' dir='ltr'><strong>quis</strong></span> <span class='ocrx_word' id='word_1_893' title='bbox 2198 5343 2329 5392; x_wconf 74' lang='lat' dir='ltr'><strong>ergo</strong></span> <span class='ocrx_word' id='word_1_894' title='bbox 2360 5329 2417 5383; x_wconf 92' lang='lat' dir='ltr'><strong>in</strong></span> <span class='ocrx_word' id='word_1_895' title='bbox 2457 5325 2754 5382; x_wconf 79' lang='lat' dir='ltr'><strong>oﬂerendis</strong></span> <span class='ocrx_word' id='word_1_896' title='bbox 2801 5324 3118 5379; x_wconf 89' lang='lat' dir='ltr'><strong>muneribus</strong></span> <span class='ocrx_word' id='word_1_897' title='bbox 3147 5321 3397 5379; x_wconf 88' lang='lat' dir='ltr'><strong>beneﬁcii</strong></span> <span class='ocrx_word' id='word_1_898' title='bbox 3431 5335 3488 5375; x_wconf 89' lang='lat' dir='ltr'><strong>se</strong></span> <span class='ocrx_word' id='word_1_899' title='bbox 3517 5317 3618 5374; x_wconf 82' lang='lat' dir='ltr'><strong>ali-</strong></span> 
     </span>
    </p>
   </div>
   <div class='ocr_carea' id='block_1_116' title="bbox 3327 5526 3614 5583">
    <p class='ocr_par' dir='ltr' id='par_1_116' title="bbox 3327 5526 3614 5583">
     <span class='ocr_line' id='line_1_116' title="bbox 3327 5526 3614 5583; baseline -0.003 -1"><span class='ocrx_word' id='word_1_900' title='bbox 3327 5528 3371 5562; x_wconf 66' lang='grc'><strong>⁷⁵</strong></span> <span class='ocrx_word' id='word_1_901' title='bbox 3408 5526 3614 5583; x_wconf 81' lang='lat' dir='ltr'><strong>Coloss.</strong></span> 
     </span>
    </p>
   </div>
   <div class='ocr_carea' id='block_1_117' title="bbox 3234 5877 3306 5935">
    <p class='ocr_par' dir='ltr' id='par_1_117' title="bbox 3234 5877 3306 5935">
     <span class='ocr_line' id='line_1_117' title="bbox 3234 5877 3306 5935; baseline 0 -2"><span class='ocrx_word' id='word_1_902' title='bbox 3234 5877 3306 5935; x_wconf 67' lang='grc' dir='ltr'>ΞΑ</span> 
     </span>
    </p>
   </div>
  </div>
