4086 6218
443 358 544 413 749

1601 357 1670 412 IN
1703 356 2041 414 NUMEROS
2074 353 2359 413 HOMILIA
2386 354 2578 411 XXIII.

3603 356 3713 413 750

443 476 789 535 Sacriﬁcium
827 489 1083 547 namque,
1114 476 1259 547 quod
1309 475 1685 533 indesinenter
1714 489 1769 534 et
1823 481 1875 534 in
1905 495 2027 533 ma-
2056 481 2105 541 λ
2128 477 2359 540 habeas,
2396 490 2502 530 non
2535 473 2798 543 respicias
2828 474 2894 530 ad
2922 476 3215 546 prmse‘ntia
3238 484 3302 532 'et
3324 474 3586 541 visibiiia,
3610 475 3711 531 sed

443 570 636 625 tutinis
667 578 722 624 et
751 568 807 623 in
839 570 1167 639 vespertinis
1211 573 1506 624 mandatur
1546 571 1752 639 oﬁ‘erri,
1802 573 1906 627 hoc
1941 574 2026 627 in-

444 664 688 728 dicatur,
729 663 866 717 utin
906 662 1022 733 lege
1075 678 1139 718 ac
1179 663 1489 734 prophetis.
1525 678 1649 734 quae
1698 667 2026 721 matutinum

444 767 659 827 tempus
697 757 1021 821 ostendunt,
1048 764 1101 809 et
1129 755 1180 809 in
1213 756 1529 827 evangelica
1562 758 1837 822 doctrina,
1870 758 1921 812 id
1947 768 2029 812 est

443 850 591 903 enim
638 849 1030 917 vespertinum,
1076 861 1198 916 quae
1265 861 1494 918 vespera
1543 850 1733 904 mundi
1784 849 2030 904 Salvato-

446 940 525 994 ris
557 938 798 994 ostendit
835 939 1156 1003 adventum,
1192 936 1523 992 indesinenti
1567 938 1865 993 intentione
1906 953 2030 1007 per-

445 1032 627 1086 sistat.
683 1029 793 1084 Has
836 1044 966 1100 ergo
1007 1028 1333 1085 festivitates
1377 1030 1638 1085 Dominus
1691 1031 1872 1086 dicit:
1907 1050 1925 1083 ι
1952 1031 2030 1085 Et

443 1120 810 1176 obscrvabitis
833 1120 952 1176 dies
983 1119 1155 1175 festos
1179 1134 1353 1175 meos.
1385 1137 1405 1171 ι
1437 1121 1562 1176 Dies
1587 1137 1719 1191 ergo
1751 1122 1922 1178 festus
1945 1131 2030 1178 est

450 1212 687 1276 Domini,
719 1212 765 1266 si
804 1221 860 1268 et
888 1211 1215 1268 sacricium
1271 1212 1588 1268 indesinens
1632 1212 1949 1279 offeramus,
1981 1214 2026 1269 si

446 1306 571 1360 sine
620 1305 1028 1361 intermissione
1075 1320 1295 1361 oremus
1324 1346 1338 1369 ,
1373 1306 1446 1359 ita
1476 1315 1535 1360 ut
1562 1308 1826 1361 ascendat
1849 1308 2031 1361 oratio

447 1407 634 1453 nostra
679 1398 825 1451 sicut
856 1397 1135 1453 incensum
1178 1399 1233 1454 in
1278 1407 1574 1467 conspectu
1606 1399 1723 1466 ejus
1757 1414 1937 1465 mane,
1976 1409 2030 1454 et

445 1489 680 1543 elevatio
733 1503 993 1543 manuum
1059 1501 1368 1545 nostrarum
1428 1491 1523 1545 ﬁat
1581 1492 1631 1545 ei
1695 1491 2029 1546 sacrificium

446 1579 820 1647 vespertinum
843 1579 939 1633 ³³⁸.
972 1578 1064 1634 Est
1095 1580 1262 1651 igitur
1292 1581 1466 1650 prima
1502 1580 1819 1635 solemnitas
1853 1580 2031 1635 sacri-

449 1672 555 1726 ficii
608 1672 971 1727 indesinentis
998 1712 1014 1738 ,
1066 1687 1188 1741 quae
1227 1688 1256 1726 a
1304 1671 1607 1728 cultoribus
1648 1672 1925 1744 Evangelii
1963 1688 2030 1729 co

448 1763 610 1818 modo
653 1779 765 1834 quo
795 1754 958 1833 supra
992 1763 1347 1832 exposuimus
1372 1806 1388 1831 ,
1438 1764 1601 1820 debet
1652 1767 1879 1835 expleri.
1919 1766 2027 1823 Sed

446 1856 729 1926 quoniam,
770 1856 913 1910 sicut
944 1855 1299 1926 propheticus
1345 1870 1526 1913 sermo
1565 1859 1871 1927 perdocuit,
1907 1860 2027 1915 dies

450 1948 577 2005 festi
621 1958 974 2020 peccatorum
1012 1958 1418 2005 convertuntur
1468 1950 1521 2005 in
1559 1950 1786 2018 luctum,
1820 1959 1874 2007 et
1902 1966 2030 2008 can-

450 2042 557 2097 tica
582 2055 772 2097 eorum
818 2040 870 2095 in
910 2038 1218 2110 planctum,
1260 2050 1471 2097 certum
1507 2051 1592 2097 est
1617 2044 1745 2113 quia
1774 2046 1867 2115 qui
1909 2059 2030 2116 pec-

448 2142 541 2188 cat
599 2142 655 2189 et
704 2132 817 2203 agit
869 2132 1011 2188 diem
1060 2133 1304 2203 peccati,
1341 2147 1503 2205 agere
1533 2148 1640 2190 non
1674 2145 1853 2206 potest
1884 2137 2027 2193 diem

450 2225 650 2281 festum
680 2244 693 2280 :
720 2235 774 2280 et
799 2225 921 2280 ideo
948 2225 1055 2279 illis
1085 2224 1280 2280 diebus
1313 2226 1513 2294 quibus
1556 2236 1783 2295 peccat,
1830 2227 2029 2284 oﬁ‘erre

449 2331 554 2370 non
584 2325 761 2387 potest
790 2316 1106 2370 indesinens
1138 2316 1469 2372 sacriﬁcium
1504 2317 1633 2373 Deo.
1670 2318 1778 2373 Sed
1822 2319 1910 2375 ille
1952 2321 2031 2376 of-

449 2407 595 2463 ferre
624 2416 827 2477 potest,
858 2407 951 2477 qui
976 2406 1352 2462 indesinenter
1385 2408 1628 2464 custodit
1653 2408 1945 2479 justitiam,
1974 2418 2030 2466 et

447 2508 742 2554 conservat
789 2499 1143 2568 semetipsum
1183 2514 1213 2554 a
1259 2510 1503 2571 peccato.
1549 2501 1665 2569 Qua
1712 2503 1802 2558 die
1844 2512 2026 2559 autem

449 2588 807 2658 in'terruperit
842 2598 897 2643 et
931 2591 1263 2658 peccaverit,
1296 2600 1508 2646 certum
1543 2603 1628 2648 est
1669 2596 1813 2663 quod
1845 2594 1897 2647 in
1936 2594 2028 2649 illa

447 2680 538 2735 die
588 2696 694 2735 non
737 2681 896 2736 oﬁ'ert
944 2682 1275 2738 sacrilicium
1310 2682 1626 2741 indesinens
1656 2686 1785 2741 Deo.
1825 2686 2031 2742 Vereor

448 2774 656 2844 aliquid
686 2776 866 2831 dicere
910 2777 1054 2847 quod
1101 2790 1166 2831 ex
1214 2778 1564 2834 sermonibus
1602 2779 1915 2849 apostolicis
1948 2781 2024 2835 in-

452 2868 619 2940 telligi
676 2870 842 2924 datur
864 2910 880 2935 ,
916 2883 985 2924 ne
1032 2869 1171 2926 forte
1198 2868 1385 2924 videar
1416 2869 1630 2941 aliquos
1668 2872 2025 2928 contristare.

451 2960 580 3015 Nam
612 2961 657 3016 si
684 2963 864 3018 oratio
887 2960 1019 3031 justi
1045 2963 1187 3018 sicut
1220 2963 1501 3031 incensum
1532 2962 1764 3019 oﬁ‘ertur
1802 2965 1855 3019 in
1896 2978 2027 3020 cono

448 3064 635 3124 specta
662 3054 900 3121 Domini,
924 3063 980 3110 et
999 3055 1233 3111 elevatio
1261 3071 1517 3110 manuum
1544 3055 1663 3124 ejus
1693 3055 2026 3112 sacriﬁcium

447 3157 531 3203 est
568 3150 970 3218 vespertinum,
1012 3148 1149 3204 dicit
1182 3156 1365 3204 autem
1394 3149 1695 3219 Apostolus
1732 3150 1796 3205 iis
1838 3150 1929 3221 qui
1974 3150 2026 3206 in

447 3240 721 3313 conjugiis
755 3252 884 3297 sunt
909 3240 1001 3295 ”:
1039 3258 1060 3292 ι
1094 3239 1271 3295 Nolite
1320 3239 1578 3295 fraudare
1618 3241 1886 3308 invicem,
1927 3242 2029 3298 nisi

448 3336 591 3391 forte
622 3351 691 3389 ex
726 3350 995 3391 consensu
1040 3335 1106 3390 ad
1142 3342 1388 3404 tempus,
1435 3343 1496 3389 ut
1528 3337 1728 3391 vacetis
1768 3337 2028 3403 orationi,

448 3436 505 3480 et
541 3426 738 3480 iterum
780 3426 832 3480 in
868 3424 1097 3496 idipsum
1132 3427 1284 3493 sitis;
1318 3444 1337 3478 ι
1375 3436 1585 3481 certum
1625 3436 1710 3483 est
1747 3428 1873 3497 quia
1924 3428 2032 3482 im-

448 3517 667 3586 peditur
712 3517 1042 3572 sacriﬁcium
1076 3517 1393 3573 indesinens
1425 3518 1491 3573 iis
1524 3518 1615 3587 qui
1649 3518 2031 3589 conjugalibus

451 3609 873 3665 necessitatibus
919 3610 1192 3664 serviunt.
1243 3609 1397 3666 Unde
1438 3610 1657 3665 videtur
1713 3610 1846 3664 mihi
1882 3612 2029 3679 quod

450 3703 596 3759 illius
636 3713 723 3759 est
770 3703 942 3759 solius
975 3702 1178 3758 offerre
1207 3703 1539 3759 sacriﬁcium
1571 3703 1909 3768 indesinens,
1937 3706 2029 3776 qui

448 3795 779 3850 indesinenti
829 3804 884 3850 et
922 3803 1197 3866 perpetua:
1225 3807 1285 3850 se
1310 3794 1589 3849 devoverit
1617 3793 1879 3849 castitati.
1922 3792 2030 3849 Sed

447 3896 575 3942 sunt
600 3897 655 3942 et
679 3885 773 3940 alii
806 3886 923 3942 dies
949 3885 1068 3941 festi
1102 3886 1188 3951 iis,
1215 3885 1306 3955 qui
1339 3884 1484 3940 forte
1529 3899 1637 3940 non
1678 3892 1906 3954 possunt
1946 3884 2032 3939 ini-

445 3980 764 4036 desinenter
802 3978 1087 4035 immolare
1128 3978 1399 4033 sacriﬁcia
1434 3978 1726 4035 castitatis.

516 4071 570 4127 6.
610 4071 860 4127 Secunda
912 4086 1047 4140 ergo
1090 4069 1363 4125 festivitas
1394 4080 1520 4138 post
1554 4071 1913 4126 indesinentis
1940 4080 2030 4125 sa-

448 4164 641 4220 crilicii
687 4163 1043 4219 festivitatem
1098 4162 1324 4232 ponitur
1379 4161 1644 4228 Sabbati,
1698 4171 1755 4217 et
1811 4171 2030 4232 oportet

446 4265 762 4312 sanctorum
792 4268 1065 4326 quemque
1091 4263 1147 4309 et
1169 4254 1381 4323 justum
1423 4269 1585 4324 agere
1608 4254 1772 4309 etiam
1798 4254 2027 4310 Sabbati

446 4346 820 4403 Iestivitatem.
856 4345 988 4412 Quae
1022 4353 1108 4401 est
1136 4355 1322 4400 autem
1363 4343 1635 4402 festivitas
1666 4344 1890 4401 Sabbati
1922 4345 2025 4400 nisi

445 4440 558 4499 illa.
593 4440 659 4494 de
693 4453 799 4509 qua
845 4434 1139 4506 Apostolus
1184 4436 1320 4491 dicit
1348 4436 1427 4503 “,
1466 4436 1864 4507 «Relinquetur
1897 4450 2026 4507 ergo

2130 571 2200 623 ad
2231 568 2527 623 invisibilia
2555 576 2611 623 et
2639 567 2841 632 futura,
2875 567 2994 622 haec
3025 577 3112 622 est
3137 568 3449 624 observatio
3484 566 3709 622 Sabbati

2129 660 2452 715 Christiani.
2497 659 2604 716 Sed
2648 662 2764 715 haec
2798 668 2856 714 et
2894 659 3066 716 Judaei
3102 661 3395 716 observare
3425 659 3711 717 deberent.

2128 755 2378 823 Denique
2407 755 2571 808 etiam
2612 755 2755 823 apud
2787 754 2937 823 ipsos
2966 754 3011 809 si
3045 753 3221 819 faber,
3258 753 3305 809 si
3341 764 3584 808 structor
3606 792 3623 818 ,
3654 762 3713 808 et

2129 846 2175 899 si
2221 847 2346 913 quis
2390 845 2706 915 bujusmodi
2745 844 3001 914 opiﬁcum
3055 846 3242 909 fuerit,
3285 844 3490 899 otiatur
3536 844 3590 899 in
3624 845 3716 900 die

2124 936 2375 991 Sabbati.
2407 936 2605 991 Lector
2634 946 2814 991 autem
2858 936 2991 1007 legis
3023 937 3241 1000 divinae,
3271 936 3358 990 vel
3388 936 3579 993 doctor
3603 951 3712 992 non

2131 1031 2333 1086 desinit
2360 1031 2428 1085 ab
2451 1046 2618 1101 opere
2649 1046 2775 1095 suo,
2804 1040 2860 1086 et
2894 1042 3072 1086 tamen
3108 1030 3404 1087 Sabbatum
3440 1044 3547 1085 non
3580 1042 3716 1084 con-

2133 1124 2365 1178 taminat
2400 1141 2412 1177 :
2450 1124 2529 1178 sic
2550 1124 2695 1178 enim
2721 1133 2776 1179 et
2801 1124 3061 1178 Dominus
3093 1138 3244 1179 meus
3266 1123 3396 1177 dicit
3424 1122 3488 1175 ad
3507 1136 3604 1176 eos
3628 1121 3676 1154 ⁸⁸
3696 1139 3713 1172 ε

2135 1234 2155 1268 ‹
2184 1219 2293 1271 Aut
2329 1232 2436 1272 non
2476 1216 2688 1287 legistis
2713 1257 2729 1281 ,
2756 1216 2889 1286 quia
2943 1225 2999 1269 et
3050 1212 3363 1269 sacerdotes
3410 1212 3464 1268 in
3510 1212 3715 1283 templo

2132 1309 2432 1364 Sabbatum
2464 1310 2692 1372 violant,
2717 1318 2771 1362 et
2805 1310 2923 1361 sine
2951 1307 3179 1361 crimine
3214 1317 3340 1358 sunt
3362 1304 3521 1376 (.19)?
3556 1324 3573 1357 ι
3607 1305 3712 1371 Qui

2132 1421 2260 1476 ergo
2280 1413 2462 1460 cessat
2494 1405 2561 1459 ab
2591 1402 2849 1473 operibus
2876 1401 3059 1455 saeculi
3096 1409 3152 1455 et
3178 1399 3514 1470 spiritalibus
3536 1409 3717 1460 vacat,

2134 1497 2239 1552 iste
2270 1505 2354 1551 est
2392 1496 2483 1567 qui
2515 1493 2843 1549 sacrificium
2875 1492 3099 1547 Sabbati
3143 1500 3197 1546 ct
3222 1492 3366 1547 dictu
3392 1490 3586 1545 festum
3608 1492 3718 1561 agit

2128 1590 2521 1646 Sabbatorum.
2545 1585 2728 1656 Neque
2752 1599 2921 1641 onera
2947 1592 3127 1655 portat
3156 1583 3209 1636 in
3245 1582 3353 1638 via.
3392 1580 3546 1637 Onus
3567 1581 3714 1637 enim

2130 1692 2217 1739 est
2264 1695 2426 1737 omne
2466 1688 2779 1749 peccatum,
2831 1676 3288 1747 quemadmodum
3324 1676 3458 1730 dicit
3497 1684 3551 1729 et
3588 1674 3717 1729 Pro-

2129 1782 2290 1849 pheta
2304 1778 2382 1832 “:
2409 1795 2428 1830 ι
2452 1777 2608 1833 Sicut
2626 1788 2765 1830 onus
2793 1786 2959 1844 grave
2975 1781 3211 1840 gravata:
3236 1781 3363 1826 sunt
3387 1784 3552 1840 super
3570 1786 3676 1823 me.
3693 1790 3711 1820 ι

2136 1872 2323 1942 Neque
2352 1870 2534 1941 iguem
2566 1867 2839 1930 accendit,
2867 1865 3019 1921 illum
3052 1864 3261 1921 scilicet
3295 1864 3499 1934 ignem,
3523 1864 3591 1917 de
3608 1878 3717 1931 quo

2137 1964 2336 2021 dicitur
2362 1964 2409 1996 ³⁷
2439 1978 2455 2016 :
2486 1980 2505 2014 ‹
2540 1961 2616 2017 Ite
2643 1960 2697 2015 in
2741 1958 2947 2013 lumine
2980 1957 3120 2029 ignis
3150 1957 3339 2020 vestri,
3365 1968 3422 2011 et
3463 1956 3516 2011 in
3558 1953 3717 2009 ﬁam-

2138 2072 2225 2111 ma
2272 2069 2435 2127 quam
2487 2050 2838 2108 accendistis.
2873 2067 2892 2102 ι
2936 2049 2997 2104 in
3052 2047 3291 2103 Sabbato
3339 2047 3717 2117 unusquisque

2137 2149 2295 2205 sedet
2323 2147 2443 2203 loco
2475 2159 2595 2209 suo,
2620 2152 2674 2198 et
2700 2156 2811 2198 non
2835 2141 3082 2212 procedit
3109 2154 3174 2196 ex
3208 2154 3293 2195 eo.
3322 2139 3457 2207 Quis
3484 2155 3614 2210 ergo
3634 2149 3718 2195 est

2136 2240 2290 2294 locus
2323 2235 2587 2307 spiritalis
2611 2234 2857 2289 animae?
2893 2231 3115 2287 laetitia
3156 2242 3241 2286 est
3273 2232 3426 2285 locus
3465 2231 3583 2299 ejus
3608 2274 3624 2298 ,
3662 2241 3720 2286 et

2133 2332 2301 2404 359
2322 2331 2549 2393 veritas,
2573 2328 2864 2399 sapientia,
2895 2325 3277 2390 sanctiﬁcatio,
3311 2335 3368 2380 et
3392 2325 3570 2378 omnia
3597 2339 3717 2394 qua!

2137 2425 2385 2481 Christus
2404 2431 2507 2488 est,
2540 2422 2690 2476 locus
2712 2421 2906 2474 animae
2927 2427 3030 2473 est.
3060 2417 3137 2471 Ex
3170 2424 3277 2486 quo
3312 2415 3432 2470 loco
3453 2430 3572 2471 eam
3610 2430 3715 2469 non

2130 2526 2350 2588 oportet
2400 2516 2574 2577 exire,
2605 2522 2666 2568 ut
2714 2519 2839 2568 vera
2871 2511 3111 2566 Sabbati:
3155 2506 3453 2575 custodiat,
3490 2518 3543 2563 et
3569 2508 3714 2562 diem

2134 2605 2336 2662 festum
2374 2607 2428 2660 in
2468 2604 2755 2659 sacriﬁciis
2811 2603 2997 2671 exigat
3043 2598 3403 2654 Sabbatorum
3434 2616 3450 2654 :
3487 2600 3628 2652 sicut
3660 2608 3719 2651 et

2138 2698 2401 2752 Dominus
2432 2696 2652 2750 dicebat
2678 2693 2727 2726 ⁸⁸
2759 2709 2774 2748 :
2804 2706 2824 2744 ι
2855 2689 2955 2758 Qui
3002 2690 3053 2744 in
3095 2704 3182 2744 me
3212 2697 3413 2754 manet,
3445 2700 3501 2743 et
3529 2700 3629 2758 ego
3659 2689 3714 2742 in

2137 2790 2251 2854 illo,
2286 2806 2306 2841 ι
2342 2788 2494 2854 Quod
2521 2796 2704 2840 autem
2744 2784 2983 2839 diximus
3012 2790 3140 2836 Vera
3173 2781 3438 2846 Sabbata,
3474 2781 3519 2836 si
3556 2781 3719 2835 altius

2134 2848 2447 2949 repetamus
2473 2888 2593 2945 qua:
2617 2876 2727 2929 sint
2762 2888 2887 2927 vera
2924 2872 3182 2938 Sabbata,
3216 2870 3353 2923 ultra
3383 2870 3527 2924 hunc
3559 2885 3718 2923 mun-

2137 2970 2264 3024 dum
2290 2978 2372 3025 est
2400 2969 2511 3024 veri
2561 2967 2791 3022 Sabbati
2834 2965 3170 3020 observatio.
3214 2962 3365 3030 Quod
3404 2962 3551 3017 enim
3576 2962 3711 3016 scri-

2137 3070 2288 3129 ptum
2315 3070 2400 3114 est
2428 3059 2484 3114 in
2524 3058 2725 3114 Genesi
2762 3057 2831 3121 ",
2863 3056 2988 3125 Quia
3018 3074 3036 3107 ι
3071 3054 3340 3125 requievit
3368 3056 3511 3110 Deus
3540 3054 3595 3109 in
3630 3055 3718 3110 die

2140 3150 2366 3207 Sabbati
2398 3152 2465 3204 ab
2513 3150 2770 3219 operibus
2801 3149 2941 3213 suis,
2980 3166 3002 3199 ι
3036 3164 3140 3201 non
3175 3147 3422 3203 videmus
3472 3147 3556 3201 vel
3589 3155 3718 3203 tunc

2139 3244 2340 3300 factum
2395 3246 2597 3299 essein
2642 3242 2730 3297 die
2776 3241 3029 3310 septima,
3063 3242 3144 3294 vel
3181 3241 3346 3294 etiam
3397 3254 3541 3293 nunc
3572 3238 3715 3295 fieri.

2139 3338 2372 3407 Semper
2421 3337 2566 3391 cnim
2607 3336 2852 3390 videmus
2900 3335 3067 3388 Deum
3106 3332 3355 3401 operari,
3405 3341 3460 3386 ct
3511 3331 3713 3385 nullum

2134 3429 2437 3485 Sabbatnm
2464 3440 2546 3483 est
2570 3429 2622 3482 in
2652 3442 2760 3496 quo
2786 3423 2926 3480 Deus
2952 3441 3058 3480 non
3081 3435 3361 3494 operetur,
3394 3424 3447 3478 in
3480 3440 3586 3491 quo
3610 3439 3714 3479 non

2134 3520 2401 3593 producat
2448 3520 2619 3573 solem
2666 3533 2824 3572 suum
2877 3530 3042 3587 super
3098 3515 3270 3571 bonos
3318 3524 3375 3570 et
3418 3517 3608 3582 tiialos,
3663 3528 3719 3572 et

2133 3611 2285 3680 pluat
2314 3608 2675 3680 superjustos
2704 3618 2757 3663 et
2788 3607 3038 3676 injustas,
3074 3606 3128 3661 in
3157 3621 3265 3678 quo
3291 3618 3397 3663 non
3449 3610 3717 3677 producat

2134 3704 2191 3757 in
2218 3702 2494 3756 montibus
2528 3700 2738 3767 fenum,
2778 3707 2835 3754 et
2864 3698 3088 3754 herbam
3133 3699 3379 3754 servituti
3406 3700 3713 3757 hominum.

2137 3795 2189 3851 in
2230 3809 2338 3864 quo
2374 3809 2479 3849 non
2511 3792 2781 3862 percutiat
2805 3803 2854 3847 et
2881 3799 3058 3855 sanet,
3083 3790 3316 3845 deducat
3353 3791 3405 3845 in
3443 3793 3716 3845 infernum

2132 3896 2187 3941 ct
2213 3887 2457 3950 reducat,
2489 3887 2542 3940 in
2576 3899 2684 3955 quo
2711 3900 2813 3939 non
2832 3883 3053 3939 occidat
3075 3891 3130 3937 et
3164 3884 3345 3939 vivere
3371 3883 3537 3939 faciat
3568 3884 3713 3939 ⁹⁶·⁷⁶.

2132 3978 2295 4037 Unde
2328 3987 2384 4036 et
2421 3979 2682 4035 Dominus
2712 3980 2764 4033 in
2794 3977 3105 4047 Evangeliis
3127 3992 3249 4032 cum
3272 3976 3438 4033 Judaei
3466 3980 3717 4049 praescri-

2134 4074 2331 4129 berent
2356 4072 2461 4127 sibi
2491 4072 2557 4125 de
2583 4071 2904 4140 operatione
2934 4078 2990 4122 et
3028 4070 3314 4124 curatione
3344 4069 3592 4132 Sabbati,
3628 4088 3714 4124 re-

2132 4166 2350 4235 Spondit
2376 4165 2458 4220 eis
2482 4164 2527 4196 "
2563 4180 2577 4218 :
2617 4181 2636 4215 ι
2670 4163 2832 4218 Pater
2861 4176 3014 4217 meus
3035 4177 3206 4232 usque
3239 4163 3402 4218 modo
3432 4177 3711 4232 operatur,

2134 4265 2189 4313 et
2216 4268 2317 4328 ego
2346 4268 2575 4327 cperor;
2614 4274 2633 4308 ι
2666 4256 2959 4311 ostendens
2989 4268 3085 4323 per
3119 4255 3234 4310 haec
3262 4256 3315 4309 in
3346 4255 3493 4310 nullo
3523 4256 3708 4311 saeculi

2133 4346 2295 4417 hujus
2328 4348 2574 4405 Sabbato
2618 4348 2966 4418 requiescere
3011 4346 3179 4401 Deum
3224 4362 3251 4400 a
3289 4347 3714 4416 dispensationi-

2132 4442 2233 4496 bus
2257 4442 2443 4496 mundi
2472 4451 2525 4495 et
2552 4456 2579 4494 a
2612 4439 3014 4510 provisionibus
3043 4442 3261 4510 generis
3304 4441 3545 4495 humani.
3578 4440 3711 4495 Nam

444 4529 833 4592 sabbatismus,
864 4544 884 4580 ι
940 4525 1046 4581 hoc
1075 4531 1193 4590 est,
1232 4524 1457 4580 Sabbati
1487 4526 1798 4581 observatio
1829 4525 2027 4595 populo

2135 4544 2447 4589 creaturam
2491 4534 2708 4603 quidem
2763 4532 2894 4588 fecit
2936 4547 3003 4587 ex
3041 4533 3198 4589 initio
3224 4572 3241 4599 ,
3288 4541 3342 4589 et
3378 4533 3714 4591 substantias

448 4621 580 4677 Dei?
614 4618 1008 4691 Relinquentes
1036 4630 1166 4689 ergo
1194 4616 1454 4673 Judaicas
1501 4618 1724 4673 Sabbati
1762 4619 2022 4673 observa—

448 4713 648 4778 tiones,
682 4710 861 4782 qualis
907 4710 1103 4765 debeat
1150 4725 1274 4766 esse
1322 4710 1638 4765 Christiano
1669 4709 1893 4764 Sabbati
1925 4708 2026 4764 ob—

445 4806 707 4872 servatio,
740 4803 1045 4860 videamus.
1096 4802 1194 4859 Die
1245 4803 1471 4860 Sabbati
1508 4801 1643 4857 nihil
1674 4815 1741 4855 ex
1771 4800 2025 4858 omnibus

446 4897 632 4954 mundi
663 4896 874 4952 actibus
903 4904 1122 4966 oportet
1162 4896 1405 4967 operari.
1449 4894 1507 4949 Si
1546 4908 1683 4966 ergo
1703 4893 1929 4949 desinas
1956 4894 2026 4948 ab

442 4992 699 5047 omnibus
725 4989 1075 5046 saecularibus
1099 4991 1383 5061 operibus,
1419 4999 1476 5044 et
1514 4988 1647 5043 nihil
1687 4989 2023 5044 mundanum

440 5101 623 5157 geras,
651 5087 747 5141 sed
780 5083 1118 5156 spiritalibus
1141 5083 1402 5153 operibus
1426 5094 1611 5147 vaces,
1644 5082 1710 5136 ad
1735 5080 2023 5137 ecclesiam

438 5179 756 5241 convenias,
789 5176 1118 5232 lectionibus
1151 5176 1350 5231 divinis
1376 5184 1431 5229 et
1480 5173 1801 5228 tractatibus
1836 5187 2022 5226 aurem

439 5272 701 5341 pnebeas,
738 5278 794 5325 et
837 5270 904 5325 de
952 5268 1277 5323 coelestibus
1309 5268 1522 5338 cogites
1547 5306 1561 5329 ,
1612 5267 1679 5321 de
1709 5264 1891 5319 futura
1930 5275 2026 5331 spe

437 5364 860 5421 sollicitudinem
887 5377 1066 5433 geras,
1096 5370 1383 5416 venturum
1407 5360 1675 5429 judicium
1708 5373 1819 5429 prae
1852 5357 2026 5413 oculis

496 5529 565 5561 υ·
593 5527 736 5585 Psal.
764 5543 911 5593 cm,
938 5523 994 5577 ‘2.
1070 5522 1161 5578 ⁸³1
1192 5524 1319 5580 Cor.
1352 5534 1448 5586 ru,
1496 5521 1550 5575 5.

1627 5520 1674 5554 at
1704 5518 1837 5575 μοι),
1867 5533 1940 5581 ιγ,
1964 5517 2019 5573 9,
2099 5518 2144 5550 ⁸⁵
2182 5515 2340 5570 Joau.
2367 5532 2468 5581 vn,
2504 5516 2597 5571 22.
2676 5516 2722 5548 ⁸³
2752 5508 2892 5571 i’sal.
2921 5531 3152 5582 xxxvm,
3195 5513 3249 5571 ὅ.

2137 4626 2381 4696 protulit,
2428 4632 2660 4697 qnant‘as
2687 4626 2896 4681 sciebat
2921 4633 3108 4695 utpote
3143 4640 3323 4680 rerum
3357 4629 3611 4683 conditor
3647 4629 3713 4681 ad

2133 4712 2522 4787 perfectionem
2558 4717 2749 4772 mundi
2779 4730 2940 4788 posse
2972 4715 3251 4785 sufﬁcere,
3289 4719 3381 4773 sed
3430 4735 3599 4789 usque
3643 4722 3712 4773 ad

2135 4808 2661 4862 consummationem
2710 4806 2892 4862 saeculi
2946 4808 3014 4861 ab
3048 4820 3237 4861 earum
3291 4809 3601 4877 provisione
3657 4820 3713 4863 et

2135 4897 2541 4967 dispensatione
2556 4912 2662 4955 non
2682 4913 2832 4954 cesso
2844 4908 2882 4953 t.
2900 4898 3017 4952 Erit
3037 4910 3168 4969 ergo
3184 4914 3368 4953 verum
3384 4899 3452 4953 Sa
3462 4900 3709 4965 bbatum,

2137 4991 2190 5045 in
2224 5006 2332 5061 quo
2365 4994 2669 5063 requiescet
2692 4992 2835 5045 Deus
2877 4991 2944 5044 ab
2974 4991 3232 5044 omnibus
3262 4990 3518 5061 operibus
3558 4994 3672 5048 suis
3693 5035 3708 5057 ,

2134 5083 2393 5138 saeculum
2427 5083 2693 5147 futurum,
2718 5092 2845 5137 tunc
2874 5096 2996 5135 cum
3021 5080 3267 5151 aufugiat
3296 5081 3469 5149 dolor,
3497 5095 3554 5137 ct
3607 5087 3708 5138 tri-

2132 5176 2306 5239 stitia,
2332 5185 2384 5230 ct
2417 5177 2668 5246 gemitus,
2688 5184 2741 5229 et
2772 5176 2875 5229 erit
2897 5174 3079 5228 omnia
3109 5175 3237 5229 etin
3263 5174 3514 5230 omnibus
3546 5176 3708 5231 Dens.

2131 5267 2185 5320 ln
2228 5283 2334 5337 quo
2376 5269 2617 5323 Sabbato
2667 5268 2933 5321 concedat
2965 5267 3129 5321 etiam
3185 5269 3340 5322 nobis
3390 5267 3531 5322 Deus
3562 5268 3707 5323 diem

2137 5357 2337 5414 festum
2370 5373 2533 5422 agere
2584 5370 2768 5414 secum
2851 5369 2904 5413 et
2948 5374 3070 5414 cum
3114 5360 3319 5413 sanctis
3369 5359 3574 5429 angelis
3599 5359 3711 5415 Suis

3325 5517 3368 5547 ⁸⁷
3399 5516 3503 5572 lsa.
3534 5520 3587 5575 ί..
3617 5517 3705 5572 Η.

436 5601 481 5633 ⁸⁸
508 5599 667 5655 Joan.
699 5614 787 5663 xv,
813 5598 869 5653 5.
896 5585 909 5593 ’
945 5595 991 5627 ⁸⁹
1024 5594 1226 5651 Genes.
1270 5611 1330 5659 ll,
1370 5595 1427 5648 ‘2.
1502 5592 1622 5624 '°"’°
1663 5591 1852 5647 Matth.
1883 5605 1936 5653 v,
1965 5588 2072 5656 45;
2104 5591 2242 5642 l‘sal.
2266 5601 2446 5653 cam,
2476 5587 2536 5652 8;
2564 5586 2684 5642 Job.
2709 5603 2758 5654 ν,
2788 5590 2851 5643 I8
2875 5587 2930 5653 ;l
2963 5588 3092 5659 lieg.
3124 5605 3185 5652 ιι,
3210 5589 3276 5653 6;
3307 5586 3371 5639 IV
3397 5585 3531 5657 Reg.
3564 5587 3619 5654 5,
3651 5590 3704 5641 ti.

435 5670 478 5702 ⁷⁸
504 5670 660 5728 Joau.
691 5685 747 5736 ν,
767 5670 855 5724 l7.

506 5764 618 5835 (l9)
647 5765 749 5818 Ant
783 5782 885 5819 non
908 5762 1110 5833 legistis
1142 5763 1268 5832 quia
1297 5771 1344 5814 et
1368 5759 1773 5835 sacerdotesjn
1824 5755 2016 5824 templo

438 5830 732 5891 sabbatum
761 5830 978 5901 violant,
1007 5846 1053 5889 et
1085 5830 1196 5890 sine
1225 5834 1442 5886 crimine
1483 5839 1625 5885 sunt.
1674 5830 1873 5883 llorutu
1909 5840 2027 5896 qum

2128 5770 2191 5808 ex
2226 5750 2486 5823 memoria
2524 5751 2866 5823 eitantnnah
2890 5750 3114 5823 Origine
3151 5766 3369 5818 sensus,
3409 5766 3514 5805 nou
3544 5750 3707 5805 verba

2140 5826 2412 5880 habentur
2438 5820 2594 5883 Joan,
2628 5836 2723 5886 vn,
2756 5819 2848 5877 22.
