4104 6226
518 268 616 327 75f

1948 270 2269 325 ORIGENIS

3687 280 3801 338 759.

516 390 659 445 festa
712 386 989 443 celebrare
1011 426 1027 452 ,
1079 385 1375 442 offerentes
1426 388 1756 444 sacriﬁcium
1806 392 2005 458 laudis,
2048 402 2103 447 et
2132 396 2177 455 Α
2210 392 2431 449 Paschac
2458 390 2795 455 solemnitas,
2831 390 2883 445 in
2914 405 3019 460 qua
3049 391 3348 450 festivitate
3375 410 3547 465 agnus
3576 404 3799 457 occidi-

517 479 809 536 reddemes
840 479 1119 534 Altissimo
1152 486 1279 532 vota
1317 489 1527 545 nostra,
1565 495 1686 550 qua:
1710 483 1799 537 hic
1840 484 2100 540 distinxe-

519 582 648 630 runt
679 576 819 629 labia
848 584 1055 630 nostra.
1086 574 1239 628 Tunc
1260 572 1512 627 fortassis
1552 583 1607 628 et
1637 576 1973 630 sacrificium
2012 578 2099 631 in-

518 666 794 729 tlcsinens,
825 666 891 721 de
915 680 1026 736 quo
1050 679 1211 735 supra
1248 663 1600 734 exposuimus
1621 707 1636 731 ,
1668 667 1863 723 melius
1900 667 2098 724 offere-

519 770 628 813 tur.
652 757 807 813 Tunc
849 758 993 813 enim
1025 758 1220 812 melius
1272 759 1651 814 indesinenter
1678 762 1881 829 poterit
1916 764 2098 818 anima

510 851 771 906 assistere
795 850 906 905 Deo
934 860 986 904 et
1012 848 1209 904 offerre
1236 850 1569 905 sacrificium
1603 851 1780 907 laudis
1836 868 1934 924 per
1966 870 2102 923 pon-

511 942 715 998 tificem
749 957 1029 1013 magnum,
1065 943 1156 1011 qui
1198 952 1285 997 est
1331 943 1588 999 sacerdos
1635 944 1686 998 in
1714 954 1980 1001 aeternum
2009 962 2098 1004 se-

514 1036 752 1090 cundum
783 1033 1028 1087 ordinem
1056 1031 1451 1089 Melchisedech
1476 1035 1545 1089 τ’.

581 1128 643 1182 5.
687 1125 875 1182 Tertia
924 1124 1196 1180 festivitas
1260 1126 1481 1195 ponitur
1528 1126 1837 1183 Neomenize
1883 1130 2001 1186 dies
2042 1131 2094 1186 in

510 1236 621 1291 qua
646 1220 875 1274 offertur
903 1230 956 1272 et
991 1217 1190 1272 hostia.
1216 1216 1512 1273 Neumcnia
1536 1229 1715 1274 autem
1738 1222 1936 1277 dicitur
1960 1238 2093 1279 nova

512 1315 660 1368 luna.
695 1312 790 1367 Est
821 1326 953 1382 ergo
982 1320 1039 1366 et
1074 1311 1175 1365 ista
1220 1308 1496 1367 festivitas
1538 1326 1659 1367 cum
1702 1314 1827 1368 luna
1876 1315 2098 1370 innova-

519 1418 625 1460 tur.
660 1404 805 1457 Nova
845 1412 1026 1457 autem
1054 1402 1278 1466 dicitur,
1314 1417 1437 1456 cum
1480 1404 1581 1458 soli
1631 1406 1876 1474 proxima
1932 1408 2098 1462 fuerit

510 1496 723 1560 effecta,
764 1504 819 1549 et
850 1494 1007 1549 valde
1053 1494 1103 1548 ei
1144 1492 1469 1561 conjuncta,
1504 1495 1574 1548 ita
1616 1505 1670 1549 ut
1702 1496 1807 1561 sub
1848 1497 2098 1554 claritate

510 1590 627 1657 ejus
668 1588 855 1642 lateat.
893 1584 1001 1641 Sed
1037 1586 1233 1640 mirum
1276 1586 1507 1641 fortasse
1539 1588 1822 1656 videatur,
1868 1590 1975 1643 imo
2005 1607 2097 1645 su-

514 1684 775 1751 perfluum
828 1682 911 1736 lex
944 1680 1125 1735 divina
1156 1682 1440 1735 mandare.
1489 1682 1628 1748 Quid
1667 1682 1813 1735 enim
1845 1683 2092 1754 religioni

512 1776 790 1838 conducit,
820 1775 957 1829 luna:
990 1788 1166 1839 novae,
1208 1773 1260 1827 id
1292 1784 1377 1828 est
1403 1790 1527 1830 cum
1569 1774 1927 1844 conjungitur
1968 1776 2091 1843 soli,

511 1881 566 1925 et
596 1870 839 1925 adhaaret
866 1868 939 1934 ei,
990 1868 1287 1921 observare
1318 1865 1709 1923 festivitatem?
1761 1867 1887 1923 llaec
1934 1869 1977 1923 si
2011 1884 2096 1923 se-

510 1964 747 2017 cundum
778 1961 1016 2017 litteram
1058 1958 1501 2025 considerentur,
1535 1974 1643 2015 non
1692 1967 1804 2013 tam
1840 1960 2092 2031 religiosa

509 2070 673 2127 quam
707 2052 1089 2123 superstitiosa
1121 2049 1471 2115 videbuntur,
1504 2051 1597 2107 sed
1625 2052 1834 2107 sciebat
1882 2062 2095 2123 aposto-

509 2146 596 2199 lus
636 2144 863 2209 Paulus,
892 2143 1018 2212 quia
1056 2155 1162 2196 non
1190 2139 1256 2195 de
1286 2139 1354 2194 iis
1398 2139 1641 2211 loquitur
1671 2140 1778 2209 lex,
1817 2158 1917 2198 nec
1942 2143 2091 2197 illum

508 2240 675 2293 ritum
700 2237 791 2308 qui
822 2252 851 2290 a
874 2234 1078 2291 Judaeis
1116 2236 1401 2291 observari
1425 2237 1659 2301 videtur,
1692 2237 1930 2308 Spiritus
1961 2254 2089 2294 san-

507 2343 631 2387 ctus
657 2329 957 2401 praecepit;
995 2338 1051 2384 et
1079 2328 1202 2383 ideo
1238 2330 1306 2386 ad
1335 2344 1432 2386 eos
1457 2331 1547 2399 qui
1584 2330 1745 2384 ﬁdem
1776 2329 1869 2385 Dei
1906 2346 2091 2386 susccu

508 2431 713 2495 perunt
746 2420 960 2476 diccbat
981 2420 1029 2453 "
1069 2437 1084 2474 :
1118 2438 1136 2471 ι
1160 2418 1331 2476 Nemo
1369 2437 1500 2492 ergo
1520 2436 1616 2477 vos
1635 2421 1839 2492 judicet
1868 2423 1921 2477 in
1945 2422 2087 2491 cibo,

510 2523 602 2569 aut
635 2522 787 2581 potu,
818 2521 912 2566 aut
936 2519 1094 2582 parte
1133 2512 1240 2567 diei
1272 2512 1425 2582 festi,
1461 2522 1554 2568 aut
1591 2513 1882 2569 Neomenia
1932 2514 2044 2587 (20)
2070 2556 2086 2583 ,

502 2616 602 2660 aut
632 2603 891 2669 Sabbato,
932 2618 1053 2673 qua:
1076 2612 1206 2659 sunt
1231 2606 1421 2660 umbra
1458 2606 1787 2661 futurorum.
1827 2626 1847 2660 ι
1876 2606 1934 2662 Si
1959 2623 2089 2680 ergo

499 2699 702 2754 umbra
744 2696 1049 2751 futurorum
1073 2706 1157 2752 est
1183 2697 1505 2763 Sabbatum,
1538 2698 1604 2753 de
1626 2714 1735 2768 quo
1756 2715 1857 2769 pro
1880 2699 2089 2756 viribus

510 2806 674 2861 supra
711 2788 1079 2856 explicuimus
1099 2827 1115 2853 ,
1144 2798 1196 2843 et
1229 2787 1523 2844 Neontenia
1557 2790 1747 2846 umbra
1778 2792 2085 2849 futurorum

506 2894 615 2949 est,
654 2891 864 2937 certum
911 2889 994 2935 est
1022 2883 1164 2951 quod
1187 2892 1240 2936 et
1262 2890 1474 2937 steterat
1496 2881 1817 2939 festivitates
1838 2886 2088 2941 similiter

507 2974 712 3030 mnbra:
746 2983 873 3028 sunt
939 2973 1269 3027 futurorum.
1327 2971 1435 3027 Sed
1498 2989 1644 3029 nunc
1692 2975 1975 3032 videamus
2019 2976 2086 3033 de

2204 498 2312 542 tur.
2348 487 2453 543 Sed
2480 489 2601 541 vide
2631 496 2683 539 tu
2726 486 2924 553 agnum
2952 502 3165 551 verum,
3198 502 3401 558 agnum
3436 489 3555 555 Dei,
3591 509 3801 563 agnum

2205 581 2296 652 qui
2335 580 2474 636 tollit
2531 590 2751 650 peccata
2805 581 2988 635 mundi
3016 581 3085 645 ⁷⁸,
3114 589 3169 634 et
3190 580 3380 646 dicito,
3416 584 3544 651 quia
3584 587 3797 656 pascha

2204 683 2451 731 nostrum
2484 673 2802 729 immolatus
2841 680 2924 727 est
2960 671 3216 727 Christus
3250 674 3320 727 ⁷⁷.
3371 671 3543 730 Judaei
3577 678 3799 735 carnali

2202 780 2365 820 sensu
2408 768 2701 822 comedam
2751 776 2950 817 carnes
2994 763 3144 832 agni,
3182 778 3283 819 nos
3314 774 3500 819 autem
3531 767 3797 821 comeda-

2203 874 2324 914 mus
2358 873 2580 915 carnem
2612 857 2776 913 Verbi
2824 856 2939 911 Dei.
2986 856 3105 925 Ipse
3147 856 3295 909 enim
3328 856 3467 910 dixit
3494 858 3580 913 7':
3615 878 3634 910 ι
3672 860 3790 915 Nisi

2201 951 2551 1008 comederitis
2583 965 2779 1007 carnes
2825 962 2975 1003 meas
2998 989 3011 1011 ,
3045 960 3151 1001 non
3203 947 3478 1002 habebitis
3524 949 3689 1003 vitam
3726 953 3786 1007 in

2205 1044 2361 1100 vobis
2383 1045 2535 1115 ipsis.
2561 1066 2579 1099 ι
2604 1045 2720 1100 Hoc
2744 1045 2887 1115 quod
2914 1041 3075 1096 modo
3097 1040 3402 1109 loquimur,
3440 1057 3631 1097 carnes
3655 1055 3783 1097 sunt

2202 1137 2364 1193 Verbi
2398 1140 2517 1204 Dei,
2567 1139 2612 1193 si
2652 1147 2832 1191 tamen
2867 1152 2971 1191 non
3023 1136 3180 1204 quasi
3218 1134 3453 1188 infirmis
3482 1135 3652 1202 olera,
3687 1148 3780 1189 aut

2198 1230 2353 1298 quasi
2388 1233 2572 1301 pueris
2617 1230 2776 1285 lactis
2814 1228 3131 1284 alimoniam
3162 1226 3530 1297 proferamus.
3570 1227 3623 1281 Si
3662 1242 3777 1297 per-

2201 1320 2339 1375 fecta
2371 1321 2665 1392 loquimur,
2696 1320 2741 1374 si
2775 1320 3024 1381 robusta,
3051 1318 3095 1371 si
3126 1316 3373 1381 fortiora,
3398 1332 3598 1374 carnes
3629 1322 3776 1374 vobis

2202 1409 2360 1466 Verbi
2388 1412 2482 1467 Dei
2513 1411 2834 1481 apponimus
2857 1410 3239 1465 comedendas.
3276 1407 3375 1463 Ubi
3399 1410 3547 1463 enim
3576 1415 3772 1479 mysti-

2198 1517 2295 1557 cus
2316 1517 2518 1568 sermo,
2549 1502 2638 1556 nhi
2663 1501 3003 1570 dogmaticus
3056 1510 3110 1555 et
3149 1496 3422 1553 Trinitatis
3449 1499 3556 1553 fide
3590 1500 3767 1569 reple-

2201 1602 2285 1647 tus
2317 1594 2592 1664 profertur
2637 1608 2701 1646 ac
2742 1592 2979 1656 solidus,
3026 1591 3116 1645 ubi
3159 1589 3326 1643 futuri
3364 1591 3535 1643 smculi
3578 1602 3762 1643 amoto

2200 1685 2467 1740 velamine
2497 1684 2694 1740 litterae
2722 1684 2853 1752 legis
2878 1683 3145 1751 Spirilalis
3163 1697 3499 1741 sacramenta
3521 1682 3757 1751 pandun-

2198 1784 2306 1839 tur,
2359 1776 2449 1831 uhi
2508 1789 2637 1845 spes
2671 1774 2868 1827 animae
2898 1774 3085 1828 avulsa
3129 1777 3195 1828 de
3242 1775 3408 1829 terris
3434 1774 3657 1844 iactatur
3699 1772 3751 1825 in

2195 1868 2387 1935 caelos,
2410 1879 2463 1924 et
2499 1870 2551 1923 in
2583 1868 2688 1923 illis
2721 1866 3039 1931 collocatur,
3078 1882 3200 1936 quae
3232 1867 3426 1923 oculus
3480 1880 3587 1920 non
3611 1864 3753 1921 vidit.

2197 1978 2296 2018 nec
2321 1962 2471 2017 auris
2499 1961 2725 2027 audivit,
2746 1975 2845 2017 nec
2862 1962 2917 2016 in
2944 1975 3039 2014 cor
3056 1960 3293 2014 hominis
3317 1958 3765 2023 ascenderunt“,

2196 2056 2310 2110 haec
2339 2056 2520 2111 omnia
2554 2068 2749 2109 carnes
2784 2064 2910 2108 sunt
2952 2051 3114 2107 Verbi
3156 2051 3249 2104 Dci
3281 2069 3295 2104 :
3330 2051 3530 2119 quibus
3554 2049 3643 2119 qui
3680 2063 3770 2118 po-

2196 2156 2303 2202 test
2346 2146 2590 2217 perfccto
2638 2144 2911 2201 intellectu
2961 2146 3107 2199 vesci
3145 2153 3197 2199 et
3229 2145 3396 2197 corde
3450 2144 3765 2213 puriﬁcato,

2198 2240 2287 2294 ille
2318 2254 2446 2293 vere
2474 2238 2791 2293 festivitatis
2827 2235 3051 2293 Pascha:
3098 2236 3343 2290 immolat
3395 2235 3766 2299 sacriﬁcium,

2191 2331 2357 2403 360
2388 2340 2443 2386 et
2466 2330 2609 2386 diem
2639 2329 2838 2385 festum
2885 2330 2996 2400 agit
3031 2344 3153 2383 cum
3180 2329 3290 2383 Deo
3311 2339 3364 2382 et
3392 2329 3600 2398 angelis
3629 2328 3769 2396 ejus.

2264 2425 2314 2477 7.
2350 2422 2482 2478 Post
2509 2422 2672 2489 hanc,
2708 2421 2818 2475 imo
2846 2420 3165 2475 continuata
3217 2420 3343 2474 huic
3381 2419 3652 2474 festivitas
3683 2434 3769 2471 se-

2189 2516 2377 2586 quitur
2398 2517 2752 2587 Azymorum,
2781 2528 2942 2580 quam
2966 2514 3166 2568 merito
3194 2510 3527 2575 celebrabis,
3578 2516 3625 2564 sl
3668 2526 3767 2564 ex-

2192 2609 2451 2665 termines
2471 2622 2635 2664 omne
2668 2606 2996 2663 fermentum
3047 2606 3268 2661 malitia:
3308 2616 3364 2659 et
3409 2604 3664 2675 nequitia:
3699 2605 3769 2659 ab

2190 2699 2369 2753 anima
2398 2707 2513 2764 tua,
2540 2706 2803 2769 etazyma
2828 2695 3159 2753 sinceritatis
3207 2696 3558 2764 veritatisque
3584 2703 3770 2749 custo-

2187 2792 2330 2846 dias.
2386 2790 2573 2858 Neque
2627 2790 2773 2844 enim
2828 2789 3127 2858 putandum
3186 2797 3291 2854 est,
3343 2789 3766 2857 omnipotentem

2190 2885 2357 2939 Deum
2385 2882 2535 2953 leges
2569 2882 2773 2938 homini
2808 2895 2907 2951 pro
2956 2881 3221 2936 fermento
3252 2880 3499 2935 scribere
3548 2888 3601 2935 et
3636 2894 3767 2949 pro-

2190 2985 2378 3046 pterea
2402 2974 2595 3045 jubere
2618 2960 2973 3030 exterminari
3012 2974 3251 3027 animam
3284 2974 3353 3029 de
3391 2972 3591 3042 popqu
3641 2986 3765 3034 suo,

505 3066 823 3121 Neemcnia.
858 3064 1107 3121 Diximus
1144 3064 1288 3136 quod
1318 3063 1624 3122 Neomenia:
1671 3067 1943 3126 festivitas
1984 3083 2082 3139 ap-
2110 3090 2152 3151 ο
2186 3069 2231 3124 si
2257 3082 2361 3137 qua
2390 3066 2531 3122 forte
2554 3081 2743 3138 parum
2780 3065 2983 3135 aliquid
3012 3063 3263 3120 fermenti
3302 3064 3463 3134 hujus
3490 3080 3556 3119 ex
3589 3064 3764 3117 farina

504 3160 760 3230 pellatur,
780 3172 911 3213 cum
940 3156 1067 3211 luna
1098 3158 1344 3211 innovari
1366 3158 1617 3228 ceperit,
1644 3160 1813 3215 etsoli
1833 3161 2080 3231 proxima

504 3254 674 3309 fuerit
732 3251 1057 3322 penitusque
1082 3249 1396 3320 conjuncta.
1432 3249 1524 3305 Sol
1571 3252 1795 3319 iustitia:
1834 3254 2080 3309 Christus

500 3356 627 3402 est:
660 3344 787 3398 huic
826 3341 871 3398 si
918 3342 1072 3407 luna,
1100 3342 1153 3397 id
1184 3352 1271 3397 est
1298 3342 1540 3399 Ecclesia
1578 3359 1698 3412 sua,
1730 3360 1849 3415 qua:
1878 3345 2081 3402 lumine

503 3436 679 3507 ipsius
701 3433 961 3504 repletur,
985 3434 1174 3503 juncta
1202 3434 1371 3490 fuerit
1408 3446 1461 3491 et
1491 3440 1705 3507 penitus
1752 3437 1800 3493 ei
1834 3438 2081 3495 adharseé

502 3527 598 3593 rit,
652 3526 727 3579 ita
774 3533 833 3578 ut
884 3525 1182 3579 secundum
1235 3526 1460 3580 verbum
1502 3526 1745 3596 Apostoli
1775 3528 1844 3594 ⁷⁸,
1891 3530 1983 3597 qui
2017 3544 2079 3585 se

497 3616 676 3688 jungit
707 3615 936 3671 Domino
964 3631 1103 3671 unus
1130 3632 1253 3671 cum
1280 3631 1350 3671 eo
1375 3616 1599 3686 spiritus
1634 3618 1748 3683 fiat,
1779 3627 1905 3673 tunc
1925 3617 2079 3674 festi-

503 3710 731 3763 vitatem
777 3706 1091 3764 Neomenia:
1139 3710 1292 3779 agit:
1324 3716 1452 3763 tunc
1485 3710 1632 3763 enim
1680 3724 1818 3765 nova
1846 3708 2079 3767 efﬁcitur

504 3816 629 3856 cum
664 3798 925 3869 abjecerit
955 3809 1195 3855 veterem
1246 3797 1546 3864 hominem,
1583 3809 1639 3854 et
1671 3799 1860 3855 induta
1912 3799 2079 3857 fuerit

505 3910 731 3958 novum,
778 3895 871 3963 qui
922 3892 1221 3949 secundum
1255 3892 1423 3946 Deum
1466 3899 1684 3947 creatus
1710 3894 1885 3960 est";
1912 3901 2078 3963 atque

506 3987 579 4042 ita
604 3988 801 4042 merito
826 3984 1196 4041 iunovationis
1230 3984 1659 4051 solemnitatem,
1688 4002 1808 4055 qua:
1839 3985 2077 4042 estNeo—

502 4079 697 4134 meniae
735 4077 1043 4144 festivitas,
1076 4086 1251 4147 geret.
1282 4075 1439 4130 Tunc
1475 4076 1709 4146 denique
1737 4088 1821 4133 est
1860 4079 2075 4147 quando

504 4185 681 4240 neque
707 4169 903 4234 videri,
930 4184 1105 4240 neque
1131 4168 1521 4241 comprehendi
1558 4169 1809 4225 humanis
1841 4172 2076 4242 aspecti-

503 4261 602 4316 bus
630 4268 831 4330 potest.
866 4260 1063 4315 Anima
1094 4260 1239 4315 enim
1260 4274 1387 4315 cum
1425 4268 1535 4316 tota
1561 4273 1620 4314 se
1646 4260 1937 4315 sociaverit
1966 4259 2074 4318 Ι)οη

502 4353 671 4419 mino,
695 4362 751 4407 et
783 4351 1059 4422 splendori
1090 4352 1229 4409 lucis
1253 4354 1371 4423 ejus
1398 4362 1506 4407 tota
1530 4352 1885 4419 concesserit,
1910 4352 2076 4407 nihil-

2184 3159 2467 3230 conspersi
2495 3159 2549 3213 in
2569 3159 2729 3214 domo
2744 3172 2839 3213 sua
2859 3156 3118 3213 habuisse
3140 3157 3566 3227 deprehenditur
3587 3173 3600 3209 :
3621 3172 3760 3210 nam.

2182 3268 2290 3323 que
2323 3266 2509 3307 curam
2536 3262 2869 3321 magnopere
2903 3246 3073 3304 fuisse
3106 3249 3303 3305 divina:
3339 3248 3762 3319 majestati,qua

2181 3344 2791 3415 fermenti-'hujuscausa
2810 3342 2865 3397 in
2887 3350 3092 3397 tantum
3109 3357 3167 3397 se
3180 3341 3555 3407 dicatoflendi,
3575 3353 3631 3395 ut
3648 3342 3771 3395 ani-

2182 3456 2352 3506 mam,
2379 3454 2539 3510 quam
2560 3440 2674 3509 ipse
2702 3436 2771 3491 ad
2792 3437 3086 3509 imaginem
3104 3445 3158 3491 et
3173 3437 3585 3491 similitudinem
3606 3450 3761 3489 suam

2182 3535 2335 3602 fecit,
2360 3532 2711 3589 exterminari
2736 3546 2836 3602 pro
2868 3532 2970 3587 hoc
2993 3529 3182 3598 iubeat
3206 3536 3262 3582 et
3284 3528 3474 3592 everti,
3504 3543 3608 3581 non
3630 3525 3765 3581 mihi

2180 3626 2396 3681 videtur
2414 3625 2529 3680 haec
2556 3623 2758 3680 divinis
2784 3622 2993 3692 legibus
3024 3621 3183 3691 digna
3214 3635 3334 3676 esse
3358 3619 3719 3690 intelligentia
3740 3634 3759 3671 :

2180 3717 2274 3772 sed
2306 3716 2437 3771 illud
2471 3715 2645 3786 magis
2675 3722 2758 3769 est
2786 3713 2932 3783 quod
2962 3710 3253 3775 horrescit,
3284 3720 3339 3766 et
3389 3710 3587 3764 merito
3629 3709 3761 3763 hor-

2180 3808 2349 3864 rescit
2380 3808 2523 3863 Deus
2568 3807 2615 3862 si
2650 3805 2895 3870 malitiae,
2924 3803 2971 3859 si
3005 3804 3117 3867 irae,
3166 3802 3212 3857 si
3258 3801 3511 3870 nequitia:
3561 3800 3758 3868 spiritu

2180 3896 2596 3953 iufermentetur
2617 3896 2797 3951 anima
2830 3902 2886 3948 et
2918 3896 3247 3949 intumescat
3271 3892 3340 3947 ad
3375 3891 3596 3962 ﬂagitia.
3632 3890 3759 3945 Hace

2180 4003 2287 4043 non
2317 3987 2431 4043 vult
2461 4001 2584 4044 esse
2602 3987 2655 4041 in
2682 3986 2863 4041 anima
2890 3985 3055 4053 Deus,
3076 3996 3129 4042 et
3157 3984 3264 4041 tale
3286 3984 3615 4041 fermentum
3650 3983 3756 4037 nisi

2179 4082 2550 4154 abjecerimus
2576 4082 2643 4137 de
2670 4081 2832 4135 domo
2867 4079 3062 4133 anima:
3092 4086 3313 4143 nostrae,
3350 4076 3547 4133 merito
3575 4086 3762 4130 exter-

2179 4174 2536 4230 minabimur.
2590 4170 2695 4227 Sed
2729 4185 2796 4225 ne
2827 4179 3146 4227 contemnas
3176 4168 3395 4224 etiamsi
3426 4183 3648 4238 parvam
3674 4168 3758 4221 vi—

2179 4266 2324 4322 deris
2348 4264 2463 4335 (21)
2496 4264 2634 4319 intra
2665 4274 2717 4318 te
2745 4263 3060 4319 fermentari
3103 4261 3385 4326 malitiam,
3412 4260 3541 4331 quia
3582 4260 3759 4314 modi-

2178 4373 2302 4414 cum
2338 4356 2593 4412 fermenti
2628 4364 2795 4411 totam
2854 4370 3087 4410 massam
3133 4353 3480 4424 corrumpit:
3523 4362 3577 4407 et
3630 4352 3753 4405 ideo

500 4460 605 4515 qua
660 4446 883 4500 omnino
940 4456 1217 4502 terrenum
1269 4447 1495 4515 cogitat,
1544 4444 1679 4500 nihil
1737 4446 2071 4501 mundanum
2103 4429 2149 4486 Ῑ)
2178 4462 2352 4519 neque
2386 4447 2451 4503 de
2480 4461 2645 4518 parvo
2688 4454 2913 4519 peccato
2948 4446 3212 4515 negligas,
3243 4444 3501 4514 quoniam
3534 4458 3603 4498 ex
3646 4458 3757 4497 uno

500 4538 749 4607 requirit,
780 4552 880 4592 nec
918 4540 1232 4595 hominibus
1266 4539 1481 4609 placere
1512 4538 1731 4593 studet:
1760 4540 1855 4594 sed
1905 4548 2071 4595 totam

496 4645 556 4684 se
582 4630 888 4700 sapientiae,
919 4638 1087 4687 totam
1116 4631 1329 4695 lumini,
1355 4639 1521 4684 totam
1547 4628 1713 4685 calori
1746 4630 1922 4686 sancti
1949 4630 2074 4701 Spi-

500 4722 639 4777 ritus
669 4722 1081 4791 mancipaverit,
1113 4721 1326 4777 subtilis
1354 4732 1407 4778 et
1429 4720 1691 4791 spiritalis
1706 4719 1919 4789 effecta,
1939 4737 2076 4791 quo-

498 4814 660 4870 modo
708 4813 857 4870 cerni
885 4812 954 4867 ab
1010 4811 1342 4878 hominibus,
1379 4823 1474 4867 aut
1502 4812 1571 4867 ab
1622 4811 1871 4868 humanis
1896 4820 2074 4883 potest

494 4906 881 4977 eonspectibus
913 4905 1282 4977 apprehendi?
1325 4903 1592 4958 Animalis
1632 4918 1866 4974 namque
1905 4904 2069 4960 homo

494 5000 797 5070 intelligere
822 5009 879 5057 et
917 5001 1231 5057 discernere
1263 5013 1367 5053 non
1404 5005 1584 5067 potest
1636 4996 1955 5065 spiritalem.
1998 4996 2067 5053 Et

495 5090 616 5145 ideo
638 5091 954 5161 dignissime
986 5092 1126 5147 diem
1156 5092 1354 5147 festum
1387 5097 1531 5160 aget,
1563 5096 1618 5142 et
1657 5087 1890 5142 hostiam
1926 5086 2072 5144 Nco-

496 5186 686 5239 meniae
700 5186 952 5249 Domino,
976 5194 1165 5256 utpote
1185 5200 1280 5257 per
1301 5185 1475 5253 ipsum
1492 5180 2063 5251 innovata,jugulabit.

562 5278 618 5332 6.
664 5276 874 5345 Quarto
912 5278 965 5333 in
1001 5278 1119 5335 loco
1173 5278 1395 5351 ponitur
1442 5276 1583 5331 inter
1615 5273 1935 5331 festivitates
1969 5274 2064 5330 Dei

558 5412 605 5445 "'
636 5411 781 5468 Psal.
814 5430 923 5478 crx,
964 5414 1015 5471 4.

494 5495 544 5546 v,
576 5480 632 5536 7.
706 5485 750 5516 ⁷⁸
773 5484 928 5541 Joan.
966 5501 1037 5548 vr,
1074 5484 1165 5540 54.
1237 5485 1282 5518 ⁷⁹
1314 5482 1335 5537 ι
1364 5486 1490 5539 Cor.
1516 5500 1577 5553 ιι,
1608 5483 1662 5538 9.

717 5619 917 5698 ancs
945 5621 1100 5698 codd.
1138 5622 1515 5698 manuscripti,
1545 5640 1563 5673 ι
1593 5632 1688 5677 aut
1707 5621 2053 5679 Νεοιηεηίαη

494 5689 827 5755 Libb79bditi,
859 5709 877 5743 ι
911 5700 1003 5745 attt
1034 5689 1361 5746 Neomeuizc.
1393 5710 1414 5745 ι

1117 5413 1392 5470 "Coloss.
1426 5429 1499 5477 tt,-
1530 5413 1619 5477 16,
1654 5412 1742 5468 17.
1820 5413 1867 5444 ⁷⁸
1902 5411 2078 5471 lCor.
2111 5429 2189 5479 vt,
2222 5415 2311 5469 l7.

2175 4548 2402 4612 peccato
2448 4548 2741 4607 generatur
2770 4546 2825 4593 ct
2852 4538 3021 4593 aliud.
3049 4538 3203 4593 Sicut
3230 4538 3375 4592 enim
3421 4550 3489 4591 ex
3540 4534 3756 4603 justitia

2174 4640 2473 4704 generatur
2514 4629 2751 4700 justitia,
2784 4639 2841 4684 et
2863 4642 2932 4683 ex
2968 4628 3222 4683 castitate
3260 4627 3484 4683 casutas
3528 4624 3595 4697 (si
3627 4625 3758 4695 quis

2180 4725 2327 4780 enim
2352 4724 2530 4793 primo
2556 4723 2792 4777 tenuiter
2818 4732 3006 4777 castus
3039 4736 3159 4777 esse
3203 4721 3470 4790 eruperit,
3524 4729 3753 4789 accepto

2182 4816 2453 4874 castitatis
2483 4814 2754 4871 fermento
2778 4814 3023 4883 quotidie
3053 4813 3257 4869 castior
3282 4810 3558 4880 efﬁcitur),
3593 4813 3666 4865 ita
3695 4820 3753 4865 et

2175 4908 2266 4980 qui
2295 4909 2460 4965 semel
2497 4910 2635 4964 intra
2666 4924 2724 4964 se
2756 4907 2881 4962 licet
2927 4922 3153 4978 parvum
3185 4906 3407 4961 malitia:
3448 4903 3751 4976 reposuerit

2176 5004 2527 5067 fermentum,
2555 5002 2800 5071 quotidie
2827 5002 3121 5070 semetipso
3162 4999 3393 5069 nequior
3419 4998 3655 5054 eflicitur
3686 5008 3751 5051 ac

2173 5094 2433 5152 deterior.
2462 5095 2527 5149 Et
2557 5095 2681 5149 ideo
2711 5094 2757 5148 si
2798 5096 2879 5149 vis
2908 5109 3069 5162 agere
3098 5094 3425 5163 Azymorum
3472 5090 3740 5145 festivita-

2174 5194 2283 5239 tem
2308 5198 2433 5239 cum
2481 5183 2612 5249 Deo,
2646 5202 2712 5241 ne
2758 5200 2988 5257 parvum
3010 5181 3226 5251 quidem
3255 5178 3479 5234 malitia
3504 5177 3745 5233 fermen-

2174 5288 2286 5331 tum
2314 5275 2453 5331 iutra
2488 5284 2542 5333 te
2562 5278 2799 5334 residere
2826 5276 3073 5347 patiaris.

2407 5413 2453 5447 "'
2483 5412 2682 5483 Ephes.
2714 5427 2788 5480 tv,
2817 5412 2911 5468 24.
2993 5411 3041 5445 ⁷⁸
3074 5410 3231 5468 Joan.
3262 5427 3301 5477 t,
3325 5412 3416 5466 29.
3494 5411 3538 5442 ⁷⁷
3568 5409 3584 5464 l
3610 5407 3741 5471 Cor.

2239 5619 2351 5688 (21)
2386 5618 2567 5674 Codex
2615 5617 2797 5692 Sancti
2827 5619 3171 5692 Theodorici,
3205 5635 3226 5692 ι
3255 5616 3735 5692 exterminabitur,

2174 5694 2268 5748 sed
2300 5704 2367 5745 ne
2384 5700 2698 5745 contemnas
2712 5689 2924 5745 etiamsi
2959 5704 3146 5756 parum
3178 5689 3399 5744 videris.
3424 5705 3442 5739 ι
