2052 3113
207 186 259 214 755

771 181 805 209 IN
821 181 988 210 NUMEROS
1003 182 1146 210 HOMILIA
1167 183 1261 212 XXIII:

1778 182 1809 210 πε
1816 189 1827 211 ι

239 245 267 273 8.
283 243 347 271 Post
365 243 436 271 hanc
449 242 574 277 sequitur
590 245 668 269 sexta
684 239 837 276 festivitas,
852 248 913 275 quis
924 239 993 268 tlici-
1008 242 1031 271 Α
1046 241 1155 275 festum,
1166 242 1219 270 nisi
1229 241 1383 269 aﬂiictionis
1394 250 1491 278 panem
1502 233 1741 271 manducaveritet
1753 249 1831 270 nian-

200 295 247 319 tur
262 289 411 323 Novorum,
428 290 454 317 id
471 294 524 321 est,
540 295 601 315 cum
618 287 747 323 primitiae
761 286 795 313 de
807 286 884 313 novis
899 286 992 313 fructi-

202 337 252 364 bus
264 335 427 364 offeruntur.
443 335 493 363 Ubi
511 335 584 367 enim
609 334 760 361 seminatus
781 332 863 359 fuerit
883 340 948 368 ager
965 337 993 360 et

201 381 347 417 diligenter
359 382 494 414 excultus,
505 386 586 416 atque
595 380 629 407 ad
644 379 830 406 maturitatem
841 379 993 414 pervenerit

204 434 291 462 seges,
307 431 371 454 tunc
379 428 405 454 in
413 426 548 454 fructuum
558 424 726 460 perfectione
738 423 874 451 festivitas
887 423 992 450 Domini

204 472 319 506 geritur.
342 471 372 500 Si
381 476 481 506 ergoet
491 477 519 499 tu
526 472 566 498 vis
574 470 709 498 Novorum
720 469 791 498 diem
801 469 898 497 festum
913 476 995 503 agere

203 525 265 545 cum
276 517 464 551 Domino,vide
473 517 610 552 quomodo
616 515 744 548 semines,
753 518 800 542 aut
810 513 855 541 ubi
863 513 993 546 semipes,

203 567 234 590 ιιι
242 558 329 598 possis
339 565 405 591 tales
415 568 516 590 metere
525 561 640 595 fructus,
653 569 686 589 ex
697 560 797 596 quibus
806 559 894 587 laetari
909 558 995 587 facias

206 608 304 640 Deum,
326 613 354 636 et
368 616 449 644 agere
472 609 544 636 diem
558 607 667 635 festum.
685 607 762 641 Quod
779 606 860 634 aliter
883 604 995 640 implere

206 661 259 681 nou
286 654 398 688 poteris,
425 654 477 681 nisi
501 653 598 681 audias
621 652 783 688 Apostolum
795 652 930 679 dicentem
945 651 993 677 ὀε

210 709 218 724 ι
238 699 290 733 Qui
310 700 427 727 seminat
454 700 481 727 in
503 699 613 734 spiritu,
636 699 669 727 dc
691 698 789 734 spiritu
804 701 889 725 metet
912 696 994 723 vitam

203 751 344 773 aeternam.
363 755 372 772 ι
391 746 420 773 Si
434 746 475 774 sic
490 746 608 773 semines
626 750 654 773 et
679 745 721 773 sic
732 749 832 776 metas,
847 749 911 771 vere
924 742 994 770 diem

204 789 302 818 festum
323 798 387 825 ages
406 790 553 818 Novorum.
574 790 721 825 Propterea
747 789 864 823 denique
883 792 910 815 et
930 793 994 821 pro-

204 835 282 868 pheta
301 836 440 868 admonet,
454 837 548 864 dicens
560 836 582 852 ⁸¹
596 844 603 862 :
616 845 630 861 τ
642 836 771 863 lnnovate
783 834 859 861 vobis
875 832 994 864 novalia,

203 884 230 907 et
240 880 324 907 nolite
333 880 469 907 seminare
478 886 559 914 super
571 879 675 914 spinas.
688 888 697 905 ›
712 879 762 912 Qui
774 886 839 913 ergo
856 885 903 905 cor
917 883 995 904 suum

1048 287 1189 315 ducaverit
1206 288 1304 323 pascha
1330 296 1390 315 cum
1414 289 1607 316 amaritudine.
1635 288 1832 317 Mauducabitis

1042 333 1129 368 enim,
1148 333 1236 368 inquit
1251 333 1284 366 ³³,
1300 341 1395 369 azyma
1412 341 1473 361 cum
1491 334 1685 366 amaritudine.
1712 335 1770 361 sive
1795 334 1832 369 pi‘

1044 378 1121 405 criis.
1136 378 1223 406 Audis
1239 386 1306 414 ergo
1324 379 1387 413 quid
1406 385 1498 407 essent
1514 379 1676 407 festivitates
1694 379 1740 406 Dei
1755 387 1762 404 :
1777 386 1830 406 non

1045 424 1181 458 recipiunt
1195 425 1366 452 dulcedinem
1380 425 1567 460 corporalem,
1583 425 1650 452 nihil
1666 425 1808 452 remissum
1823 444 1831 456 ,

1046 469 1115 497 nihil
1131 469 1393 505 voluptuosum,aut
1406 470 1574 498 luxuriosum
1587 470 1691 503 volunt,
1703 470 1750 497 sed
1764 469 1831 497 allii-

1046 514 1165 542 ctionem
1188 515 1285 543 anima:
1309 519 1338 542 et
1365 515 1574 542 amaritudinem
1599 515 1832 549 humilitatemque

1045 561 1208 596 deposcunt,
1225 562 1289 596 quia
1306 561 1352 596 qui
1371 569 1401 589 se
1426 561 1562 593 humiliat,
1589 562 1646 595 ipse
1668 561 1832 588 exaltabitur

1045 607 1116 642 apud
1145 607 1238 635 Deum.
1255 607 1314 636 Hoc
1339 615 1405 643 ergo
1428 607 1550 642 deposcit
1576 612 1605 635 et
1631 607 1832 641 propitiationis

1045 651 1116 679 dies.
1129 651 1198 679 Cum
1214 653 1287 679 enim
1304 652 1403 680 alllicta
1426 653 1508 680 fuerit
1529 652 1619 680 anima
1650 657 1677 680 et
1691 652 1831 679 lmmiliata

1046 697 1073 725 in
1088 703 1234 733 eonspeclu
1256 699 1374 732 Domini,
1389 703 1452 726 tunc
1462 699 1487 727 ei
1507 698 1699 733 repropitiatur
1714 698 1794 731 Deus,
1806 703 1834 725 et

1046 748 1112 769 tunc
1129 743 1163 771 ad
1174 750 1234 771 eam
1251 744 1325 771 venit
1337 744 1392 776 illc,
1412 753 1421 770 ι
1439 751 1518 779 quem
1533 744 1673 779 proposuit
1686 743 1757 771 Deus
1770 750 1832 778 pro-

1046 788 1201 823 pitiatorem
1220 796 1269 824 per
1281 789 1360 818 fidem
1378 790 1403 816 in
1422 790 1553 825 sanguine
1570 797 1620 818 suo
1634 789 1668 822 ³⁵,
1683 798 1692 816 ι
1710 789 1834 817 Christus

1046 832 1127 860 Jesus
1146 834 1276 862 Dominus
1288 839 1315 861 et
1329 835 1484 869 redemptor
1500 835 1570 870 ejus.

1082 879 1194 906 ll.Jam
1207 887 1272 907 vero
1286 880 1398 908 ultimus
1414 882 1472 909 dies
1489 881 1573 910 festus
1588 882 1635 910 Dei
1654 882 1716 917 quis
1729 882 1764 910 sit
1781 888 1834 916 quo

203 928 231 951 et
246 924 405 951 interiorem
419 924 556 951 hominem
571 928 683 951 renovat
698 924 731 951 de
748 922 792 950 die
809 922 836 949 in
851 921 933 954 diem,
946 920 998 947 iste
1013 917 1034 945 Β
1048 925 1120 953 Deus
1132 925 1239 953 ικιθιιη-
1249 927 1276 954 in
1293 927 1413 961 homine,
1423 928 1574 956 videmnus,
1600 928 1834 964 scenopegia,i..-

205 970 255 996 sibi
271 970 381 996 innovat
391 969 542 1002 novalia,et
552 977 604 996 non
616 969 732 996 seminat
741 976 823 1003 super
831 968 934 1003 spinas,
942 966 990 993 sed

204 1021 287 1049 super
296 1019 397 1041 terram
408 1014 517 1047 bonam,
532 1022 592 1049 qua:
608 1013 703 1041 reddat
713 1013 873 1047 ei_fructum
887 1012 993 1040 tricesi—

206 1068 290 1093 mum,
302 1064 348 1086 aut
361 1060 570 1095 sexagesimum,
589 1064 635 1087 aut
652 1060 842 1088 centesimum.
861 1058 915 1087 Iste
929 1065 993 1094 ergo

206 1111 258 1139 est,
272 1107 317 1140 qui
330 1106 356 1133 iu
372 1105 469 1140 spiritu
487 1106 613 1137 seminat,
630 1103 659 1133 et
677 1105 783 1141 colligit
798 1105 918 1132 fructum
938 1105 993 1140 spi-

207 1158 285 1185 ritus.
300 1158 416 1185 Fructus
435 1162 525 1185 autem
542 1158 664 1192 spiritus,
678 1157 794 1192 primum
815 1157 937 1185 omnium
952 1161 994 1184 est

206 1204 334 1238 gaudium
346 1204 378 1231 ⁸⁸.
399 1203 433 1230 Et
456 1204 555 1230 merito
576 1196 652 1231 diem}
668 1204 768 1231 festum
791 1210 922 1232 novorum
937 1202 994 1230 fru-

206 1253 298 1276 ctuum
318 1250 383 1284 agit,
399 1249 444 1284 qui
465 1250 593 1284 gaudium
610 1250 706 1281 metit;
722 1248 857 1284 prtecipue
873 1248 896 1276 si
913 1249 993 1276 simul

207 1299 289 1321 metat
303 1299 332 1322 et
357 1302 462 1329 pacem,
478 1300 504 1323 et
533 1295 703 1330 patientiam,
730 1300 758 1323 et
784 1295 943 1328 bonitatem,
967 1300 995 1323 et

207 1340 453 1373 mansuetudinem,
485 1341 606 1376 aliosque
632 1342 729 1368 horum
755 1341 859 1369 similes
888 1340 994 1369 fructus

205 1387 227 1414 si
245 1386 361 1422 colligat.
380 1387 539 1422 dignissime
555 1394 688 1415 novorum
705 1387 843 1416 fructuum
863 1387 994 1416 festivita-

207 1438 259 1460 tcm
276 1432 390 1461 Domino
404 1436 476 1468 aget.

240 1496 267 1524 9.
276 1495 351 1524 Tunc
357 1496 452 1525 deinde
458 1497 578 1532 sequitur
586 1497 716 1526 festivitas
723 1497 995 1533 Septimorum.Sicut

206 1543 279 1570 enirn
289 1543 359 1570 inter
368 1543 425 1571 dies
434 1544 568 1579 septimus
574 1544 687 1579 quisque
695 1544 920 1572 diesobservatur
928 1544 992 1572 Sab‘

1044 971 1116 1005 quit.
1123 970 1241 998 laetatur
1248 979 1313 1006 ergo
1322 979 1404 1006 super
1413 975 1516 1006 te,cum
1527 978 1553 1001 te
1561 973 1657 1002 viderit
1666 975 1692 1000 in
1703 974 1752 1001 hoc
1760 982 1835 1003 mun-

1044 1019 1078 1045 do
1094 1017 1119 1044 in
1139 1018 1317 1045 tabernaculis
1328 1019 1405 1054 361
1426 1019 1606 1054 habitantem,
1619 1028 1681 1049 cum
1698 1025 1724 1047 te
1737 1020 1835 1048 viderit

1044 1071 1097 1090 non
1121 1064 1223 1091 habere
1245 1063 1327 1091 fixum
1346 1068 1374 1091 et
1388 1064 1528 1092 fundatum
1548 1066 1669 1093 animum
1685 1073 1718 1093 ac
1735 1073 1833 1100 propo-

1044 1108 1126 1137 situm
1141 1116 1222 1144 super
1237 1113 1342 1141 terras,
1356 1116 1407 1136 nec
1421 1110 1621 1138 desiderantem
1640 1118 1701 1145 quae
1725 1115 1833 1137 terrena

1044 1159 1123 1190 sunt,
1149 1163 1199 1184 nec
1211 1156 1335 1184 umbram
1351 1156 1413 1183 vitae
1436 1155 1516 1191 hujus
1538 1157 1614 1191 quasi
1632 1157 1833 1191 possessionem

1045 1202 1181 1238 propriam
1197 1207 1225 1229 et
1242 1207 1401 1237 perpetuam
1424 1203 1615 1238 deputantem,
1642 1205 1692 1232 sed
1715 1205 1788 1232 velut
1807 1205 1834 1232 in

1046 1249 1162 1276 transitu
1177 1249 1294 1284 positum
1310 1268 1318 1281 .
1334 1254 1362 1278 et
1378 1249 1411 1277 ad
1426 1256 1518 1277 veram
1543 1250 1615 1277 illam
1631 1251 1747 1286 patriam
1764 1251 1835 1279 unde

1044 1301 1171 1330 egressus
1183 1303 1214 1323 es
1226 1315 1234 1329 ,
1249 1296 1370 1331 paradisi
1397 1295 1569 1324 festinantem
1593 1304 1624 1324 ac
1638 1297 1774 1324 dicentem
1788 1297 1811 1313 "
1824 1306 1831 1324 ι

1047 1353 1056 1369 ι
1076 1343 1164 1371 lncola
1179 1350 1228 1378 ego
1243 1350 1303 1371 sum
1317 1347 1345 1370 et
1359 1344 1531 1379 peregrinus.
1545 1342 1616 1370 sicut
1631 1350 1727 1370 omnes
1741 1346 1834 1377 patres

1046 1390 1109 1418 mei.
1123 1399 1133 1417 ι
1151 1390 1179 1418 lu
1197 1389 1381 1418 tabernaculi
1397 1390 1469 1418 enim
1484 1388 1678 1416 habitaverunt
1689 1393 1716 1416 et
1732 1394 1833 1424 patres,

1045 1442 1072 1465 et
1085 1437 1222 1465 Abraham
1238 1438 1264 1465 in
1280 1437 1396 1469 casulis,
1412 1437 1439 1465 id
1461 1441 1521 1470 est,
1538 1438 1566 1465 in
1583 1435 1768 1464 tabernaculis
1784 1436 1834 1463 ba-

1045 1483 1144 1522 hitavit
1158 1492 1219 1512 cum
1236 1484 1311 1512 Isaac
1334 1488 1362 1511 et
1377 1483 1461 1512 Jacob
1480 1483 1666 1511 cohaeredibus
1687 1482 1835 1518 repromis-

1045 1531 1131 1558 sionis
1145 1530 1277 1565 ejusdem.
1292 1530 1358 1557 Cum
1376 1537 1441 1566 ergo
1459 1530 1546 1558 incola
1570 1529 1654 1557 fueris
1671 1533 1699 1556 et
1716 1528 1834 1564 peregri-

207 1591 313 1623 batum,
323 1594 350 1617 et
362 1595 403 1617 est
418 1575 604 1623 fest-ivitas,it-a
614 1575 724 1619 et-inter
736 1598 846 1618 menses
863 1591 994 1626 septimus
1008 1586 1029 1614 C
1047 1576 1237 1626 ξὐδιίηλθηξξδ
1250 1596 1257 1609 ν
1273 1580 1300 1603 el
1315 1583 1369 1604 ¹¹⁰¹¹
1385 1582 1426 1604 θεῖ
1451 1584 1527 1626 ¹¹¹θ¹ξ⁵
1541 1581 1585 1603 ma
1602 1576 1653 1603 ﬁ“
1667 1580 1695 1603 el
1714 1575 1834 1626 milia?“

206 1635 323 1670 quisque
332 1636 432 1663 mensis
452 1635 600 1663 Sahbatum
615 1641 657 1663 est
668 1636 918 1672 meusium.Agltur
931 1644 996 1672 ergo

208 1681 234 1708 in
243 1688 276 1708 eo
285 1681 427 1714 festivitas,
435 1690 495 1717 quae
503 1682 599 1710 dicitur
608 1681 725 1710 Sabbata
737 1683 923 1715 sabbatorum,
932 1688 959 1711 et
968 1683 997 1710 fit

210 1728 236 1755 in
245 1727 288 1753 die
295 1727 379 1760 prima
387 1729 487 1756 mensis
494 1729 617 1756 tubarum
628 1729 824 1757 memoria.Sed
832 1729 893 1764 quis
902 1733 942 1756 est
950 1728 996 1764 qui

211 1778 383 1805 festivitatem
396 1774 617 1812 geratmemorize
629 1775 765 1808 tubarum,
783 1775 833 1802 nisi
849 1775 895 1810 qui
908 1778 994 1809 potest

211 1823 366 1858 Scripturas
391 1822 563 1857 prapheticas
584 1826 611 1850 et
626 1822 809 1857 evangelicas,
835 1828 896 1856 quae
911 1819 994 1847 veluti

211 1873 333 1900 caelestis
363 1873 486 1907 qturdam
511 1877 656 1908 personant
680 1873 743 1900 tuba
762 1871 838 1906 (22),
867 1871 997 1899 mandare

212 1919 350 1946 memorize
366 1923 393 1947 et
415 1919 487 1945 intra
501 1919 658 1946 thesaurum
671 1918 760 1946 cordis
771 1918 812 1945 sui
831 1917 997 1946 recondere?

211 1964 262 1997 Qui
278 1971 343 1999 ergo
357 1964 415 1991 haec
432 1964 532 1991 facitet
547 1964 573 1991 in
591 1963 650 1999 lege
672 1964 718 1991 Dei
737 1964 882 1991 meditatur
899 1963 943 1992 die
962 1972 995 1992 ac

211 2015 299 2042 nocte.
326 2010 378 2038 iste
401 2010 580 2037 festivitatem
603 2011 672 2045 gerit
699 2010 838 2038 memoria:
857 2011 994 2039 tubarum.

211 2055 265 2083 Scd
281 2056 342 2083 etsi
358 2055 420 2090 quis
437 2059 528 2090 potest
552 2056 655 2090 gratias
679 2055 741 2084 illas
764 2057 851 2084 sancti
875 2056 996 2092 Spiritus

212 2101 358 2134 promereri
379 2101 479 2136 quibus
497 2101 623 2135 inspirati
639 2106 701 2129 sunt
715 2103 864 2138 prophetae,
879 2108 907 2131 et
923 2104 996 2138 psal-

213 2146 270 2174 lens
285 2147 402 2174 dicere:
418 2156 427 2172 ε
447 2147 542 2174 Canite
555 2146 663 2174 initium
676 2148 778 2176 mensis
802 2149 875 2182 tuba,
902 2150 928 2177 in
953 2149 996 2177 die

212 2193 326 2227 insignis
340 2193 520 2221 solemnitatis
534 2194 620 2228 ejus,»
630 2200 657 2222 et
669 2195 714 2229 qui
723 2194 775 2222 scit
785 2194 814 2222 in
825 2195 938 2228 psalmis
948 2195 994 2231 ju-

212 2237 297 2265 bilare
310 2238 346 2269 ei.
364 2238 443 2273 digne
458 2239 513 2274 agit
528 2240 727 2268 solemnitatem
740 2240 887 2268 Tubarum.

247 2301 290 2328 l0.
306 2302 354 2329 Est
367 2302 455 2331 adhuc
467 2308 494 2330 et
502 2303 553 2330 alia
571 2303 715 2336 festivitas,
726 2312 786 2332 cum
801 2303 922 2339 aﬂligunt
935 2305 996 2332 ani-

213 2355 270 2374 mas
285 2355 347 2374 suas
359 2352 387 2375 et
400 2348 543 2376 humiliant
570 2357 599 2377 se
616 2350 671 2377 Deo
689 2349 759 2378 festa
774 2350 957 2378 celebrantes.
973 2351 995 2379 0

213 2392 280 2418 mira
298 2392 443 2420 festivitas!
455 2393 513 2422 dies
529 2394 614 2422 festus
634 2399 746 2422 vocatur
759 2395 870 2423 afﬂictio
882 2396 992 2424 animae.

213 2437 262 2465 llic
274 2438 358 2471 enim,
373 2438 468 2474 inquit,
483 2440 540 2468 dies
555 2445 596 2468 est
610 2442 814 2476 propitiationis
831 2443 937 2471 decima
951 2443 995 2471 die

211 2484 312 2511 mensis
326 2484 445 2518 septimi.
460 2485 529 2513 Vide
546 2493 622 2520 ergo,
640 2487 662 2513 si
676 2487 715 2514 vis
727 2488 797 2515 diem
815 2488 912 2516 festum
927 2496 992 2523 age-

211 2535 250 2560 re,
264 2528 286 2556 si
306 2529 346 2556 vis
362 2532 391 2556 ut
406 2528 513 2557 laetetur
533 2530 603 2558 Deus
620 2538 701 2566 super
715 2536 752 2565 te,
770 2531 857 2567 aﬂlige
872 2535 992 2561 animam

212 2579 285 2602 tuam
310 2579 338 2602 et
359 2574 471 2602 humilia
492 2583 562 2603 eam.
582 2575 640 2604 Non
662 2577 687 2604 ei
716 2578 859 2612 permittas
882 2579 993 2615 explere

210 2619 344 2647 desideria
358 2628 418 2652 sua,
430 2628 480 2648 nec
497 2621 631 2650 concedas
643 2622 669 2650 ei
686 2622 804 2650 lasciviis
814 2625 937 2660 evagari,
946 2625 992 2653 sed

209 2666 368 2700 iuquantum
388 2666 446 2693 fieri
461 2671 560 2701 potest,
576 2667 663 2703 amige
678 2673 704 2695 et
718 2668 830 2696 humilia
844 2677 915 2698 eam.
938 2671 991 2699 Do-

210 2711 293 2746 uique
305 2710 418 2739 Paschaa
434 2711 567 2740 festivitas
580 2717 607 2740 et
621 2714 784 2750 Azymorum
793 2734 801 2747 ,
815 2723 913 2750 panem
925 2717 991 2744 allii-

207 2756 308 2783 ctionis
326 2756 426 2784 habere
437 2756 558 2785 dicitur:
574 2766 623 2786 nec
639 2764 728 2794 potest
742 2760 803 2795 quis
818 2768 899 2796 agere
921 2762 991 2791 diem

241 2816 263 2831 '°
277 2817 361 2854 finiat.
381 2825 415 2847 vl,
432 2817 458 2845 8.
496 2817 517 2833 "
536 2816 635 2845 .lercm.
651 2826 686 2850 iv,
703 2819 728 2845 5.
779 2820 801 2835 ⁸²
816 2820 900 2848 Galat.
928 2830 954 2854 v,
970 2821 1013 2849 22.

208 2850 249 2878 13.
287 2852 310 2867 ⁸⁸
328 2852 378 2880 lsa.
396 2861 457 2886 xxx,
472 2854 515 2881 26.

1048 1622 1075 1649 in
1094 1621 1237 1649 desideriis
1260 1626 1429 1649 terrenorum
1444 1642 1452 1654 ,
1468 1622 1515 1649 sed
1537 1625 1649 1656 paratus
1671 1628 1701 1648 es
1729 1625 1759 1648 ut
1780 1620 1835 1647 cito

1047 1674 1181 1701 transeas,
1194 1673 1221 1696 et
1235 1672 1345 1702 paratus
1357 1675 1386 1695 es
1401 1669 1548 1695 extendere
1567 1671 1593 1694 te
1613 1673 1719 1701 semper
1734 1666 1768 1693 ad
1791 1665 1834 1692 iu-

1048 1714 1162 1745 teriora,
1176 1719 1319 1747 usquequo
1333 1711 1476 1746 pervenias
1491 1711 1526 1738 ad
1541 1715 1640 1738 terram
1654 1709 1781 1737 fluentem
1792 1707 1835 1735 lac

1047 1764 1075 1788 et
1091 1759 1161 1792 mei,
1187 1763 1215 1786 et
1238 1758 1423 1785 liaireditatem
1447 1757 1538 1792 capias
1561 1757 1734 1784 futurorum:
1754 1754 1777 1782 si
1797 1759 1833 1787 te,

1047 1805 1177 1840 inquam,
1194 1804 1312 1838 positum
1326 1803 1353 1830 in
1375 1803 1418 1831 his
1433 1802 1522 1830 videat
1541 1801 1627 1834 Deus,
1643 1802 1750 1829 laetatur
1763 1801 1790 1828 in
1806 1804 1832 1828 te

1047 1854 1073 1878 et
1087 1850 1158 1877 diem
1172 1849 1270 1878 festum
1284 1848 1340 1885 agit
1359 1856 1441 1883 super
1465 1853 1500 1876 te.
1519 1847 1582 1875 llaec
1595 1848 1703 1883 quidem
1724 1848 1752 1875 in
1766 1855 1835 1882 prte-

1047 1896 1115 1924 senti
1128 1916 1136 1930 ,
1153 1896 1180 1924 in
1197 1895 1288 1923 futuro
1304 1902 1368 1923 vero
1381 1915 1388 1928 ,
1405 1895 1428 1922 si
1445 1895 1486 1922 vis
1506 1895 1679 1922 considerare
1699 1894 1834 1929 quomodo

1048 1947 1164 1977 agantur
1182 1942 1239 1970 dies
1253 1941 1324 1974 festi,
1338 1942 1413 1978 erige
1428 1941 1576 1977 paululum,
1597 1941 1619 1969 si
1635 1945 1723 1976 potes,
1738 1948 1834 1969 sensus

1048 1990 1108 2016 tuos
1124 1996 1139 2015 a
1156 1992 1229 2016 terra
1240 2008 1248 2021 ,
1264 1991 1291 2015 et
1305 1987 1467 2015 obliviscere
1480 1987 1619 2023 paulisper
1633 1988 1691 2015 haec
1708 1994 1768 2022 qua:
1782 1987 1833 2014 ha—

1047 2035 1145 2062 bentur
1158 2034 1184 2061 in
1198 2033 1279 2061 facie.
1295 2033 1424 2061 Describe
1441 2041 1504 2061 vero
1519 2034 1568 2061 tibi
1583 2033 1720 2068 quomodo
1735 2032 1833 2060 ccelum

1047 2086 1075 2109 et
1102 2086 1174 2108 terra
1195 2085 1352 2115 transeant,
1375 2085 1403 2108 et
1427 2080 1524 2108 transit
1544 2080 1632 2108 omnis
1656 2080 1701 2108 hic
1723 2079 1834 2107 habitus

1048 2126 1259 2159 mundi,cmlum
1275 2134 1339 2155 vero
1354 2135 1462 2158 novum,
1477 2131 1506 2155 et
1522 2131 1593 2155 terra
1610 2134 1679 2155 nova
1695 2126 1831 2155 fundetur.

1047 2173 1149 2201 Amore
1160 2174 1193 2201 de
1205 2174 1395 2208 conspectibus
1410 2174 1462 2202 tuis
1472 2175 1552 2202 etiam
1565 2174 1629 2202 solis
1642 2174 1723 2209 hujus
1734 2173 1832 2205 lucem,

1047 2223 1075 2247 et
1088 2219 1121 2246 da
1137 2219 1173 2246 illi
1192 2219 1291 2247 mundo
1304 2219 1350 2254 qui
1367 2224 1498 2247 venturus
1512 2224 1575 2253 est,
1595 2221 1662 2249 solis
1680 2220 1833 2256 septnplum

1012 2258 1034 2286 D
1050 2264 1138 2292 lumen
1153 2264 1187 2292 ⁸⁸.
1204 2263 1260 2292 1ωο
1275 2265 1366 2300 potius
1378 2267 1527 2293 secundum
1547 2266 1696 2302 Scriptum
1713 2266 1834 2294 auctori-

1048 2314 1131 2338 tatem
1154 2309 1242 2345 ipsum
1259 2310 1283 2337 ei
1301 2310 1334 2337 da
1351 2310 1494 2338 Dominum
1510 2311 1610 2339 lucem.
1624 2311 1699 2339 Pone
1711 2315 1834 2339 astantes

1047 2354 1158 2389 angelos
1170 2354 1273 2390 gloriae,
1287 2361 1357 2390 pone
1370 2355 1498 2389 virtutes,
1509 2353 1669 2392 potestates,
1681 2356 1771 2389 sedes,
1785 2356 1833 2385 do-

1048 2400 1225 2432 minationes,
1241 2405 1323 2435 atque
1337 2408 1417 2429 omne
1432 2409 1532 2430 nomen
1551 2402 1763 2430 clarissimarum
1775 2407 1832 2428 coe-

1046 2445 1208 2480 lestiumque
1223 2445 1352 2474 virtutum
1363 2467 1371 2480 ,
1398 2454 1452 2475 non
1474 2447 1559 2475 solum
1575 2447 1646 2482 quod
1663 2447 1689 2474 in
1705 2447 1831 2481 praesenti

1047 2492 1145 2521 saeculo
1163 2493 1328 2525 nominatur,
1343 2493 1390 2521 sed
1406 2493 1477 2528 quod
1491 2493 1573 2520 etiam
1594 2493 1619 2519 in
1640 2492 1744 2521 futuro.
1759 2492 1833 2520 inter

1046 2539 1096 2566 hos
1118 2545 1212 2566 omnes
1232 2538 1376 2567 considera
1389 2543 1416 2566 et
1437 2538 1540 2572 conjiee
1562 2538 1697 2574 quomodo
1710 2539 1753 2574 agi
1769 2546 1832 2574 pos-

1046 2584 1100 2612 sint
1112 2585 1170 2613 dies
1185 2584 1246 2613 festi
1260 2585 1383 2613 Domini:
1400 2592 1461 2620 quae
1475 2585 1511 2612 ibi
1526 2585 1675 2618 festivitas,
1692 2593 1752 2621 quae
1765 2594 1832 2621 gau-

1046 2630 1101 2664 dia,
1120 2638 1180 2666 quae
1196 2630 1295 2659 laetitiae
1309 2630 1476 2667 magnitudo.
1489 2630 1556 2658 Nam
1571 2632 1604 2660 de
1618 2632 1651 2660 iis
1666 2639 1735 2667 quos
1749 2640 1832 2667 supra

1045 2675 1162 2703 diximus
1178 2675 1345 2710 spiritalibus
1368 2676 1579 2711 festivitatibus,
1594 2678 1708 2705 etiamsi
1725 2685 1842 2713 magme-

1045 2721 1100 2749 sint
1115 2725 1143 2748 et
1157 2728 1238 2755 verae,
1256 2722 1392 2758 praecipue
1404 2731 1465 2752 cum
1480 2724 1639 2760 spiritaliter
1655 2728 1788 2760 geruntur
1803 2727 1830 2750 in

1047 2766 1148 2799 anima,
1162 2773 1259 2801 magna
1277 2771 1366 2796 tamen
1380 2775 1415 2797 ex
1428 2773 1505 2805 parte
1517 2775 1589 2804 sunt,
1600 2776 1654 2797 non
1665 2777 1702 2797 ex
1715 2769 1829 2803 integro.

1063 2823 1086 2838 ⁸³
1101 2824 1185 2851 Exod.
1202 2833 1249 2858 xu,
1264 2825 1290 2853 8.
1333 2826 1356 2844 “
1368 2826 1447 2856 Rom.
1464 2835 1506 2856 tu.
1519 2828 1564 2857 25.
1599 2828 1621 2847 ⁸⁵
1635 2829 1706 2859 Psal.
1722 2838 1834 2859 xxxvi-1.

243 2898 297 2933 (2‘2)
315 2899 387 2927 idem
404 2899 616 2935 mauuscriptus,
633 2909 642 2926 (
660 2902 719 2934 qua:
735 2899 807 2928 velut
823 2901 926 2930 caelesti
942 2902 1058 2937 quadam
1075 2910 1223 2939 personant
1238 2905 1311 2934 tuba.
1331 2915 1341 2932 ι

1653 2928 1871 3065 Γ
