4104 6226
459 321 567 377 735

1892 319 2212 409 οιιιςεΝιε

3627 304 3745 365 756

461 447 618 499 Dicat
641 443 788 500 enim
823 444 956 500 dixit
986 445 1275 515 Apostolus
1298 446 1341 478 ⁸⁷
1366 487 1382 515 ,
1419 447 1545 517 quia
1583 464 1599 498 ι
1639 460 1703 502 ex
1750 455 1903 516 parte
1926 446 2036 500 sci-
2067 449 2117 507 Α
2145 451 2230 498 ter
2259 438 2495 496 famulus
2518 436 2615 492 Dei
2648 434 2703 490 in
2734 431 2953 489 cantico
2978 427 3149 484 Exodi
3170 426 3427 517 designat
3446 424 3638 517 dicens
3652 424 3697 517 ’ξ
3723 450 3742 483 :

464 552 604 602 ntus,
641 545 695 591 et
744 551 809 592 es
842 547 998 606 parte
1043 540 1433 608 prophetamus
1472 556 1487 605 ;
1527 557 1547 591 ι
1588 539 1659 593 ita
1705 552 2046 606 consequens

461 637 566 695 est,
614 636 673 682 ut
715 641 781 681 ex
824 638 978 698 parte
1005 630 1148 684 diem
1196 630 1393 686 festum
1439 645 1711 700 geramus.
1760 628 1832 684 Ut
1864 638 2043 684 autem

461 719 611 773 scias
632 718 748 774 haec
776 719 849 773 ita
875 734 1017 785 esse,
1041 722 1329 776 redeamus
1356 724 1421 777 ad
1459 721 1638 791 ipsius
1658 719 1810 775 Pauli
1838 734 2047 775 sermo.

461 825 587 866 nem
611 849 628 876 ,
659 825 820 881 quem
854 816 921 868 de
971 814 1160 869 diebus
1190 813 1347 869 festis
1383 822 1439 868 et
1486 813 1791 870 neomeniis
1822 812 2042 882 posuit;

458 912 517 958 et
544 903 668 960 vide
701 904 973 975 quomOdo
1012 908 1373 962 observanter
1404 907 1584 963 dixit:
1626 924 1647 959 ι
1682 905 1856 962 Nemo
1894 920 2044 976 ergo,

460 996 545 1052 ait
568 996 634 1062 ⁸⁸,
671 1011 770 1052 vos
792 996 999 1067 judicet
1020 997 1077 1053 in
1111 998 1255 1065 cibo,
1292 1008 1384 1053 aut
1418 1000 1469 1054 in
1497 1008 1659 1070 polu,
1689 1010 1778 1054 aut
1808 998 1863 1052 in
1895 1008 2048 1067 parte

461 1089 571 1146 diei
602 1089 752 1146 festi.
791 1107 811 1141 ι
862 1090 1096 1145 Attende
1125 1105 1254 1163 ergo
1297 1091 1611 1164 diligentius
1635 1090 1910 1161 quomodo
1940 1106 2046 1145 non

462 1183 602 1239 dixit
638 1183 691 1238 in
730 1181 815 1238 die
847 1180 988 1237 festo
1012 1224 1028 1249 ,
1059 1183 1154 1238 sed
1183 1183 1235 1238 in
1269 1194 1421 1255 parte
1454 1184 1560 1239 diei
1594 1183 1742 1238 festi.
1771 1183 1848 1236 Ex
1894 1191 2049 1252 parte

462 1275 608 1331 enim
639 1282 696 1330 et
743 1288 846 1328 non
878 1289 944 1329 ex
977 1274 1191 1347 integro
1222 1277 1363 1331 diem
1398 1276 1594 1332 festum
1628 1277 1681 1330 in
1716 1278 1819 1330 hoc
1847 1273 2048 1329 mundo

462 1367 621 1443 positi
653 1366 1015 1424 celebramus.
1048 1366 1463 1438 Interpellamur
1498 1369 1649 1425 enim
1692 1367 1908 1424 etiamsi
1948 1381 2043 1421 no-

463 1459 642 1514 lumus
669 1459 737 1513 ab
761 1474 928 1515 onere
960 1460 1178 1525 carnis,
1209 1460 1488 1531 pulsamur
1512 1476 1541 1514 a
1591 1457 2048 1530 concupiscentiis

462 1551 602 1618 ejus,
628 1551 882 1622 curisque
898 1560 953 1607 et
982 1552 1439 1609 sollicitudinibus
1460 1552 1827 1607 terebramur.
1865 1570 1884 1603 ι
1915 1550 2051 1606 Cor-

460 1658 563 1713 pus
586 1645 731 1699 enim
757 1645 1125 1715 corruptibile,
1157 1663 1181 1699 ›
1208 1654 1267 1700 ιιι
1299 1646 1376 1700 ait
1407 1646 1498 1701 ille
1526 1646 1957 1714 sapientissimus
1977 1644 2045 1712 θ’,

467 1753 485 1784 ι
523 1744 787 1803 aggravat
820 1736 1081 1801 animam,
1124 1745 1182 1789 et
1211 1736 1469 1808 deprimit
1506 1752 1725 1793 sensum
1758 1736 1925 1791 multa
1956 1751 2050 1790 co-

462 1824 748 1896 gitantem.
783 1846 804 1879 ι
850 1827 928 1881 Ex
985 1838 1141 1898 parte
1175 1844 1306 1899 ergo
1361 1830 1413 1885 in
1470 1830 1575 1887 hoc
1622 1832 1824 1887 mundo
1870 1831 2047 1889 sancti

463 1927 631 1985 agunt
660 1918 798 1972 diem
833 1918 1054 1986 festmn,
1099 1920 1223 1990 quia
1255 1930 1310 1975 et
1347 1936 1412 1978 ex
1444 1930 1598 1994 parte
1635 1924 1849 1989 sciunt,
1898 1935 1952 1979 et
1981 1940 2047 1979 ex

463 2018 615 2077 parte
636 2010 989 2080 prophetarit.
1016 2010 1150 2066 Cum
1183 2022 1361 2067 autem
1390 2014 1639 2070 venerint
1660 2031 1779 2086 qua:
1807 2015 2046 2085 perfecta

462 2107 628 2167 sunt,
676 2104 1027 2157 destruentur
1071 2103 1172 2158 ista
1211 2120 1332 2174 qua:
1375 2122 1439 2160 ex
1494 2116 1647 2176 parte
1696 2117 1843 2164 sunt.
1895 2109 2050 2163 Sicut

460 2190 610 2244 enim
641 2190 895 2260 perfecta:
925 2194 1167 2249 scientia:
1201 2196 1346 2250 cedit
1387 2196 1485 2252 ista
1520 2213 1637 2267 quae
1663 2213 1729 2253 ex
1763 2207 1919 2266 parte
1941 2206 2045 2265 est,

463 2294 517 2337 et
549 2282 804 2352 perfecta:
837 2287 1135 2356 prophetiae
1163 2288 1307 2342 cedit
1350 2288 1451 2343 ista
1481 2304 1600 2359 qua:
1629 2305 1696 2344 ex
1741 2299 1897 2361 parte
1925 2300 2007 2345 est
2032 2309 2045 2344 :

466 2377 543 2429 ita
572 2387 623 2431 et
657 2377 910 2445 perfectae
939 2378 1221 2435 festivitati
1248 2380 1392 2435 cedit
1419 2381 1523 2435 ista
1549 2396 1668 2451 quae
1698 2396 1762 2435 ex
1797 2390 1950 2452 parte
1968 2390 2051 2437 est

468 2467 761 2527 festivitas.
797 2470 983 2541 Neque
1029 2472 1175 2526 enim
1210 2472 1355 2542 quod
1392 2474 1693 2543 perfectum
1717 2473 2050 2528 estmundus

467 2563 575 2616 iste
604 2577 801 2630 capere
828 2573 1022 2631 potest,
1060 2565 1184 2629 ubi,
1213 2573 1272 2618 nt
1303 2566 1563 2631 diximus,
1594 2566 1896 2621 necessitas
1925 2580 2050 2621 eor-

465 2654 612 2721 poris
640 2670 786 2710 nunc
816 2657 1025 2723 cibum,
1050 2674 1195 2712 nunc
1221 2669 1427 2728 potum,
1460 2674 1604 2713 nunc
1640 2673 1890 2713 somnum
1917 2674 2047 2729 sug-

466 2747 636 2814 gerit,
670 2762 813 2802 nunc
858 2748 1022 2802 ctiam
1064 2761 1544 2820 quantumcunque
1588 2751 1898 2806 necessario
1925 2751 2049 2805 vita:

466 2837 753 2905 praesentis
802 2838 1222 2894 sollicitudinem
1271 2852 1471 2906 movet,
1506 2856 1629 2910 qua:
1652 2841 1837 2895 omnia
1877 2841 2049 2896 inter-

469 2937 727 2998 rumpunt
752 2930 871 2983 sine
898 2929 1062 2985 dubio
1092 2931 1561 2987 continuationem
1590 2932 1899 2987 festivitatis
1928 2931 2045 2989 Dei.

466 3020 600 3073 tium
629 3030 810 3075 autem
836 3022 1051 3077 venerit
1076 3022 1203 3078 illud
1235 3024 1378 3093 quod
1412 3024 1618 3077 dictum
1648 3033 1729 3079 est
1763 3023 1830 3078 de
1859 3023 1925 3079 iis
1954 3023 2047 3094 qui

465 3114 830 3169 restituuntur
863 3114 917 3170 in
952 3125 1141 3171 sancta
1165 3157 1178 3181 ,
1208 3117 1251 3171 si
1287 3126 1464 3171 tamen
1497 3125 1550 3172 et
1583 3132 1680 3172 nos
1709 3133 1776 3171 ex
1819 3118 1885 3173 iis
1928 3133 2048 3173 esse

466 3220 774 3259 mereamur
796 3206 887 3276 qui
925 3208 1248 3261 restituendi
1272 3219 1419 3275 sunt,
1449 3209 1541 3277 qui
1574 3222 1747 3279 neque
1780 3209 2046 3277 esurient,

463 3311 640 3367 neque
670 3294 891 3363 sitient,
938 3313 1113 3367 neque
1159 3298 1566 3367 dormitabunt,
1608 3314 1782 3369 neque
1830 3299 2050 3354 labora-

464 3389 624 3455 bunt,
646 3387 747 3443 sed
763 3397 933 3444 erunt
950 3390 1259 3460 pervigiles,
1288 3391 1428 3445 sicut
1449 3390 1767 3460 angelorum
1792 3391 1905 3446 vita
1928 3405 2051 3460 pcr-

464 3481 603 3551 vigil'
627 3481 829 3537 dicitur
859 3500 875 3537 :
914 3497 1040 3537 cum
1075 3483 1126 3536 in
1158 3482 1314 3536 illum
1341 3482 1590 3538 ordinem
1626 3482 1836 3537 restitui
1875 3497 2051 3538 mere-

466 3574 693 3639 bimur,
740 3585 869 3630 tunc
917 3574 1023 3629 erit
1067 3590 1192 3630 vera
1253 3585 1309 3630 et
1368 3576 1682 3645 incorrupta
1744 3575 2049 3643 festivitas,

464 3662 625 3732 cujus
672 3665 987 3720 festivitatis
1040 3665 1292 3737 princeps
1342 3674 1398 3720 et
1465 3679 1696 3736 sponsus
1754 3674 1809 3721 et
1865 3667 2048 3721 domi-

465 3772 570 3812 nus
623 3756 731 3812 erit
802 3756 919 3827 ipse
988 3756 1147 3813 lesus
1195 3757 1447 3813 Christus
1503 3756 1761 3814 Salvator
1814 3768 2046 3827 noster,

462 3849 551 3903 cui
592 3858 678 3905 est
714 3847 888 3921 gloria
929 3857 986 3906 et
1024 3850 1313 3921 imperium
1353 3849 1407 3905 in
1442 3849 1645 3907 saecula
1698 3851 2045 3907 saculorum.

462 3945 659 4000 Amen.

999 4057 1281 4114 HOMILIA
1321 4058 1518 4114 XXIV.

467 4150 900 4230 Dea-acri/iciit
927 4167 1046 4230 qua:
1105 4166 1202 4230 per
1249 4166 1670 4230 unamquamque
1707 4150 2049 4230 festiuitatem

525 4220 786 4288 jubentur
818 4220 999 4289 o/ferri
1020 4260 1034 4284 ,
1062 4222 1201 4275 etde
1236 4221 1367 4275 votis
1403 4236 1522 4291 qua:
1557 4220 1804 4276 vaventur
1832 4222 1942 4276 Deo
1977 4222 2046 4276 ’°.

538 4314 597 4368 le.
628 4311 833 4369 Graues
859 4312 951 4384 qui
985 4313 1265 4370 imbuendi
1292 4323 1420 4370 sunt
1448 4313 1906 4370 eminentioribus
1932 4315 2045 4370 dis-

466 4405 729 4476 ciplinis,
781 4406 969 4461 taodiu
1020 4405 1306 4461 molestum
1352 4406 1562 4461 ducunt
1610 4405 2046 4461 rudimentorum

466 4500 734 4565 laborem,
759 4500 950 4563 donec,
979 4499 1103 4570 quis
1130 4499 1207 4555 sit
1220 4508 1279 4556 et
1299 4499 1599 4569 disciplinae
1627 4499 1769 4554 illius
1792 4500 1857 4554 ad
1882 4514 2043 4569 quam

468 4593 892 4650 lntroducuntnr
922 4591 1045 4645 linis
1073 4601 1129 4645 et
1157 4591 1389 4655 fructus,
1438 4591 1710 4661 ignorant.
1752 4589 1889 4646 Cum
1915 4605 2047 4646 vero

469 4684 708 4742 imbutos
758 4698 855 4753 per
900 4683 1147 4737 ordinem
1215 4681 1483 4752 perfectio
1542 4695 1835 4739 consecuta
1883 4681 2051 4737 fuerit

465 4776 792 4847 disciplinae,
824 4785 952 4830 tunc
976 4773 1267 4830 delectabit
1296 4774 1726 4830 rudimentorum
1759 4773 2051 4844 pertulisse

467 4869 767 4926 molestias.
797 4869 943 4924 Sunt
967 4883 1098 4939 ergo
1127 4877 1180 4924 et
1217 4869 1269 4923 in
1300 4868 1506 4923 sanctis
1536 4884 1603 4924 ac
1642 4868 1838 4924 divinis
1889 4868 2050 4923 rebus

469 4964 641 5033 prima
675 4964 925 5033 quasdam
970 4961 1276 5017 rudimenta
1303 4960 1501 5031 quibus
1526 4960 1854 5017 inducuntur
1886 4961 1921 5015 ii
1955 4960 2047 5029 qui

466 5057 534 5112 aJ
565 5057 958 5128 perfectionem
987 5054 1342 5112 beatitudinis
1371 5055 1617 5110 tendunt.
1640 5053 1797 5121 Quod
1827 5053 2049 5108 eviden-

2159 550 2178 583 ι
2214 530 2383 585 lnduc
2430 536 2484 582 et
2513 525 2697 596 planta
2740 536 2836 579 cos
2866 520 2921 576 in
2951 526 3139 573 monte
3167 513 3508 570 haereditatis
3535 523 3660 577 tuae,
3684 512 3746 566 in

2151 630 2453 695 praeparata
2490 615 2828 674 habitatione
2857 623 2945 667 tua
2973 652 2989 678 ,
3017 624 3181 680 quam
3228 604 3551 677 praeparasti
3577 644 3592 670 ,
3632 603 3749 657 Do-

2152 714 2317 768 mine.
2354 729 2375 764 ι
2412 708 2617 765 Paulus
2652 717 2868 776 quoque
2902 700 3179 771 apostolus
3224 697 3409 753 sciens
3438 710 3565 750 esse
3592 708 3751 765 qua-

2150 808 2273 863 dam
2304 806 2475 877 prima
2506 800 2783 859 imbuendi
2815 798 2997 860 initia,
3024 804 3152 849 tunc
3177 791 3377 847 deinde
3400 805 3495 862 per
3527 799 3746 857 tempus

2152 901 2317 956 etiam
2359 897 2425 951 ad
2461 894 2854 967 perfectionem
2886 888 3084 954 veniri,
3114 887 3368 942 scribens
3412 884 3741 954 quibusdam

2151 993 2472 1051 dicebat":
2523 1008 2543 1041 ι
2578 987 2791 1044 Etenim
2840 999 2964 1040 cum
3007 980 3282 1037 deberetis
3326 979 3440 1049 jam
3491 976 3738 1046 magistri

2150 1099 2269 1139 esse
2302 1092 2527 1153 propter
2555 1090 2791 1151 tempus,
2817 1091 3031 1131 rursum
3065 1072 3327 1142 indigetis
3353 1081 3412 1125 ut
3434 1068 3735 1125 doeeamini

2153 1192 2272 1246 quae
2306 1176 2415 1229 sint
2443 1173 2711 1227 elementa
2739 1168 2947 1226 exordii
2990 1180 3305 1222 sermonum
3335 1161 3469 1227 Dei,
3516 1169 3571 1215 et
3611 1158 3738 1214 facti

2149 1270 2282 1324 estis
2312 1269 2509 1339 quibus
2560 1267 2701 1320 lacte
2746 1280 2880 1335 opus
2925 1262 3038 1328 sit,
3070 1274 3177 1313 non
3206 1258 3329 1314 cibo
3356 1255 3508 1311 forti.
3547 1253 3738 1309 Omnis

2150 1364 2292 1420 enim
2324 1363 2416 1431 qui
2449 1362 2587 1415 lacte
2616 1360 2780 1413 alit-nr
2815 1370 3013 1427 expers
3048 1362 3132 1409 est
3165 1350 3433 1407 sermonis
3474 1347 3735 1417 justitize,

2150 1453 2407 1525 parvulus
2435 1452 2576 1506 enim
2610 1458 2713 1505 est.
2760 1447 3136 1502 Pcrfectornm
3182 1456 3307 1497 vero
3337 1440 3494 1495 cibus
3520 1437 3736 1493 solidus

2150 1557 2257 1613 est,
2289 1546 2381 1616 qui
2429 1559 2527 1613 pro
2578 1540 2934 1613 possibilitate
2978 1536 3223 1593 sumendi
3268 1531 3587 1588 exercitatos
3632 1529 3735 1584 ha-

2150 1640 2280 1695 bent
2304 1651 2499 1694 sensus
2530 1636 2599 1691 ad
2625 1634 3007 1691 discretionem
3044 1630 3170 1685 boni
3198 1629 3283 1682 vel
3308 1627 3455 1681 maii.
3478 1644 3496 1676 ι
3524 1623 3592 1678 Et
3624 1624 3731 1678 ite-

2150 1747 2270 1785 rum
2306 1730 2360 1784 in
2389 1729 2509 1785 aliis
2536 1768 2551 1795 ,
2586 1728 2823 1782 litteram
2852 1723 2984 1794 legis
3008 1763 3022 1786 ,
3051 1732 3383 1788 omnemque
3426 1712 3723 1783 huiusmodi

2152 1822 2478 1891 scripturam
2525 1820 2795 1876 elementa
2845 1813 3031 1870 mundi
3070 1826 3195 1867 esse
3241 1814 3629 1865 commemorat
3651 1804 3716 1856 ”.

2152 1917 2220 1972 Et
2251 1930 2394 1970 nunc
2420 1928 2551 1985 ergo
2577 1928 2641 1969 ea
2671 1925 2794 1982 qua:
2824 1908 3205 1980 pertinuerunt
3230 1903 3301 1959 ad
3334 1901 3481 1966 illos,
3498 1900 3593 1970 qui
3623 1900 3726 1968 pri-

2152 2009 2255 2063 mis
2286 2007 2665 2062 imbuebantur
2709 2000 3036 2065 elementis,
3091 1994 3320 2051 molesta
3358 1992 3515 2048 nobis
3562 1989 3733 2060 primo

2151 2102 2403 2157 videntur
2429 2099 2638 2164 auditu,
2670 2094 2879 2151 volenti
2920 2092 3066 2149 enim
3096 2087 3395 2158 unicuique
3424 2084 3730 2140 auditorum

2150 2196 2311 2268 362
2339 2196 2552 2250 discere
2581 2193 2649 2248 de
2676 2191 2741 2247 iis
2772 2205 2893 2261 quae
2919 2188 2986 2244 ad
3018 2186 3247 2243 salutem
3276 2184 3579 2254 pertinent,
3609 2193 3729 2233 cum

2153 2291 2218 2345 de
2269 2287 2556 2344 sacrificiis
2610 2285 2841 2341 arietum
2891 2293 2946 2337 et
2996 2281 3274 2337 hircorum
3331 2276 3731 2343 vitulorumque

2154 2380 2447 2444 recitatur,
2500 2376 2635 2432 nihil
2685 2375 2787 2432 sibi
2841 2372 3098 2430 utilitatis
3139 2369 3393 2427 conferre
3421 2364 3726 2435 huiusmodi

2153 2473 2358 2527 litteras
2382 2469 2631 2539 judicant
2657 2506 2673 2532 ,
2704 2476 2973 2538 quantum
3004 2465 3071 2519 ad
3112 2464 3290 2535 ipsum
3338 2467 3551 2532 spectat
3579 2454 3732 2511 audi-

2154 2574 2287 2619 tum.
2339 2561 2396 2618 Si
2431 2577 2558 2617 vero
2611 2559 2734 2631 quis
2778 2557 3087 2613 inveniatur
3131 2554 3224 2625 qui
3265 2554 3439 2624 possit
3483 2550 3728 2605 velamen

2151 2656 2296 2727 quod
2327 2665 2411 2711 est
2444 2655 2753 2724 impositum
2788 2651 2840 2704 in
2867 2650 3100 2705 lectione
3131 2646 3345 2703 Veteris
3370 2642 3730 2709 Testamenti,

2152 2762 2456 2813 removere,
2487 2757 2652 2816 atque
2696 2744 2818 2799 inde
2857 2742 3174 2814 perquirere
3197 2755 3316 2810 quae
3345 2738 3456 2793 sint
3487 2751 3613 2790 vera
3643 2751 3731 2790 sa-

2151 2840 2376 2904 crificia,
2403 2853 2523 2908 quae
2548 2836 2837 2908 purificent
2880 2832 3138 2905 populum
3189 2831 3242 2885 in
3294 2829 3485 2885 diebus
3535 2826 3732 2882 festis:

2156 2943 2281 2988 tunc
2313 2932 2513 2987 videbit
2538 2945 2701 3000 quam
2735 2928 2872 2982 mira
2907 2936 2965 2981 et
2994 2923 3282 2997 magnifica
3314 2931 3443 2977 sunt
3486 2934 3607 2991 quae
3635 2933 3731 2988 per

2152 3026 2269 3081 haec
2300 3022 2611 3079 indicantur
2629 3060 2646 3085 ,
2680 3035 2799 3090 quae
2834 3016 3103 3084 superﬂua
3132 3014 3516 3085 ignorantibus
3543 3027 3612 3066 ac
3641 3026 3734 3065 su-

2154 3115 2467 3187 perstitiosa
2493 3114 2784 3169 ducuntur.
2815 3110 2921 3165 Sed
2954 3110 3070 3165 haec
3105 3107 3324 3178 quidem
3365 3103 3573 3160 Paulus
3591 3113 3648 3157 et
3682 3103 3729 3158 si

2152 3210 2245 3277 qui
2295 3207 2346 3262 ei
2395 3205 2603 3263 similes
2645 3212 2809 3270 sunt,
2852 3202 3065 3272 plenius
3101 3198 3170 3255 ab
3210 3199 3325 3269 ipsa
3371 3196 3642 3267 sapientia
3678 3205 3733 3248 et

2157 3302 2335 3357 Verbo
2383 3299 2475 3354 Dei
2511 3296 2915 3368 perfectiusque
2952 3292 3306 3364 cognoverint
3343 3309 3358 3347 :
3403 3305 3506 3345 nos
3551 3296 3732 3342 autem

2154 3401 2419 3463 quantum
2448 3405 2516 3446 ex
2549 3390 2790 3459 ipsorum
2821 3386 3019 3441 litteris
3040 3384 3299 3455 colligere
3325 3396 3637 3453 possumus,
3674 3379 3729 3434 in

2151 3485 2350 3556 quibus
2372 3483 2528 3539 nobis
2554 3480 2703 3536 velut
2724 3495 2822 3549 per
2845 3479 3093 3534 umbram
3119 3485 3176 3532 et
3210 3475 3498 3545 imaginem
3529 3470 3732 3528 indicia

2152 3576 2398 3646 quaedam
2444 3572 2754 3637 dederunt,
2803 3570 2877 3626 ad
2919 3568 3335 3624 azdifica-tionem
3384 3576 3730 3621 communem

2153 3669 2428 3725 discutere
2475 3663 2792 3721 summatim
2841 3664 2908 3719 de
2957 3660 3350 3717 sacrificiorum
3401 3658 3509 3712 ritu
3553 3656 3729 3725 aliqua

2154 3761 2501 3820 tentabimus.
2529 3758 2586 3813 In
2630 3756 2855 3813 Paschae
2900 3753 3199 3811 festivitate
3248 3764 3421 3821 agnus
3470 3750 3732 3804 scribitur

2152 3871 2274 3911 esse
2316 3853 2407 3923 qui
2442 3850 2693 3922 puritlcat
2718 3846 2997 3917 populum,
3026 3844 3082 3898 in
3130 3842 3253 3899 aliis
3280 3841 3501 3909 vitulus,
3534 3842 3586 3896 in
3610 3840 3731 3894 aliis

2152 3946 2336 4000 hircus
2367 3951 2460 3996 aut
2486 3938 2654 4005 aries,
2688 3939 2768 3993 vel
2802 3953 2962 4007 capra
2983 3976 3001 4002 ,
3032 3934 3119 3989 vel
3149 3933 3340 4000 vitula,
3383 3933 3525 3988 sicut
3555 3946 3623 3987 ex
3667 3931 3731 3986 iis

2150 4051 2271 4106 qua:
2302 4033 2529 4088 recitata
2562 4040 2688 4086 sunt
2724 4028 3012 4084 didicistis.
3056 4026 3204 4082 Unus
3247 4041 3378 4098 ergo
3417 4039 3485 4081 ex
3517 4025 3584 4078 iis
3614 4022 3731 4076 ani-

2150 4128 2405 4190 malibus,
2441 4140 2563 4196 qua:
2593 4124 2659 4177 ad
2693 4121 3091 4191 purificandum
3133 4118 3388 4191 populum
3422 4128 3729 4181 sumuntur,

2150 4237 2270 4279 esse
2315 4221 2515 4275 dicitur
2563 4217 2826 4272 Dominus
2855 4224 2909 4271 et
2940 4213 3192 4269 Salvator
3229 4221 3431 4267 noster.
3468 4209 3561 4266 Sic
3587 4208 3729 4264 enim

2152 4313 2421 4372 intellexit
2449 4311 2689 4367 Joarmes
2716 4312 2808 4380 qui
2836 4320 2923 4366 est
2951 4306 3124 4377 major
3152 4306 3393 4362 omnium
3439 4302 3731 4373 propheta-

2152 4423 2297 4474 rum,
2339 4415 2394 4459 et
2440 4404 2679 4474 signavit
2725 4405 2793 4457 de
2828 4403 2945 4473 ipso
2983 4402 3172 4457 dicens
3193 4399 3281 4454 ’δε
3321 4415 3341 4450 ι
3379 4396 3519 4453 Ecce
3546 4399 3733 4465 Agnus

2080 4518 2126 4589 Ι)
2152 4499 2415 4562 Dei,ecce
2448 4495 2539 4566 qni
2575 4495 2713 4549 tollit
2745 4501 2967 4574 peccata
3002 4491 3207 4547 mundi.
3247 4508 3266 4542 ι
3297 4486 3449 4589 Quod
3482 4489 3529 4541 si
3562 4497 3733 4554 agnus

2155 4592 2245 4660 qui
2274 4591 2338 4645 ad
2364 4586 2756 4660 purificandum
2779 4583 3035 4656 pupulum
3057 4584 3217 4637 datus
3236 4590 3338 4647 est,
3356 4579 3423 4635 ad
3448 4590 3733 4649 personam

2157 4684 2369 4739 Domini
2415 4692 2470 4737 et
2518 4680 2820 4736 Salvatoris
2865 4677 3036 4733 nostri
3078 4675 3354 4742 refertur,
3394 4683 3735 4740 consequens

2157 4777 2373 4830 videtur
2417 4773 2560 4843 quod
2605 4772 2771 4826 etiam
2805 4779 3002 4825 caetera
3052 4766 3307 4822 animalia
3334 4806 3350 4832 ,
3382 4779 3503 4835 qua:
3530 4762 3733 4817 eisdem

2161 4868 2523 4939 purificativis
2549 4864 2663 4937 (2'5)
2694 4863 2885 4919 usibus
2911 4864 3164 4932 deputata
3212 4867 3376 4923 sunt,
3423 4855 3614 4911 referri
3643 4854 3738 4907 de-

2159 4963 2323 5017 beant
2353 4959 2602 5015 similiter
2628 4957 2697 5011 ad
2725 4956 2939 5027 aliquas
2972 4967 3232 5023 personas
3252 4992 3266 5016 ,
3299 4965 3419 5021 qua:
3451 4964 3549 5019 per
3576 4947 3737 5001 meri-

2164 5068 2277 5111 tum
2305 5053 2587 5125 sanguinis
2614 5050 2817 5108 Christi
2841 5046 2955 5121 (24)
2985 5045 3381 5118 purificationis
3408 5041 3613 5115 aliquid
3639 5042 3740 5096 hu-

479 5270 481 5273 ί
536 5249 590 5282 ⁸*
615 5251 632 5305 l
655 5253 782 5308 Cor.
818 5266 936 5315 xm,
971 5248 1027 5305 9.
1087 5247 1136 5282 ⁸³
1163 5245 1370 5301 Coloss.
1402 5262 1458 5310 ιι,
1493 5244 1577 5299 16.
1654 5243 1700 5275 ⁸⁸
1730 5242 1867 5311 δειρέ
1891 5258 1987 5315 ³⁸)
2017 5242 2040 5315 ἔ

2180 5244 2229 5275 ’θ
2261 5242 2419 5315 Num.
2452 5252 2644 5301 xxvut,
2671 5236 2764 5300 29,
2796 5235 2887 5295 30.
2962 5233 3005 5267 ⁹¹
3027 5232 3194 5289 Exod.
3220 5246 3310 5297 xv,
3337 5230 3424 5287 Π.
3502 5228 3548 5261 ⁸⁸
3573 5228 3735 5284 Hebr.

468 5336 520 5385 ν,
561 5322 649 5389 1-2,
689 5325 779 5387 13,
828 5312 930 5375 Μ(
993 5321 1052 5355 ⁸³
1068 5318 1251 5375 Gelat.
1280 5317 1411 5381 n53
1447 5316 1697 5383 ;Coloss.
1724 5316 1859 5379 11,8.
1936 5312 2047 5366 ’δι

2157 5355 2171 5369 .
2214 5332 2249 5378 ι,
2275 5314 2367 5369 29.

540 5416 655 5501 (ἓῆ)
680 5418 865 5501 Codex
896 5414 1083 5501 S‘an‘cti
1106 5412 1454 5501 Theudorici,
1484 5430 1509 5496 ι.
1532 5409 1995 5481 purificationurn,
2025 5427 2044 5461 ι

473 5484 827 5544 Ebroicesasis
851 5487 1055 5543 habet:
1094 5503 1121 5535 ις
1149 5484 1561 5553 purificatimiis,
1601 5505 1619 5553 ι

543 5557 657 5629 (‘24)
688 5557 802 5623 Per
830 5554 1077 5629 meritum
1105 5547 1402 5629 sanguinis
1427 5547 1646 5629 ςλινὶδιὶ.
1682 5550 2047 5629 ῌέεε-ιίεείιιθ.

471 5620 664 5682 rantur
680 5622 731 5681 in
757 5630 945 5683 codice
964 5620 1416 5679 abbatias’Sancti-
1430 5620 1747 5677 Theudorici
1775 5620 2046 5677 Rhemen-

2152 5412 2310 5464 tionis
2334 5410 2402 5461 ad
2429 5406 2745 5475 martyrium
2773 5414 2999 5475 numero
3023 5397 3216 5475 ultimo
3238 5395 3325 5475 his
3340 5395 3526 5475 verbis
3546 5412 3569 5475 Ξ
3590 5394 3739 5463 Τάχα

2147 5481 2204 5535 δὲ
2236 5482 2332 5534 καὶ
2361 5479 2551 5550 ὥσπερ
2572 5464 3092 5550 ξιμζῳῌαῐματιτᾳῦ
3108 5468 3310 5550 ﬁndet”:
3333 5464 3737 5550 ᾖγοράσθημεν,

2160 5551 2336 5622 Ἰησοῦ
2370 5538 2913 5622 λώόῆςωξτδδιίομα
2938 5542 2996 5597 τὸ
3028 5539 3171 5622 ὑτιὲρ
3200 5538 3309 5622 uti}!
3335 5538 3510 5622 ὄνομῇ
3524 5554 3541 5622 1
3567 5538 3740 5622 οιῦτως

2146 5605 2235 5691 τῷ’
2276 5605 2442 5693 τιμίῳ
2484 5605 2700 5689 αἴμοῖτι
2740 5605 2850 5669 τῶιὶ
2908 5605 3201 5693 μαρτύρὼν
3247 5605 3740 5693 ιᾲγοράσρήαςοντὲλ

468 5676 742 5762 sig'éi's'ii
763 5676 1331 5751 val—te'ro—l—Sbroicensi.
1381 5676 1645 5747 Caeterum
1678 5676 2043 5747 conferendus
2143 5676 2559 5757 sive¢.'l.ocus'
2593 5699 2819 5758 uterque
2878 5676 3016 5742 alter
3075 5676 3143 5737 ex
3212 5676 3389 5735 altero
3435 5676 3731 5746 cst'cxpli-

471 5771 562 5826 hic
592 5768 744 5823 locus
769 5781 892 5820 cum
926 5766 1101 5819 altero
1126 5763 1219 5834 qui
1247 5771 1427 5816 exstat
1457 5763 1569 5817 sub.
1589 5762 1750 5817 linem
1780 5762 2042 5817 Exhorta-

2138 5766 2364 5820 candus.
