4104 6226
437 369 542 423 751

1560 347 1628 402 IN
1663 340 1996 401 NUMEROS
2028 337 2310 396 HOMILIA
2342 335 2533 394 XXIV.

3580 330 3690 384 758

437 493 601 535 mane
646 473 831 545 generi
881 469 1186 526 conferant.
1218 463 1352 520 Vide
1395 475 1527 531 ergo
1572 474 1641 514 ne
1687 457 1828 512 forte
1871 457 2013 511 sicut
2041 460 2088 517 Δ
2116 457 2285 512 situm
2305 450 2566 522 iugulari,
2590 448 2684 504 sed
2712 445 2998 539 mansisset
3026 445 3130 545 hoc
3161 445 3303 545 quod
3336 443 3688 545 iii-principio

443 568 706 624 Dominus
735 572 785 619 ct
831 560 1082 617 Salvator
1118 563 1324 618 noster,
1371 551 1528 622 quasi
1563 563 1734 620 agnus
1767 549 1835 602 ad
1871 546 2012 603 occi-

442 662 652 716 sionem
681 657 878 712 ductus
899 693 914 718 ,
945 661 1002 707 et
1037 651 1089 705 in
1125 647 1459 704 sacrificium
1497 643 1689 697 altaris
1716 642 1829 712 (25)
1865 640 2015 696 obla-

444 762 574 815 tus,
617 757 962 818 peccatorum
1014 741 1394 797 remissionem
1445 737 1698 791 universo
1762 732 2016 802 praestitit

445 838 678 894 tnundo:
719 836 791 890 ita
821 831 1066 888 fortassis
1096 838 1147 885 et
1181 837 1497 882 caeterorum
1517 831 1828 880 sanctorum
1847 836 1909 874 ac
1927 821 2015 889 ju-

445 940 649 984 storum
701 927 960 996 sanguis,
992 925 1084 995 qui
1125 922 1325 978 effusus
1375 929 1456 974 est
1509 933 1538 972 a
1590 917 1854 987 sanguine
1881 913 2028 968 Abel

443 1022 595 1089 justi,
632 1035 801 1089 usque
829 1021 895 1073 ad
921 1016 1234 1086 sanguinem
1266 1011 1544 1066 Zachariae
1570 1007 1844 1077 prophetae
1876 1004 2011 1076 (26).

444 1114 534 1182 qui
571 1110 887 1167 interfectus
931 1118 1014 1165 est
1047 1109 1188 1161 inter
1214 1106 1384 1159 aedem
1434 1112 1491 1157 et
1533 1100 1742 1154 altare:
1794 1097 2017 1152 alterius

446 1205 666 1270 quidem
699 1201 923 1269 sanguis
967 1200 1107 1254 sicut
1139 1195 1323 1249 vitulae
1348 1234 1364 1254 ,
1395 1193 1617 1247 alterius
1667 1190 1809 1246 sicut
1854 1187 2013 1252 hirci,

446 1303 544 1347 aut
572 1307 748 1360 caprae
788 1299 880 1344 aut
908 1287 1136 1356 alicujus
1166 1287 1358 1341 horum
1391 1282 1544 1338 fusus
1585 1290 1670 1336 est
1696 1280 1763 1335 ad
1791 1279 2016 1348 expian-

443 1385 575 1438 dum
600 1398 698 1453 pro
729 1393 880 1451 parte
904 1381 1085 1449 aliqua
1115 1375 1398 1447 pepulum.
1435 1375 1562 1428 Sive
1609 1373 1722 1426 hzec
1754 1370 1820 1424 ad
1847 1370 2021 1439 justo.

444 1489 563 1530 rum
600 1475 1094 1544 prophetarumque
1134 1481 1414 1539 personas,
1443 1465 1534 1534 qui
1586 1466 1638 1517 in
1681 1464 1786 1517 hoc
1815 1462 2019 1515 mundo

436 1566 667 1637 jugulati
697 1573 862 1628 sunt,
894 1563 978 1617 vel
1009 1574 1196 1616 eorum
1227 1558 1318 1627 qui
1364 1557 1550 1610 dicunt
1571 1553 1656 1606 θδε
1699 1570 1717 1604 ι
1752 1550 2018 1617 Quoniam

441 1667 666 1727 propter
698 1668 748 1710 te
778 1664 954 1710 morte
985 1651 1250 1705 aﬂicimur
1277 1657 1386 1702 tota
1417 1647 1525 1711 die,
1554 1643 1808 1699 mstimati
1832 1657 2020 1696 sumus

335 1756 353 1772 ‘
441 1747 586 1801 sicut
618 1759 750 1800 oves
793 1741 1122 1800 occisionis,
1163 1757 1183 1788 ι
1219 1733 1499 1790 referenda
1536 1734 1862 1787 videantur:
1908 1731 2020 1786 sive

2114 561 2232 609 erat
2258 552 2398 604 Deus
2426 545 2661 602 Verbum
2689 560 2702 596 :
2733 554 2920 594 verum
2949 534 3205 609 quoniam
3245 538 3449 593 introiit
3487 553 3683 608 perca-

2115 653 2230 698 tum
2279 641 2332 695 in
2380 641 2522 695 hunc
2569 634 2862 699 mundum,
2906 630 3114 702 peccati
3165 639 3343 684 autem
3393 631 3687 686 necessitas

2117 731 2552 804 propitiationem
2585 724 2854 795 requirit,
2888 731 2944 778 et
2985 720 3300 793 propitiatio
3329 736 3435 775 non
3481 723 3541 776 fit
3582 724 3686 778 nisi

2116 842 2212 898 per
2241 824 2492 887 hostiam,
2521 817 2890 876 necessarium
2914 814 3017 871 fuit
3041 812 3314 886 provideri
3339 814 3570 868 hostiam
3596 831 3691 884 pro

2115 924 2355 987 peccato.
2387 913 2452 968 Et
2468 911 2727 982 quoniam
2758 908 2969 979 peccati
3000 907 3175 977 ipsius
3201 904 3430 960 diversa:
3454 913 3504 960 et
3532 906 3697 961 varia

2116 1003 2403 1074 qualitates
2441 1000 2680 1064 fuerunt,
2705 998 3049 1054 diversorum
3076 995 3396 1051 animalium
3426 995 3694 1050 mandan-

2121 1106 2207 1150 tur
2227 1093 2436 1156 hostiae,
2472 1089 2843 1160 proculdubio
2874 1101 2996 1158 qua:
3025 1087 3385 1144 convenirent
3410 1087 3693 1142 varietati-

2117 1186 2221 1241 bus
2265 1190 2635 1254 peccatorum.
2687 1182 2780 1237 Sic
2827 1197 2962 1251 ergo
3003 1179 3236 1236 efﬁcitur
3282 1180 3421 1236 alius
3479 1189 3695 1236 sancto-

2120 1291 2238 1331 rum
2263 1274 2376 1345 (28)
2401 1311 2422 1338 ,
2461 1273 2575 1328 sive
2598 1272 2914 1341 angelorum
2937 1312 2953 1337 ,
2987 1279 3048 1327 ut
3077 1271 3315 1327 diximus
3340 1311 3358 1338 ,
3383 1273 3500 1328 sive
3526 1273 3700 1328 homi-

2120 1382 2250 1422 num
2283 1365 2502 1430 vitulus,
2536 1363 2626 1433 qui
2667 1363 2724 1418 in
2763 1362 2855 1418 illa
2883 1363 3182 1419 festivitate
3225 1364 3552 1420 interveniat
3601 1380 3700 1435 pro

2121 1456 2299 1527 populi
2342 1456 2551 1512 delictis
2588 1473 2603 1511 :
2654 1455 2793 1510 alius
2843 1462 3021 1508 autem
3065 1453 3208 1510 aries
3253 1454 3307 1509 in
3347 1455 3454 1509 alia
3489 1455 3704 1510 festivi-

2123 1559 2234 1605 tate
2265 1565 2528 1619 :quorum
2560 1545 2948 1604 intercessione
2997 1545 3089 1601 fiat
3117 1546 3425 1617 purificatio
3449 1555 3546 1617 pro
3578 1559 3701 1618 ρεαδ

2123 1641 2276 1696 catis.
2345 1639 2496 1708 Quod
2563 1640 2610 1695 si
2682 1637 2956 1708 purificarl
3027 1637 3304 1708 potuerint
3358 1639 3607 1694 homines
3665 1654 3696 1693 a

2122 1733 2391 1803 peccatis,
2420 1742 2476 1789 et
2523 1746 2646 1787 esse
2688 1729 2934 1799 puriores
2960 1770 2976 1796 ,
3023 1729 3343 1785 minuuntur
3382 1741 3439 1786 et
3484 1731 3694 1787 hostim.

441 1838 610 1892 etiam
645 1835 711 1888 ad
742 1832 1055 1901 superiores
1083 1829 1332 1892 virtutes,
1364 1827 1560 1894 quibus
1583 1823 1896 1894 procuratio
1924 1823 2022 1876 hu-
2051 1793 2095 1848 Β
2125 1793 2182 1880 Si
2213 1828 2354 1880 enim
2393 1839 2490 1895 pro
2528 1822 2767 1894 peccatis
2811 1829 2940 1877 sunt
2972 1821 3198 1888 hostim,
3245 1833 3300 1879 ct
3328 1839 3423 1894 pro
3457 1825 3696 1878 multitu-

447 1927 593 1979 mani
619 1926 836 1994 generis
863 1925 986 1977 data
1016 1928 1124 1986 est,
1145 1921 1276 1990 quis
1303 1919 1460 1973 facile
1493 1917 1689 1971 audeat
1711 1915 2022 1970 affirmare?

448 2017 631 2086 Neque
656 2017 799 2070 enim
843 2015 960 2069 hazc
990 2009 1249 2066 animalia
1291 2025 1387 2080 per
1413 2008 1644 2078 speciem
1671 2049 1686 2073 ,
1718 2007 1811 2062 sed
1840 2022 1936 2076 per
1962 2006 2022 2060 fi-

446 2125 634 2177 guram
689 2105 878 2162 referri
920 2105 987 2158 ad
1041 2103 1186 2158 illam
1254 2101 1335 2156 vel
1403 2100 1546 2154 illam
1595 2099 1831 2169 putanda
1875 2106 2018 2153 sunt.

448 2197 582 2250 Nam
606 2207 661 2251 et
690 2198 804 2266 ipse
829 2195 1088 2250 Dominus
1117 2192 1275 2249 Jesus
1291 2191 1560 2256 Christus,
1583 2205 1689 2245 non
1716 2191 1834 2244 ideo
1852 2204 2022 2260 agnus

445 2291 647 2345 dicitur
672 2290 823 2358 quasi
849 2290 937 2359 qui
968 2297 1208 2343 mutatus
1236 2287 1305 2342 sit
1332 2293 1384 2341 et
1406 2298 1699 2340 conversus
1716 2283 1767 2337 in
1785 2282 2021 2351 speciem

444 2384 592 2452 agni.
632 2383 841 2437 Dicitur
871 2391 1047 2436 tamen
1076 2395 1268 2451 agnus,
1298 2379 1422 2448 quia
1447 2376 1697 2432 voluntas
1719 2384 1774 2431 et
1806 2373 2022 2430 bonitas

444 2476 563 2545 ejus
588 2491 692 2545 qua
730 2476 898 2530 Deum
928 2473 1304 2546 repropitiavit
1326 2469 1654 2534 lioiirinibus,
1683 2479 1738 2524 et
1767 2477 2019 2538 peccato-

448 2579 566 2617 rum
599 2563 987 2632 indulgentiam
1039 2563 1221 2628 dedit,
1261 2560 1382 2616 talis
1417 2559 1626 2615 exstitit
1657 2557 1894 2612 immane
1930 2573 2023 2626 ge-

450 2655 565 2709 neri
593 2655 754 2725 quasi
778 2656 904 2725 agni
938 2656 1116 2710 hostia
1151 2652 1495 2709 immaculata
1526 2664 1582 2707 et
1611 2651 1893 2714 innocens,
1917 2663 2022 2719 qua

447 2744 650 2813 placari
686 2746 1001 2802 hominibus
1026 2747 1211 2801 divina
1237 2744 1555 2800 creduntur.
1611 2742 1702 2798 Sic
1744 2757 1876 2814 ergo
1913 2741 2023 2796 for-

446 2838 612 2894 tassis
637 2847 694 2894 et
720 2838 768 2894 si
795 2839 919 2908 quis
948 2847 1031 2893 est
1062 2837 1400 2908 angelorum,
1454 2836 1872 2904 cmlestiumqne
1913 2834 2026 2889 virs

446 2939 620 2985 tutum
642 2968 658 2995 ,
694 2938 794 2984 aut
827 2931 870 2985 si
903 2929 1027 2998 quis
1065 2929 1340 2995 justorum
1373 2928 1648 2982 hominum
1677 2965 1697 2991 ,η
1726 2926 1811 2980 vel
1855 2926 2021 2980 etiam

446 3029 760 3074 sanctorum
807 3021 1192 3090 prophetarum
1251 3027 1415 3087 atque
1473 3018 1890 3087 apostolorum,
1931 3016 2025 3086 qui

2123 1918 2247 1972 dine
2301 1925 2647 1987 peccatorum
2708 1912 3076 1981 multiplicata:
3135 1926 3264 1970 sunt
3319 1916 3439 1971 sine
3495 1916 3696 1980 dubio‘,

2122 2019 2178 2066 et
2211 2025 2311 2080 pro
2350 2007 2648 2078 exiguitate
2687 2007 3027 2061 minuuntur.
3081 2007 3253 2075 Hujus
3300 2021 3484 2066 autem
3526 2010 3603 2064 rei
3645 2010 3699 2064 in

2125 2100 2481 2170 praesentibus
2533 2098 2666 2152 locis
2706 2097 3004 2166 Scriptura:
3045 2098 3305 2155 habemus
3363 2101 3608 2166 indicia,
3651 2100 3702 2155 id

2122 2189 2284 2260 363
2326 2198 2408 2244 est
2455 2188 2507 2242 in
2555 2186 2740 2242 ultima
2797 2185 3094 2241 festivitate
3139 2186 3511 2259 Scenopegiae,
3578 2204 3702 2245 cum

2124 2297 2221 2354 per
2253 2291 2375 2338 octo
2424 2281 2541 2335 dies
2600 2276 3084 2344 hostimjuhentur
3141 2278 3346 2334 offerri.
3403 2280 3471 2334 Et
3531 2280 3702 2351 prima

2123 2373 2340 2443 quidem
2369 2372 2458 2426 die
2484 2371 2636 2442 quasi
2662 2372 2840 2428 adhuc
2875 2373 2928 2427 in
2947 2372 3282 2427 abundantia
3327 2380 3700 2442 peccatorum,

2124 2463 2535 2535 quatuordecim
2572 2462 2726 2517 vituli
2760 2460 3019 2531 iubentur
3051 2458 3256 2516 offerri.
3309 2459 3556 2516 Secunda
3607 2477 3702 2516 au-

2127 2565 2235 2610 tem
2285 2555 2374 2609 die
2421 2555 2722 2610 imminutis
2779 2563 2966 2625 utpote
2999 2553 3240 2624 peccatis
3291 2552 3610 2608 minuuntur
3649 2563 3705 2610 et

2126 2646 2340 2713 hostiae,
2380 2654 2437 2700 et
2497 2646 2755 2701 tredecim
2806 2644 2964 2702 vituli
3013 2643 3336 2700 offeruntur.
3389 2642 3572 2700 Tertia
3615 2644 3704 2700 die

2125 2739 2431 2805 duodecim,
2471 2747 2526 2794 et
2553 2739 2815 2809 posthaec
2841 2740 3094 2797 undecim
3131 2758 3144 2794 :
3175 2745 3229 2795 et
3262 2738 3338 2794 ita
3367 2736 3528 2808 quasi
3553 2738 3706 2806 puri-

2126 2831 2471 2888 flcationibus
2518 2831 2656 2901 (29),
2712 2831 3001 2890 deﬁciente
3045 2847 3144 2904 per
3190 2831 3306 2887 dies
3355 2829 3701 2890 multitudine

2126 2930 2499 2992 peccatorum,
2531 2923 2796 2980 minuitur
2822 2934 3223 2996 consequenter
3247 2923 3411 2979 etiam
3439 2938 3701 2979 numerus

2130 3015 2452 3071 hostiarum.
2492 3016 2582 3072 Sic
2610 3017 2776 3072 etiam
2804 3033 2901 3088 pro
2933 3016 3342 3088 dispensatione
3374 3015 3490 3087 (30)
3535 3016 3701 3072 totius

446 3111 667 3166 enixius
717 3112 1043 3167 interveniat
1092 3127 1191 3180 pro
1253 3110 1488 3180 peccatis
1554 3108 1832 3163 hominum
1875 3121 1892 3162 :
1933 3109 2023 3164 hic
2051 3105 2318 3184 cmundi
2370 3107 2636 3164 rationem
2683 3108 3085 3179 purificationis
3114 3107 3413 3179 |intelligis.
3459 3106 3705 3178 lndigent

448 3217 544 3271 pro
569 3201 1011 3271 repropitiatione
1041 3199 1247 3263 divina,
1283 3199 1428 3254 velut
1454 3199 1634 3263 aries,
1671 3206 1767 3252 aut
1799 3196 2023 3262 vitulus,

449 3300 541 3345 aut
574 3291 778 3355 hircus,
809 3290 1023 3345 oblatus
1049 3304 1170 3344 esse
1210 3289 1262 3342 in
1307 3287 1637 3343 sacrificium
1670 3289 1739 3342 ob
1771 3286 2027 3357 puriﬁca-

451 3380 652 3432 tionem
698 3379 895 3448 populo
947 3379 1345 3447 impetrandam
1391 3378 1562 3448 accipi
1599 3385 1794 3448 potest.
1827 3379 2024 3432 Annon

451 3457 663 3524 videtur
692 3480 750 3524 ut
782 3471 928 3525 aries
948 3510 964 3534 ,
996 3479 1088 3524 aut
1136 3470 1318 3524 hircus
1369 3469 1741 3526 holocaustum
1774 3484 1833 3525 se
1863 3471 2024 3524 obtu-

452 3561 578 3617 lisse
636 3561 833 3616 Paulus
879 3577 976 3630 pro
1020 3562 1218 3632 pepulo
1267 3561 1468 3628 Israel,
1516 3578 1640 3618 cum
1685 3561 1901 3617 dicebat
1937 3562 2022 3616 “:

455 3669 474 3704 ι
508 3653 768 3722 Optabam
794 3661 970 3708 autem
1000 3667 1103 3723 ego
1127 3653 1243 3722 ipse
1275 3656 1566 3710 anathema
1596 3669 1720 3710 esse
1751 3670 1780 3709 a
1808 3655 2027 3711 Christo

452 3760 550 3812 pro
582 3743 840 3800 fratribus
873 3744 1039 3812 meis,
1070 3744 1163 3815 qui
1196 3754 1324 3800 sunt
1353 3745 1568 3816 cognati
1596 3747 1698 3800 mei
1728 3746 2028 3802 secundum

448 3835 712 3890 carnem?
742 3854 760 3885 ι
796 3835 888 3890 Vis
915 3845 1094 3891 autem
1121 3836 1280 3904 scire,
1305 3837 1429 3905 quia
1463 3851 1522 3891 se
1546 3836 1780 3890 hostiam
1812 3836 2025 3892 Paulus

448 3924 636 3979 offerat
658 3925 1011 3995 jugulandum
1034 3925 1058 3980 ‘I
1085 3926 1220 3980 Audi
1250 3940 1375 3980 eum
1406 3926 1458 3980 in
1491 3926 1615 3981 aliis
1643 3927 1909 3982 dicentem
1933 3927 1979 3960 ⁸⁷
2010 3945 2022 3981 :

454 4038 474 4071 ι
509 4019 625 4072 Jam
667 4019 810 4072 enim
853 4033 954 4090 ego
1000 4018 1253 4075 immolor
1280 4027 1335 4074 et
1363 4028 1574 4090 tempus
1598 4020 1972 4087 resolutionis,
2001 4039 2020 4073 ι

450 4111 554 4177 vel,
575 4106 693 4165 utin
706 4105 1200 4165 Graeciscodicibus
1227 4109 1454 4180 legimus
1482 4111 1615 4183 (27),
1640 4129 1659 4164 ι
1694 4113 2026 4167 reversionis

450 4211 584 4251 mea:
633 4198 817 4254 instat.
856 4217 878 4251 ι
930 4203 1022 4253 Sic
1064 4215 1194 4269 ergo
1247 4199 1550 4269 figuraliter
1597 4211 1777 4270 potest
1827 4202 2028 4268 videri,

450 4288 594 4356 quod
630 4289 767 4343 alius
796 4304 894 4358 pro
927 4290 1218 4345 festivitate
1248 4288 1540 4356 Novorum,
1569 4291 1710 4346 alius
1737 4307 1836 4362 pro
1870 4292 2026 4348 festi-

451 4382 616 4434 vitate
637 4380 881 4444 Sahbati,
906 4380 1044 4436 alius
1063 4397 1160 4451 pro
1184 4380 1482 4438 festivitate
1500 4383 2023 4450 Tabernaculorum,

2127 3199 2272 3254 enim
2305 3198 2706 3268 purificatione,
2758 3213 2865 3255 non
2902 3199 3075 3256 solum
3110 3214 3233 3269 quae
3279 3200 3332 3256 in
3372 3208 3519 3254 terra
3554 3207 3704 3264 sunt,

2128 3289 2222 3344 sed
2248 3301 2367 3359 qua:
2391 3290 2444 3345 in
2471 3289 2645 3346 ctelis.
2687 3290 2937 3348 Imminet
2983 3306 3221 3363 namque
3247 3293 3306 3346 et
3330 3291 3484 3348 cmlis
3526 3290 3705 3360 perdi-

2130 3378 2225 3444 tio,
2254 3379 2332 3434 sic
2359 3380 2506 3435 enim
2537 3380 2670 3436 dicit
2707 3380 2978 3452 Propheta
2999 3381 3048 3415 "
3079 3398 3094 3436 :
3135 3398 3158 3434 ι
3182 3380 3318 3437 ϐαειί
3345 3381 3619 3452 peribunt,
3648 3388 3705 3435 et

2127 3485 2323 3527 omnes
2356 3479 2415 3526 ut
2442 3473 2826 3528 vestimentum
2881 3483 3222 3531 veterascent
3243 3513 3260 3542 ,
3293 3483 3351 3531 et
3387 3473 3532 3530 sicut
3563 3474 3701 3528 ami-

2128 3569 2272 3617 ctum
2304 3560 2546 3618 involves
2572 3577 2688 3628 eos,
2719 3571 2774 3619 et
2810 3566 3186 3620 mutabuntur.
3228 3583 3248 3618 ι
3283 3563 3500 3621 intuere
3537 3564 3704 3635 igitur

2133 3652 2297 3708 totius
2325 3653 2531 3720 mundi,
2570 3654 2624 3709 id
2660 3664 2744 3709 est
2791 3654 3092 3711 caelestium
3135 3669 3202 3711 ac
3246 3656 3586 3712 terrestrium
3640 3664 3695 3712 et

2129 3743 2468 3800 infernarum
2493 3745 2927 3815 purificationem
2961 3763 2976 3801 :
3009 3748 3133 3804 vide
3175 3749 3397 3818 quantis
3422 3749 3700 3819 indigeant

2131 3835 2234 3890 ista
2265 3835 2445 3890 omnia
2471 3836 2684 3901 hostiis,
2715 3845 2949 3906 quantos
2976 3838 3260 3908 requirant
3285 3839 3506 3904 vitulos,
3529 3854 3702 3910 quan-

2134 3937 2222 3984 tos
2251 3929 2473 3995 arietes,
2503 3937 2734 3998 quantos
2759 3928 2961 3986 hircos.
3007 3928 3116 3987 Sed
3161 3940 3216 3987 et
3245 3931 3300 3987 in
3338 3932 3422 3988 his
3450 3930 3704 3986 omnibus

2131 4035 2273 4076 unus
2304 4032 2392 4075 est
2437 4036 2630 4090 agnus,
2667 4021 2759 4091 qni
2806 4022 2972 4078 totius
3020 4025 3206 4079 mundi
3254 4025 3431 4095 potuit
3484 4023 3701 4079 auferre

2131 4121 2435 4182 peccatum,
2457 4123 2513 4168 et
2541 4115 2658 4171 ideo
2688 4126 3040 4173 cessaverunt
3065 4127 3275 4173 caetera:
3303 4117 3494 4173 hostiat
3530 4131 3548 4171 :
3575 4116 3700 4187 quia

2130 4204 2254 4260 talis
2296 4204 2412 4260 haec
2464 4206 2566 4261 fuit
2619 4207 2816 4274 hostia,
2873 4221 2933 4267 ut
2992 4227 3100 4266 una
3133 4210 3247 4266 sola
3289 4209 3562 4266 sufﬁceret
3605 4224 3702 4279 pro

2130 4297 2296 4352 totius
2327 4297 2512 4352 mundi
2539 4297 2730 4355 salute.
2761 4300 2955 4356 Caneri
3004 4300 3150 4356 enim
3179 4301 3430 4370 precibus
3457 4309 3700 4369 peccata,

2129 4391 2216 4447 hic
2243 4393 2392 4448 solus
2421 4401 2685 4462 potestate
2716 4392 2942 4449 dimisit.
2976 4394 3202 4450 Dicebat
3228 4393 3373 4449 enim
3403 4394 3448 4426 ’°
3480 4410 3494 4448 :
3525 4411 3544 4445 ι
3573 4391 3696 4455 Fili,

449 4473 606 4543 quasi
639 4475 844 4556 hircus,
876 4484 969 4528 aut
1000 4475 1223 4542 vitulus,
1256 4486 1348 4532 aut
1371 4479 1516 4536 aries
1546 4477 1807 4535 offeratur
1835 4478 1904 4533 ad
1936 4493 2022 4532 re-
2054 4473 2099 4531 D
2129 4483 2351 4537 remissa
2379 4491 2509 4538 sunt
2540 4483 2637 4541 tibi
2673 4495 2893 4556 peccata
2929 4492 3043 4538 tua.
3079 4503 3098 4538 ι
3140 4485 3231 4541 Sic
3275 4500 3405 4558 ergo
3435 4484 3699 4541 imbuitur

449 4553 848 4618 conciliandum
899 4565 1206 4623 hominibus
1249 4569 1440 4625 Deum.
1491 4570 1672 4625 Donec
1716 4569 1858 4625 enim
1891 4579 2019 4625 sunt

453 4663 694 4723 peccata,
721 4671 944 4712 necesse
971 4669 1054 4714 est
1079 4660 1281 4730 requiri
1309 4670 1363 4715 et
1392 4660 1600 4716 hostias
1625 4675 1724 4731 pro
1755 4661 2017 4731 peccatis.

452 4745 585 4800 Nam
624 4762 788 4816 pone,
818 4749 964 4804 verbi
993 4752 1164 4820 gratia
1189 4792 1205 4818 ,
1239 4767 1343 4807 non
1397 4751 1564 4808 fuisse
1599 4760 1878 4822 peccatum
1922 4768 1936 4804 ι
1975 4752 2021 4808 si
2055 4819 2066 4833 ο

450 4854 556 4893 non
591 4839 786 4896 fuisset
813 4855 1119 4912 peccatum,
1167 4861 1271 4900 non
1325 4859 1552 4901 necesse
1609 4845 1788 4901 fuerat
1822 4845 2018 4900 Filium

451 4930 543 4985 Dei
569 4947 769 5000 agnum
797 4934 936 4999 fieri,
965 4950 1067 4991 nec
1094 4952 1230 5006 opus
1259 4936 1439 4992 fuerat
1483 4952 1608 4992 eum
1639 4937 1691 4991 in
1718 4952 1883 4992 carne
1920 4953 2014 5006 po-

518 5046 564 5079 ”
602 5045 743 5102 Psal.
785 5063 942 5116 xuv,
977 5051 1068 5104 22.
1145 5051 1190 5084 ’⁸
1231 5051 1386 5108 Rom.
1421 5068 1472 5107 Ix
1499 5091 1514 5114 ,
1553 5053 1608 5108 3.

447 5205 632 5328 la("13.5)
659 5207 841 5262 Codex
874 5208 1059 5266 Sancti
1092 5209 1454 5279 Theoderici,
1508 5230 1526 5263 ι
1588 5213 1640 5266 in
1686 5213 2018 5268 sacriﬁcium

503 5291 552 5327 11(
579 5291 643 5328 is.
687 5295 706 5328 ι

503 5291 643 5330 111115.
687 5295 706 5328 ι

519 5344 631 5419 (26)
661 5343 938 5402 Zacharia:
979 5350 1262 5416 prophetae.
1297 5351 1431 5406 Vide
1474 5360 1587 5407 not.
1641 5353 1694 5406 in
1738 5350 1907 5419 Epist.
1954 5354 2022 5408 ad

448 5413 779 5482 Africanum.

517 5483 725 5558 (27)_Ut
756 5486 810 5538 in
837 5483 1033 5558 Graecis
1064 5488 1330 5543 codicibus
1368 5489 1607 5558 legimus.
1646 5490 2020 5547 Parentltcsim

447 5552 687 5626 ltan_c__de
708 5570 819 5626 suo
848 5557 1054 5626 addidit
1084 5559 1352 5626 interpres
1383 5552 1630 5614 Rufinus.

521 5623 633 5702 Q8)
683 5625 859 5679 Codex
908 5624 1091 5681 Sancti
1143 5623 1510 5694 Theoderici,
1557 5648 1575 5681 ι
1635 5629 1831 5686 dicitur
1879 5631 2017 5686 alius

447 5693 664 5760 quidem
708 5705 1044 5748 sanctorum.
1083 5717 1101 5748 ι

518 5761 630 5831 (29)
675 5763 1169 5832 Puriﬁcationibtts.
1213 5767 1370 5824 Dccst
1397 5767 1449 5825 in
1480 5769 1630 5825 libris
1657 5775 1816 5824 antca
1841 5772 2016 5837 editis,

2129 4572 2404 4642 mundus,
2444 4575 2618 4645 primo
2652 4591 2750 4646 per
2783 4577 3028 4633 diversas
3060 4577 3269 4634 hostias
3320 4577 3698 4635 remissionem

2127 4679 2372 4733 quaerere
2399 4677 2767 4737 peccatorum,
2798 4668 2969 4724 donec
2996 4668 3182 4724 veniat
3211 4668 3280 4724 ad
3313 4669 3545 4724 hostiam
3573 4685 3697 4739 per-

2129 4753 2347 4822 fectam,
2372 4758 2438 4812 ad
2466 4759 2697 4814 hostiam
2739 4769 3210 4828 consummatam,
3244 4775 3440 4831 agnum
3469 4761 3698 4814 annicu-

2127 4847 2258 4914 lum,
2319 4851 2640 4920 perfectum,
2677 4853 2769 4922 qui
2800 4853 2948 4908 tollat
2992 4863 3217 4922 peccata
3255 4854 3422 4908 totius
3457 4852 3641 4906 mundi
3679 4870 3692 4907 :

2127 4955 2221 5008 per
2253 4956 2409 5011 quem
2437 4943 2763 5001 festivitates
2798 4957 2925 5015 agat
2946 4945 3242 5016 spiritales,
3278 4960 3384 5000 non
3425 4944 3492 4999 ad
3526 4943 3694 5000 sat-ie-

1690 5054 1734 5084 "
1763 5051 1804 5106 ll
1839 5053 1979 5108 Tim.
2011 5067 2082 5120 tv,
2116 5055 2169 5110 6.
2221 5059 2268 5093 ⁸⁸
2304 5058 2447 5116 Psal.
2488 5077 2583 5127 cn,
2614 5062 2705 5131 27,
2733 5062 2820 5118 28.
2896 5065 2942 5096 θ’
2969 5056 3157 5118 Matth.
3186 5075 3265 5127 ix,
3287 5059 3344 5114 2.

2130 5218 2223 5286 sed
2250 5217 2530 5286 suppletur
2561 5232 2626 5272 ex
2657 5217 2910 5273 omnibus
2937 5234 3069 5273 mss.

2202 5285 2436 5356 (50)§ic
2469 5288 2627 5341 etiam
2657 5301 2752 5356 pro
2783 5288 3209 5356 dispensatione,
3240 5297 3348 5345 etc.
3386 5287 3464 5342 Ita
3500 5285 3696 5343 habent

2133 5355 2290 5429 codd.
2352 5355 2686 5429 Turonensis
2739 5368 2793 5429 et
2835 5355 3204 5429 Ebroicensis,
3254 5373 3283 5412 a
3336 5358 3536 5429 quibus
3588 5374 3694 5414 non

2132 5425 2363 5480 multum
2409 5427 2617 5480 recedit
2674 5428 2844 5482 codex
2905 5427 3091 5482 Sancti
3149 5425 3511 5490 Theoderici,
3569 5429 3698 5484 «sic

2130 5496 2296 5549 etiam
2345 5509 2443 5565 per
2496 5496 2955 5565 dispensationem
3009 5498 3172 5554 totius
3205 5498 3390 5552 mundi
3432 5498 3696 5554 rationem

2129 5565 2524 5636 purificationis
2543 5566 2802 5636 intelligo.
2835 5586 2852 5619 ι
2877 5611 2880 5614 .
2906 5568 2961 5621 lu
3012 5566 3168 5622 libris
3195 5582 3324 5622 vero
3352 5576 3509 5621 antea
3536 5567 3697 5623 editis

2130 5633 2326 5706 legitur
2380 5653 2394 5690 :
2455 5653 2474 5687 ι
2525 5636 2606 5691 sic
2662 5633 2824 5692 etiam
2875 5652 2972 5705 per
3023 5636 3480 5706 dispensationem
3533 5637 3699 5693 totius

2129 5705 2312 5760 mundi
2350 5707 2490 5763 ratio
2525 5719 2607 5762 εει
2651 5706 3044 5777 purificationis
3078 5705 3128 5760 ei
3163 5707 3551 5766 intellectuum.
3598 5726 3626 5760 ι
