4104 6226
522 304 625 359 759

1936 298 2257 357 ORIGENIS

3655 304 3781 361 760

522 431 689 477 tatem
726 422 929 490 carnis,
968 423 1062 479 sed
1110 421 1178 477 ad
1218 421 1518 493 profectum
1549 420 1774 491 spiritus
1803 418 2089 475 sacriﬁciis
2118 424 2165 478 Α
2192 417 2259 472 ab
2285 430 2351 471 eo
2378 404 2797 473 auferatomnes
2825 415 3196 473 immunditias
3220 457 3236 484 ,
3270 418 3432 475 citius
3452 432 3611 477 eruat
3640 438 3783 480 eum

517 513 859 581 spiritalibus
927 514 1304 584 puriﬁcatione
1376 514 1572 570 mentis
1629 512 1845 568 oblatis.
1926 510 2091 565 Decet

518 601 665 655 enim
712 602 823 657 Deo
853 603 1120 659 immolari
1171 606 1445 660 victimam
1499 605 1699 669 cordis,
1757 611 1812 657 et
1856 600 2087 657 hostiam

519 693 869 749 contribulati
905 697 1150 766 spiritus,
1184 713 1290 753 non
1345 698 1525 752 carnis
1546 709 1598 751 et
1631 695 1906 767 sanguinis
1929 692 2089 763 jugu-

506 783 618 837 lari
650 800 661 834 :
695 788 853 861 quia‘
890 805 909 839 ι
937 798 987 843 et
1023 790 1069 845 si
1122 789 1443 858 agnovimus
1491 790 1767 844 Christum
1794 789 2088 859 aliquando

518 876 816 932 secundum
844 892 1101 945 carnem;
1143 880 1235 934 sed
1260 890 1418 934 nunc
1444 879 1557 949 jam
1583 895 1689 935 non
1716 881 1966 937 novimus
1994 883 2013 913 ¹
2040 895 2087 947 ς»

505 976 573 1021 -et
593 967 713 1022 ideo
735 970 788 1023 in
823 958 1016 1038 spiritu
1044 971 1184 1025 diem
1227 970 1423 1025 festum
1453 986 1697 1042 agamus,
1730 982 1787 1028 et
1822 975 2087 1043 spiritalia

516 1059 786 1115 sacriﬁcia
828 1062 1158 1132 jugulemus.
1214 1062 1339 1118 Haec
1370 1080 1466 1134 pro
1514 1064 1721 1121 viribus
1768 1068 1972 1123 nostris
2021 1070 2088 1123 de

504 1153 835 1209 diversitate
867 1154 1261 1210 sacriﬁciorum
1291 1156 1542 1212 discussa
1573 1158 1684 1214 sint
1706 1199 1721 1223 ,
1757 1174 1988 1229 quorum
2018 1160 2087 1216 ad

516 1244 780 1314 liquidum
810 1244 1223 1316 intelligentiam
1250 1247 1354 1302 scit
1385 1247 1496 1313 ille,
1533 1248 1623 1303 cui
1652 1250 1794 1305 nuda
1833 1261 1890 1306 et
1934 1267 2088 1308 reve-

516 1336 623 1390 lata
646 1344 773 1390 sunt
800 1336 1004 1402 omnia,
1026 1351 1137 1392 nec
1164 1346 1248 1393 est
1274 1337 1380 1393 ulla
1406 1347 1656 1394 creatura
1700 1339 1756 1395 in
1790 1352 2086 1412 conspectu

513 1426 632 1497 ejus
670 1426 979 1483 invisibilis.

506 1552 507 1555 η
582 1516 638 1573 2.
683 1517 812 1572 Post
843 1519 955 1575 baac
982 1527 1235 1576 votorum
1270 1520 1357 1575 lex
1404 1520 1647 1592 ponitur,
1672 1532 1727 1578 et
1758 1537 1897 1581 novo
1936 1524 2088 1594 prin-

512 1604 657 1674 cipio
686 1608 861 1663 utitur
891 1610 946 1664 in
972 1611 1075 1666 hac
1106 1611 1448 1680 legislatione
1479 1612 1675 1669 Moses.
1704 1612 1795 1667 Ait
1841 1612 1983 1667 enim
2015 1614 2035 1645 '
2066 1628 2083 1666 :

517 1719 536 1751 ι
563 1697 755 1765 Homo,
792 1701 954 1757 homo
983 1702 1297 1773 quicunque
1325 1702 1535 1758 voverit
1563 1711 1745 1757 votum
1780 1703 2031 1758 Domino.
2060 1723 2078 1756 ι

2190 511 2257 566 ab
2289 513 2435 565 omni
2469 512 2878 581 inquinamento
2903 514 3082 570 carnis
3111 524 3166 571 et
3197 518 3501 587 sanguinis,
3534 535 3782 578 conver-

2195 609 2337 656 tatur
2367 602 2657 672 aliquando
2678 605 2743 658 ad
2765 605 3163 674 paenitentiam,
3195 618 3418 665 revocet
3457 611 3527 667 ad
3560 628 3619 667 se
3654 627 3780 667 me-

2189 695 2416 749 moriam
2450 695 2565 761 Dei,
2593 704 2811 753 revocet
2839 711 2987 767 spem
3011 697 3220 754 salutis.
3248 698 3366 754 Non
3393 701 3539 757 enim
3568 706 3779 759 extrinv

2188 800 2348 841 secus
2397 787 2612 842 aliunde
2658 790 2947 857 querenda
3004 798 3165 856 sunt,
3221 792 3317 845 sed
3368 792 3510 848 intra
3550 810 3648 850 nos
3682 805 3777 851 est

2188 876 2379 932 salutis
2424 880 2664 943 occasio,
2718 879 2863 934 sicut
2904 888 2960 934 et
3014 878 3278 936 Dominus
3319 883 3591 941 dixit‘u
3620 886 3774 941 Ecce

2187 967 2330 1023 enim
2360 982 2579 1038 regnum
2607 968 2701 1023 Dei
2726 970 2867 1024 intra
2897 984 2992 1026 vos
3022 979 3127 1026 est.
3163 990 3184 1024 ι
3219 970 3368 1028 Intra
3402 990 3498 1030 nos
3527 991 3773 1046 namque

2188 1070 2271 1117 est
2331 1064 2704 1119 conversionis
2775 1063 3019 1122 facultas.
3071 1065 3210 1122 Cum
3267 1069 3414 1123 enim
3461 1085 3765 1126 conversus

2188 1154 2535 1225 ingemueris,
2561 1156 2740 1212 salvus
2761 1157 2967 1222 eris,et
3000 1169 3127 1215 tunc
3158 1162 3368 1229 poteris
3401 1163 3561 1231 digne
3590 1163 3758 1218 Altis-

2178 1244 2315 1301 simo
2340 1244 2565 1300 reddere
2591 1253 2713 1300 vota
2736 1253 2847 1310 tua,
2879 1253 2935 1299 et
2956 1244 3120 1299 homo
3154 1244 3320 1299 homo
3342 1248 3620 1317 appellari.
3645 1248 3753 1303 Vo-

2178 1344 2293 1389 tum
2317 1344 2494 1388 autem
2516 1343 2618 1398 est,
2645 1350 2769 1388 cum
2794 1333 2992 1404 aliquid
3016 1333 3083 1387 de
3104 1335 3303 1389 nostris
3320 1335 3601 1393 offerimus
3619 1339 3749 1394 Deo.

2179 1430 2306 1485 Vult
2335 1446 2462 1502 ergo
2486 1445 2516 1484 a
2545 1430 2701 1484 nobis
2736 1431 2888 1499 prius
2919 1429 3122 1499 aliquid
3154 1431 3394 1501 accipere
3427 1432 3573 1486 Deus
3610 1433 3747 1504 (55),

2182 1504 2238 1576 et
2286 1521 2359 1574 ita
2408 1521 2565 1576 nobis
2602 1519 2803 1589 aliquid
2850 1520 2965 1590 ipse
3007 1520 3220 1592 largiri,
3264 1529 3325 1574 ut
3359 1521 3496 1576 dona
3543 1538 3644 1577 sua
3693 1533 3748 1579 et

2189 1620 2414 1661 munera
2444 1607 2781 1661 merentibus
2810 1617 2864 1660 et
2894 1621 2998 1659 non
3035 1606 3322 1661 immeritis
3354 1607 3531 1677 largiri
3558 1607 3745 1660 videa-

2189 1704 2294 1750 tur.
2333 1695 2471 1762 Quid
2534 1706 2714 1750 autem
2747 1705 2830 1752 est
2881 1698 3025 1765 quod
3070 1698 3184 1750 vult
3232 1698 3475 1767 accipere
3517 1714 3545 1751 a
3592 1698 3744 1753 nobis

512 1790 642 1857 Qua:
669 1754 755 1846 est
779 1792 877 1847 ista
924 1754 1477 1862 repetendijnominis
1518 1794 1724 1848 causa?
1769 1793 1931 1861 Quasi
1978 1809 2083 1848 non
2117 1754 2160 1813 Β
2188 1789 2371 1844 Deus?
2396 1788 2531 1842 Audi
2568 1789 2862 1858 Scriptura».
2896 1789 3225 1845 sententiam
3256 1790 3314 1843 ἐ
3345 1808 3364 1841 ι
3387 1788 3451 1843 Ει
3499 1806 3632 1845 nunc
3672 1789 3740 1845 ls-

512 1881 786 1937 suﬁiceret
816 1885 1036 1951 dixisse,
1075 1885 1236 1939 homo
1264 1887 1354 1955 qui
1385 1886 1596 1941 voverit
1626 1895 1806 1940 votum
1838 1886 2084 1940 Domino.

511 1974 651 2040 Quid
682 1982 764 2028 est
815 1990 945 2045 ergo
996 1977 1139 2046 quod
1173 1979 1268 2042 ait,
1306 1977 1465 2032 homo
1498 1979 1681 2043 homo,
1741 1986 1796 2032 et
1827 1980 1955 2045 quid
1983 1978 2086 2031 sibi

510 2064 646 2119 velit
700 2065 1030 2136 ingeminata
1088 2067 1321 2123 hominis
1377 2069 1712 2138 appellatio,
1789 2085 1895 2123 non
1956 2069 2085 2123 mibi

508 2154 727 2210 silentio
787 2159 1221 2224 praetereundum
1285 2159 1513 2213 videtur.
1582 2158 1874 2228 Apostolus
1930 2159 2087 2214 dooet

511 2246 674 2299 alium
704 2262 824 2301 esse
857 2248 1177 2304 interiorem
1224 2250 1531 2316 hominem,
1573 2260 1627 2304 et
1657 2251 1818 2304 alium
1852 2250 2086 2305 exterio-

513 2356 625 2393 rem
667 2356 681 2393 :
722 2350 778 2395 et
807 2340 954 2395 illum
1006 2356 1130 2398 esse
1171 2344 1261 2413 qui
1319 2354 1613 2398 renovatur
1639 2345 1704 2397 de
1736 2343 1822 2397 die
1856 2344 1907 2397 in
1939 2344 2083 2398 diem

508 2431 807 2485 secundum
858 2431 1150 2502 imaginem
1184 2432 1302 2500 ejus
1343 2434 1433 2503 qui
1476 2434 1678 2489 creavit
1726 2450 1885 2499 eum;
1940 2436 2084 2491 hunc

514 2536 641 2575 vero
670 2536 793 2577 esse
826 2523 1124 2588 visibilem,
1165 2525 1255 2593 qui
1288 2526 1659 2594 corrumpitur
1690 2524 1732 2579 ³.
1782 2524 1916 2580 Cum
1955 2541 2085 2595 ergo

511 2612 727 2666 venitur
756 2612 823 2666 ad
857 2614 1014 2668 istum
1038 2615 1148 2684 jam
1177 2614 1521 2682 profectum,
1569 2625 1623 2668 ut
1662 2614 1745 2669 lex
1782 2615 1877 2669 Dei
1908 2616 2084 2670 susci-

511 2705 713 2773 piatur,
744 2714 801 2759 et
832 2714 952 2761 vota
981 2706 1207 2761 Domino
1230 2706 1569 2773 offerantur;
1603 2717 1725 2764 vota
1757 2716 1941 2762 autem
1974 2709 2083 2764 Do-

510 2796 660 2852 mino
703 2797 900 2853 offerre
940 2813 1098 2853 nemo
1137 2807 1337 2869 potest,
1368 2799 1473 2854 nisi
1500 2800 1588 2869 qui
1619 2799 1779 2855 habet
1802 2799 2005 2869 aliquid
2028 2800 2082 2856 in

509 2889 803 2959 semetipso
837 2897 894 2945 et
952 2890 1006 2943 in
1038 2890 1339 2947 substantia
1379 2908 1476 2948 sua
1520 2893 1664 2964 quod
1699 2892 1893 2948 offerat
1930 2894 2079 2951 Deo:

511 2994 617 3034 non
648 2980 846 3035 sufﬁcit
875 2982 982 3037 iste
1002 2984 1242 3038 exterior
1270 2984 1433 3041 homo
1454 2986 1627 3056 legem
1653 2986 1749 3042 Dei
1780 2987 2077 3057 suscipere,
2115 3054 2119 3058 ι

2189 1878 2319 1945 rael,
2354 1878 2483 1948 quid
2507 1876 2770 1933 Dominus
2798 1877 2938 1933 Deus
2976 1887 3102 1932 tuus
3132 1879 3308 1947 poscit
3347 1894 3377 1931 a
3427 1888 3520 1942 te,
3571 1878 3746 1933 nisiut

2188 1968 2379 2023 timeas
2419 1966 2700 2022 Dominum
2753 1965 2920 2022 Deum
2964 1975 3112 2022 tuum
3153 1976 3206 2022 et
3236 1967 3401 2040 365I
3429 1968 3676 2022 ambules
3701 1969 3751 2022 in

2187 2060 2439 2116 omnibus
2461 2058 2565 2113 viis
2588 2057 2724 2125 ejus,
2761 2066 2817 2112 et
2849 2059 3041 2129 diligas
3072 2072 3193 2114 eum
3216 2074 3283 2114 ex
3310 2070 3422 2116 toto
3452 2062 3618 2115 corde
3647 2072 3754 2126 tuo,

2187 2159 2238 2205 et
2276 2166 2342 2205 ex
2388 2158 2496 2205 tota
2551 2150 2731 2205 anima
2766 2158 2892 2216 tua,
2936 2161 2991 2205 et
3034 2166 3102 2205 ex
3132 2152 3260 2206 totis
3310 2153 3518 2208 viribus
3559 2152 3709 2207 tuis?
3734 2172 3751 2205 ι

2186 2241 2312 2296 llaec
2334 2251 2461 2297 sunt
2490 2256 2619 2311 ergo
2646 2256 2765 2311 quae
2793 2243 2933 2297 Deus
2958 2244 3132 2311 poscit
3155 2258 3185 2296 a
3220 2243 3397 2304 nobis.
3426 2242 3558 2310 Quae
3576 2245 3622 2299 si
3653 2260 3756 2300 non

2187 2335 2336 2405 prius
2366 2333 2677 2401 oll‘eramus,
2703 2337 2768 2390 ab
2795 2336 2909 2405 ipso
2942 2337 3273 2407 accipiemus
3313 2337 3470 2391 nihil.
3508 2337 3758 2407 Legimus

2185 2434 2240 2480 et
2271 2426 2323 2479 in
2365 2425 2469 2480 alio
2499 2425 2618 2481 loco
2648 2428 2669 2459 ⁸
2698 2442 2710 2477 :
2747 2442 2770 2478 ι
2796 2426 2929 2481 Date
2982 2426 3211 2496 gloriam
3257 2428 3385 2492 Deo,
3408 2447 3429 2481 ι
3479 2437 3592 2484 et:r
3622 2427 3757 2484 Date

2186 2514 2640 2586 magniﬁcentiam
2674 2516 2804 2571 Deo.
2833 2536 2852 2569 ι
2876 2516 2933 2571 Si
2964 2518 3224 2573 dederitis
3254 2517 3503 2587 gloriam,
3528 2519 3758 2585 reeipie-

2185 2608 2257 2662 tis
2282 2607 2532 2675 gloriam.
2570 2607 2663 2664 Sic
2704 2609 2851 2663 enim
2884 2609 3016 2664 dicit
3062 2610 3177 2677 ipse
3227 2609 3365 2665 Deus
3391 2612 3411 2641 "
3451 2629 3465 2664 :
3498 2628 3518 2661 ι
3540 2610 3756 2664 Gloriﬁ-

2183 2712 2371 2757 cantes
2400 2716 2488 2757 me
2509 2702 2843 2773 gloriﬁcabo.
2879 2722 2899 2754 ο
2943 2701 3056 2772 Ego
3087 2717 3215 2756 vero
3254 2703 3396 2768 dico,
3438 2705 3578 2772 quod
3618 2713 3671 2759 et
3706 2704 3753 2757 si

2182 2791 2474 2849 offeramus
2508 2795 2556 2848 ei
2583 2791 2851 2862 justitiam
2890 2802 3153 2860 nostram,
3186 2793 3515 2863 accipiemus
3541 2796 3611 2849 ab
3635 2795 3753 2866 ipso

2178 2882 2446 2955 justitiam
2480 2883 2597 2941 Dei.
2630 2884 2699 2939 Et
2734 2885 2782 2940 si
2813 2882 3107 2939 offeramus
3145 2885 3196 2940 ei
3237 2894 3477 2940 nostram
3504 2927 3522 2949 .
3580 2884 3635 2941 id
3671 2896 3756 2942 est

2182 2979 2426 3047 corporis
2488 2979 2816 3044 castitatem,
2874 2979 3207 3048 accipiemus
3269 2979 3337 3033 ab
3405 2979 3522 3049 ipso
3595 2979 3757 3048 spiri-

514 3086 614 3125 nec
664 3079 784 3127 vota
837 3073 983 3130 solus
1040 3072 1258 3140 offerre,
1314 3091 1420 3131 non
1473 3077 1620 3131 enim
1653 3087 1829 3147 potest
1875 3078 2080 3149 aliquid

2186 3078 2269 3125 tus
2315 3070 2625 3126 castitatem
2677 3069 2811 3140 (54).
2871 3070 2937 3124 Ει
2993 3070 3038 3124 si
3092 3067 3386 3128 offeramus
3440 3069 3487 3123 ei
3537 3081 3754 3123 sensum

512 3162 729 3232 dignum
784 3162 895 3218 Deo
938 3164 1138 3221 habere
1172 3184 1187 3221 :
1221 3167 1315 3222 sed
1368 3167 1459 3224 ille
1512 3168 1741 3223 interior
1778 3179 1861 3224 est
1894 3171 2078 3235 homo,

509 3253 603 3323 qui
636 3254 811 3325 magis
857 3255 1021 3311 habet
1060 3256 1115 3311 in
1162 3273 1222 3313 se
1274 3260 1420 3328 quod
1466 3257 1657 3314 oﬂ‘erat
1705 3258 1835 3314 Deo.
1896 3258 1953 3315 In
1988 3259 2081 3315 illo

511 3359 747 3413 namque
799 3355 883 3402 est
942 3348 1306 3405 habitaculum
1334 3350 1592 3405 virtutum
1616 3391 1631 3417 ,
1668 3350 1720 3405 in
1773 3351 1865 3406 illo
1903 3352 2080 3407 omnis

512 3434 817 3492 intellectus
870 3438 1135 3505 scientias,
1201 3443 1255 3495 in
1307 3441 1399 3497 illo
1444 3452 1524 3497 est
1579 3442 1775 3497 divinae
1828 3444 2080 3513 imaginis

514 3530 809 3585 innovatio.
838 3530 937 3598 Qui
966 3548 1090 3587 cum
1120 3534 1356 3603 speciem
1395 3549 1546 3588 suam
1568 3575 1583 3597 ,
1630 3549 1733 3603 qua
1772 3549 1839 3588 ex
1865 3535 2023 3590 initio
2049 3551 2079 3590 a

515 3621 621 3675 Deo
644 3622 818 3678 factus
840 3632 923 3679 est
947 3623 1060 3694 (51)
1086 3628 1505 3695 recuperaverit,
1527 3636 1581 3681 et
1609 3628 1866 3681 virtutum
1902 3627 2081 3683 redin-

514 3716 815 3783 tegratione
847 3718 1300 3785 pulchritudinem
1333 3718 1531 3788 prioris
1564 3718 1753 3773 formae
1783 3720 2077 3789 receperit,

514 3818 641 3863 tunc
664 3807 775 3875 jam
815 3820 994 3880 potest
1037 3820 1161 3867 vota
1195 3811 1389 3867 offerre
1421 3812 1559 3880 Deo,
1592 3820 1645 3865 et
1680 3821 1806 3868 tunc
1831 3810 1944 3880 jam
1972 3826 2079 3866 non

513 3898 676 3954 homo
710 3898 921 3969 solum,
964 3901 1058 3957 sed
1108 3902 1270 3957 homo
1305 3903 1467 3957 homo
1521 3902 1747 3958 dicetur.
1802 3903 1936 3957 Nam
1987 3902 2079 3972 qui

514 3990 828 4047 interiorem
855 3992 1126 4047 hominem
1159 4008 1265 4047 non
1308 3992 1527 4059 excolit,
1573 3994 1665 4063 qui
1708 3992 1851 4048 illius
1892 4008 2077 4048 curam

515 4096 620 4137 non
656 4084 818 4153 gerit,
841 4084 931 4152 qui
967 4084 1258 4138 virtutibus
1283 4098 1405 4139 eum
1433 4100 1541 4140 non
1571 4085 1810 4150 instruit,
1841 4087 2080 4142 moribus

514 4193 618 4233 non
668 4180 922 4245 adornat,
968 4181 1165 4237 divinis
1202 4182 1632 4239 institutionibus
1676 4200 1783 4238 non
1841 4196 2077 4250 exercet,

510 4271 831 4341 sapientiam
863 4272 956 4328 Dei
989 4289 1096 4328 non
1126 4276 1340 4343 quaerit,
1396 4275 1638 4331 scientiae
1668 4275 2078 4346 Scripturarum

510 4378 732 4430 operam
759 4368 865 4420 nOn
900 4367 1181 4437 impendit,
1216 4370 1306 4424 hic
1347 4385 1455 4423 non
1489 4377 1665 4439 potest
1714 4368 1874 4425 homo
1916 4371 2079 4426 homo

510 4455 637 4519 dici,
676 4459 769 4513 sed
808 4459 969 4514 homo
998 4470 1229 4527 tantum,
1281 4470 1337 4517 et
1390 4463 1550 4519 homo
1602 4462 1850 4518 animalis
1890 4480 1905 4518 :
1946 4464 2073 4532 quia

512 4543 600 4597 ille
626 4544 869 4612 interior,
897 4550 983 4603 cui
1012 4552 1193 4604 verius
1212 4562 1266 4605 et
1300 4552 1529 4608 nobilius
1561 4553 1721 4609 homo
1753 4569 1944 4610 nomen
1971 4564 2074 4620 est,

510 4636 722 4701 sopitus
745 4636 797 4688 in
832 4650 898 4690 eo
930 4647 1012 4691 est
1036 4641 1346 4695 carnalibus
1376 4642 1520 4697 vitiis
1545 4681 1562 4707 ,
1614 4652 1669 4697 et
1698 4645 1881 4698 mundi
1917 4647 2075 4715 hujus

509 4725 657 4778 euris
683 4740 745 4778 ac
772 4725 1230 4785 sollicitudinibus
1283 4732 1546 4795 obrutus,
1597 4733 1671 4787 ita
1706 4744 1764 4787 ut
1800 4736 1850 4789 in
1882 4752 1947 4791 eo
1976 4753 2074 4792 nee

510 4817 743 4872 nominis
789 4817 904 4886 ejus
953 4818 1137 4873 haberi
1183 4820 1355 4888 possit
1397 4821 1684 4891 appellatio
1729 4823 1864 4896 (52).
1928 4826 2079 4883 Unde

509 4911 644 4965 satis
682 4911 948 4982 agendum
983 4922 1066 4967 est
1103 4913 1393 4984 unicuique
1422 4924 1687 4983 nostrum,
1752 4928 1808 4971 ut
1844 4919 1887 4974 si
1934 4918 2079 4978 forte

506 5004 652 5058 videt
687 5004 738 5057 in
769 5018 827 5057 se
858 5004 1169 5059 interiorem
1216 5004 1491 5061 hominem
1524 5016 1870 5075 peccatorum
1896 5013 2078 5067 sordi-

509 5095 608 5147 bus
647 5103 701 5149 et
722 5094 976 5149 vitiorum
1009 5096 1295 5152 ruderibus
1323 5111 1640 5168 oppressum
1663 5097 1886 5169 jacere,
1915 5102 2076 5159 citius

2185 3171 2453 3229 nostrum,
2484 3163 2815 3231 accipiemus
2853 3164 2920 3218 ab
2963 3163 3079 3232 ipso
3127 3176 3346 3217 sensum
3378 3162 3584 3232 ipsius;
3614 3162 3756 3216 sicut

2183 3264 2238 3310 et
2266 3254 2554 3324 Apostolus
2587 3255 2803 3311 dicebat
2833 3256 2854 3288 ⁸
2885 3273 2939 3311 ει
2965 3255 3075 3311 Nos
3098 3267 3277 3311 autem
3311 3256 3523 3311 Domini
3550 3255 3753 3311 Christi

2183 3362 2400 3403 sensum
2456 3349 2736 3403 habemus.
2778 3367 2799 3401 ι
2840 3348 2975 3403 Cum
3029 3361 3209 3405 autem
3260 3364 3360 3405 nos
3398 3350 3757 3406 obtulerimus

2184 3442 2295 3498 Deo
2322 3456 2441 3511 quae
2471 3442 2525 3496 in
2555 3440 2709 3498 nobis
2738 3454 2884 3508 sunt,
2914 3454 2968 3497 et
2993 3442 3082 3498 ille
3105 3442 3396 3499 contulerit
3424 3444 3478 3498 in
3508 3459 3609 3499 nos
3635 3459 3755 3513 quas

2182 3550 2278 3590 sua
2308 3544 2456 3600 sunt,
2491 3542 2616 3590 tunc
2643 3551 2771 3591 vere
2790 3537 2901 3605 jam
2924 3551 3027 3590 non
3058 3536 3221 3591 homo
3253 3537 3447 3600 solum,
3477 3539 3569 3591 sed
3595 3539 3755 3591 homo

2182 3627 2347 3683 homo
2376 3628 2642 3683 dicemur.
2706 3626 2947 3697 Uterque
2999 3628 3142 3682 enim
3186 3628 3349 3682 homo
3398 3628 3643 3683 vocabuli
3671 3629 3752 3682 sui

2181 3718 2512 3788 perfectione
2567 3720 2820 3774 decenter
2873 3728 3096 3774 ornatus
3132 3727 3233 3773 est.
3293 3717 3397 3773 Ista
3445 3728 3574 3773 sunt
3622 3735 3752 3788 ergo

2182 3825 2327 3875 veta,
2353 3825 2473 3880 quae
2505 3809 2664 3866 debet
2689 3810 2970 3865 exsolvere
2988 3810 3052 3875 is,
3074 3811 3164 3880 qui
3188 3810 3348 3866 homo
3382 3812 3544 3865 homo
3569 3811 3749 3880 appel-

2182 3899 2345 3956 latur.
2377 3900 2503 3956 Scio
2526 3901 2738 3956 diversa
2768 3910 2889 3955 vota
2918 3901 2971 3955 in
3000 3899 3298 3970 Scripturis
3335 3899 3549 3954 referri.
3589 3903 3749 3955 Anna

2182 3994 2399 4063 quidem
2428 3992 2573 4047 vovit
2603 3989 2715 4045 Deo
2737 3990 2972 4044 fructum
2997 3992 3204 4045 ventris
3226 3992 3336 4055 sui,
3359 4000 3414 4044 et
3443 3991 3749 4045 Samuelem

2181 4086 2521 4141 consecravit
2572 4085 2626 4139 in
2674 4083 2873 4151 templo
2908 4084 2949 4138 ⁹.
2994 4083 3189 4149 Alius,
3244 4084 3603 4152 quodcunque
3649 4082 3751 4137 sibi

2181 4188 2303 4248 post
2365 4176 2644 4232 victoriam
2708 4177 2954 4231 redeunti
3014 4175 3347 4231 occurrisset
3391 4175 3541 4229 vovit
3602 4176 3746 4237 Deo,

2181 4277 2501 4324 occurrente
2534 4266 2678 4331 ﬁlia,
2731 4278 2856 4321 vota
2900 4266 3246 4336 lacrymanda
3303 4264 3750 4335 persolvit".Alii

2184 4361 2398 4425 vitulos,
2431 4369 2523 4414 aut
2548 4360 2771 4425 arietes,
2805 4369 2894 4412 aut
2922 4358 3112 4412 domos
3136 4400 3149 4424 ,
3181 4368 3273 4411 aut
3305 4358 3406 4411 alia
3438 4356 3747 4428 hujusmodi

2186 4455 2397 4510 ratione
2444 4452 2705 4518 carentia,
2741 4462 2864 4506 vota
2898 4450 3130 4505 oﬂerunt
3187 4451 3318 4507 Deo.
3369 4450 3460 4505 Ille
3501 4466 3630 4505 vero
3658 4449 3753 4519 qui

2183 4546 2484 4618 appellatur
2508 4546 2818 4611 Nazarteus,
2855 4546 3205 4614 semetipsum
3240 4544 3457 4599 devovit
3480 4542 3611 4597 Deo.
3641 4541 3755 4597 Hoc

2181 4651 2263 4697 est
2310 4641 2458 4696 enim
2509 4654 2692 4695 vatum
2746 4638 2985 4692 Nazaraai
3032 4637 3173 4711 quod
3231 4641 3317 4690 est
3373 4649 3536 4703 super
3594 4647 3756 4687 omne

2181 4742 2387 4787 votum.
2415 4732 2549 4787 Nam
2578 4732 2748 4787 ﬁlium
2782 4729 2997 4797 oll'erre,
3050 4728 3133 4783 vel
3167 4726 3334 4783 ﬁliam
3361 4766 3376 4793 ,
3426 4736 3520 4781 aut
3565 4739 3751 4795 pecus,

2177 4834 2269 4878 aut
2306 4826 2588 4894 praedium,
2621 4826 2725 4880 hoc
2755 4832 2924 4879 totum
2952 4831 3107 4877 extra
3132 4834 3229 4876 nos
3250 4829 3354 4876 est.
3384 4820 3747 4889 Semetipsum

2179 4915 2290 4972 Deo
2314 4914 2531 4980 oﬂerre,
2562 4925 2614 4970 et
2651 4931 2757 4970 non
2802 4915 2981 4970 alieno
3010 4913 3210 4975 labore,
3237 4912 3331 4967 sed
3373 4911 3593 4981 proprio
3628 4910 3748 4977 pla-

2176 5021 2324 5073 cere,
2370 5008 2474 5063 hoc
2524 5016 2609 5063 est
2646 5006 2940 5076 perfectius
2996 5014 3051 5060 et
3096 5005 3435 5062 eminentius
3499 5002 3754 5057 omnibus

2180 5101 2540 5173 votis:quod
2592 5100 2683 5170 qui
2734 5098 2898 5165 facit,
2967 5097 3205 5152 imitator
3260 5105 3343 5151 est
3388 5093 3611 5149 Christi.
3664 5091 3755 5145 Ille

581 5252 658 5328 ⁸11
689 5253 876 5317 Conv,
895 5255 1017 5328 16.
1062 5255 1505 5328 g’rNumexﬂ.
1579 5259 1601 5290 ³
1631 5256 1673 5312 11
1700 5257 1826 5313 Cor.
1870 5276 1941 5325 IV,
1976 5262 2061 5318 16.
2131 5277 2152 5308 ιι
2196 5261 2479 5328 Luc.xvu,
2508 5260 2601 5316 2i.
2676 5260 2697 5292 ⁸
2738 5258 2893 5317 Deut.
2936 5273 2999 5325 χ,
3041 5257 3127 5313 12.
3203 5257 3222 5285 ⁸
3256 5255 3456 5311 Jerem.
3499 5268 3618 5319 xui,
3662 5251 3749 5307 16.

505 5324 526 5355 ⁷
564 5325 579 5378 l
623 5324 754 5394 lieg.
799 5341 857 5386 ιι,
892 5326 980 5378 50.
1055 5326 1077 5356 ⁸
1112 5327 1125 5379 1
1157 5326 1281 5381 Cor.
1319 5343 1381 5392 ιι,
1420 5324 1527 5383 ⁷16.
1604 5332 1626 5363 ⁸
1665 5329 1684 5382 1
1727 5330 1855 5398 Reg.
1888 5324 1935 5388 t.
1964 5332 2145 5389 "Jud.
2174 5349 2253 5389 χι.

572 5412 688 5484 (51)
733 5415 913 5470 Codex
955 5415 1143 5487 Sancti
1170 5416 1515 5485 Theudorici,
1561 5435 1580 5469 ι
1621 5432 1742 5487 qua:
1770 5434 1834 5472 ex
1862 5418 2014 5474 initio
2042 5436 2073 5474 a

508 5484 617 5537 Deo
652 5487 808 5555 facta
846 5497 949 5539 est.
980 5504 998 5536 ι
1064 5485 1227 5540 Paulo
1272 5501 1391 5554 post
1428 5484 1616 5542 omnes
1640 5484 1792 5541 'mss.
1836 5489 2073 5555 habent,

518 5570 540 5605 ι
576 5554 1028 5627 pulchritudinem
1091 5558 1287 5625 prioris
1352 5558 1557 5612 formae.
1598 5577 1614 5609 ι
1692 5558 1844 5613 Libb.
1921 5560 2074 5627 editi,

518 5639 539 5675 ι
581 5624 1031 5694 pulchritmlinem
1061 5624 1295 5694 priorem
1324 5627 1528 5682 formze.
1560 5648 1578 5679 ι

583 5691 697 5762 (52)
737 5694 903 5747 Codd.
952 5691 1299 5767 Ebroicensis
1355 5708 1409 5750 et
1461 5698 1643 5753 Sancti
1706 5698 2029 5753 'I'heodoriei
2060 5741 2075 5767 ,

512 5782 533 5819 ι
563 5765 636 5820 ita
672 5774 729 5820 ut
760 5777 857 5819 nec
918 5768 1149 5822 nominis
1203 5766 1315 5835 ejus
1358 5767 1558 5825 habere
1614 5768 1784 5839 possit
1840 5765 2077 5839 appella-

2180 5430 2664 5560 u0;;in.l',ul_t_ergo
2689 5484 2895 5560 aAnobis
2925 5485 3073 5560 prius
3099 5482 3300 5560 aliquid
3329 5482 3561 5549 accipere
3590 5479 3750 5560 Doug,

2178 5547 2284 5614 etc.
2318 5547 2449 5614 Vide
2484 5547 2661 5612 Huc-liii
2719 5547 3161 5623 Origeniauorum
3187 5547 3307 5606 Ἰὼ.
3342 5568 3399 5617 ιι,
3444 5547 3639 5621 quzest.
3692 5547 3745 5613 7,

2181 5643 2459 5684 numerum
2494 5627 2578 5690 12,
2603 5627 2669 5681 15
2689 5638 2743 5681 et
2776 5625 2860 5677 M.

2250 5699 2362 5769 (54)
2392 5697 2574 5769 Codex
2609 5696 2795 5769 Sancti
2828 5694 3179 5769 Theodnrici.
3216 5713 3232 5745 ι
3263 5690 3484 5757 spiritus
3524 5690 3746 5769 castita-

2182 5767 2310 5827 teut.
2342 5767 2359 5819 ὸ
2410 5767 2563 5823 Libb.
2597 5768 2751 5835 editi,
2796 5783 2814 5817 ι
2842 5767 3010 5836 ipsius
3033 5767 3354 5820 castitatcttt.
3393 5778 3411 5811 ι
