2052 3113
233 147 283 177 76!

803 148 837 177 IN
855 148 1023 177 NUMEROS
1042 148 1187 178 ΠοιίιιιΑ
1204 148 1300 178 XXIV.

1814 152 1866 180 762

230 207 304 236 enim
316 205 391 235 dedit
404 206 514 234 homini"
529 210 641 239 terram,
658 214 750 239 mare.
766 213 793 235 ei
811 208 903 236 omnia
920 216 981 243 quae
993 208 1020 236 in
1039 208 1059 237 Α
1073 207 1144 235 Etsi
1171 207 1280 242 quidem
1297 207 1409 242 parvula
1422 212 1465 235 est
1491 207 1581 236 anima
1602 212 1630 237 et
1643 207 1719 237 initia
1735 208 1819 238 habet
1837 210 1866 238 in

230 254 271 283 eis
288 257 361 287 sunt,
377 253 410 281 ad
428 253 589 288 obsequium
605 253 680 281 dedit
690 259 716 282 et
728 253 840 287 celum,
854 255 939 282 solem
951 263 1021 291 quo-

230 299 283 336 que
302 306 329 328 et
345 301 446 333 lunam,
459 308 492 329 ac
503 301 614 334 stellas,
633 301 771 329 [nominum
787 302 940 330 ministerio
956 310 1020 330 eon-

230 347 454 382 eessitzplnvias,
471 352 579 380 ventos,
596 352 624 376 et
640 355 721 376 omne
733 347 863 383 quidquid
878 348 906 376 in
920 349 1020 376 mundo

230 397 272 420 est
290 392 448 421 hominibus
462 392 578 429 largitus
598 398 651 421 est.
673 393 727 421 Sed
754 397 815 427 post
836 392 893 421 haec
916 393 1018 427 omnia,

229 439 403 473 semetipsum
415 439 497 467 dedit.
514 448 524 466 i
539 438 586 467 Sic
600 439 673 467 enim
685 439 778 467 dilexit
789 439 861 468 Deus
877 441 1018 473 mundum,

231 489 260 511 ut
272 484 370 511 Filium
383 492 462 512 suum
476 485 646 519 unigenitum
658 486 735 512 daret
751 495 760 512 ι
771 493 820 520 pro
833 486 923 514 mundi
940 487 1018 522 hujus

230 531 285 558 vita
303 531 335 557 ‘°.
352 530 422 564 Quid
438 539 502 567 ergo
516 539 641 567 magnum
656 532 736 560 faciet
750 534 842 565 homo,
857 534 879 560 si
891 534 1019 567 semetip-

229 584 289 604 siim
305 576 401 604 oﬂ'erat
425 577 490 610 Deo,
507 579 551 606 cui
577 578 635 614 ipse
657 587 686 607 se
708 580 784 614 prior
809 579 906 606 obtulit
930 580 1018 607 Deus?

230 622 258 649 Si
276 631 342 658 ergo
359 623 438 651 tollas
455 631 564 652 crucem
580 629 664 658 tuam,
688 630 716 652 et
727 625 851 660 sequaris
864 625 1015 659 Christum,

228 669 250 695 si
263 669 338 696 dicas
355 678 362 697 :
380 679 389 696 i
402 669 469 698 Vivo
480 675 582 704 autem,
596 671 651 705 jam
666 679 718 699 non
739 679 801 707 ego,
831 672 897 699 vivit
910 680 974 700 vero
990 673 1015 699 in

228 722 270 741 me
283 715 407 743 Christus
419 716 451 749 “,
465 726 474 742 ι
494 717 517 744 si
531 717 667 745 desideret
686 724 714 746 et
726 719 803 746 sitiat
819 719 909 746 anima
922 725 1016 746 nostra

227 761 317 788 redire
344 766 372 788 et
393 769 454 790 esse
479 770 541 789 eum
567 763 694 797 Christo,
718 765 788 792 sicut
813 770 842 792 et
867 766 1016 800 Apostolus

227 805 346 837 dicebat,
371 811 398 833 et
423 808 568 841 praesentis
583 809 674 836 saeculi
691 817 743 836 non
757 810 909 838 deleantur
924 811 1015 839 illece-

226 850 293 882 bris,
311 857 338 878 et
355 852 377 878 si
394 859 500 879 omnem
513 852 600 888 legem
615 862 674 890 qua:
687 855 721 882 de
733 854 869 884 Nazaraeis
886 857 947 884 data
961 863 1013 890 est,

225 896 384 930 spiritaliter
396 898 516 933 impleat,
527 905 591 928 tunc
604 902 789 937 semetipsum,
803 903 828 930 id
841 909 882 930 est
894 904 1011 930 animam

225 950 314 974 suam,
338 943 437 972 obtulit
458 945 521 973 Deo.
550 946 600 980 Qui
621 947 648 974 in
666 948 793 976 castitate
816 950 898 983 vivit,
915 958 1014 985 corpus

225 997 302 1015 suum
322 991 394 1017 vovit
408 991 462 1019 Deo
474 994 623 1020 secundum
637 1001 698 1021 eum
712 996 758 1029 qui
775 996 843 1023 dixit
860 998 880 1013 ¹²
896 1007 902 1024 ;
916 998 1014 1033 iVirgo

224 1040 312 1062 autem
328 1037 428 1071 cogitat
456 1040 593 1073 quomodo
610 1041 646 1068 sit
673 1048 767 1070 sancta
788 1051 903 1079 corpore
918 1049 945 1072 et
959 1045 1014 1079 spi-

225 1081 289 1109 ritu.
302 1091 311 1108 ι
335 1082 402 1110 Nam
415 1089 440 1111 et
460 1085 511 1112 hoc
526 1086 612 1121 ipsum
632 1089 702 1121 quod
716 1088 785 1115 dixit
803 1098 812 1115 i
827 1095 931 1122 sancta,
947 1099 956 1115 ι
980 1091 1012 1118 ad

222 1126 273 1154 hoc
288 1129 397 1162 respicit
413 1136 420 1155 :
440 1132 525 1159 sancti
538 1132 611 1159 enim
626 1133 755 1161 dicuntur
767 1135 803 1161 illi
819 1136 864 1169 qui
891 1143 920 1163 se
932 1143 1013 1164 vove-

224 1180 286 1202 runt
300 1177 365 1204 Deo.
381 1177 457 1207 Unde
476 1184 502 1206 et
524 1180 612 1214 aries,
645 1183 720 1210 verbi
742 1191 824 1212 causa
853 1186 875 1211 si
898 1189 1013 1213 vovctiir

222 1221 289 1254 Deo,
304 1228 415 1252 sanctus
431 1226 594 1260 appellatur,
610 1236 690 1263 quem
712 1231 818 1258 tonderi
835 1231 868 1258 ad
887 1239 1012 1259 ροιιιιιιιι-

222 1275 270 1294 nes
286 1275 351 1296 usus
367 1278 419 1297 non
433 1270 507 1299 licet.
528 1272 582 1300 Sed
602 1278 629 1301 et
650 1274 750 1302 vitulus
762 1277 784 1303 si
798 1276 911 1304 devotus
928 1278 1012 1305 fuerit

223 1315 287 1347 Deo,
301 1321 411 1344 sanctus
427 1317 605 1347 nihilominus
618 1321 780 1355 appellatur,
802 1331 852 1350 nec
872 1324 935 1351 lieet
948 1332 1010 1352 eum

216 1360 294 1395 jiingi
309 1361 334 1389 in
347 1369 414 1396 opus
430 1371 585 1393 commune.
600 1366 639 1392 Ex
653 1366 685 1394 iis
697 1375 762 1402 ergo
774 1368 933 1404 colligamus
947 1370 1010 1404 quid

219 1411 261 1433 est
277 1406 415 1435 hominem
432 1410 551 1445 seipsmn
572 1419 674 1440 vovere
699 1413 765 1442 Deo.
799 1414 827 1443 Si
854 1418 879 1442 te
903 1416 1011 1443 voveris

220 1452 285 1485 Deo,
302 1452 451 1482 imitandus
472 1455 519 1483 tibi
530 1461 571 1484 est
588 1457 687 1485 vitulus
699 1479 707 1490 ,
721 1466 801 1493 quem
818 1468 871 1487 non
884 1460 947 1488 licet
960 1461 1011 1488 liu-

220 1499 307 1526 manis
333 1501 461 1535 operibus
488 1503 637 1538 deservire,
664 1505 731 1533 nihil
758 1505 850 1534 facere
873 1507 945 1542 quod
974 1509 1007 1535 ad

219 1545 345 1574 homines
373 1552 401 1575 et
424 1549 458 1576 ad
483 1555 646 1585 praesentem
668 1554 804 1587 pertineat
831 1555 926 1583 vitam.
954 1554 1044 1585 SedC

219 1591 349 1626 quidquid
358 1593 391 1620 ad
400 1595 518 1623 animam
527 1597 645 1631 pertinet
653 1603 679 1626 et
687 1599 720 1626 ad
728 1600 811 1627 divini
819 1601 909 1629 cultus
918 1602 1009 1630 obser-

218 1638 350 1672 vantiam,
364 1640 415 1667 hoc
429 1646 457 1668 et
473 1643 607 1677 agendum
621 1650 648 1672 et
661 1646 836 1681 cogitandum
855 1648 902 1675 tibi
917 1654 970 1676 est.

252 1690 280 1717 5.
304 1691 358 1720 Sed
382 1693 492 1722 interim
515 1704 635 1730 praesens
650 1698 730 1727 lectio
749 1700 874 1729 continet
891 1702 1007 1730 diversi-

219 1740 288 1765 tates
309 1740 440 1773 quasdam
464 1746 600 1772 votorum.
628 1744 734 1772 Etenim
757 1747 780 1774 si
800 1748 841 1774 vir
865 1748 947 1775 fuerit
962 1749 1007 1784 qui

217 1783 299 1817 vovit,
316 1785 385 1813 liber
399 1794 459 1814 esse
472 1788 572 1816 dicitur
588 1790 614 1816 in
627 1791 698 1818 votis
711 1792 785 1824 suis,
805 1792 926 1827 nullique
943 1794 1007 1821 sub-

214 1828 312 1863 jectus.
328 1831 425 1859 Mulier
438 1839 529 1861 autem
543 1835 566 1863 si
580 1842 687 1868 voveat,
705 1838 727 1864 si
743 1838 852 1872 quidem
872 1838 899 1865 in
925 1839 1006 1867 domo

217 1876 303 1910 patris
314 1878 356 1904 sui
372 1878 418 1911 sit,
435 1885 526 1907 votum
541 1882 599 1916 ejus
617 1883 642 1909 in
657 1883 742 1917 patris
758 1885 855 1918 pendet
867 1885 982 1912 arbitrio
997 1894 1004 1913 :

215 1926 243 1948 et
262 1924 284 1950 si
306 1924 414 1958 quidem
438 1926 482 1953 ille
495 1930 681 1962 recusaverit,
702 1930 871 1959 liberabitur.
892 1931 920 1959 Si
940 1940 1005 1960 vero

216 1977 269 1997 iion
293 1975 472 2007 recusaverit,
492 1979 519 2002 et
539 1977 595 2010 ipse
618 1981 645 2003 et
666 1977 719 2004 lilia
739 1983 866 2006 tenentur
882 1981 1003 2008 obnoxii.

215 2016 292 2050 Quod
310 2019 334 2046 si
361 2025 540 2055 posteaquam
558 2031 610 2050 non
638 2026 808 2053 recusaverit
835 2032 920 2061 pater,
949 2035 1003 2055 non

215 2063 363 2092 reddiderit
379 2071 470 2093 votum
495 2067 561 2103 lilia,
579 2074 719 2103 peccatum
736 2070 785 2104 ipsi
800 2077 904 2100 manet.
923 2072 1005 2100 Simi-

214 2109 276 2137 liter
293 2116 382 2138 autem
407 2117 436 2140 et
463 2121 526 2148 erga
545 2115 673 2143 maritum
688 2117 857 2150 decernitur,
884 2123 913 2145 ut
930 2119 952 2146 si
977 2119 1003 2146 iii

214 2155 296 2182 domo
311 2156 399 2183 mariti
416 2165 483 2184 uxor
494 2158 596 2194 aliquid
611 2162 731 2194 voverit,
747 2167 775 2189 et
789 2163 905 2191 audiens
918 2166 1004 2192 mari-

215 2204 258 2227 tus
282 2208 336 2228 non
363 2204 540 2237 recusaverit,
568 2213 631 2233 reus
658 2206 694 2234 sit
713 2207 768 2234 voti
803 2209 906 2242 pariter
939 2218 1001 2237 cum

214 2253 308 2273 uxore.
341 2247 371 2275 Si
392 2255 456 2276 vero
478 2252 660 2291 recusaverit,
686 2257 739 2280 tam
763 2262 833 2282 uxor
851 2255 888 2282 sit
906 2255 999 2289 libera,

213 2301 294 2327 quam
314 2294 437 2322 maritus.
455 2295 483 2323 Si
501 2304 565 2324 vero
580 2300 705 2332 tacuerit,
725 2305 856 2335 uterque,
883 2308 912 2329 ut
932 2303 1001 2330 dixi-

214 2349 284 2374 mus,
304 2349 365 2370 reus
379 2343 521 2372 habeatur.
545 2345 608 2374 llaec
622 2351 686 2374 sunt
699 2349 808 2382 quidem
824 2357 883 2383 quin
899 2351 1000 2385 scripta

212 2392 276 2414 sunt
297 2398 303 2414 :
321 2388 367 2415 sed
382 2389 503 2417 orandus
515 2396 557 2418 est
579 2392 657 2420 nobis
674 2393 761 2427 Deus,
784 2399 813 2420 iit
834 2395 1000 2424 iiitelleeiinn

210 2428 274 2456 dare
285 2430 411 2465 dignetur
423 2440 452 2460 se
463 2433 586 2469 dignum,
605 2443 659 2469 quo
678 2435 746 2468 htec,
760 2441 789 2463 ut
801 2437 889 2469 decet,
903 2438 936 2466 de
949 2439 996 2466 Dei

210 2475 299 2502 verbis
311 2476 460 2513 intelligere
474 2480 610 2514 possimus
623 2485 650 2508 et
664 2481 815 2509 advertere.
831 2482 932 2510 Omnes
951 2484 996 2518 qui

209 2521 259 2548 sub
274 2522 331 2557 lege
350 2523 395 2550 Dei
411 2523 528 2552 vivimus
538 2546 545 2557 ,
562 2530 589 2552 et
603 2525 630 2552 in
646 2526 765 2553 Ecclesia
779 2526 839 2562 ejus
854 2528 995 2558 habemur.

208 2567 289 2601 aliqui
312 2568 363 2595 sub
388 2569 527 2603 patribus,
556 2570 636 2604 aliqui
666 2571 718 2598 sub
747 2572 812 2599 viris
836 2572 858 2588 ⁸⁵
882 2572 995 2608 agimus.

243 2619 265 2634 ιο
283 2618 361 2654 Joan.
380 2626 423 2648 iii.
438 2621 481 2646 to.
524 2621 543 2636 “
563 2621 652 2648 Calai.
673 2630 702 2654 ii,
718 2623 762 2651 20.

208 2661 304 2685 xxxiii,
319 2653 360 2680 i5.
401 2654 422 2669 ‘°
438 2653 509 2682 Psal.
530 2657 637 2687 xei,15.
679 2658 698 2673 ¹⁷
710 2657 810 2687 Geiies.
827 2668 902 2694 vaI,
922 2661 948 2689 5.

205 2699 298 2744 ὶνβό)
314 2700 408 2744 ¹ςὶοψειί
423 2701 516 2744 Sancti
534 2703 709 2744 Theoderici,
728 2715 737 2731 i
752 2706 834 2744 aliqui
851 2709 902 2736 sub
912 2711 998 2744 patri-

207 2736 281 2781 niils,_
294 2736 537 2781 al‘iqkui‘sulrvirlis.
556 2748 565 2764 ι
575 2739 660 2781 libb.
677 2747 756 2769 antea
768 2736 845 2775 editi,
871 2753 880 2770 ι
894 2736 997 2781 aiiquid

204 2771 254 2806 sub
268 2771 402 2806 patribus,
422 2772 524 2806 aliquid
538 2775 590 2801 sub
609 2775 683 2805 viris.
702 2786 711 2802 ι

235 2805 297 2844 (Eii)
319 2805 443 2842 Quosque
469 2805 553 2835 Setiam
573 2810 607 2836 ad
617 2810 751 2844 judicith
775 2815 858 2841 venire
874 2823 932 2843 cum
946 2815 995 2842 Ito-

204 2841 330 2884 mtltlll‘lllv
347 2844 521 2884 ostendimus:
546 2850 604 2884 etc:
617 2841 698 2875 'Vidc
726 2841 881 2883 Origeniaii.
904 2841 949 2878 lib.
966 2841 995 2884 it,

204 2880 298 2908 qna-st.
316 2877 341 2909 5,
364 2885 471 2907 numer.
488 2879 520 2908 l9
534 2885 559 2907 ct
573 2880 617 2908 20.

803 2626 824 2641 ¹²
839 2624 847 2651 l
865 2625 928 2653 Cor.
946 2634 992 2659 vn,
1011 2629 1055 2656 54.

1071 253 1273 282 eruditionibus
1298 253 1410 287 divinis,
1435 254 1493 282 hinc
1515 254 1565 281 sub
1591 260 1670 290 patre
1696 263 1777 291 agere
1804 264 1867 284 cre-

1070 301 1158 329 denda
1178 305 1231 329 est.
1248 299 1276 328 Si
1291 308 1358 330 vero
1379 300 1436 335 jam
1453 300 1570 328 adultior
1596 300 1667 329 facta
1687 306 1750 335 est,
1773 302 1808 330 ita
1835 307 1866 331 ut

1070 346 1219 381 viripotens
1241 346 1276 374 sit
1291 346 1325 373 ad
1347 346 1559 381 concipiendum
1581 354 1676 374 semen
1698 346 1775 375 verbi
1804 347 1864 381 Dei,

1070 396 1098 421 et
1112 392 1243 420 doctrina:
1257 391 1390 427 spiritalis
1407 399 1507 427 capere
1522 397 1640 426 secreta,
1660 392 1718 420 haec
1738 392 1789 420 sub
1804 393 1863 421 viro

1069 436 1157 471 posita
1168 436 1280 465 dicitur.
1314 435 1361 463 Sic
1375 436 1448 463 enim
1463 441 1491 464 et
1516 436 1617 465 Paulus
1638 437 1745 465 dicebat
1762 438 1795 466 de
1809 438 1863 466 Co-

1071 480 1179 508 rinthiis
1191 481 1213 497 "
1228 490 1234 507 :
1256 480 1340 508 «Volo
1360 485 1449 507 autem
1466 488 1562 508 omnes
1580 489 1627 509 vos
1644 482 1691 509 uni
1707 481 1767 509 viro
1780 482 1865 517 virgi-

1069 535 1130 554 nem
1144 531 1249 555 castam
1261 528 1391 555 exhibere
1406 527 1528 555 Christo.
1544 537 1553 554 ›
1573 527 1623 560 Qui
1638 536 1704 555 vero
1718 529 1865 564 perfectio.

1070 579 1113 599 res
1125 577 1189 599 sunt
1205 577 1230 599 et
1244 573 1441 600 eminentiores
1457 573 1567 606 horum,
1582 574 1614 600 de
1632 574 1685 601 illis
1702 582 1754 602 non
1765 575 1864 602 dicitur

1068 621 1140 653 quod
1161 620 1211 647 sub
1227 621 1285 647 viro
1312 620 1378 650 sint.
1397 620 1444 647 sed
1463 620 1525 647 audi
1555 620 1691 654 quomodo
1717 620 1750 647 de
1763 626 1864 647 seinet~

1069 665 1126 699 ipso
1142 665 1239 699 suique
1261 665 1397 692 similibus
1415 666 1574 699 pronuntiet
1596 666 1697 694 Paulus
1721 666 1764 693 “z
1785 675 1794 692 ι
1809 667 1861 694 Do-

1069 718 1118 738 nec
1131 718 1319 743 occurramus,
1335 711 1432 745 inquit,
1451 719 1546 739 omnes
1558 712 1584 739 in
1601 713 1689 740 virum
1699 712 1862 747 perfectum,

1068 756 1095 784 in
1113 763 1268 783 mensuram
1296 757 1386 784 relatis
1410 756 1589 791 plenitudinis
1616 758 1730 786 Christi.
1749 769 1758 784 ι
1794 759 1862 786 lliiic

1067 809 1131 836 ergo
1146 803 1253 835 animm,
1264 809 1324 836 quae
1338 802 1364 829 in
1376 803 1463 829 virum
1477 802 1626 836 perfectum
1640 803 1771 837 occurrit,
1781 812 1861 832 nemo

1066 847 1223 874 dominatur
1244 848 1269 874 in
1291 848 1372 880 votis,
1395 848 1440 874 sed
1463 848 1546 875 habet
1567 853 1731 883 potestatem
1749 857 1860 876 suorum

1066 891 1274 927 libertatemque
1299 898 1437 920 votorum.
1464 893 1492 920 Si
1521 898 1612 920 autem
1639 893 1748 921 feminei
1772 894 1860 921 adhuc

1065 938 1173 972 generis
1186 938 1267 965 fuerit
1284 938 1385 971 anima,
1402 939 1443 965 cui
1457 938 1499 965 vel
1519 939 1560 965 vir
1572 939 1613 966 vel
1634 944 1711 973 pater
1733 940 1859 967 domine-

1067 988 1110 1010 tur
1135 984 1162 1011 in
1189 984 1270 1017 votis,
1298 993 1351 1012 non
1373 992 1481 1019 semper
1500 987 1526 1011 in
1553 986 1610 1019 ipsa
1635 990 1677 1012 est
1700 985 1789 1019 culpa,
1811 986 1857 1013 sed

1066 1029 1201 1057 interdum
1220 1030 1290 1057 redit
1306 1030 1339 1056 ad
1360 1031 1433 1057 viros
1462 1030 1503 1057 vel
1531 1036 1672 1064 parentes.
1700 1031 1737 1057 De
1760 1032 1859 1065 quibus

1066 1073 1202 1108 applicare
1215 1074 1324 1102 difﬁcile
1335 1075 1380 1107 sit,
1395 1079 1485 1102 tamen
1508 1083 1566 1109 qua:
1593 1075 1707 1102 Domino
1725 1075 1859 1110 largiente

1064 1119 1144 1155 365
1162 1121 1310 1155 potuerint,
1338 1120 1501 1148 inferemus.
1518 1121 1596 1157 Saepe
1614 1121 1732 1149 diximus
1754 1122 1861 1149 anima-

1065 1172 1124 1191 rum
1139 1172 1199 1199 quae
1220 1165 1246 1191 in
1275 1164 1396 1192 Ecclesia
1417 1165 1464 1192 Dei
1480 1169 1554 1197 sunt,
1571 1174 1665 1192 curam
1684 1166 1856 1200 procuratio-

1064 1218 1180 1245 iieinque
1192 1211 1286 1238 haberi
1303 1218 1353 1246 per
1362 1211 1482 1246 angelos,
1499 1219 1622 1246 quosque
1636 1212 1718 1239 etiam
1733 1212 1766 1238 ad
1785 1211 1857 1245 judi-

1064 1255 1136 1282 cium
1168 1255 1261 1283 venire
1284 1263 1345 1283 cum
1368 1256 1525 1283 hominibus
1544 1257 1714 1284 ostendimus
1737 1256 1806 1291 (36'),
1826 1262 1856 1284 ut

1063 1301 1109 1328 illo
1120 1301 1211 1329 divino
1224 1306 1329 1329 constet
1345 1302 1480 1334 examine,
1497 1306 1588 1329 utrum
1602 1310 1650 1329 sua
1669 1302 1772 1330 desidia
1789 1310 1855 1337 pec—

1063 1347 1186 1375 caverint
1197 1347 1330 1381 homines,
1345 1355 1379 1374 an
1399 1348 1562 1375 monitorum
1586 1349 1782 1383 custodemque
1807 1357 1856 1377 ne-

1064 1392 1202 1428 gligentia.
1222 1393 1336 1421 Videtur
1365 1394 1430 1421 mihi
1457 1394 1540 1422 etiam
1568 1394 1594 1422 in
1613 1394 1664 1422 hoc
1688 1394 1758 1427 loco,
1771 1395 1854 1422 etiam

1062 1438 1112 1465 sub
1131 1439 1261 1474 mysterio
1291 1439 1427 1474 designari
1444 1444 1471 1466 et
1494 1440 1614 1473 ostendi,
1633 1440 1703 1475 quod
1718 1440 1777 1468 alia:
1791 1441 1854 1474 qui-

1063 1484 1125 1512 dem
1154 1491 1182 1512 ut
1206 1485 1267 1512 tiliie
1285 1486 1334 1513 sub
1359 1486 1399 1513 eis
1419 1486 1476 1522 (37)
1498 1487 1597 1514 anima:
1620 1487 1730 1522 degunt,
1749 1488 1808 1516 alia:
1825 1494 1853 1516 ut

1064 1538 1164 1558 uxores
1197 1532 1345 1559 secundum
1373 1540 1404 1559 ea
1435 1540 1496 1567 qua:
1519 1533 1643 1568 superius
1667 1535 1852 1564 distinximus.

1062 1576 1090 1603 Si
1104 1584 1157 1611 qua
1174 1584 1238 1612 ergo
1254 1577 1350 1604 harum
1376 1577 1475 1605 oﬂ‘erre
1497 1578 1598 1613 aliquid
1612 1584 1639 1606 et
1652 1587 1751 1607 vovere
1762 1580 1853 1615 cupiat

1061 1621 1126 1654 Deo,
1141 1622 1274 1656 siquidem
1293 1630 1494 1658 pra-properum
1517 1629 1545 1650 et
1560 1624 1650 1651 minus
1668 1630 1759 1660 aptum
1780 1626 1853 1660 quod

1060 1667 1135 1694 vovit
1162 1672 1215 1700 est,
1233 1667 1307 1695 illius
1334 1674 1388 1701 est,
1417 1673 1510 1700 utpote
1527 1670 1649 1698 custodis
1663 1676 1689 1698 et
1709 1671 1853 1699 monitoris

1059 1713 1159 1748 angeli,
1175 1714 1315 1741 retrudere
1335 1719 1362 1742 et
1384 1715 1533 1748 reprimere
1558 1716 1682 1743 voveiitis
1696 1715 1851 1744 audaciam.

1060 1759 1089 1787 Si
1110 1767 1174 1788 vero
1211 1760 1326 1788 audiens
1352 1768 1405 1788 non
1435 1760 1607 1795 represserit,
1632 1769 1684 1788 non
1704 1764 1851 1794 monuerit,

1059 1805 1149 1833 anima
1167 1805 1275 1840 quidem
1297 1806 1459 1834 liberabitur
1487 1814 1501 1833 a
1532 1806 1622 1840 culpa,
1642 1807 1698 1842 ipse
1712 1815 1780 1835 vero
1797 1809 1850 1836 voti

1059 1850 1181 1878 manebit
1207 1851 1351 1878 obnoxius.
1391 1851 1448 1878 lloe
1472 1851 1579 1886 quidem
1608 1860 1672 1887 erga
1702 1853 1850 1881 inferiores

1058 1903 1181 1931 quasque
1203 1897 1260 1924 lieri
1288 1897 1477 1932 accipiendum
1505 1902 1556 1929 est,
1571 1898 1779 1933 perfectioribus
1794 1900 1851 1933 ipse

1057 1941 1135 1968 adest
1155 1941 1238 1974 Deus,
1265 1942 1336 1969 sicut
1359 1942 1490 1976 Scriptum
1514 1943 1602 1970 estde
1629 1944 1726 1978 populo
1744 1945 1824 1971 Israel
1841 1954 1848 1972 :

1059 1995 1068 2012 i
1082 1987 1211 2014 Dominus
1237 1987 1293 2022 ipse
1312 1987 1428 2015 ducebat
1452 1995 1510 2015 eos.
1529 1997 1538 2014 ι
1558 1988 1654 2017 Postea
1676 1998 1741 2016 vero
1768 1998 1849 2025 quam

1057 2033 1229 2067 deliquerunt
1262 2038 1291 2061 et
1320 2034 1462 2061 inferiores
1490 2036 1646 2070 semetipsis
1680 2036 1745 2064 lacti
1770 2043 1845 2067 sunt,

1056 2079 1151 2114 angelo
1169 2079 1320 2107 traduntur.
1337 2080 1414 2108 Unde
1430 2085 1457 2107 et
1469 2081 1574 2115 Moyses
1589 2082 1697 2110 dicebat
1712 2084 1751 2111 “:
1765 2092 1774 2109 i
1792 2083 1848 2110 Nisi

1057 2130 1084 2151 tu
1098 2125 1156 2159 ipse
1170 2125 1280 2152 veneris
1306 2126 1461 2160 nobiscum,
1485 2136 1538 2155 non
1557 2136 1600 2155 me
1621 2129 1722 2156 educas
1746 2129 1819 2156 hinc.
1836 2139 1845 2154 ι

1055 2171 1108 2198 Sed
1126 2176 1153 2198 et
1170 2171 1202 2198 de
1214 2171 1289 2205 justo
1306 2173 1371 2200 dicit
1394 2173 1464 2200 Deus
1480 2174 1519 2201 “z
1535 2184 1543 2200 i
1559 2174 1626 2202 Cum
1650 2175 1709 2210 ipso
1744 2183 1804 2202 sum
1820 2176 1845 2202 in

1020 2227 1042 2254 D
1058 2217 1242 2249 tribulatione,
1263 2227 1272 2244 I
1290 2223 1317 2245 et
1338 2218 1402 2245 alibi
1426 2219 1491 2247 dicit
1504 2221 1546 2248 ‘1:
1571 2231 1580 2246 i
1604 2221 1660 2248 Non
1684 2222 1781 2250 timeas
1801 2223 1848 2250 dc-

1053 2264 1184 2292 scendere
1200 2264 1225 2291 in
1239 2264 1535 2300 (Egyptum,quoniam
1551 2272 1640 2296 tecum
1656 2276 1714 2296 ero.
1735 2278 1745 2295 ›
1762 2267 1847 2296 Justis

1052 2317 1117 2344 ergo
1139 2315 1166 2337 et
1195 2310 1290 2338 electis
1314 2308 1371 2345 ipse
1397 2312 1475 2340 adest
1497 2312 1626 2341 Dominus
1645 2323 1652 2342 :
1671 2313 1846 2341 inferioribus

1052 2363 1118 2383 vero
1135 2355 1234 2383 adsunt
1255 2356 1356 2391 angeli,
1376 2358 1524 2385 secundum
1540 2366 1571 2385 ea
1589 2359 1783 2394 quiesuperius
1803 2360 1845 2385 di-

1052 2401 1151 2433 ximus,
1179 2401 1361 2436 giibernantes
1384 2410 1432 2430 eos
1457 2407 1484 2431 et
1508 2408 1698 2437 procurantes,
1728 2408 1845 2435 votaque

1052 2445 1306 2480 eorumaliquaudo
1322 2446 1355 2473 ad
1379 2447 1542 2481 semetipsos
1568 2447 1775 2479 transferentes,
1795 2449 1845 2475 ali-

1050 2490 1160 2524 quando
1174 2498 1237 2518 vero
1249 2498 1330 2526 super
1341 2492 1413 2526 ipsos
1427 2492 1610 2527 relinquentes
1623 2492 1690 2528 (38).
1710 2493 1762 2520 Sed
1778 2501 1844 2521 con-

1052 2535 1162 2563 tendere
1174 2536 1304 2564 debemus
1317 2542 1532 2565 utoccnrramus
1545 2538 1571 2565 in
1585 2538 1673 2566 virum
1682 2539 1842 2573 perfectum,

1052 2583 1079 2609 In
1109 2590 1266 2610 mensuram
1283 2584 1372 2612 inlatis
1395 2583 1572 2619 plenitudinis
1589 2585 1712 2618 Christi;
1734 2590 1764 2613 ut
1781 2590 1840 2613 uta-

1095 2630 1116 2645 ¹³
1135 2629 1156 2657 ll
1176 2631 1239 2659 Cor.
1262 2638 1301 2664 xl,
1318 2631 1347 2663 2,
1398 2631 1421 2648 “
1440 2632 1541 2668 Eplies.
1564 2640 1600 2666 iv,
1625 2633 1669 2661 15.
1708 2633 1730 2649 ¹¹
1755 2633 1839 2661 Exod.

1086 2711 1142 2748 (57)
1157 2712 1247 2740 Codex
1274 2714 1303 2741 S.
1329 2714 1503 2748 Theudorici,
1534 2726 1543 2742 ‹
1572 2718 1621 2743 ειιΙ)
1646 2717 1694 2744 cis.
1723 2726 1733 2743 ι
1759 2715 1839 2745 Libb.

1050 2747 1135 2777 editi.‘
1143 2757 1152 2773 ι
1169 2749 1285 2777 superis.
1307 2759 1316 2775 ι

1084 2781 1340 2822 (58)“Gubernantn
1355 2791 1439 2822 coiret
1459 2791 1639 2819 procurantes,
1662 2792 1771 2822 votaque
1794 2796 1832 2816 eo-

1049 2825 1107 2844 rum
1124 2817 1268 2858 aliquando
1279 2820 1314 2846 ad
1320 2817 1472 2858 semetipsos
1483 2817 1682 2858 transferentes,
1693 2817 1835 2858 aliquando

1048 2859 1112 2891 vero
1132 2861 1212 2891 super
1238 2854 1310 2888 ipso:
1327 2855 1514 2891 relinquentes.
1543 2854 1604 2885 ilice
1626 2854 1741 2886 inlibris
1756 2863 1835 2886 antea

1048 2887 1127 2916 editis
1145 2888 1244 2918 omissa
1259 2887 1418 2926 supplentur
1430 2898 1462 2920 ex
1476 2892 1601 2921 omnibus
1620 2901 1683 2921 mss.

1334 3005 1338 3006 ν
1341 2991 1366 3008 ad
