4104 6226
448 333 556 386 763

1938 321 2092 378 OBIC
2103 322 2256 378 ENIS

3573 393 3576 398 ,
3603 329 3701 384 rut

448 469 578 510 mur
625 454 874 508 libertate
926 461 1196 516 votorum,
1239 461 1294 505 et
1351 452 1424 505 ita
1475 452 1754 506 adhaerere
1795 449 2025 504 Domino
2054 453 2099 505 Α
2130 445 2291 500 Mosei
2336 447 2508 514 libris,
2538 463 2672 518 qttos
2706 449 2991 519 recipiunt,
3029 456 3086 503 et
3121 462 3354 518 quorum
3403 449 3705 505 auctorita-

450 546 794 608 l‘estinemus,
821 555 879 598 ut
901 561 1022 599 cum
1048 546 1165 615 ipso
1193 560 1330 600 unus
1354 545 1574 614 spiritus
1599 545 1791 606 simus,
1823 550 1877 596 et
1911 541 2026 610 ipse

449 636 503 690 iu
540 636 694 689 nobis
717 645 950 698 maneat,
1002 645 1056 689 et
1087 651 1183 689 nos
1230 635 1280 688 in
1321 636 1437 704 ipso
1469 652 1483 700 ;
1533 644 1587 691 et
1621 635 1754 689 nihil
1785 635 1836 687 in
1869 633 2025 686 nobis

448 725 761 787 femineum.
789 727 923 780 nihil
943 727 1178 796 parvula:
1198 728 1370 781 :ctatis
1388 727 1671 791 habeatur,
1708 742 1776 781 ne
1806 739 2025 779 necesse

447 820 519 872 sit
549 819 704 874 nobis
723 820 824 874 sub
859 820 1130 874 tutoribus
1161 829 1216 872 et
1241 819 1691 888 procuratoribus
1715 816 2021 884 derelinqui

445 927 474 962 a
511 921 663 977 patre
695 929 708 966 :
741 912 834 965 sed
890 910 1210 965 festinemus
1260 911 1451 964 audire
1489 909 1634 964 illam
1660 925 1687 964 a
1714 910 1942 964 Domino
1971 917 2024 962 et

447 1001 734 1055 Salvatore
769 1009 952 1055 nostro
973 1015 1301 1068 vocem,qua
1332 1001 1426 1064 ait,
1453 1001 1495 1031 ¹⁸
1527 1019 1546 1052 ‹
1583 1001 1698 1070 ipse
1720 999 1881 1055 Pater
1902 1000 2022 1054 dili-

445 1094 519 1161 git
553 1109 666 1158 vos,
707 1112 725 1144 ι
781 1093 880 1160 ipsi
911 1091 1077 1160 gloria
1125 1092 1174 1145 in
1220 1093 1416 1146 saecula
1451 1093 1789 1148 saeculorum.
1822 1095 2019 1148 Amen.

986 1182 1261 1238 IIOMIIJA
1311 1185 1473 1240 XXV.

639 1277 712 1328 De
743 1276 943 1329 ultione
969 1292 1084 1343 qua:
1117 1277 1173 1329 in
1209 1275 1523 1329 Madianitis
1553 1276 1696 1345 facta
1725 1285 1822 1329 est.

519 1371 568 1421 l.
601 1369 654 1420 In
683 1369 1054 1436 superioribus
1102 1369 1354 1424 fornicati
1388 1380 1513 1423 sunt
1544 1370 1637 1424 filii
1692 1370 1857 1424 Israel
1893 1383 2016 1424 cum

436 1462 761 1515 mulieribus
815 1461 1262 1526 Madianitarnm,
1308 1474 1363 1517 et
1400 1465 1501 1517 hoc
1539 1462 1638 1516 fuit
1702 1461 2016 1517 scandalum

447 1553 571 1606 filiis
600 1552 762 1606 Israel
793 1552 843 1605 in
875 1570 981 1622 quo
1006 1553 1350 1608 olIenderunt
1399 1555 1560 1606 Deum
1595 1563 1646 1607 et
1675 1554 1743 1606 ad
1801 1553 2018 1608 iracun-

445 1645 588 1697 diam
640 1656 1070 1712 provocavcrnnt
1118 1656 1370 1699 sanctum
1419 1644 1604 1700 Israel.
1654 1644 1804 1698 Nunc
1835 1654 2012 1698 autem

443 1742 794 1799 posteaquam
827 1733 1046 1801 pertulit
1087 1733 1250 1788 Israel
1297 1749 1418 1803 qua:
1465 1734 1686 1801 pertulit
1715 1734 1844 1803 (δυ).
1883 1752 1900 1784 ‹
1938 1733 2016 1788 Io-

445 1834 602 1878 cutns
638 1835 740 1890 est,
787 1826 962 1892 inquit
994 1825 1056 1890 ",
1092 1825 1348 1880 Dominus
1397 1828 1461 1879 ad
1500 1825 1737 1896 Moysem
1777 1827 2012 1879 dicens:

451 1913 723 1969 Ulciscere
783 1915 1042 1968 ultionem
1083 1915 1312 1970 filiorum
1368 1917 1536 1971 Israel
1571 1919 1637 1970 de
1683 1917 2012 1978 Madianitis,

442 2011 497 2056 et
523 2003 588 2056 ad
613 2002 857 2056 ultimum
901 2005 1189 2072 apponeris
1235 2006 1301 2058 ad
1334 2006 1588 2075 populum
1630 2017 1803 2059 tuum.
1847 2023 1865 2056 ι
1906 2003 2014 2072 Igi-

449 2105 538 2148 tur
626 2095 876 2148 scandala
915 2109 1035 2162 qua:
1083 2095 1394 2150 acciderant
1437 2096 1714 2162 Israelitis,
1755 2098 2013 2166 quoniam

445 2187 893 2255 tergiversatione
919 2187 1335 2244 Madianitarum
1357 2192 1666 2245 acciderant
1697 2212 1708 2246 :
1735 2193 1836 2261 ipsi
1867 2194 2013 2247 enim

439 2281 878 2338 subornaventnt
949 2286 1202 2341 mulieres
1263 2303 1384 2356 quae
1433 2303 1525 2341 eos
1574 2291 1889 2357 deciperent
1956 2301 2014 2345 ut

442 2381 728 2435 peccarent
761 2388 943 2428 coram
997 2375 1258 2442 Domino;
1294 2377 1368 2430 illi
1422 2379 1636 2446 quidem
1663 2395 1761 2448 pro
1791 2391 2012 2449 peccato

441 2477 540 2515 suo
590 2465 931 2532 pertulerunt
977 2467 1295 2534 vindictam,
1350 2471 1678 2525 mediocrius
1735 2481 1914 2526 tamen
1959 2482 2014 2527 et

440 2555 691 2620 parcius;
747 2557 799 2611 bi
833 2572 979 2621 vero,
1030 2560 1120 2628 qui
1167 2560 1245 2614 eis
1275 2560 1497 2615 fuerunt
1532 2578 1694 2617 causa
1729 2564 2008 2632 peccandi,

440 2643 612 2699 multo
642 2645 1031 2702 vehementiori
1057 2647 1341 2717 snbjacent
1379 2651 1591 2705 ultioni.
1626 2651 1784 2707 Unde
1817 2653 2012 2706 edoce-

439 2749 580 2796 mur.
610 2738 738 2805 quia
797 2737 956 2808 longe
984 2740 1054 2795 sit
1094 2741 1316 2809 gravius
1354 2742 1475 2796 aliis
1507 2757 1728 2798 causam
1763 2747 2010 2813 prazbcre

439 2828 672 2895 peccati,
702 2843 863 2897 quam
889 2830 1062 2900 ipsum
1101 2847 1539 2903 unumquemque
1573 2849 1831 2902 peccare;
1865 2835 2009 2889 sicut

436 2929 493 2972 et
516 2919 775 2976 Dominus
825 2921 1075 2990 designat
1136 2936 1257 2976 cum
1309 2923 1442 2977 dicit
1472 2924 1538 2988 ”,
1597 2925 1720 2994 quia
1762 2944 1782 2976 ι
1819 2925 2008 2980 melius

439 3012 616 3066 fuerat
651 3011 856 3067 homini
893 3013 965 3066 illi
1000 3029 1105 3067 non
1153 3015 1324 3080 nasci,
1359 3025 1451 3069 aut
1485 3017 1680 3070 molam
1709 3018 2004 3072 asinariam

2131 550 2238 593 tem
2291 540 2551 606 fatentur,
2607 543 2966 596 convincendi
3007 551 3217 596 suntet
3261 543 3516 606 curandi,
3548 543 3591 597 si
3624 553 3705 596 ta-

2129 650 2248 688 men
2280 645 2494 703 Oportet
2527 634 2874 705 Babyloniam
2897 635 3103 690 curari.
3135 636 3228 690 Est
3252 650 3384 705 ergo
3435 634 3585 690 locus
3615 636 3703 690 hic

2129 726 2577 780 resurrectionem
2627 737 2967 780 mortuorum
3038 727 3325 780 evidenter
3385 728 3702 782 ostendens.

2129 818 2380 886 Designat
2399 819 2543 871 enim
2573 832 2699 872 esse
2727 817 3006 887 populum,
3035 819 3119 872 cui
3154 828 3276 887 post
3301 819 3510 873 obitum
3540 833 3700 871 suum

2126 903 2336 973 Moyses
2356 904 2726 974 adjungendus
2755 906 2849 971 sit,
2881 917 2935 960 et
2964 906 3031 960 ad
3055 923 3195 977 quos
3227 909 3458 977 proauis
3491 908 3699 962 meritis

2127 997 2554 1054 transferendus.

2190 1092 2248 1144 2.
2289 1109 2307 1143 ο
2335 1090 2465 1145 Post
2490 1091 2604 1146 haec
2638 1091 2853 1146 locutus
2886 1101 2971 1147 est
3002 1091 3218 1160 Moyses
3250 1095 3318 1147 ad
3345 1097 3594 1165 populum
3619 1098 3700 1153 di-

2123 1195 2252 1234 cens
2275 1195 2290 1234 :
2314 1181 2538 1236 Armate
2553 1199 2618 1236 ex
2643 1183 2796 1236 vobis
2817 1181 2986 1245 viros,
3011 1184 3400 1254 et'belligerate
3417 1187 3699 1242 adversum

2123 1272 2355 1339 Madian,
2373 1275 2597 1330 reddere
2609 1275 2904 1329 vindictam
2924 1276 2976 1329 in
2992 1275 3202 1330 Madian
3222 1293 3249 1330 a
3273 1277 3533 1332 Domino:
3557 1280 3699 1333 mille

2120 1381 2188 1422 ex
2220 1367 2382 1432 tribu,
2412 1375 2468 1419 et
2495 1365 2640 1421 mille
2665 1382 2731 1421 ex
2767 1367 2932 1432 tribu,
2960 1382 3027 1421 ex
3056 1367 3302 1423 omnibus
3335 1369 3587 1424 tribubus
3620 1371 3696 1424 Is-

2121 1459 2229 1513 rael
2247 1457 2444 1513 mittite
2462 1458 2524 1512 ad
2547 1458 2975 1528 belligerandum
3007 1459 3075 1512 π.
3113 1479 3133 1512 ο
3157 1460 3424 1514 Attendite
3440 1461 3687 1520 lectioni.

2118 1552 2235 1608 Non
2272 1552 2444 1608 solum
2473 1553 2617 1606 enim
2656 1551 2723 1606 ad
2748 1553 2989 1607 auditum
3007 1567 3334 1616 sermonum,
3365 1555 3458 1609 sed
3487 1554 3554 1608 ad
3589 1570 3688 1608 re-

2119 1660 2236 1697 rum
2257 1642 2750 1698 considerationem
2766 1642 3124 1697 intendendus
3143 1650 3222 1698 est
3238 1641 3464 1697 animus.
3483 1644 3686 1698 Recor-

2122 1736 2250 1790 dare
2273 1735 2437 1806 366
2461 1735 2753 1804 praeterita,
2775 1736 2900 1789 audi
2917 1734 3229 1804 praesentia,
3253 1748 3375 1803 quae
3393 1743 3682 1802 sequuntur

2121 1830 2364 1884 adverte.
2397 1827 2600 1882 Confer
2623 1828 2800 1898 priora
2841 1828 3256 1898 posterioribus,
3294 1837 3350 1880 et
3389 1825 3683 1879 divinarum

2117 1919 2376 1973 virtutum
2409 1917 2868 1987 magnificentiam
2921 1918 3314 1986 contemplare.
3365 1915 3485 1970 Filii
3529 1913 3690 1969 Israel

2117 2010 2316 2064 dudum
2375 2018 2630 2064 sexcenta
2680 2009 2845 2064 millia
2906 2007 3122 2062 fuerant
3182 2018 3561 2070 armatorum,
3598 2007 3691 2076 qui

2117 2108 2492 2170 processerant
2541 2101 2828 2153 adversum
2878 2098 3116 2161 Madian.
3157 2109 3214 2152 et
3263 2098 3316 2151 hi
3349 2112 3540 2152 omnes
3565 2095 3691 2150 victi

2115 2203 2261 2255 sunt.
2296 2191 2554 2262 quoniam
2589 2201 2870 2260 peccatum
2903 2203 3022 2246 erat
3067 2193 3120 2245 in
3169 2191 3325 2259 ipsis.
3369 2188 3523 2243 Nunc
3562 2204 3692 2244 vero

2116 2285 2350 2340 victores
2377 2286 2704 2348 Madianitaz,
2733 2285 2824 2355 qui
2857 2295 3113 2339 sexcenta
3152 2283 3320 2337 millia
3346 2282 3686 2352 fugaverant,

2115 2378 2404 2430 vincuntur
2435 2392 2461 2429 a
2497 2376 2785 2430 duodecim
2836 2375 3093 2440 millibus,
3134 2384 3191 2428 ut
3226 2375 3370 2429 scias
3414 2375 3545 2443 quia
3579 2389 3684 2428 non

2115 2467 2166 2520 in
2193 2465 2552 2529 multitudine,
2577 2480 2674 2518 nec
2710 2464 2761 2518 in
2780 2479 3004 2517 numero
3033 2463 3263 2516 militum
3293 2461 3463 2515 vincit
3491 2459 3685 2521 Israel,

2113 2557 2205 2612 sed
2235 2556 2444 2623 justitia
2470 2566 2523 2610 et
2546 2557 2717 2624 pietas
2745 2563 2825 2608 est
2858 2554 2909 2607 in
2941 2554 3021 2608 eis
3051 2569 3168 2618 qum
3191 2552 3374 2606 vincit.
3397 2551 3682 2620 Propterea

2111 2649 2344 2719 denique
2375 2659 2427 2704 et
2476 2649 2526 2702 in
2564 2647 3035 2703 benedictionibus
3066 2661 3254 2700 eorum
3309 2644 3506 2698 dicitur
3553 2641 3680 2712 quia

2109 2741 2153 2795 si
2189 2741 2525 2796 servaverint
2560 2740 2732 2810 legem
2785 2739 3021 2806 Domini,
3067 2755 3207 2794 unus
3232 2753 3299 2793 ex
3341 2737 3471 2806 ipsis
3495 2749 3684 2806 perse-

2108 2841 2308 2902 quatur
2337 2833 2504 2898 mille,
2531 2843 2583 2887 et
2615 2834 2719 2888 duo
2757 2843 2971 2888 vertant
3002 2835 3191 2887 decem
3223 2830 3392 2886 millia
3419 2831 3486 2884 ²³.
3520 2827 3684 2883 Vides

2108 2941 2239 2994 ergo
2286 2926 2412 2995 quia
2467 2926 2639 2980 multo
2677 2927 2797 2995 plus
2836 2926 2981 2981 valet
3015 2942 3154 2980 unus
3202 2934 3422 2978 sanctus
3451 2920 3683 2986 orando.

2107 3034 2268 3089 quam
2305 3028 2619 3089 peccatores
2651 3020 2917 3075 innumeri
2956 3019 3269 3089 praaliando.
3298 3015 3486 3072 Oratio
3508 3013 3680 3068 sancti

435 3102 647 3173 alligari
702 3106 846 3163 circa
911 3108 1107 3163 collum
1136 3109 1272 3178 ejus,
1314 3117 1366 3162 et
1423 3109 1746 3178 praecipitari
1787 3111 1838 3164 in
1879 3126 2005 3180 pro-
2033 3125 2082 3183 ε,
2112 3119 2359 3179 penetrat
2417 3111 2634 3164 ccelum.
2673 3111 2952 3178 Quomodo
2993 3125 3098 3164 non
3151 3118 3204 3163 et
3245 3107 3457 3162 hostem
3493 3105 3681 3158 vincat

436 3195 663 3250 fundum
692 3199 876 3265 maris,
940 3215 1104 3269 quam
1147 3207 1205 3254 ut
1254 3199 1586 3255 scandalizet
1618 3216 1784 3256 unum
1822 3203 1886 3256 de
1915 3218 2006 3271 pu-

433 3287 566 3342 sillis
599 3289 735 3345 istis.
772 3309 790 3343 ι
833 3291 1112 3362 Simulque
1161 3293 1547 3348 advertendum
1602 3305 1706 3358 est,
1751 3296 2007 3364 quoniam

432 3383 646 3448 quidem
681 3399 872 3438 nomen
917 3385 1156 3439 scandali
1192 3401 1222 3439 a
1263 3386 1533 3440 nonnullis
1570 3387 2005 3456 incompetenlcr

431 3477 804 3541 praesumitur.
869 3477 998 3532 Illud
1053 3479 1218 3549 igitur
1268 3479 1585 3534 scandalum
1632 3481 1857 3542 dicitur,
1913 3481 2000 3536 ubi

431 3575 583 3620 recto
642 3568 837 3623 itinere
887 3571 1183 3626 ambulanti
1228 3574 1473 3644 deceptio
1499 3576 1680 3645 aliqua
1723 3576 2006 3629 instruitur

430 3657 498 3709 ad
547 3661 901 3725 peccandum,
953 3672 1008 3716 et
1056 3663 1340 3732 subjicitur
1371 3681 1534 3721 causa
1581 3667 1822 3737 peccati;
1862 3667 2003 3720 sicut

428 3759 480 3800 et
519 3748 838 3819 Madianitze,
879 3755 1281 3812 ambulantibus
1321 3758 1373 3812 in
1400 3759 1517 3830 lege
1550 3759 1761 3814 Domini
1790 3760 2003 3816 Israeli-

428 3843 521 3905 tis,
573 3855 627 3897 ct
677 3847 1105 3902 custodientibus
1168 3853 1516 3917 castitatem,
1570 3854 2004 3910 subornaverunt

429 3934 711 4001 mulieres,
745 3954 869 4006 qua:
908 3955 1002 3994 eos
1029 3941 1343 4010 deciperent
1377 3943 1443 3996 ad
1470 3945 1828 4013 peccandum.
1858 3947 2001 4001 Cau-

427 4041 546 4081 sam
582 4043 711 4098 ergo
769 4031 1006 4099 praebere
1062 4034 1292 4102 peccati,
1333 4034 1433 4089 hoc
1486 4044 1569 4089 est
1601 4037 1997 4094 seandalizarc.

433 4119 819 4175 Verumtamen
873 4123 1032 4177 datur
1065 4125 1326 4192 vindicta,
1355 4126 1450 4180 scd
1496 4127 1666 4182 multo
1698 4131 1917 4198 gravior
1947 4132 1999 4184 in

426 4227 522 4264 eos
549 4213 638 4279 qui
708 4213 1233 4279 scandalizaverunt,
1291 4225 1345 4271 et
1383 4218 1475 4286 qui
1521 4232 1740 4274 causam
1791 4225 1999 4292 peccati

427 4303 795 4370 prwbuerunt,
837 4320 996 4375 quam
1052 4307 1104 4360 in
1147 4322 1241 4363 eos
1274 4310 1366 4378 qui
1403 4322 1782 4379 peccaverunt.
1829 4312 2000 4369 Simul

429 4402 612 4447 autem
649 4405 704 4449 et
757 4395 885 4450 illud
944 4398 1200 4463 observa,
1247 4403 1390 4471 quod
1434 4403 1501 4458 iis
1529 4403 1795 4474 subjecit:
1836 4425 1854 4458 ‹
1893 4406 1998 4462 Νο-

430 4485 650 4540 vissitne
667 4499 869 4552 autem,
898 4490 1072 4560 inquit
1101 4493 1166 4559 “,
1195 4504 1249 4548 et
1271 4504 1324 4548 tu
1339 4496 1623 4565 apponeris
1649 4497 1714 4550 ad
1747 4499 1996 4567 populum

429 4585 600 4630 tuum.
643 4598 662 4632 ›
700 4581 755 4634 Si
787 4583 1004 4650 quando
1035 4584 1190 4640 nobis
1215 4600 1336 4640 cum
1377 4587 1666 4643 Samarilis
1689 4605 1866 4644 sermo
1893 4602 1995 4656 est,

427 4673 680 4738 quoniam
708 4675 924 4742 quidem
958 4679 1407 4734 resurrectionem
1426 4690 1756 4752 mortuorum
1783 4692 1994 4753 negant,

431 4781 528 4817 nec
553 4767 819 4837 recipiunt
841 4767 1006 4823 futuri
1037 4771 1221 4825 saeculi
1260 4771 1444 4840 fidem,
1482 4787 1869 4843 perurgeamus
1903 4791 1996 4830 eos

425 4871 493 4909 ex
544 4857 610 4910 iis
661 4860 861 4921 verbls,
918 4861 1116 4928 quibus
1161 4861 1419 4918 Dominus
1456 4863 1586 4918 dicit
1619 4865 1685 4917 ad
1730 4864 1993 4935 Moysem,

426 4947 547 5013 quia
585 4961 888 5017 apponatur
921 4954 985 5006 ad
1013 4955 1261 5022 populum
1296 4971 1474 5009 suum.
1524 4954 1690 5011 Nemo
1727 4959 1869 5012 enim
1901 4974 1994 5027 ap-

424 5037 642 5103 ponitur
693 5040 760 5094 ad
809 5055 922 5105 eos,
977 5044 1068 5111 qui
1103 5059 1207 5096 non
1255 5054 1400 5099 sunt.
1431 5043 1582 5101 Unde
1615 5058 1831 5102 constat
1877 5061 1994 5104 esse

425 5129 658 5197 aliquem
693 5134 977 5202 populum,
1012 5137 1096 5190 cui
1124 5135 1336 5208 Moyses
1388 5150 1510 5210 post
1540 5140 1664 5196 vitae
1692 5141 1850 5212 hujus
1871 5143 1993 5197 exi-

427 5228 539 5275 tum
576 5221 771 5278 dicitur
793 5227 1167 5295 applicandus.
1215 5230 1350 5297 Quia
1397 5247 1528 5302 ergo
1582 5233 1858 5303 prophetis
1884 5249 1986 5288 non

422 5312 653 5366 credunt
692 5313 1001 5382 Samaritae,
1027 5333 1091 5372 ex
1126 5323 1323 5387 quibus
1355 5331 1537 5390 posset
1575 5325 1991 5379 resurrectionis

424 5412 758 5460 mortuorum
821 5407 986 5463 latius
1033 5411 1166 5467 fides
1223 5414 1542 5484 approbari,
1593 5429 1658 5469 ex
1697 5417 1762 5469 iis
1795 5415 1986 5470 saltem

492 5581 534 5611 ⁸⁸
558 5579 714 5633 Joan.
741 5594 849 5642 xvt,
873 5580 962 5632 27.
1040 5579 1080 5610 ’θ
1111 5577 1277 5633 Num.
1309 5593 1451 5640 XXXI,
1492 5577 1536 5638 I,
1565 5578 1616 5631 2.

415 5648 464 5685 ⁸³
490 5649 665 5706 Levit.
707 5665 848 5703 xxvi.

1696 5577 1740 5608 ²⁰
1772 5576 1933 5629 Marc.
1966 5592 2072 5640 xlv,
2097 5577 2185 5642 2i,
2219 5587 2272 5632 et
2307 5579 2433 5633 Luc.
2468 5595 2597 5645 xvn,
2634 5581 2677 5634 I.

926 5649 970 5680 "
997 5650 1193 5719 Ephes.
1228 5667 1300 5716 vt,
1334 5651 1418 5710 Η,
1452 5648 1537 5712 l6,
1571 5650 1662 5718 17ι
1732 5648 1776 5678 ’⁵
1805 5647 1947 5701 Psal.
1982 5663 2102 5713 xxv,
2137 5650 2188 5702 5.

2109 3200 2162 3254 in
2200 3200 2405 3254 terris?
2443 3200 2506 3254 Et
2538 3201 2658 3254 ideo
2696 3201 3004 3255 omnimode
3038 3197 3362 3255 studendum
3404 3204 3488 3252 est
3536 3209 3682 3264 que-

2109 3307 2230 3348 rere
2284 3293 2460 3360 primo
2509 3301 2568 3347 et
2607 3293 2880 3347 custodire
2927 3292 3193 3360 justitiam
3255 3291 3373 3345 Dei.
3433 3289 3604 3356 Quam
3635 3286 3683 3340 si

2105 3383 2407 3439 obtinncris
2457 3391 2512 3438 et
2582 3384 2911 3450 servaveris,
2963 3399 3151 3439 onmes
3204 3383 3299 3437 tibi
3348 3383 3533 3436 hostes
3563 3377 3678 3446 ipsa

2107 3475 2358 3543 subjiciet
2391 3491 2404 3528 :
2435 3477 2479 3531 si
2525 3475 2696 3531 fueris
2748 3475 2990 3542 indutus,
3027 3476 3169 3531 sicut
3197 3474 3490 3545 Apostolus
3521 3471 3676 3532 dicit,

2107 3567 2331 3622 loricam
2359 3568 2604 3638 justitize,
2645 3580 2698 3625 et
2725 3569 3006 3627 accinctus
3036 3570 3345 3632 veritatem,
3377 3566 3422 3620 si
3463 3563 3676 3634 galeam

2107 3659 2296 3715 salutis
2316 3665 2612 3730 acceperis,
2638 3673 2691 3717 et
2722 3663 2957 3734 gladium
2981 3663 3227 3734 spiritus,
3258 3668 3312 3715 et
3345 3667 3472 3713 ante
3497 3655 3680 3711 omnia

2105 3768 2315 3809 scutum
2379 3755 2523 3822 fidei,
2570 3757 2759 3828 inquo
2792 3759 2968 3829 possis
3014 3755 3194 3812 omnia
3229 3751 3410 3822 iacula
3458 3747 3676 3816 maligni

2106 3846 2270 3918 ignita
2301 3849 2644 3920 exstinguere
2671 3851 2736 3906 “.
2766 3851 2988 3906 Talibus
3007 3849 3150 3905 enim
3185 3847 3486 3902 instructus
3509 3839 3678 3896 armis

2106 3941 2352 3996 universa
2386 3942 2652 3998 diabolica
2699 3954 2898 4009 castra,
2948 3955 3274 4009 omnemque
3307 3936 3427 4006 ejus
3459 3935 3673 4006 fogabis

2105 4035 2427 4100 exercitum,
2474 4044 2524 4090 et
2576 4051 2697 4089 cum
2753 4034 2952 4090 fiducia
2993 4032 3240 4089 cantabis
3271 4031 3316 4062 "
3349 4050 3362 4086 :
3399 4045 3422 4083 ι
3457 4027 3513 4083 Si
3546 4041 3672 4081 cor:-

2104 4128 2303 4181 sistant
2330 4126 2616 4182 adversum
2645 4141 2728 4180 me
2755 4137 2961 4190 castra,
2986 4141 3090 4179 non
3107 4123 3317 4178 timebit
3341 4137 3436 4177 eor
3459 4132 3676 4181 meum;

2104 4221 2148 4274 si
2195 4223 2438 4289 insurgat
2468 4221 2520 4273 in
2547 4235 2631 4274 me
2666 4218 2928 4289 pra‘Iium,
2965 4219 3018 4274 in
3075 4220 3180 4273 hoc
3220 4232 3326 4287 ego
3356 4215 3605 4287 sperabo.
3648 4235 3668 4269 ι

2106 4313 2540 4384 Congrediuntur
2567 4327 2696 4384 ergo
2732 4313 3012 4368 duodecim
3053 4312 3216 4367 millia
3245 4312 3532 4366 adversum
3555 4307 3658 4364 Ma-

2107 4407 2364 4471 dianitas,
2402 4425 2420 4458 ι
2458 4415 2510 4460 et
2539 4406 2896 4473 interficiunt,
2955 4405 3130 4470 inquit
3180 4402 3247 4469 ",
3277 4418 3437 4458 omne
3461 4417 3676 4456 mascu-

2105 4501 2269 4553 linum
2321 4515 2506 4554 eorum
2567 4508 2622 4554 et
2675 4516 2828 4571 rcges
2875 4513 3090 4563 eorum,
3140 4507 3195 4552 et
3249 4491 3467 4549 Balaam
3503 4493 3672 4547 lilium

2102 4590 2239 4645 Beor
2302 4592 2695 4645 interfecerunt
2743 4589 2921 4661 gladio
2964 4603 3087 4643 cum
3121 4587 3348 4654 reliquis
3372 4587 3671 4641 vulneratis

2099 4696 2310 4735 eorum.
2347 4699 2365 4733 ι
2402 4681 2553 4748 Quod
2603 4681 2653 4734 in
2690 4679 3060 4750 superioribus
3101 4679 3502 4746 quaerebamus,
3532 4692 3669 4746 quo-

2101 4771 2259 4825 modo
2291 4771 2355 4824 de
2383 4771 2684 4841 Scriptnris
2718 4769 2937 4839 probari
2984 4767 3158 4836 possit
3192 4765 3412 4820 Balaam
3443 4765 3672 4820 consilio

2101 4864 2420 4919 subornatas
2453 4877 2572 4916 esse
2599 4863 2852 4916 mulieres
2895 4858 3334 4923 Madianitarum,
3371 4873 3491 4927 qua:
3527 4859 3672 4912 deci-

2102 4965 2292 5025 perent
2351 4951 2489 5007 filios
2532 4952 2694 5007 Israel
2741 4953 2808 5006 ad
2859 4951 3259 5017 fornicandum,
3299 4965 3538 5020 prazsens
3585 4951 3673 5004 hic

2103 5047 2399 5117 Scriptura:
2427 5048 2573 5101 locus
2599 5045 2879 5100 evidenter
2909 5035 3168 5111 ostendit,
3189 5045 3374 5099 dicens
3401 5059 3522 5098 eum
3548 5056 3671 5113 per-

2101 5149 2341 5210 emptum
2402 5151 2523 5192 esse
2589 5137 2804 5206 gladio,
2869 5137 3017 5191 velut
3066 5145 3339 5190 auctorem
3399 5135 3667 5201 scandali,

2101 5233 2240 5301 quod
2267 5231 2565 5285 immissum
2601 5238 2684 5284 est
2752 5229 2880 5284 filiis
2935 5228 3120 5283 Israel.
3158 5227 3366 5283 Dicitur
3393 5238 3574 5285 autem
3603 5228 3670 5282 de

2099 5339 2183 5386 eo,
2219 5333 2273 5376 et
2301 5322 2352 5375 in
2377 5321 2729 5390 sequentibus
2745 5320 2920 5374 adhuc
2943 5320 3245 5376 evidentius
3273 5321 3374 5375 hoc
3397 5323 3556 5377 modo
3584 5321 3666 5378 "z

2104 5432 2123 5465 ‹
2160 5414 2224 5468 Et
2258 5414 2335 5467 ait
2363 5415 2428 5467 ad
2451 5428 2544 5468 eos
2566 5412 2778 5485 Moyses
2807 5430 2821 5469 :
2850 5416 2962 5471 Cur
2991 5417 3168 5471 vivam
3199 5417 3524 5471 reservastis
3547 5430 3672 5469 om—

2756 5581 3154 5656 "ANumLxxxt,
3187 5588 3239 5641 2.
3318 5589 3360 5618 ¹²
3387 5585 3517 5642 ibid.
3541 5590 3595 5656 ὅ,
3631 5593 3684 5646 4,

2266 5650 2311 5681 ³⁸
2341 5649 2501 5703 Num.
2539 5667 2682 5716 xxxi,
2719 5654 2769 5716 7,
2802 5654 2855 5708 8.
2932 5654 2974 5684 ⁸⁷
3002 5649 3161 5713 Num.
3186 5674 3327 5723 xxxi,
3365 5658 3448 5721 I5,
3487 5660 3571 5718 16.

489 5741 599 5811 (59)
628 5739 755 5805 Qum
790 5741 1018 5808 pertulit.
1056 5742 1232 5797 (Index
1269 5742 1438 5796 sancti
1469 5739 1812 5803 Theudorici,
1849 5759 1864 5788 ‹
1899 5755 2018 5807 quae
2051 5756 2149 5809 pro
2173 5741 2312 5796 facto
2344 5757 2442 5796 suo
2477 5744 2674 5798 meruit
2708 5746 2932 5809 perpeti.
2971 5767 2987 5797 ›
