4104 6226
434 373 540 428 765

1593 366 1658 421 IN
1697 356 2039 422 NUMEROS
2059 361 2347 418 HOMILIA
2376 359 2543 417 XXV.

3586 358 3702 413 766

433 506 560 548 nem
600 489 896 545 feminam?
946 488 1079 559 Ipsae
1134 488 1279 542 enim
1320 497 1470 552 sunt,
1514 502 1636 558 qua:
1678 464 1816 542 alios
1859 485 2022 541 Israel
2052 489 2098 545 Α
2127 498 2257 555 ergo
2282 484 2408 552 quia
2470 492 2579 536 tam
2612 478 3059 543 lsraeliticorum,
3096 493 3254 547 quam
3302 478 3467 532 etiam
3499 476 3701 532 barha-

436 581 742 638 secundum
785 583 1013 636 verbum
1072 579 1291 633 Balaam
1346 587 1623 648 apostatas
1676 578 1945 634 fecerunt.
1986 595 2006 629 ι

437 672 849 727 lnterliciuntur
902 682 1084 727 autem
1109 679 1163 726 et
1196 685 1355 739 reges
1383 669 1829 732 Madianitarum,
1854 676 2019 737 atque

437 765 521 818 ilti
542 765 632 832 qui
656 764 850 834 priusa
877 763 1201 819 nmlierihus
1213 763 1342 817 victi
1368 772 1517 828 sunt,
1537 778 1682 818 nunc
1710 762 2019 832 expiatione

442 853 651 917 habita,
674 862 729 906 et
768 862 918 923 gesta
942 852 1285 924 paenitentia.
1306 851 1471 908 etiam
1494 866 1647 921 reges
1664 853 1909 909 vincunt.
1941 851 2017 906 Ex

437 940 540 996 hoc
557 942 942 1014 intelligamus,
960 953 1228 1014 quantum
1249 945 1423 999 valeat
1440 943 1725 999 conversio
1738 946 1811 997 ad
1826 943 2017 1010 Deum,

437 1042 709 1101 quantum
743 1035 915 1105 prosit
944 1034 1259 1091 emendatio
1283 1045 1650 1105 peccatorum.
1677 1034 1855 1091 Omne
1874 1051 2019 1091 mas'

440 1124 707 1191 culinam,
734 1140 925 1181 omnes
975 1140 1129 1196 reges
1166 1125 1583 1181 Madianitarum
1622 1127 1915 1181 vincuntur
1962 1136 2021 1181 et

446 1221 786 1279 perimuntur
806 1219 874 1272 ab
915 1217 985 1272 iis
1043 1218 1134 1287 qui
1201 1233 1298 1288 per
1343 1219 1747 1288 correptionem
1786 1220 2017 1288 Domini,

446 1315 502 1360 et
564 1321 663 1375 per
716 1318 994 1378 gestorum
1056 1309 1430 1379 pmnitentiam
1486 1310 1720 1379 correpti
1781 1323 1909 1366 sunt
1967 1322 2021 1367 et

443 1398 734 1452 emendati.
772 1398 1026 1469 Quinque
1086 1413 1217 1468 ergo
1246 1414 1405 1469 reges
1462 1401 1893 1455 Madianitarum
1936 1417 2019 1456 re-

443 1488 695 1543 feruntur
724 1490 791 1545 ab
816 1491 1126 1545 lsraeliticis
1160 1492 1421 1547 militibus
1444 1494 1711 1560 superari.

506 1611 561 1666 5.
603 1614 709 1668 Sed
768 1624 825 1669 et
883 1631 1103 1670 nomina
1152 1632 1341 1671 eorum
1400 1632 1543 1672 ctu-te
1580 1618 1680 1672 l‘uit
1721 1617 2015 1688 Scriptura:

433 1701 631 1758 divina:
662 1718 969 1758 memorare
994 1707 1129 1777 (40).
1162 1726 1179 1758 ι
1224 1708 1374 1768 Eviu.
1412 1709 1588 1778 inquit
1624 1710 1693 1775 ³⁸,
1717 1720 1771 1764 et
1802 1710 2008 1778 Rocon,

431 1803 487 1847 et
520 1794 649 1859 Sur,
675 1804 729 1847 et
758 1793 855 1859 Ur,
893 1807 947 1851 et
1002 1796 1210 1853 Roboc.
1250 1817 1268 1850 ι
1315 1798 1403 1853 Isti
1462 1810 1588 1854 sunt
1636 1803 1729 1871 qui
1783 1816 2011 1876 regnant

432 1887 578 1954 apud
614 1885 956 1953 Madianitas,
989 1906 1126 1959 quos
1180 1906 1443 1961 superare
1473 1902 1526 1947 et
1565 1896 1781 1961 penitus
1811 1899 2009 1954 debent

430 1975 779 2044 exstinguere
808 1992 998 2031 omnes
1023 1980 1113 2047 qui
1149 1979 1384 2033 militant
1414 1980 1544 2035 Deo.
1582 1982 1717 2035 Evin
1777 1999 2009 2054 namque

430 2066 692 2123 belluiuus
722 2070 800 2123 vel
859 2072 1063 2140 ferinus
1118 2074 1512 2143 interpretatur
1563 2076 1699 2149 (41).
1738 2078 1807 2133 Ει
1871 2095 2008 2149 quo-

430 2159 588 2212 modo
620 2162 824 2228 poteris
844 2162 1059 2232 placere
1082 2164 1131 2217 ei
1166 2165 1256 2234 qui
1289 2176 1341 2220 te
1376 2168 1651 2237 probavit,
1672 2170 1843 2224 sinon
1880 2175 2008 2226 abs-

433 2249 634 2306 rideris
664 2268 693 2305 a
721 2263 771 2307 te
808 2263 860 2306 et
894 2256 1111 2324 penitus
1148 2259 1449 2327 peremeris
1480 2258 1751 2316 helluinos
1778 2270 1832 2316 et
1860 2260 2005 2319 feros

427 2344 649 2398 mores?
674 2345 955 2411 Quomodo
980 2348 1183 2416 poteris
1216 2350 1280 2403 ad
1316 2362 1725 2407 mansuetorum
1769 2352 2007 2408 beatitu-

422 2438 604 2495 dinem
637 2446 939 2512 pervenire,
959 2446 1057 2500 nisi
1090 2447 1561 2517 priusinterﬁcias
1585 2450 1746 2518 Evin,
1770 2462 1824 2507 et
1843 2454 2005 2509 morti

424 2529 608 2585 tradas
639 2533 790 2600 prius
845 2533 1145 2591 iracundia:
1196 2537 1507 2594 feritatem?
1546 2541 1658 2610 Ego
1685 2551 1819 2613 puto
1860 2542 2003 2611 quod

421 2624 641 2677 nomina
674 2626 787 2679 haec
824 2625 1105 2697 Scriptura
1139 2629 1324 2685 divina
1356 2647 1460 2687 non
1494 2649 1593 2702 pro
1626 2634 1851 2688 historia
1878 2650 2000 2687 nar-

425 2719 629 2770 raverit
658 2714 791 2787 (44),
814 2721 908 2773 sed
934 2734 1033 2789 pro
1059 2720 1240 2776 causis
1268 2730 1320 2776 et
1349 2722 1513 2778 rebus
1542 2729 1834 2794 aptaverit.
1865 2725 2001 2780 Nam

424 2822 583 2884 putas
609 2814 774 2870 fuerit
805 2818 1003 2887 aliquis
1034 2820 1106 2871 ita
1132 2818 1353 2886 stultus,
1385 2824 1474 2891 qui
1512 2822 1625 2877 lilio
1665 2840 1764 2880 suo
1804 2840 2001 2881 nomen

419 2902 699 2961 Belluinus
736 2909 1040 2979 imponeret
1058 2910 1080 2964 i
1098 2910 1205 2966 Sed
1230 2914 1332 2966 hoc
1357 2914 1599 2969 arbitror
1626 2917 1824 2987 magis,
1856 2917 2000 2986 quod

425 2998 769 3055 instructioni
799 3002 1105 3057 animarum
1159 3008 1502 3075 prospexerit
1532 3024 1715 3064 sermo
1758 3010 1999 3080 divinus,

421 3090 610 3148 volens
634 3095 789 3151 nobis
827 3098 1118 3151 ostendere
1170 3099 1315 3166 quod
1351 3099 1643 3154 adversum
1694 3099 1999 3169 hujusmodi

418 3185 551 3239 vitia
592 3185 825 3240 militare
852 3187 1171 3255 debeamus,

423 3286 620 3333 nostrae
644 3278 943 3348 depellere,
978 3281 1110 3337 istos
1143 3298 1298 3353 rcges
1345 3282 1539 3353 fugare
1582 3285 1647 3340 de
1680 3300 1847 3357 regno
1876 3301 2001 3342 cor-

423 3377 568 3444 poris
616 3379 829 3434 nostri:
871 3382 1016 3450 quod
1060 3382 1353 3452 Apostolus
1394 3384 1699 3441 evidentius
1728 3387 1997 3458 designat,

422 3468 611 3525 dicens
643 3471 687 3502 ”
717 3487 733 3524 :
765 3490 797 3525 ι,
818 3471 933 3527 Non
987 3487 1117 3542 ergo
1168 3486 1355 3544 regnet
1391 3487 1671 3544 peccatum
1731 3476 1785 3531 in
1819 3490 2002 3533 vestro

424 3562 642 3617 mortali
698 3579 949 3634 corpore.
989 3582 1009 3616 ι
1049 3563 1139 3620 Vis
1171 3576 1351 3619 autem
1389 3567 1571 3621 videre
1600 3569 1855 3637 quoniam
1893 3586 2000 3623 non

420 3654 600 3708 solum
642 3658 783 3724 apud
841 3665 1062 3710 sanctos
1114 3656 1333 3710 nomina
1375 3673 1471 3724 pro
1511 3659 1675 3713 rebus
1720 3670 1999 3728 aptantur,

420 3746 517 3800 sed
547 3746 710 3801 etiam
752 3746 895 3816 apud
955 3747 1186 3815 gentiles
1207 3758 1263 3801 et
1315 3747 1618 3802 barbaros?
1670 3749 1745 3805 De
1796 3754 2001 3807 sanctis

418 3835 638 3905 quidem
668 3847 851 3891 notum
900 3847 986 3891 est
1041 3853 1142 3892 cur
1172 3838 1377 3892 Abram
1412 3840 1687 3893 Abraham
1732 3842 2001 3898 vocitatus

416 3927 510 3992 sit,
546 3936 599 3981 et
633 3925 787 3980 Sarai
813 3927 1045 3992 Sara,et
1069 3927 1238 3982 Jacob
1270 3928 1460 3983 Israel.
1497 3930 1801 3985 Doceamus
1815 3942 1997 3986 autem

415 4016 558 4085 quod
625 4032 751 4071 mos.
813 4016 914 4071 iste
970 4016 1237 4071 habeatur
1297 4018 1466 4072 etiam
1521 4020 1661 4088 apud
1706 4020 1997 4076 barbaros.

418 4109 609 4166 Nonne
640 4126 779 4164 unus
804 4125 870 4164 ex
902 4109 1029 4164 ﬁliis
1056 4108 1222 4165 Israel
1252 4127 1283 4163 a
1306 4112 1624 4180 parentibus
1647 4113 1762 4167 suis
1796 4112 1996 4183 Joseph

415 4216 614 4255 nomen
656 4201 980 4269 acceperat?
1029 4200 1165 4255 Cum
1234 4210 1421 4255 autem
1477 4203 1695 4257 transiit
1730 4203 1784 4256 in
1832 4204 1999 4275 Egy-

415 4298 564 4356 ptum
618 4298 676 4343 et
730 4289 883 4343 stetit
934 4299 1061 4345 ante
1101 4291 1467 4356 Pharaonem,
1509 4294 1865 4347 commutavit
1898 4309 1995 4348 no-

415 4394 539 4433 men
592 4379 729 4448 ejus,
754 4389 811 4433 et
850 4380 918 4435 de
956 4379 1156 4448 Joseph
1210 4384 1615 4456 cognominavit
1648 4399 1771 4439 eum
1809 4384 1992 4440 Psomo

417 4470 824 4540 phtomphanec
865 4469 932 4535 “,
957 4472 1101 4541 quod
1129 4472 1310 4541 lingua
1339 4488 1438 4527 sua
1470 4459 1683 4528 Pharao
1719 4475 1785 4528 de
1808 4490 1991 4531 secre-

416 4572 590 4618 torum
642 4562 724 4617 vel
780 4563 1116 4618 somniorum
1174 4563 1510 4620 revelatione
1558 4568 1883 4635 composuit.
1927 4567 1994 4622 Et
2025 4556 2070 4610 D

412 4668 522 4709 non
553 4652 727 4707 solum
758 4650 957 4724 Ioseph
996 4655 1120 4710 huic
1151 4654 1289 4725 apud
1315 4654 1657 4711 Pharaonem
1692 4671 1761 4711 ex
1797 4673 1855 4714 re
1893 4673 1995 4713 no-

411 4759 535 4799 men
566 4753 807 4813 aptatur,
848 4747 945 4801 sed
987 4756 1041 4801 et
1073 4746 1270 4803 Daniel
1304 4748 1356 4802 in
1392 4746 1688 4818 Babylonia
1718 4747 1993 4805 Baltassar

416 4848 725 4903 nominatur
753 4866 767 4904 :
795 4858 849 4903 et
878 4851 1144 4918 Ananias,
1182 4864 1347 4924 atque
1377 4855 1625 4921 Azarias,
1683 4865 1738 4912 et
1779 4855 1990 4931 Misael,

409 4949 663 5017 Sidracb,
718 4951 943 5017 Misach,
1008 4956 1303 5027 Abdenago
1358 4956 1672 5011 vocitantur
1712 4956 1777 5009 ³¹.
1826 4958 1988 5013 Vides

477 5045 708 5127 ξξΝιιιιι.
732 5064 886 5127 nisti,
914 5049 971 5105 8.
1047 5054 1092 5087 ’⁸
1125 5052 1282 5107 Rom.
1318 5068 1394 5119 vr,
1423 5052 1511 5108 12.
1588 5052 1636 5084 ⁸⁸
1667 5052 1868 5109 ϐεηθεο
1894 5070 2003 5120 ιιι,

2107 5058 2145 5113 ἱ..
2214 5060 2258 5093 ³³
2288 5060 2425 5116 Dan.
2455 5077 2492 5127 ι,
2516 5061 2571 5116 7.
2648 5059 2693 5090 ”
2722 5057 2890 5113 Eccli.
2918 5074 2956 5123 ι,
2983 5058 3037 5111 2.

406 5115 453 5152 ³⁵
483 5117 673 5171 Matth.
708 5134 760 5183 v,
777 5119 875 5174 29.

480 5207 591 5289 (ῥυ)
624 5208 779 5277 Mss,
830 5229 849 5265 ι
903 5226 1233 5268 memorare.
1286 5231 1305 5264 ι
1336 5212 1494 5269 Libh.
1536 5214 1690 5280 editi,
1728 5232 1749 5265 ι
1779 5229 1986 5269 memo-

407 5294 540 5335 rari.
579 5297 598 5329 ι

479 5347 591 5422 (4t)
622 5347 757 5401 Evin
781 5362 1315 5422 namqgestarwtsus
1329 5353 1643 5409 velrenmos
1670 5353 1983 5422 interpreta-

407 5417 513 5472 tur.
531 5417 695 5472 Num.
720 5432 835 5483 ut,
858 5417 1067 5472 8.‘Bvin
1087 5420 1352 5473 tlehraice
1382 5422 1641 5475 scribitur
1670 5428 1755 5482 ηρ
1786 5417 1982 5477 «Ἐνίδ

408 5488 562 5553 Quod
584 5503 780 5543 nomen
812 5487 1005 5542 meliUs
1030 5496 1331 5541 verteretur
1355 5506 1374 5540 ι
1400 5492 1725 5546 desiderium
1742 5508 1975 5546 meum.»

409 5557 519 5613 Sed
542 5558 635 5627 qui
666 5558 876 5626 primus
909 5561 1125 5631 nomina
1162 5558 1427 5631 llebraica
1467 5563 1981 5631 interpretatusest,

409 5632 665 5699 quoniam
714 5630 1016 5696 gutturales
1072 5628 1227 5682 facile
1278 5629 1419 5682 inter
1457 5646 1519 5684 se
1552 5628 1979 5699 commutantur,

409 5695 549 5769 forte
575 5695 768 5769 nomen
804 5704 889 5769 Ϊγκ
918 5699 1138 5753 deduxit
1159 5700 1226 5753 ab
1254 5706 1354 5761 rm
1376 5717 1393 5751 ‹
1426 5702 1531 5755 vita
1557 5740 1570 5767 ,
1622 5702 1832 5769 vivens,
1863 5695 1981 5759 ani;

408 5765 539 5833 mal,
576 5767 769 5832 bestia,
802 5766 937 5822 fera.
954 5791 970 5822 ι

2125 590 2309 629 rerum
2343 573 2621 628 hominum
2674 572 2915 635 nomina,
2968 585 3074 624 non
3130 570 3400 632 fortuitu,
3459 570 3554 625 sed
3600 584 3700 638 pro

2126 667 2290 722 rebus
2318 676 2372 721 et
2398 665 2585 728 causis
2639 672 2896 735 aptantur
2925 663 2986 717 in
3016 661 3151 730 lege.
3179 658 3350 730 Igitur
3377 659 3699 715 Madianita-

2125 773 2246 812 rum
2279 772 2458 827 regem
2516 754 2726 826 Moyses
2774 754 3070 825 appellavit
3100 793 3115 819 ,
3157 762 3316 823 prout
3350 752 3466 821 ipse
3488 754 3701 806 censuit

2123 842 2523 914 appellandum.
2573 843 2839 910 Belluina,
2900 842 3112 912 inquit,
3168 842 3359 895 feritas
3408 851 3514 905 est,
3582 856 3699 910 qua:

2123 947 2314 1005 regnat
2334 937 2385 991 in
2426 936 2756 1001 Madianitis,
2787 944 2843 990 et
2868 951 2973 990 non
2999 936 3115 1004 ipsa
3144 934 3343 999 solum,
3365 932 3457 987 sed
3482 942 3534 987 et
3564 933 3701 986 alius

2121 1030 2265 1099 apud
2290 1030 2435 1100 ipsos
2457 1045 2551 1084 rex
2604 1030 2827 1085 nomine
2861 1029 3047 1084 Rocon
3075 1044 3093 1082 :
3122 1027 3267 1097 quod
3306 1036 3390 1081 est
3428 1026 3479 1079 in
3517 1033 3698 1080 nostra

2120 1117 2328 1188 lingua,
2357 1120 2587 1173 inanitas
2608 1119 2743 1192 (45).
2772 1120 2984 1189 Regnat
3026 1134 3158 1189 ergo
3176 1118 3486 1173 etinanitas
3507 1117 3558 1170 in
3585 1114 3698 1171 Ma-

2121 1210 2451 1264 dianitarum
2473 1222 2646 1281 gente.
2675 1213 2772 1267 Est
2791 1212 2934 1267 enim
2960 1226 3149 1266 revera
3183 1211 3345 1265 multa
3368 1212 3607 1266 inanitas
3645 1220 3699 1263 et

2122 1302 2335 1355 vanitas
2355 1301 2405 1353 in
2434 1302 2535 1355 hoc
2564 1306 2787 1363 mundo.
2816 1301 2927 1356 imo
2944 1310 2999 1356 et
3019 1321 3038 1353 ι
3067 1301 3279 1356 vanitas
3294 1302 3617 1363 vanitatem,
3646 1307 3698 1352 et

2118 1390 2297 1444 omnia
2340 1392 2552 1447 vanitas
2568 1392 2632 1455 ³⁸,
2660 1411 2682 1443 ›
2706 1409 2868 1463 quam
2887 1393 2977 1448 Dei
3003 1392 3157 1447 miles
3184 1408 3443 1461 superare
3463 1391 3622 1447 debet
3642 1404 3700 1446 et

2117 1481 2281 1553 367
2324 1483 2561 1538 vincere.
2599 1483 2780 1540 Vincit
2827 1496 3005 1540 autem
3061 1485 3401 1551 inanitatem,
3433 1485 3525 1554 qui
3561 1483 3695 1538 nihil

2119 1573 2374 1637 inaniter,
2413 1573 2543 1628 nihil
2576 1574 2870 1645 superﬂue,
2903 1586 2958 1630 et
3000 1578 3142 1645 quod
3183 1577 3250 1630 ad
3293 1592 3405 1630 rem
3436 1590 3539 1629 non
3570 1589 3696 1644 per-

2119 1665 2275 1726 tineti.
2313 1666 2457 1736 gerit
2488 1684 2500 1720 :
2532 1666 2623 1737 qui
2673 1668 2921 1721 meminit
2952 1668 3206 1738 praecepti
3259 1668 3404 1722 illius
3432 1666 3695 1722 Dominici

2116 1774 2225 1829 quo
2250 1759 2327 1814 ait
2356 1756 2425 1825 ³⁸,
2462 1760 2585 1827 quia
2615 1780 2634 1812 ι
2664 1762 2826 1817 etiam
2858 1762 2925 1816 de
2952 1761 3122 1815 verbo
3146 1760 3325 1816 otioso
3348 1761 3570 1817 reddent
3597 1762 3696 1815 ho-

2040 1860 2083 1914 B
2114 1851 2288 1907 mines
2326 1852 2594 1907 rationem
2621 1854 2672 1907 in
2706 1854 2797 1908 die
2830 1851 3042 1918 indicii.
3082 1870 3100 1904 ι
3137 1852 3188 1907 In
3221 1852 3321 1907 hac
3349 1861 3529 1905 autem
3560 1851 3689 1913 vita,

2116 1943 2363 1998 homines
2406 1954 2574 2000 totum
2628 1960 2763 2014 pene
2807 1945 3063 2010 otiosum,
3098 1953 3153 1998 et
3197 1954 3363 1996 totum
3398 1943 3557 1996 inane
3590 1950 3695 2007 est,

2113 2034 2256 2103 quod
2281 2034 2592 2103 loquuntur,
2615 2036 2757 2104 quod
2782 2044 2962 2104 agunt.
2989 2032 3166 2089 Inanis
3192 2035 3338 2088 enim
3364 2033 3561 2088 dicitur
3579 2049 3695 2087 om-

2116 2125 2200 2179 nis
2226 2135 2379 2180 actus
2411 2136 2467 2181 et
2504 2126 2684 2181 omnis
2711 2141 2911 2191 sermo,
2947 2126 3007 2179 in
3032 2141 3139 2194 quo
3180 2143 3283 2180 non
3323 2133 3407 2180 est
3436 2124 3697 2180 intrinse-

2113 2230 2211 2271 cus
2263 2217 2464 2286 aliquid
2499 2233 2603 2285 pro
2630 2217 2763 2279 Deo,
2798 2217 2881 2272 vel
2923 2233 3023 2287 pro
3070 2219 3325 2273 mandato
3368 2218 3481 2272 Dei.
3518 2218 3611 2271 Est
3642 2229 3699 2272 et

2113 2305 2253 2362 alius
2308 2321 2403 2362 rex
2456 2305 2686 2361 Mediam
2720 2306 2815 2373 Ur,
2857 2320 2913 2361 et
2960 2307 3048 2362 hic
3090 2307 3485 2377 interpretatur
3508 2308 3691 2361 irrita-

2113 2399 2184 2452 tio
2216 2397 2351 2468 (44),
2386 2397 2549 2453 Vides
2571 2398 2759 2467 quales
2788 2400 3044 2470 sunt,an
3072 2410 3301 2470 regnent
3328 2400 3467 2469 apud
3490 2398 3689 2453 Mallia-

2112 2489 2279 2556 nitas,
2297 2489 2492 2559 quibus
2514 2489 2826 2546 hominibus
2850 2492 3135 2547 adversari
3157 2501 3393 2561 oportet,
3418 2491 3526 2545 imo
3557 2507 3693 2561 quos

2110 2578 2304 2649 perimi
2337 2580 2594 2635 convenit
2639 2580 2708 2635 ab
2748 2581 2813 2635 iis
2851 2581 2941 2651 qui
2976 2581 3138 2636 Deum
3173 2592 3496 2651 sequuntur,
3534 2591 3590 2636 et
3619 2581 3697 2637 in-

2112 2670 2307 2727 terlici.
2343 2670 2458 2726 Non
2492 2673 2638 2728 enim
2672 2682 2782 2727 tam
2816 2687 3002 2745 reges,
3038 2689 3200 2744 quam
3230 2675 3483 2728 vitiorum
3512 2675 3691 2730 nomi-

2112 2780 2201 2830 na,
2229 2779 2353 2834 qua:
2388 2774 2619 2838 regnant
2650 2766 2704 2821 in
2734 2767 3073 2832 hominibus,
3110 2767 3427 2823 referuntur
3453 2770 3506 2823 in
3534 2769 3691 2839 lege:

2108 2865 2163 2913 et
2183 2872 2289 2912 non
2331 2865 2440 2912 tam
2465 2859 2703 2927 gentium
2747 2858 2911 2926 bella,
2936 2874 3098 2927 quam
3130 2860 3691 2929 concupiscentiarum

2109 2948 2430 3014 carnalium,
2455 2962 2576 3018 quae
2618 2946 2851 3001 militant
2893 2947 3154 3003 adversus
3194 2950 3451 3014 animam,
3483 2951 3690 3005 descri-

2108 3039 2328 3095 buntur.
2373 3038 2615 3110 Denique
2657 3040 2713 3094 hi
2749 3040 2841 3110 qui
2888 3040 2943 3095 in
2981 3040 3131 3095 vitiis
3162 3052 3415 3112 regnant,
3453 3042 3694 3111 quinth

2110 3148 2267 3203 reges
2302 3149 2423 3190 esse
2466 3134 2724 3189 dicuntur
2757 3151 2771 3189 :
2803 3143 2861 3188 ut
2911 3132 3325 3189 evidentissime
3371 3133 3687 3199 doceamur,

1205 3200 1260 3244 θι
1283 3192 1701 3295 άθ⁸¹¹³ί¹ίίί¹εξ¹¹ί³
1723 3207 1787 3247 ea
1820 3195 2000 3250 carnis
2027 3217 2070 3274 C
2103 3192 2231 3295 quia
2260 3240 2419 3281 omne
2446 3226 2635 3280 vitium
2666 3225 2811 3294 quod
2839 3232 3031 3292 regnat
3063 3224 3121 3279 in
3148 3238 3408 3292 corpore,
3436 3239 3502 3279 ex
3532 3226 3689 3293 quin-

2104 3331 2210 3386 que
2256 3316 2504 3370 sensibus
2547 3316 2763 3384 pendet.
2796 3312 2889 3370 lsti
2911 3329 3041 3385 ergo
3064 3314 3303 3384 quinque
3323 3329 3519 3370 sensus
3542 3316 3688 3382 peri-

2105 3404 2286 3459 mendi
2333 3413 2463 3459 sunt
2504 3405 2571 3459 de
2617 3418 2787 3474 regno
2828 3402 3270 3471 Madianitarurn,
3297 3414 3353 3458 ut
3388 3403 3527 3458 ultra
3559 3404 3687 3458 vitia

2104 3512 2209 3552 non
2241 3505 2467 3564 regnent
2487 3510 2654 3566 super
2679 3510 2798 3561 eos,
2817 3497 2911 3549 sed
2933 3495 3169 3565 justitia,
3189 3510 3255 3550 ne
3283 3496 3351 3549 ad
3373 3494 3686 3550 scandalum

2104 3587 2324 3642 videant
2369 3602 2491 3657 qua:
2536 3588 2750 3653 vident,
2797 3590 2891 3643 sed
2929 3590 2993 3642 ad
3039 3586 3476 3643 aediﬁcationem.
3532 3586 3687 3655 Apud

2102 3676 2427 3732 Madianitas
2443 3677 2587 3732 enim
2602 3692 2796 3733 sensus
2815 3678 2902 3733 isti
2916 3679 2983 3733 ad
3000 3678 3473 3733 scandalizandum
3488 3693 3686 3747 regna-

2102 3768 2256 3835 bant,
2294 3770 2808 3826 utscandalizarent
2841 3780 2896 3824 et
2925 3770 3263 3839 deciperent.
3293 3769 3358 3825 Et
3396 3768 3522 3825 ideo
3547 3784 3691 3840 ptas

2100 3865 2243 3935 cepit
2272 3864 2551 3927 Dominus,
2583 3872 2643 3917 ut
2669 3863 2716 3919 si
2753 3874 2804 3917 te
2842 3862 3294 3921 scandalizaverit
3324 3862 3517 3917 oculus
3541 3871 3691 3923 tuus,

2099 3970 2261 4010 eruas
2282 3970 2430 4021 eum,
2450 3956 2495 4011 si
2527 3972 2721 4011 manus
2747 3964 2842 4009 aut
2873 3971 2991 4024 pes,
3024 3954 3315 4010 abscindas
3336 3969 3461 4009 eum
3492 3954 3559 4009 ³⁸.
3594 3953 3689 4009 Vi-

2099 4046 2195 4101 des
2221 4060 2371 4115 ergo,
2400 4046 2528 4114 quia
2560 4054 2617 4100 et
2663 4046 2779 4116 ipse
2820 4045 2975 4113 jubet
3007 4044 3251 4100 abscindi
3284 4054 3338 4099 et
3369 4045 3561 4113 perimi
3596 4060 3685 4099 re-

2099 4151 2199 4207 ges
2236 4137 2746 4191 seandalizantium.
2781 4137 2975 4193 Melius
3013 4147 3115 4202 est,
3152 4136 3351 4206 inquit,
3392 4146 3443 4191 te
3470 4136 3689 4195 luscum

2099 4230 2328 4285 introire
2350 4231 2403 4285 in
2427 4246 2651 4301 regnum
2680 4230 2795 4295 Dei,
2825 4246 3098 4295 mancum,
3120 4240 3213 4284 aut
3232 4229 3686 4297 claudum,quam

2097 4333 2220 4373 cum
2258 4319 2329 4376 iis
2359 4320 2501 4375 mitti
2548 4320 2602 4373 in
2657 4320 2980 4389 gehennam.
3017 4318 3084 4373 lu.
3111 4318 3310 4389 quibus
3341 4333 3447 4372 non
3493 4317 3683 4386 utique

2096 4409 2458 4467 cﬂ'odiendum
2511 4411 2757 4481 praecipit
2811 4410 3027 4465 oculum
3071 4410 3319 4482 corporis
3362 4410 3555 4474 nostri,
3581 4424 3680 4465 nec

2098 4516 2340 4565 inanium,
2365 4511 2460 4554 aut
2486 4503 2681 4571 pedem;
2700 4502 3123 4558 abscindendum
3151 4502 3277 4557 :sed
3310 4516 3529 4557 sensum
3556 4515 3681 4555 car-

2100 4590 2242 4646 nalia
2294 4592 2621 4648 sentientem
2663 4603 2723 4649 et
2764 4594 3219 4663 concupiscentiis
3258 4593 3573 4649 carnalibus
3602 4592 3683 4645 la-

2096 4685 2423 4741 scivientem
2469 4690 2691 4741 mandat
2720 4688 2964 4744 abscindi
2997 4704 3014 4745 :
3049 4696 3108 4742 ut
3136 4686 3281 4742 oculi
3326 4686 3495 4740 nostri
3530 4693 3678 4739 recta

2096 4779 2332 4843 videant,
2365 4788 2421 4834 et
2467 4796 2630 4836 aures
2682 4792 2883 4837 nostrae
2921 4789 3071 4836 recta
3102 4779 3348 4843 audiant,
3384 4787 3439 4830 et
3490 4783 3681 4844 gustus

2097 4881 2287 4925 noster
2340 4875 2565 4927 verbum
2611 4874 2703 4929 Dei
2740 4882 2940 4943 gustet,
2978 4884 3281 4939 manusque
3326 4876 3527 4922 nostra:
3558 4865 3678 4935 pal-

2095 4973 2224 5030 pent
2262 4972 2316 5018 et
2344 4964 2664 5035 contingant
2695 4965 2761 5019 de
2791 4962 2972 5019 Verbo
3002 4961 3118 5016 Dei.
3151 4960 3219 5016 Et
3240 4961 3341 5014 hoc
3371 4968 3457 5013 est
3491 4958 3542 5012 in
3569 4970 3679 5029 quo

3132 5056 3178 5090 ³³
3213 5050 3407 5110 Matth.
3439 5069 3538 5120 xtl,
3572 5054 3663 5110 56.

2168 5215 2283 5286 (42)
2316 5214 2429 5289 Ego
2459 5224 2587 5289 puto
2604 5213 2746 5283 quod
2768 5212 2987 5289 nomine
3023 5210 3461 5289 Ιιωσηδρνὶρέιιζα
3492 5210 3674 5289 divina

2098 5277 2202 5339 non
2240 5277 2336 5351 p'ro
2363 5277 2597 5337 historia
2616 5277 2941 5347 narraverit,
2981 5299 3087 5338 etc.
3135 5280 3269 5335 Vide
3300 5277 3670 5351 Origeniano-

2102 5371 2220 5407 rum
2260 5355 2355 5407 lib.
2392 5370 2454 5417 ιι,
2495 5364 2690 5422 (ιιιεηει.
2732 5353 2819 5416 l3,
2859 5368 3009 5408 num.
3034 5354 3146 5408 ἵει
3178 5352 3265 5407 ιι.

2167 5424 2280 5505 (ᾧ)
2315 5422 2514 5505 Bacon,
2562 5424 2707 5493 quod
2759 5433 2851 5505 at.
2877 5425 2941 5477 ἐπ
2978 5424 3171 5505 lingqu
3198 5431 3668 5480 nostrammtns.

2097 5493 2272 5579 “3,41!
2306 5494 3240 5579 suam}stamen};vitaait:1

2164 5563 2277 5637 (41)
2318 5559 2419 5637 r,’
2429 5562 2964 5637 cihtsintcrpret'atw
2978 5574 3279 5637 IBIITATIQ.
3298 5559 3507 5622 Ab'ﬁ't
3526 5562 3664 5637 quod

2091 5632 2267 5761 estalt.—
2298 5632 2593 5700 albescere,
2626 5632 2995 5701 expallescere
3034 5652 3054 5685 υ
3086 5632 3301 5704 proprie
3336 5649 3354 5684 ι
3405 5646 3514 5702 pra:
3553 5633 3666 5689 ira-

2091 5720 2193 5761 cun
2236 5722 2306 5761 ta.
2349 5721 2369 5758 ι

2090 5720 2306 5762 cuneta.
2349 5721 2369 5758 ι

3684 5750 3711 5773 ἑ
3730 5740 3735 5749 λ
